4050 6324
651 321 753 375 325

649 437 871 504 poribus
918 437 976 485 et
1022 427 1462 499 praecedentibus.
1496 426 1602 480 Sed
1651 425 1914 479 undenam
1959 419 2216 492 processit

652 538 839 578 eorum
871 518 1254 574 incredulitas?
1296 518 1373 573 Ex
1403 518 1548 572 molli
1592 527 1645 573 et
1671 517 1856 586 ignava
1883 515 2057 568 anima
2088 530 2100 565 :
2133 511 2214 565 bi-

652 612 855 668 hebant
895 620 951 666 et
975 611 1348 674 comedebant,
1383 619 1436 663 et
1464 619 1747 678 propterea
1777 622 1880 660 non
1909 603 2213 660 credebant.

651 701 784 756 Nam
805 717 924 772 qua:
946 685 1056 754 vult
1077 701 1361 770 quispiam,
1385 715 1447 753 ea
1470 708 1524 752 et
1554 708 1722 766 putat,
1745 713 1803 751 ea
1835 707 1889 751 et
1913 702 2185 763 exspectat
2201 699 2235 744 :'

653 796 743 864 qui
774 804 948 847 autem
978 791 1380 856 contradicunt,
1407 804 1639 858 nngaces
1667 788 1943 842 habentur.

726 884 780 938 5.
821 882 927 937 Sed
957 899 1023 936 ne
1060 881 1161 935 hoc
1191 881 1345 935 nobis
1371 880 1577 933 accidat
1608 896 1621 931 :
1670 894 1774 932 non
1804 878 1944 932 enim
1976 875 2077 936 erit
2101 889 2218 927 am-

656 975 795 1042 plius
823 972 1102 1037 diluvium,
1136 986 1306 1041 neque
1330 970 1395 1024 ad
1419 980 1643 1024 mOrtem
1674 983 1839 1038 usque
1860 967 2094 1036 punitio;
2127 965 2218 1019 sed

655 1061 1038 1131 suppliciorum
1067 1062 1274 1114 initium
1307 1071 1386 1114 est
1419 1075 1563 1112 mors
1591 1074 1696 1112 non
1727 1058 2057 1112 credentium
2079 1053 2219 1124 quod

654 1153 723 1203 sit
749 1150 1027 1218 judicium.
1059 1152 1126 1202 lit
1166 1150 1304 1218 quis,
1329 1151 1514 1218 inquit,
1548 1149 1670 1202 inde
1710 1149 1925 1202 veniens
1957 1147 2073 1201 [ιωο
2100 1162 2220 1200 nar-

657 1242 812 1304 ravit,
839 1250 894 1294 et
920 1242 1031 1294 haec
1058 1240 1231 1293 dixit?
1277 1240 1331 1294 Si
1361 1240 1549 1294 ludens
1571 1239 1784 1308 quidem
1829 1238 1943 1292 lucc
1968 1237 2124 1300 dicis,
2155 1249 2222 1289 ne

655 1331 733 1385 sic
761 1332 973 1399 quidem
1000 1341 1180 1393 recte;
1212 1344 1317 1383 non
1347 1340 1428 1384 est
1475 1331 1614 1384 enim
1647 1328 1935 1382 ludendum
1977 1327 2028 1380 in
2063 1325 2222 1379 rebus

661 1421 1003 1491 huiusmodi;
1051 1439 1157 1476 nun
1203 1424 1345 1476 enim
1376 1423 1610 1477 ludimus
1661 1422 1712 1476 in
1764 1421 1998 1482 ludicris,
2031 1419 2124 1474 sed
2170 1418 2221 1471 in

657 1512 820 1565 rebus
852 1511 1160 1579 periculosis
1192 1531 1205 1564 ε
1239 1511 1285 1564 si
1334 1521 1509 1565 autem
1542 1528 1662 1566 cum
1694 1526 1881 1565 revera
1931 1510 2001 1564 ita
2049 1520 2100 1563 te
2131 1509 2222 1562 ba-

659 1600 806 1664 heas,
844 1616 947 1652 non
975 1600 1246 1653 existimas
1274 1609 1392 1668 post
1435 1600 1549 1653 lucc
1571 1616 1689 1653 esse
1711 1598 1933 1669 aliquid,
1958 1598 2224 1668 quomodo

657 1688 790 1741 dicis
824 1697 874 1741 te
899 1703 1016 1742 esse
1043 1687 1443 1742 Christianum?
1487 1689 1629 1743 nulla
1653 1690 1794 1744 enim
1824 1705 1853 1741 a
1885 1704 1968 1744 me
1999 1689 2225 1742 habetur

660 1779 797 1832 ratio
823 1788 1186 1832 externorum.
1218 1777 1326 1832 Cur
1357 1780 1620 1834 lavacrum
1650 1781 1888 1849 accipis?
1917 1796 2013 1834 cur
2055 1780 2226 1834 eccle-

658 1870 1154 1938 siamingrcderis?
1185 1886 1306 1924 num
1339 1873 1653 1940 pollicemur
1691 1873 2018 1942 principatus
2040 1883 2092 1927 et
2118 1888 2227 1926 ma-

658 1961 950 2027 gistratus?
982 1969 1091 2013 tota
1139 1975 1263 2029 spes
1309 1961 1462 2016 nobis
1504 1971 1587 2016 est
1615 1964 1667 2016 in
1699 1963 1905 2016 futuris.
1940 1964 2073 2030 Quid
2103 1979 2229 2032 ergo

659 2051 890 2114 accedis,
922 2051 967 2105 si
999 2067 1101 2103 non
1130 2051 1306 2106 credis
1327 2051 1635 2120 Scripturis,
1660 2054 1704 2106 si
1745 2070 1850 2106 non
1885 2053 2056 2107 credis
2077 2053 2231 2107 Chri-

659 2141 784 2192 sto?
809 2140 922 2193 Non
953 2140 1178 2195 dixerim
1203 2156 1322 2194 eum
1353 2156 1471 2196 esse
1497 2140 1890 2208 Christianum;
1920 2143 2090 2207 absit;
2135 2144 2228 2197 sed

661 2230 742 2283 vel
772 2231 997 2284 ethnicis
1037 2233 1378 2286 deteriorem.
1424 2234 1535 2298 Qua
1563 2233 1631 2286 de
1665 2235 1759 2288 re?
1803 2228 1878 2288 Eo
1907 2235 2044 2304 quod
2076 2234 2230 2289 Chri-

659 2329 797 2373 sttun
816 2321 1127 2374 existimans
1148 2338 1269 2376 esse
1294 2322 1480 2386 Deum,
1506 2338 1608 2376 non
1633 2324 1806 2378 credis
1834 2325 1931 2392 ipsi
1965 2334 2232 2393 tamquam

663 2411 795 2464 Dec.
840 2410 973 2464 Nam
1031 2411 1106 2464 illi
1151 2411 1363 2479 quidem
1413 2413 1648 2480 opinioni
1703 2413 1948 2482 adjuncta
1998 2424 2080 2468 est
2128 2415 2230 2468 iin-

665 2502 833 2568 pietas
867 2518 879 2554 :
921 2517 1039 2557 eum
1068 2504 1209 2556 enim
1239 2504 1328 2572 qui
1350 2501 1618 2558 Christum
1664 2520 1770 2558 non
1810 2505 2080 2559 existimat
2109 2521 2229 2560 esse

664 2593 852 2655 Deum,
879 2607 1099 2647 necesse
1125 2602 1207 2646 est
1233 2610 1331 2648 nec
1359 2595 1579 2649 credere
1605 2613 1620 2649 :
1647 2595 1763 2650 ιιωο
1788 2607 1961 2650 autem
1992 2599 2234 2667 impietas

663 2696 731 2735 nc
762 2681 923 2735 habet
953 2682 1168 2750 quidem
1196 2685 1653 2752 consequentiam,
1699 2687 1862 2739 Deum
1891 2688 2153 2754 conﬁteri,
2181 2697 2236 2742 et

662 2771 970 2825 existimare
1015 2787 1136 2825 eum
1192 2788 1297 2826 non
1348 2788 1467 2828 esse
1499 2775 1600 2827 lide
1649 2775 1866 2844 dignum
1920 2779 1972 2830 in
2023 2779 2088 2831 iis
2111 2794 2233 2846 quae

662 2866 818 2920 dixit.
850 2865 1135 2919 Ebrietatis
1161 2875 1284 2919 sunt
1335 2866 1449 2921 htcc
1473 2867 1658 2932 verba,
1689 2869 2000 2922 deliciarum
2031 2881 2082 2924 et
2111 2871 2232 2924 libi-

662 2959 866 3011 dinosac
897 2957 1321 3025 intemperantia:
1346 2975 1358 3009 :
1391 2957 1722 3012 Comedamus
1752 2971 1796 3012 et
1825 2962 2049 3015 bibamus
2073 2979 2092 3026 ;
2122 2979 2234 3018 cras

665 3048 798 3098 enim
826 3048 1070 3099 morimur
1095 3047 1168 3114 (ι.
1194 3046 1314 3101 Cor.
1336 3049 1422 3101 15.
1453 3048 1566 3117 52).
1591 3049 1705 3102 Non
1733 3065 1872 3114 cras,
1901 3053 1993 3105 sed
2022 3054 2234 3121 quando

665 3139 781 3190 haec
810 3137 1001 3200 dicitis,
1029 3137 1138 3204 jam
1185 3139 1310 3192 estis
1338 3140 1551 3191 mortui.
1582 3137 1720 3192 Nihil
1751 3156 1878 3210 ergo
1923 3141 2234 3198 diD'cremus

662 3244 691 3276 ει
723 3229 894 3295 porcis
925 3237 978 3281 et
998 3228 1181 3294 asinis,
1214 3227 1550 3297 dic,qu:cso?
1580 3229 1634 3284 Si
1663 3232 1804 3285 enim
1839 3248 1946 3286 non
1983 3243 2067 3287 est
2089 3234 2233 3301 judi-

665 3318 830 3382 cium,
859 3333 1032 3386 neque
1057 3333 1266 3371 merces
1297 3333 1358 3372 ac
1383 3321 1764 3384 remuneratio,
1790 3337 1958 3391 neque
1984 3323 2232 3389 tribunal,

667 3420 766 3457 cur
795 3420 980 3459 smnus
1008 3406 1108 3459 hoc
1129 3409 1301 3460 ornati
1327 3406 1488 3472 deno,
1511 3425 1705 3478 nempe
1726 3412 1952 3477 ratione,
1975 3422 2028 3474 et
2057 3414 2233 3467 omnia

665 3494 923 3548 habemus
953 3496 1234 3562 subjecta?
1264 3512 1359 3551 cur
1389 3512 1487 3552 nos
1515 3500 1728 3567 quidem
1769 3502 2112 3570 imperamus,
2143 3505 2233 3558 illa

665 3593 842 3636 autem
893 3585 1125 3652 parent?
1175 3585 1334 3639 Vides
1381 3588 1647 3654 quomodo
1695 3590 1927 3658 undique
1984 3602 2135 3660 urget
2182 3604 2236 3647 et

670 3676 852 3727 incitat
873 3674 1139 3740 diabolus,
1158 3685 1215 3729 ut
1237 3678 1390 3732 nobis
1419 3679 1733 3747 persuadeat
1758 3682 1846 3735 Dei
1870 3682 2066 3738 donum
2089 3687 2237 3754 igno—

665 3764 824 3818 rare?
851 3763 1050 3818 Servos
1080 3766 1269 3820 miscet
1289 3782 1408 3820 cum
1432 3767 1694 3831 dominis;
1725 3772 1860 3826 sicut
1886 3774 2096 3842 quidam
2125 3777 2236 3845 pla—

665 3855 883 3923 giarios,
936 3864 991 3907 et
1040 3869 1227 3910 servus
1284 3858 1558 3927 ingratus,
1600 3861 1785 3914 nititur
1836 3863 2119 3932 ingenuum
2167 3867 2234 3921 ad

665 3947 908 4000 eamdem
932 3947 1198 4004 deducere
1217 3949 1474 4005 vilitatem
1503 3963 1555 4007 et
1582 3953 1952 4025 abjeetionem,
1985 3959 2051 4013 ad
2077 3976 2234 4030 quam

666 4037 927 4092 deductus
967 4047 1050 4092 est
1098 4040 1257 4108 is-qni
1293 4040 1512 4095 oil‘endit
1539 4060 1552 4096 :
1583 4050 1637 4098 et
1678 4045 1889 4101 videtur
1916 4049 2126 4117 quidem
2168 4050 2236 4106 de

667 4127 845 4181 medio
875 4129 1062 4183 tollere
1102 4130 1379 4198 judicium,
1417 4134 1553 4187 tollit
1582 4145 1759 4214 aptent
1788 4137 1929 4205 quod
1978 4140 2047 4192 sit
2074 4140 2228 4194 Deus.

666 4218 890 4291 Semper
917 4219 1059 4273 enim
1112 4221 1231 4274 talis
1257 4231 1334 4276 est
1363 4222 1638 4290 diabolus;
1693 4227 1965 4282 fraudibus
1989 4230 2235 4300 dolisque

665 4318 721 4362 ct
749 4309 973 4373 insidiis,
1000 4327 1101 4365 non
1128 4311 1326 4367 directe
1358 4318 1818 4384 proponitomnia,
1849 4329 1905 4372 ut
1930 4336 2229 4375 caveamus.

665 4400 721 4454 Si
752 4414 857 4453 non
887 4411 967 4454 cst
989 4402 1266 4469 judicium,
1299 4405 1436 4459 Deus
1466 4422 1569 4459 non
1593 4417 1675 4461 est
1698 4409 1908 4477 justus;
1942 4412 2229 4466 secundum

667 4489 935 4543 hominem
954 4491 1073 4545 dico
1093 4509 1106 4545 :
1129 4493 1175 4546 si
1204 4493 1343 4549 Deus
1374 4511 1476 4549 non
1501 4505 1584 4551 est
1607 4498 1802 4567 justus,
1827 4515 1927 4555 nec
1955 4512 2036 4555 est
2059 4503 2229 4558 Deus:

668 4581 714 4634 si
757 4580 896 4634 Deus
936 4597 1042 4636 non
1080 4594 1181 4650 est,
1212 4593 1413 4639 temere
1461 4587 1701 4642 feruntur
1748 4591 1956 4655 omnia,
1983 4593 2111 4646 nihil
2150 4605 2234 4649 est

668 4672 860 4737 virtus,
893 4673 1019 4728 nihil
1060 4675 1265 4730 vitium.
1309 4675 1412 4731 Sed
1455 4678 1585 4732 nihil
1632 4679 1820 4734 horum
1849 4680 1978 4735 dicit
2026 4695 2230 4752 aperte.

672 4763 934 4817 Satanicae
978 4766 1314 4835 cogitationis
1357 4767 1534 4822 vidisti
1574 4771 1830 4836 animum,
1864 4775 2131 4842 quomodo
2165 4793 2232 4830 ex

663 4851 968 4908 hominibus
1019 4855 1148 4910 velit
1195 4871 1293 4910 nos
1339 4858 1489 4912 bruta
1533 4858 1727 4924 facere,
1757 4862 1838 4916 vel
1868 4865 2044 4932 potius
2092 4866 2233 4921 feras

667 4954 731 4994 ac
757 4940 972 5008 bestias,
1003 4945 1109 4999 imo
1135 4961 1266 5001 vero
1289 4946 1602 5002 dicmones?
1645 4949 1722 5006 Ne
1745 4967 1872 5022 ergo
1911 4956 2235 5023 persuadea-

670 5047 810 5085 mur.
840 5033 951 5096 ⁸Εει
993 5035 1133 5089 enim
1169 5036 1447 5106 judicium,
1491 5054 1522 5093 ο
1563 5041 1724 5096 miser
1763 5054 1817 5098 et
1863 5045 2076 5101 infelix!
2112 5048 2233 5103 Scio

671 5121 934 5177 undenam
984 5126 1166 5179 venias
1196 5127 1262 5181 ad
1309 5127 1423 5182 base
1451 5129 1722 5186 dicenda:
1768 5148 1798 5185 a
1841 5143 1892 5188 te
1942 5138 2104 5190 multa
2136 5138 2233 5191 ad—

670 5210 831 5265 missa
870 5223 996 5267 sunt
1039 5224 1276 5283 peccata,
1302 5217 1592 5285 oﬁendisti,
1638 5238 1746 5277 non
1775 5235 1855 5277 est
1885 5226 1978 5280 tibi
2022 5227 2231 5283 dicendi

673 5299 891 5354 libertas
913 5311 967 5355 et
993 5302 1205 5370 liducia,
1223 5308 1494 5362 existimas
1519 5324 1697 5363 rerum
1722 5323 1962 5366 naturam
1987 5317 2090 5369 tuis
2114 5332 2232 5372 esse

670 5390 849 5444 verbis
885 5405 1319 5463 consequentem.
1366 5396 1601 5465 Interim,
1634 5401 1822 5470 inquit,
1849 5418 1954 5457 non
1982 5407 2232 5459 cruciabo

668 5481 900 5536 animam
945 5483 1202 5552 gehennre
1227 5490 1668 5557 exspectatione;
1700 5500 1756 5545 et
1797 5492 1839 5546 si
1881 5493 1970 5559 sit,
2003 5495 2050 5549 ei
2090 5496 2229 5565 quod

664 5583 772 5623 non
809 5570 876 5625 sit
898 5575 1231 5642 persuadebo
1260 5596 1274 5631 :
1320 5578 1532 5634 interim
1560 5579 1647 5636 hic
1672 5596 1756 5636 tne
1784 5581 1975 5638 dedam
2003 5584 2223 5640 deliciis.

662 5658 769 5717 Cur
809 5667 1040 5732 peccatis
1061 5667 1212 5725 addis
1239 5673 1493 5740 peccata?
1533 5670 1591 5728 Si
1637 5687 1756 5729 cum
1789 5677 2018 5743 peccatis
2051 5677 2223 5734 credi.

1382 316 1438 370 S.
1468 315 1741 371 JUANNIS
1777 308 2244 369 CHRYSUSTOMI
2280 309 2594 366 ARCIIIEP.
2632 311 3158 374 CONSTANTINOP.

3785 328 3900 382 3ιύ

2324 419 2467 476 deris
2493 438 2614 477 esse
2641 425 2962 495 gehennam,
2995 429 3166 485 abibis
3207 429 3360 485 luens
3387 446 3597 502 prunam
3643 446 3902 503 peccato-

2325 527 2485 564 rum:
2531 515 2612 566 sin
2654 524 2828 569 autem
2875 517 2975 573 hoc
3001 535 3213 590 quoque
3243 521 3481 591 impium
3507 522 3800 588 addideris,
3844 534 3903 578 et

2327 598 2614 668 impietatis
2639 615 2692 658 et
2720 605 2877 673 hujus
2897 609 3234 675 cogitationis
3260 612 3505 665 ultimum
3536 614 3669 667 feres
3689 615 3901 682 suppli-

2325 691 2502 755 cium;
2539 703 2589 747 et
2620 710 2737 763 ane
2767 697 2859 750 tibi
2886 697 3062 752 brevis
3097 710 3152 754 et
3180 701 3368 770 (rigida
3396 702 3550 756 fuerit
3575 705 3898 768 consolatio,

2326 781 2428 833 erit
2473 781 2582 834 tibi
2611 796 2979 851 argumentum
3013 790 3255 856 perpetui
3299 792 3563 859 supplicii.
3591 792 3736 857 Esto,
3767 809 3900 863 pec-

2326 871 2490 924 casti:
2516 873 2642 941 quid
2668 874 2801 928 alios
2829 891 3041 945 quoque
3079 877 3310 932 hortaris
3344 881 3410 933 ad
3443 883 3788 949 peccandum,
3812 885 3899 937 di—

2327 973 2452 1012 cens
2481 977 2585 1015 non
2612 977 2729 1017 esse
2757 965 3098 1033 gehennam?
3126 970 3250 1037 quid
3276 969 3478 1039 decipis
3506 974 3902 1044 simpliciores?

2328 1065 2423 1104 cur
2467 1053 2644 1121 βορειιί
2696 1071 2885 1110 manus
2923 1057 3174 1112 dissolvis
3218 1070 3272 1113 et
3321 1064 3580 1118 enervas?
3626 1065 3901 1130 Quantum

2328 1141 2542 1209 quidem
2592 1145 2642 1196 in
2691 1153 2744 1198 te
2784 1156 2886 1209 cst,
2920 1149 3098 1203 omnia
3145 1159 3272 1204 sunt
3319 1166 3503 1206 eversa
3538 1171 3551 1205 :
3583 1171 3757 1224 neque
3799 1159 3903 1211 viri

2331 1233 2480 1300 probi
2512 1243 2670 1288 erunt
2697 1238 2969 1303 meliores,
3001 1239 3095 1293 sed
3141 1241 3316 1310 ignavi
3343 1256 3404 1295 ac
3428 1242 3672 1310 desides;
3719 1261 3906 1317 neque

2332 1324 2455 1377 mali
2485 1324 2746 1380 desistent
2771 1343 2800 1380 a
2833 1329 2980 1382 vitio.
3015 1329 3151 1384 Num
3199 1333 3243 1385 si
3292 1334 3429 1388 alios
3472 1350 3903 1407 corrurnpamus,

2331 1413 2589 1470 habemus
2619 1417 2826 1470 veniam
2853 1422 3231 1487 peccatorum?
3269 1423 3385 1476 Non
3429 1425 3602 1480 vidisti
3629 1432 3906 1505 quomodo

2330 1503 2575 1558 diabolus
2613 1521 2892 1575 aggressus
2913 1511 2991 1563 ‘sit
3033 1523 3374 1580 prosternere
3399 1525 3453 1570 et
3478 1516 3710 1586 dejicere
3751 1503 3905 1578 Ada-

2334 1595 2517 1648 mum?
2544 1610 2611 1649 an
2641 1598 2690 1651 ci
2719 1598 2838 1652 data
2862 1611 2941 1654 est
2958 1604 3108 1656 venia
3128 1604 3151 1656 ?
3175 1604 3340 1675 Major
3363 1606 3571 1676 quidem
3598 1620 3741 1664 certe
3774 1612 3906 1668 hinc

2332 1683 2431 1736 fuit
2456 1687 2666 1740 occasio
2689 1690 2953 1756 supplicii.
2987 1690 3054 1744 Ut
3095 1693 3236 1747 enim
3269 1711 3373 1749 non
3406 1712 3502 1766 pro
3544 1701 3738 1755 nostris
3783 1711 3905 1756 tan-

2335 1784 2465 1836 tum.
2491 1774 2581 1829 sed
2615 1776 2772 1829 etiam
2807 1795 2900 1846 pro
2921 1781 3111 1835 alienis
3138 1786 3368 1852 peccatis
3396 1788 3694 1854 puniamur,
3718 1795 3905 1846 omnia

2335 1865 2685 1922 machinatur.
2715 1869 2789 1923 Ne
2818 1887 2944 1940 ergo
2970 1873 3349 1940 existimemus,
3368 1879 3508 1948 quod
3530 1881 3657 1934 alios
3679 1898 3883 1937 convcr

2337 1969 2506 2012 tanms
2551 1961 2617 2014 ad
2666 1962 2911 2016 eumdem
2965 1964 3119 2019 nobis
3165 1977 3407 2035 paratum
3459 1970 3759 2038 interitum,
3810 1991 3907 2026 nos

2336 2051 2487 2103 nobis
2532 2053 2713 2105 mitius
2756 2053 2929 2131 facere
2967 2057 3274 2123 judicium:
3326 2059 3428 2113 b‘oc
3481 2061 3653 2129 ipsum
3688 2064 3904 2131 quidem

2335 2150 2481 2194 certe
2505 2141 2661 2195 faciet
2683 2127 2897 2211 gravius
2925 2155 2980 2199 et
3008 2149 3272 2216 asperius.
3305 2149 3442 2216 Quid
3486 2127 3584 2205 nos
3609 2127 3751 2223 ipsos
3781 2170 3906 2222 pro-

2338 2232 2600 2286 trudimus
2628 2244 2682 2287 et
2728 2235 3043 2303 perdimus?
3093 2238 3206 2294 Hoc
3251 2250 3419 2295 totum
3466 2252 3549 2297 est
3589 2248 3908 2298 satanicum.

2339 2320 2528 2387 llomo,
2559 2326 2828 2391 peccasti?
2859 2327 3152 2396 Benignum
3181 2341 3237 2385 et
3265 2331 3588 2387 clementem
3619 2334 3784 2390 habes
3809 2338 3910 2392 Do-

2339 2413 2567 2477 minum,
2619 2429 2767 2482 roga,
2819 2418 3082 2486 supplica,
3135 2420 3450 2490 lacrymare,
3501 2423 3812 2494 ingemisce,
3861 2440 3913 2482 et

2340 2502 2474 2556 alios
2518 2513 2682 2566 terre,
2714 2515 2767 2559 et
2816 2518 2938 2592 pcte
2983 2524 3051 2563 ne
3084 2510 3135 2563 in
3165 2511 3350 2565 eadem
3404 2514 3658 2569 incidant.
3691 2516 3744 2572 Si
3793 2522 3913 2588 quis

2339 2607 2526 2648 servus
2568 2611 2749 2650 eorum
2796 2599 2883 2675 qui
2913 2598 3185 2655 dominum
3229 2603 3584 2673 offenderunt,
3613 2607 3753 2662 dicat
3807 2612 3914 2665 tilio

2339 2699 2455 2749 suo,
2505 2686 2623 2751 Fili,
2661 2702 2762 2756 ego
2804 2689 2997 2744 oﬂ'endi
3028 2692 3300 2748 dominum
3331 2713 3344 2748 :
3379 2706 3432 2749 tu
3481 2697 3545 2749 da
3590 2715 3812 2767 operam
3861 2714 3914 2755 ut

2339 2775 2388 2828 ei
2433 2776 2666 2844 placeas,
2698 2794 2764 2832 ne
2815 2779 3001 2834 eadem
3052 2783 3146 2835 tibi
3197 2786 3478 2839 accidant:
3509 2802 3611 2855 non
3655 2790 3918 2857 aliquam,

2340 2881 2521 2935 quasso
2547 2879 2618 2932 te,
2643 2881 2957 2940 assequetur
2986 2869 3234 2928 veniam?
3279 2891 3387 2930 non
3416 2877 3623 2946 franget
3652 2890 3706 2933 et
3732 2880 3916 2937 ﬁeetet

2341 2956 2652 3011 dominum?
2701 2961 2791 3014 Sin
2839 2973 3015 3017 autem
3073 2963 3155 3020 bis
3201 2966 3379 3021 missis
3427 2969 3606 3024 verbis
3632 2971 3774 3025 dicat
3806 2973 3915 3028 fere

2343 3050 2489 3115 talia,
2515 3049 2786 3105 dominum
2813 3069 2918 3107 non
2951 3070 3046 3124 pro
3075 3058 3265 3112 merito
3313 3059 3538 3128 singulis
3585 3061 3918 3118 redditurum

2341 3155 2481 3206 esse,
2512 3142 2690 3195 omnia
2725 3151 2834 3196 tum
2884 3144 3020 3197 bona
3051 3156 3160 3199 tum
3207 3149 3341 3202 mala
3372 3150 3587 3204 misceri
3614 3162 3666 3205 et
3689 3153 3919 3208 confusa

2341 3212 2478 3295 esse,
2512 3231 2818 3301 nullamque
2843 3233 2895 3286 in
2922 3232 3028 3288 hac
3064 3237 3226 3291 domo
3269 3238 3453 3294 haberi
3492 3243 3753 3310 gratiam:
3792 3246 3915 3313 quid

2342 3323 2615 3376 existimas
2635 3323 2908 3379 dominum
2933 3327 2999 3380 de
3021 3326 3115 3380 illo
3140 3329 3380 3383 sentire?
3409 3345 3587 3385 annon
3613 3333 3700 3387 ille
3726 3351 3917 3403 pecca-

2345 3423 2516 3466 torum
2548 3429 2766 3468 suorum
2796 3416 3028 3484 majores
3071 3419 3219 3473 dabit
3245 3423 3468 3489 pinnas?
3516 3423 3703 3479 Merito
3730 3438 3912 3482 certe:

2343 3518 2464 3556 nam
2496 3504 2603 3557 illic
2633 3503 2845 3573 quidem
2884 3509 3156 3562 excusabit
3186 3512 3346 3564 animi
3389 3525 3565 3567 motus
3604 3527 3656 3569 et
3702 3528 3915 3583 pertur-

2341 3592 2508 3658 batio,
2532 3596 2632 3649 etsi
2659 3595 2937 3662 debiliter;
2969 3598 3054 3653 hic
3082 3610 3256 3654 autem
3295 3603 3446 3655 nihil.
3470 3604 3524 3658 Si
3554 3620 3679 3673 ergo
3710 3608 3914 3660 nullum

2342 3685 2536 3751 alium,
2570 3702 2691 3740 eum
2745 3688 2957 3757 quidem
3006 3702 3153 3746 certe
3201 3694 3407 3748 imitare
3455 3695 3669 3751 divitem
3721 3701 3812 3768 qui
3866 3703 3913 3754 in

2340 3775 2582 3844 gebenna
2611 3777 2838 3842 dicebat,
2891 3779 3047 3834 Pater
3089 3783 3364 3848 Abraham,
3397 3786 3534 3839 mitte
3560 3785 3816 3842 Lazarum
3851 3796 3915 3844 ad

2341 3877 2578 3936 cognatos
2622 3884 2777 3933 meos,
2807 3885 2868 3923 ne
2907 3872 3107 3924 veniant
3143 3874 3195 3926 in
3235 3874 3368 3927 hunc
3412 3875 3577 3929 locum
3608 3878 3760 3949 (Luc.
3795 3882 3911 3947 16);

2341 3959 2587 4025 quoniam
2620 3958 2735 4026 ipse
2765 3959 2912 4014 abire
2938 3977 3044 4015 non
3069 3974 3311 4031 poterat;
3343 3980 3408 4019 ne
3432 3967 3482 4018 in
3513 3968 3602 4021 illa
3633 3970 3747 4039 ipsa
3781 3971 3913 4026 inci-

2340 4047 2487 4102 dant.
2519 4049 2896 4104 Abstineamus
2926 4052 2993 4105 ab
3023 4053 3106 4107 bis
3134 4055 3310 4110 verbis
3337 4057 3610 4113 satanicis.

2411 4139 2465 4193 6.
2506 4137 2642 4204 Quid
2687 4154 2839 4208 ergo,
2888 4142 3135 4210 inquies,
3183 4145 3394 4213 quando
3440 4162 3540 4201 nos
3584 4148 3914 4220 interrogant

2340 4230 2515 4284 Grarci
2541 4246 2636 4285 seu
2679 4231 2900 4298 ethnici,
2933 4232 3049 4287 Non
3093 4235 3172 4289 vis
3204 4236 3324 4291 illos
3363 4239 3592 4294 curare?
3644 4240 3750 4296 Sed
3794 4258 3910 4297 cum

2340 4320 2701 4376 Christianum
2748 4324 3000 4392 injeeeris
3030 4326 3083 4380 in
3114 4326 3524 4393 dubitationem,
3564 4332 3784 4386 obtentu
3816 4351 3908 4389 cu-

2343 4413 2492 4465 randi
2525 4412 2721 4479 Graeci,
2750 4415 2829 4469 vis
2857 4413 3048 4484 dogma
3079 4417 3400 4472 conﬁrmare
3432 4422 3749 4480 satanicum.
3782 4425 3908 4479 Nam

2340 4503 2591 4571 quoniam
2622 4505 2738 4571 ipse
2767 4519 2831 4559 ex
2864 4506 2981 4559 solo
3014 4507 3238 4576 loquens
3268 4511 3448 4566 animo
3485 4511 3600 4568 haec
3645 4531 3751 4569 non
3796 4533 3912 4587 per-

2340 4594 2571 4658 suades,
2614 4595 2749 4650 alios
2793 4606 2957 4650 testes
2996 4599 3079 4652 vis
3129 4599 3416 4656 adducere.
3465 4603 3524 4658 Si
3566 4615 3743 4659 autem
3792 4623 3909 4661 cum

2341 4684 2530 4739 Graeco
2554 4698 2765 4755 oportet
2795 4687 3084 4754 disserere,
3116 4706 3221 4744 non
3276 4692 3402 4748 hinc
3446 4696 3764 4751 sumendum
3809 4700 3906 4753 ini-

2344 4775 2472 4828 tium
2495 4773 2895 4843 disputationis,
2923 4777 3016 4830 sed
3065 4793 3131 4832 an
3161 4779 3404 4837 Christus
3443 4785 3514 4838 sit
3563 4785 3701 4840 Deus
3728 4797 3784 4842 ct
3823 4788 3908 4841 Dei

2341 4863 2540 4929 Filius;
2578 4879 2645 4918 an
2685 4865 2955 4920 daunones
2980 4868 3088 4922 sint
3116 4869 3206 4938 qui
3232 4881 3356 4926 sunt
3380 4873 3518 4942 apud
3545 4874 3663 4929 illos
3693 4877 3790 4930 dii.
3821 4877 3908 4932 Sin

2342 4956 2457 5011 hac
2487 4957 2705 5026 probata
2737 4957 2970 5025 fuerint,
3013 4960 3116 5014 alia
3155 4964 3334 5018 omnia
3382 4975 3701 5035 sequuntur.
3731 4968 3910 5024 Prius-

2341 5062 2498 5116 quam
2523 5057 2699 5104 autem
2725 5050 2955 5118 positum
2983 5052 3054 5104 sit
3082 5054 3398 5123 principium
3419 5098 3435 5121 ,
3471 5072 3663 5112 vanum
3690 5070 3778 5114 est
3803 5061 3908 5114 dis-

2341 5153 2521 5194 serere
2549 5139 2618 5194 de
2645 5139 2748 5195 ﬁne
2773 5160 2786 5195 :
2814 5143 3121 5213 priusquam
3148 5146 3319 5214 prima
3346 5148 3611 5204 elementa
3639 5151 3904 5214 didiceris,

2342 5245 2792 5300 supervacaneum
2833 5243 2889 5287 et
2918 5234 3104 5290 inutile
3141 5246 3223 5291 est
3260 5238 3326 5292 ad
3363 5238 3522 5295 linem
3552 5243 3757 5298 venire.
3800 5244 3908 5299 Non

2341 5321 2511 5375 credit
2537 5321 2753 5378 Graacus
2779 5324 2978 5392 judicio
2997 5365 3013 5386 .
3059 5337 3113 5382 et
3143 5327 3218 5382 illi
3247 5329 3384 5385 idem
3410 5331 3552 5401 quod
3581 5333 3673 5388 tibi
3700 5337 3906 5390 accidit.

2341 5410 2471 5465 Nam
2503 5413 2617 5481 ipse
2641 5429 2853 5483 quoque
2896 5416 3089 5471 multos
3131 5419 3292 5474 habet
3334 5421 3423 5491 qui
3467 5437 3531 5477 ea
3577 5424 3648 5480 de
3691 5441 3750 5480 re
3793 5438 3909 5480 sunt

2341 5501 2733 5570 philosOphati;
2764 5507 2974 5562 etiarnsi
3006 5507 3109 5563 hoc
3147 5510 3375 5566 dixerint
3401 5513 3469 5568 de
3494 5529 3726 5583 corpore
3760 5534 3906 5587 sepa-

2341 5601 2456 5646 rato
2480 5593 2548 5647 ab
2576 5594 2771 5656 anima.
2804 5597 2900 5650 sed
2932 5609 3107 5654 tamen
3134 5599 3388 5669 judicium
3415 5606 3827 5664 constituerunt.
3852 5612 3906 5665 Et

2343 5698 2428 5739 res
2457 5695 2538 5741 cst
2586 5693 2690 5740 tant
2723 5689 2862 5742 clara
2892 5698 2949 5744 ut
2992 5707 3148 5747 nemo
3179 5691 3292 5750 fere
3337 5692 3435 5749 hoc
3474 5696 3702 5771 ignoret,
3733 5703 3826 5757 sed
3865 5707 3906 5751 et
