4050 6324
105 318 187 372 317

111 437 256 499 poeta:
299 437 357 484 ct
385 441 574 483 omnes
616 427 755 483 inter
784 439 842 482 sc
867 426 1204 482 consentiant
1242 432 1296 477 et
1323 422 1390 474 de
1421 415 1672 473 tribunali

107 530 150 573 ct
175 520 235 574 de
256 517 480 589 judicio.
528 519 709 587 Itaque
738 531 838 572 nec
878 515 1098 571 (ὗε-παυς
1125 514 1239 568 suis
1280 510 1438 564 (idem
1470 514 1668 575 negat,

111 625 194 664 uec
231 609 447 665 Judzeus
492 609 558 664 de
602 609 684 662 his
726 607 954 674 dubitat,
987 619 1088 661 nec
1113 604 1290 674 quivis
1322 601 1500 654 homo.
1531 597 1669 666 Quid

109 716 218 769 ergo
245 714 343 754 nos
373 700 517 769 ipsos
537 698 872 768 decipimus?
902 697 1027 751 Haec
1055 694 1184 748 mihi
1210 693 1343 747 dicis
1373 710 1385 745 :
1411 691 1536 761 quid
1562 691 1672 744 Deo

108 781 233 844 dices
257 790 347 858 qui
372 789 641 859 sigillatim
685 789 836 842 finxit
863 787 1023 841 corda
1052 794 1255 848 nostra,
1283 784 1371 852 qui
1402 797 1520 851 qua:
1547 789 1672 834 sunt

111 882 152 933 in
180 880 491 950 cogitatione
520 880 668 934 novit
705 879 906 941 omnia,
941 876 1030 946 qui
1061 875 1189 928 vivit
1214 883 1268 928 et
1293 880 1578 942 operatur;
1612 877 1668 923 et

112 971 258 1038 magis
302 970 488 1024 incidit
527 985 685 1041 quam
716 969 889 1038 quivis
930 965 1138 1037 gladius
1165 979 1362 1033 anceps
1391 961 1573 1034 (Hebr.
1617 961 1671 1015 4.

116 1061 229 1129 l2)?
268 1061 425 1127 Nam,
467 1061 554 1115 dic
594 1060 722 1114 mihi
754 1076 850 1129 per
882 1060 1183 1124 veritatem,
1214 1072 1320 1110 non
1351 1065 1406 1109 tu
1449 1053 1675 1122 teipsum

117 1159 405 1218 peccantem
433 1150 806 1205 condemnas?
845 1164 910 1203 an
942 1151 1220 1218 quisquam
1263 1146 1424 1200 homo
1469 1152 1551 1198 est
1589 1143 1679 1213 qui

119 1243 332 1309 teipsum
361 1243 595 1310 segniter
617 1249 863 1311 agentem
894 1256 998 1294 non
1027 1237 1424 1308 reprehendat?
1454 1236 1521 1290 Et
1548 1251 1682 1306 quo-

117 1329 259 1385 modo
299 1345 436 1384 casu
482 1339 597 1385 orta
645 1340 726 1385 est
773 1329 1032 1398 sapientia
1057 1368 1073 1394 ,
1104 1336 1162 1382 ut
1205 1329 1319 1397 ipse
1359 1327 1449 1396 qui
1501 1334 1686 1394 peccat

116 1421 330 1490 scipsum
381 1420 740 1476 condemnet?
767 1419 871 1474 hoc
914 1420 1057 1474 enim
1095 1428 1178 1473 est
1221 1431 1429 1486 magnae.
1468 1416 1684 1484 sapien-

121 1513 215 1567 tia:.
240 1511 318 1567 'l'u
347 1513 574 1583 teipsum
604 1513 967 1578 condemnas;
991 1513 1080 1583 qui
1102 1522 1282 1566 autem
1313 1510 1449 1564 hanc
1478 1509 1571 1564 tibi
1599 1509 1691 1565 dat

121 1613 337 1660 mentem
369 1613 422 1660 ct
465 1605 879 1681 cogitationem,
909 1606 1051 1660 sinet
1079 1604 1255 1660 omnia
1287 1603 1413 1658 ferri
1445 1603 1691 1658 temere?

118 1694 188 1748 Sit
216 1710 341 1765 ergo
373 1697 486 1749 hac
514 1696 697 1766 regula
736 1705 791 1751 et
835 1695 1082 1750 definitio
1121 1695 1173 1749 in
1219 1709 1437 1765 genere,
1481 1703 1536 1749 et
1568 1695 1696 1749 .uni-

124 1799 267 1839 verse
298 1804 312 1839 :
347 1785 524 1841 nullus
553 1801 618 1840 ex
645 1788 708 1841 iis
736 1787 825 1856 qui
851 1787 1035 1840 vivunt
1061 1787 1113 1841 in
1139 1786 1353 1853 virtute,
1386 1801 1491 1841 non
1521 1787 1697 1843 credit

120 1877 344 1931 sermoni
378 1876 448 1931 de
470 1877 696 1944 judicio,
727 1878 944 1932 etiamsi.
966 1879 1037 1932 sit
1065 1877 1307 1941 Grmcus,
1340 1879 1550 1931 etiamsi
1582 1878 1694 1932 ha:-

122 1967 309 2021 reticus
337 1984 352 2022 :
379 1967 562 2023 nullus
595 1984 661 2024 ex
702 1968 768 2023 iis
803 1970 894 2037 qui
927 1969 978 2022 in
1010 1969 1179 2023 multo
1207 1977 1490 2023 versantur
1519 1970 1649 2022 vitio
1677 2010 1693 2035 ,

124 2065 308 2123 praeter
337 2072 556 2127 paucos,
586 2059 822 2113 admittit
849 2075 1153 2114 sermonem
1182 2060 1610 2114 resurrectionis.
1635 2060 1704 2114 Et

125 2146 219 2201 hoc
251 2158 333 2202 est
369 2149 511 2218 quod
537 2150 665 2204 dicit
690 2149 1137 2220 psalmographus
1173 2167 1186 2203 :
1220 2150 1701 2220 Auferunlurjudi-

126 2240 198 2292 cia
220 2249 306 2292 tua
334 2256 366 2293 a
392 2241 522 2310 facie
565 2243 674 2310 ejus
718 2240 904 2310 (Psal.
939 2240 994 2295 9.
1025 2241 1094 2294 27
1119 2242 1159 2310 ).
1195 2240 1410 2307 Quare?
1439 2240 1703 2306 Quoniam

129 2333 464 2402 profanantur
498 2335 600 2389 via:
629 2335 746 2404 ejus
784 2334 836 2388 in
864 2336 1008 2388 omni
1039 2344 1278 2402 tempore
1317 2351 1330 2386 :
1372 2331 1706 2387 Comedamus

129 2423 263 2478 enim
283 2464 300 2489 ,
333 2425 538 2495 inquit,
568 2435 619 2478 el
646 2424 912 2488 bibamus;
941 2441 1055 2478 cras
1085 2426 1217 2478 enim
1246 2425 1512 2478 morimur.
1546 2424 1709 2480 Vides

132 2512 265 2580 quod
287 2513 400 2568 haec
425 2514 608 2568 dicere
636 2514 707 2568 sit
733 2513 916 2567 vilium
948 2522 1002 2567 et
1026 2513 1358 2581 abjectorum
1381 2515 1404 2567 ?
1432 2515 1514 2569 Ab
1537 2530 1630 2568 esu
1657 2525 1712 2570 ct

133 2612 250 2671 potu
287 2606 531 2658 oriuntur
559 2606 674 2658 haec
711 2605 878 2659 verba
911 2619 1031 2673 quae
1061 2613 1315 2659 evertunt
1354 2608 1710 2662 resurrectio-

134 2708 267 2747 nem.
297 2694 414 2749 Non
459 2693 561 2750 fert
597 2696 760 2762 enim,
804 2711 909 2749 non
939 2695 1043 2749 fert
1086 2697 1264 2750 anima
1292 2696 1552 2765 judicium
1580 2714 1712 2753 con-

135 2786 400 2852 scientiae;
433 2796 487 2841 et
512 2787 732 2856 perinde
754 2796 837 2843 est
862 2790 1096 2856 atque.si
1128 2789 1394 2844 homicida
1417 2807 1538 2845 cum
1567 2793 1716 2860 prius

136 2875 229 2927 sibi
256 2876 587 2945 suggesserit
607 2876 720 2932 fore
747 2887 803 2931 ut
824 2892 929 2932 non
957 2879 1222 2947 capiatur,
1254 2881 1447 2934 deinde
1469 2883 1545 2936 sic
1573 2884 1716 2936 occi-

138 2963 222 3017 dat
249 2981 263 3018 :
293 2980 415 3018 nam
437 3006 453 3031 ,
496 2980 616 3020 eum
657 2966 933 3034 iudicante
973 2969 1297 3023 conscientia
1317 3011 1333 3036 ,
1365 2985 1470 3025 non
1495 2973 1599 3027 cito
1627 2988 1717 3027 ve-

138 3055 300 3111 nisset
327 3056 393 3110 ad
420 3057 721 3112 audendum
749 3059 1026 3128 suscipere
1058 3059 1282 3115 facinus.
1317 3063 1382 3116 Et
1411 3065 1514 3117 scit
1547 3080 1675 3136 ergo
1697 3107 1713 3132 ,

959 308 1044 365 ἸΝ
1085 307 1297 365 EPIST.
1342 305 1432 361 AD
1469 296 1742 358 COLOSS.
1784 293 1937 352 CAP.
1980 296 2020 351 1.
2065 295 2296 352 1103111..
2341 292 2429 349 111.

3256 281 3361 352 sta

1782 413 1853 465 tia
1895 421 1949 466 et
1977 422 2122 467 metu
2150 430 2163 465 :
2192 412 2428 483 alioquin
2460 410 2604 469 enim
2633 411 2892 466 evasisset
2937 412 3252 467 imbecillior
3292 412 3360 468 ad

1778 501 2002 558 eadem.
2028 502 2100 556 lta
2130 512 2275 558 certe
2290 510 2353 556 'et
2381 501 2470 572 qui
2499 510 2720 570 peccant
2745 503 2920 556 sciunt
2943 514 3216 572 peccatum
3247 519 3362 557 rem

1777 609 1899 649 esse
1928 594 2157 659 malam;
2191 603 2246 648 et
2275 595 2362 663 qui
2391 592 2627 663 quotidie
2664 593 2971 648 volutantur
3001 595 3051 647 in
3081 593 3209 664 ipsis
3244 609 3360 647 ma-

1779 685 1842 738 lis
1865 727 1878 749 ,
1909 687 2095 739 nolunt
2127 686 2265 739 scirc
2285 726 2299 750 ,
2328 700 2650 754 quamquam
2675 697 2861 738 comm
2889 685 3218 739 conscientia
3251 700 3364 739 rem

1778 776 2290 846 comprehendente.
2317 775 2421 831 Sed
2451 791 2519 829 ne.
2545 776 2648 851 illis
2678 776 3051 846 attendamus;
3087 775 3188 829 erit
3221 777 3368 830 enim

1779 872 1999 924 omnino
2033 871 2292 941 judicium
2338 880 2391 925 et
2437 871 2784 936 resurrectio,
2831 885 3001 938 neqtte
3051 880 3157 922 tam
3204 870 3371 922 multa

1779 977 1942 1033 Opera
1974 962 2167 1017 frustra
2212 963 2446 1017 dimittet
2487 962 2648 1016 Deus.
2693 961 3054 1030 Quamobrem
3092 974 3259 1029 rogo,
3291 961 3381 1013 ab-

1782 1053 2043 1106 stinentes
2088 1067 2117 1106 a
2163 1049 2316 1116 vitio,
2363 1053 2616 1106 virtutem
2645 1052 3058 1118 amplectamur,
3105 1059 3164 1103 ιιι
3191 1065 3374 1103 verum

1784 1145 2107 1213 accipiamus
2131 1159 2436 1199 sermonem
2465 1145 2516 1197 in
2536 1142 2751 1198 Christo
2770 1141 2901 1197 Jcsu
2921 1141 3149 1196 Domino
3169 1151 3374 1194 nostro.

1826 1226 1828 1228 ’
1859 1235 1980 1289 Fati
2021 1237 2194 1304 opinio
2235 1236 2482 1305 rejicitur.
2521 1265 2590 1274 —
2617 1235 2948 1303 Quamquam
2977 1232 3106 1303 quid
3135 1242 3219 1287 est
3245 1232 3376 1286 iaci-

1786 1329 1891 1384 lius
1914 1370 1928 1393 ,
1971 1328 2324 1383 admitterene
2352 1327 2493 1397 quod
2521 1326 2718 1381 dicitur
2747 1325 2814 1380 de
2842 1325 3241 1380 resurrectione
3261 1365 3276 1388 ,
3311 1338 3379 1378 an

1791 1420 1933 1491 quod
1959 1420 2158 1475 dicitur
2183 1421 2251 1474 de
2283 1419 2429 1474 fato?
2455 1419 2568 1474 lloc
2599 1421 2814 1489 plenum
2849 1428 2931 1474 est
2961 1418 3242 1487 injustitia,
3269 1417 3382 1486 ple-

1793 1527 1920 1566 num
1944 1512 2248 1580 insipientia
2275 1522 2328 1566 ct
2351 1521 2589 1582 egestate
2617 1508 2860 1575 ratidnis,
2883 1510 3106 1579 plenum
3133 1507 3385 1562 inhuma-

1795 1603 1962 1657 nitate
1991 1618 2006 1668 ;
2038 1601 2170 1656 illud
2199 1610 2282 1657 est
2313 1601 2525 1671 plenum
2547 1601 2774 1670 justitia,
2808 1599 3137 1653 distribuens
3165 1614 3262 1669 pro
3284 1613 3387 1653 ηιθ-

1796 1695 1953 1761 ritis;
1986 1705 2040 1749 et
2079 1682 2256 1750 tamen
2300 1696 2470 1764 ipsum
2517 1709 2622 1748 non
2667 1693 2973 1747 admittunt.
3005 1691 3174 1748 Causa
3206 1700 3384 1745 autem

1799 1795 1881 1841 est
1907 1786 2160 1857 segnities
2191 1803 2206 1840 :
2237 1785 2414 1850 nullus
2441 1785 2583 1839 enim
2611 1784 2700 1854 Qui
2742 1782 2953 1851 sapiat,
2986 1782 3090 1836 hoc
3130 1782 3386 1835 admittit.

1800 1877 1934 1932 Nam
1979 1887 2034 1932 et
2079 1878 2219 1931 inter
2261 1875 2499 1938 Grmcos,
2547 1875 2636 1944 qui
2681 1872 3006 1942 voluptatem
3053 1871 3390 1934 definientes,

1804 1970 1965 2025 finem
1993 1984 2114 2024 esse
2138 1969 2342 2032 dicunt,
2374 1967 2449 2021 illi
2490 1969 2662 2036 ipsum
2695 1965 3068 2020 admiserunt:
3096 1964 3182 2034 qui
3215 1972 3391 2018 autem

1805 2063 2057 2117 virtutem
2099 2068 2433 2124 amaverunt,
2481 2042 2839 2128 nequaquam,
2892 2056 2988 2112 sed
3033 2055 3393 2126 expulerunt,

1809 2163 2080 2223 tamquam
2108 2151 2251 2222 quod
2272 2159 2451 2205 careat
2475 2149 2701 2203 ratione.
2728 2148 2785 2204 Si
2812 2147 2913 2202 hoc
2933 2156 3112 2201 autem
3143 2148 3212 2200 ita
3237 2144 3401 2199 habet

1810 2245 1950 2299 inter
1975 2243 2196 2299 Graecos
2225 2284 2239 2308 ,
2270 2241 2438 2295 multo
2468 2240 2635 2310 magis
2673 2239 2743 2293 ita
2788 2238 2950 2293 habet
2979 2239 3031 2292 in
3061 2237 3271 2291 ratione
3315 2251 3403 2290 re-

1811 2320 2180 2390 surrectionis.
2229 2333 2522 2388 Considera
2565 2339 2742 2386 autem
2791 2330 2945 2396 mihi,
2978 2327 3250 2401 quomodo
3295 2327 3403 2382 duo

1813 2426 2080 2480 contraria
2119 2424 2476 2479 introduxerit
2505 2423 2750 2478 diabolus
2793 2439 2806 2476 :
2840 2437 3034 2491 nempe
3064 2431 3121 2476 ut
3148 2422 3402 2476 virtutem

1815 2519 2170 2588 negligamus,
2214 2517 2593 2571 necessitatem
2637 2515 2872 2581 induxit;
2903 2524 2958 2569 et
2989 2525 3044 2569 ut
3072 2524 3322 2584 prompto
3352 2524 3438 2568 et'

1816 2611 1978 2664 alacri
2017 2609 2197 2664 animo
2235 2609 2474 2663 colamus
2515 2607 2910 2676 daemones,per
2941 2607 3048 2660 duo
3085 2606 3244 2661 etiam
3273 2621 3408 2661 con-

1817 2701 1979 2755 traria
2003 2700 2284 2770 persuasit.
2309 2698 2604 2764 Quamnam
2629 2713 2757 2767 ergo
2779 2698 2974 2765 poterit
2993 2698 3121 2752 dare
3147 2699 3409 2752 rationem

1820 2794 1912 2862 qui
1941 2809 2047 2846 non
2077 2791 2248 2847 credit
2273 2791 2349 2844 rei
2381 2791 2515 2844 adeo
2547 2790 2868 2856 admirabili,
2910 2799 2964 2843 et
3005 2789 3175 2843 credit
3218 2789 3281 2842 iis
3321 2791 3412 2859 qui

1822 2886 1910 2939 illa
1937 2893 2203 2954 nugantur
2224 2883 2247 2934 ?
2271 2882 2350 2936 Ne
2377 2897 2526 2951 ergo,
2558 2898 2625 2936 ne
2647 2881 2764 2935 hmc
2790 2893 2843 2935 te
2864 2883 3159 2936 consolatio
3190 2884 3412 2949 nutriat,

1822 2975 1965 3044 quod
2016 2975 2225 3029 veniam
2277 2973 2625 3040 consequeris
2670 2987 2684 3036 ;
2742 2971 2836 3026 sed
2892 2988 2988 3027 nos
3041 2975 3286 3027 conversi
3347 2974 3415 3028 ad

1823 3067 2078 3121 virtutem
2108 3064 2404 3120 excitemur
2427 3104 2443 3131 ,
2470 3077 2533 3117 ac
2561 3078 2687 3117 vere
2715 3063 2827 3118 Deo
2859 3063 3130 3131 vivamus;
3175 3065 3227 3118 in
3259 3063 3418 3120 Citri-

1830 3167 1935 3226 sto,
1961 3169 2066 3214 etc.

137 3155 190 3201 et
218 3165 328 3219 pra:
353 3165 413 3205 se
444 3149 549 3204 fert
571 3165 629 3205 se
654 3152 922 3220 ignorare,
951 3167 1020 3206 ne
1047 3160 1356 3222 torqueatur
1381 3170 1412 3210 a
1434 3158 1720 3212 conscien-

148 3270 3021 3292 *Μ

3029 3275 3416 3294 1

1504 3341 1859 3406 HOMILIA
1900 3344 2012 3405 III.

139 3476 264 3532 Car.
298 3478 350 3532 l.
381 3493 434 3532 v.
462 3477 547 3531 15.
593 3476 691 3544 Qui
733 3486 806 3532 est
843 3478 1010 3549 imago
1050 3477 1144 3532 Dei
1177 3479 1441 3534 invisibilis
1475 3482 1730 3554 primoge-

207 3571 344 3622 nitns
374 3571 536 3622 omnis
561 3580 806 3623 creaturae
836 3585 855 3623 :
887 3570 971 3624 l6.
1015 3573 1254 3640 quoniam
1283 3573 1336 3625 in
1373 3573 1485 3642 ipso
1526 3575 1732 3631 condita

208 3668 322 3714 sunt
371 3661 634 3725 universa,
702 3661 755 3713 in
801 3661 939 3715 cwlis
989 3670 1037 3719 et
1087 3665 1140 3715 in
1185 3669 1354 3728 terra,
1413 3665 1627 3720 visibilia
1684 3678 1731 3722 et

207 3750 502 3816 invisibilia,
529 3751 632 3804 sive
655 3749 852 3804 Throni
879 3752 981 3804 sive
1013 3748 1418 3823 Dominationes,
1447 3757 1548 3810 sive
1572 3756 1732 3812 Prin-

209 3845 406 3914 cipatus
431 3845 536 3897 sive
568 3842 885 3910 Potestales;
915 3845 1087 3898 omnia
1113 3862 1202 3910 per
1225 3848 1414 3915 ipsum,
1445 3858 1494 3900 et
1538 3850 1592 3902 in
1621 3850 1734 3918 ipso

211 3946 380 3991 creata
404 3944 540 3989 sunt.
575 3937 661 3990 17.
696 3933 763 3988 Et
815 3938 924 4004 ipse
952 3946 1026 3990 est
1049 3947 1184 4020 tante
1233 3941 1427 4006 omnia,
1477 3951 1524 3994 et
1563 3944 1734 3995 omnia

209 4025 263 4079 in
309 4026 424 4096 ipso
452 4035 684 4079 constant
718 4042 735 4080 :
764 4026 850 4082 l8.
878 4035 925 4079 et
954 4027 1062 4096 ipse
1089 4036 1164 4080 est
1192 4038 1343 4098 caput
1372 4032 1600 4100 corporis
1627 4030 1733 4084 Ec-

213 4117 403 4170 desim.

213 4208 264 4261 l.
291 4205 371 4260 De
397 4205 525 4260 Filii
552 4205 646 4260 Dei
669 4216 874 4274 natura,
897 4217 942 4262 et
970 4208 1106 4279 quod
1139 4225 1239 4264 non
1275 4210 1341 4263 sit
1385 4220 1634 4265 creatura.
1663 4243 1736 4254 —

149 4294 315 4352 llodie
337 4310 558 4352 necesse
583 4306 666 4352 est
687 4297 913 4353 reddere
936 4299 1351 4370 debitum,quod
1385 4300 1498 4355 heri
1525 4303 1729 4372 distuli,

149 4395 202 4440 ut
222 4387 270 4441 id
299 4385 540 4441 discendi
571 4387 777 4456 cupidis
800 4388 997 4442 animis
1026 4392 1218 4444 vestris
1247 4399 1302 4444 et
1325 4384 1736 4461 cogitationibus

149 4477 447 4546 subjiciam.
469 4477 546 4532 De
561 4477 678 4531 Filii
696 4477 950 4548 dignitate
963 4478 1233 4535 disserens
1248 4481 1441 4537 Paulus
1455 4483 1570 4538 haec
1585 4484 1732 4549 dicit,

151 4572 280 4624 sicut
309 4570 476 4625 etiam
500 4570 829 4625 ostendimus
863 4588 876 4624 :
904 4571 1004 4637 Qui
1028 4581 1098 4626 est
1137 4573 1304 4645 imago
1335 4574 1430 4628 Dei
1453 4577 1734 4631 invisibilis.

147 4657 308 4727 Cujus
334 4674 470 4728 ergo
499 4659 577 4712 vis
604 4675 727 4713 eum
752 4675 872 4714 esse
898 4661 1228 4732 imaginem?
1273 4663 1328 4718 Si
1359 4664 1450 4718 Dei
1495 4665 1733 4734 quidem,

152 4749 407 4817 pulchre;
463 4749 600 4804 Deus
651 4751 793 4804 enim
823 4760 995 4807 estet
1047 4753 1140 4807 Dei
1171 4754 1373 4820 Filius;
1427 4756 1523 4811 Dei
1561 4768 1740 4814 autem

153 4840 328 4911 imago
358 4839 646 4910 perfectam
678 4840 1082 4898 similitudinem
1103 4845 1371 4900 ostendit:
1399 4863 1528 4916 ergo
1545 4863 1740 4903 secun-

152 4933 274 4986 dum
305 4932 414 4987 hoc
442 4932 663 5002 aequalis
687 4943 769 4988 est
798 4953 812 4988 :
843 4935 889 4989 si
932 4945 1110 4991 autem
1158 4938 1332 5008 imago
1373 4941 1626 5006 hominis,
1654 4941 1742 4996 dic

153 5023 297 5089 mihi,
333 5032 391 5078 et
441 5038 471 5075 a
503 5031 554 5078 te
583 5031 852 5094 tamquam
876 5027 945 5082 ab
974 5028 1165 5082 insano
1195 5029 1488 5085 discedam.
1516 5030 1625 5087 Cur
1648 5048 1743 5087 au-

152 5123 253 5168 tem
279 5129 548 5185 nusquam
568 5130 739 5184 neque
762 5117 956 5186 imago,
974 5133 1145 5187 neque
1174 5119 1313 5173 ﬁlius
1342 5122 1639 5190 appellatus
1660 5131 1742 5178 est

151 5208 405 5277 angelus,
471 5206 563 5261 sed
616 5208 777 5263 homo
832 5212 1157 5279 utrumque?
1206 5193 1426 5277 Quare?
1481 5213 1742 5279 Quoniam

153 5296 256 5353 illic
283 5297 509 5368 quidem
541 5306 747 5353 natura:
773 5299 1074 5354 sublimitas
1111 5301 1216 5356 cito
1245 5303 1442 5358 multos
1473 5303 1742 5373 injeeisset

153 5387 202 5442 in
255 5389 398 5445 hanc
438 5389 767 5459 impietatem
799 5407 814 5444 :
845 5391 931 5446 hic
978 5402 1155 5447 autem
1206 5393 1382 5449 vilitas
1419 5404 1472 5449 et
1515 5395 1744 5464 ahjectio

155 5483 380 5551 spondet
405 5496 522 5537 rem
553 5480 671 5536 fore
695 5483 747 5536 in
774 5491 911 5550 tuto,
941 5493 994 5538 et
1021 5500 1087 5538 ne
1112 5486 1358 5554 volentes
1374 5486 1587 5556 quidem
1618 5490 1745 5546 sinit

156 5572 258 5626 tale
297 5571 428 5642 quid
483 5571 765 5642 suspicari,
796 5583 852 5628 et
889 5588 1194 5632 sermonem
1248 5576 1570 5646 deprimere.
1613 5579 1744 5636 Pro-

161 5675 337 5733 pterea
369 5663 463 5720 ubi
493 5663 660 5720 multa
691 5665 906 5736 quidem
932 5676 1046 5722 erat
1087 5667 1381 5740 humilitas,
1413 5669 1746 5729 confidenter

1836 3489 2109 3559 Scriptura
2143 3487 2290 3557 ponit
2317 3487 2576 3541 honorem
2609 3503 2622 3538 :
2655 3485 2746 3541 ubi
2775 3495 2952 3540 autem
2993 3485 3167 3555 tnajor
3196 3495 3278 3541 est
3329 3502 3424 3540 na-

1836 3590 1972 3645 tura,
2005 3597 2110 3636 non
2139 3581 2288 3636 item.
2308 3579 2415 3635 Sed
2435 3578 2614 3649 Imago
2637 3590 2706 3632 est
2725 3579 3008 3642 invisibilis,
3033 3579 3223 3649 inquit.
3255 3579 3418 3650 Ergo,

1837 3675 1880 3728 si
1914 3674 2002 3728 ille
2032 3684 2117 3730 est
2157 3672 2437 3727 invisibilis
2457 3712 2472 3737 ,
2502 3683 2584 3725 est
2631 3671 2742 3739 ipsa
2773 3685 2984 3740 quoque
3026 3670 3308 3725 invisibilis
3328 3713 3342 3736 ,
3372 3681 3429 3727 et

1837 3765 2083 3820 similiter
2114 3764 2431 3829 invisibilis;
2468 3762 2703 3831 alioquin
2740 3761 2914 3831 imago
2964 3777 3068 3815 non
3102 3771 3264 3816 esset.
3293 3761 3425 3817 Nam

1837 3859 2147 3926 imaginem,
2179 3866 2439 3926 quatenus
2472 3863 2554 3910 est
2580 3855 2776 3924 imago,
2809 3855 2969 3909 etiam
2992 3854 3130 3925 apud
3152 3869 3248 3909 nos
3269 3869 3429 3923 Opor-

1840 3956 1916 4000 tet
1939 3962 2059 4002 esse
2087 3946 2368 4014 aequalem,
2403 3953 2457 3998 et
2480 3959 2510 3998 a
2553 3944 2952 3998 characteribus
2977 3952 3031 3998 et
3057 3943 3426 3999 similitudine.

1839 4035 1943 4090 Sed
1966 4036 2053 4089 hic
2068 4036 2283 4103 quidem
2303 4034 2406 4089 hoc
2429 4049 2766 4103 nequaquam
2792 4043 2962 4100 potest
2993 4033 3105 4088 fieri
3132 4050 3146 4099 ;
3179 4049 3268 4089 ars
3286 4035 3430 4089 enim

1840 4127 2071 4182 humana
2101 4140 2245 4194 saepe
2276 4140 2382 4178 non
2432 4125 2757 4193 assequitur,
2789 4124 2900 4177 imo
2944 4139 3071 4178 vero
3104 4141 3392 4193 numquam
3412 4167 3429 4193 ,

1839 4218 1884 4272 si
1907 4227 2156 4271 accurate
2179 4216 2456 4271 examines
2481 4234 2492 4268 :
2525 4214 2612 4269 ubi
2636 4213 2812 4268 ante'm
2845 4225 2927 4269 est
2956 4215 3116 4282 Deus,
3143 4231 3432 4287 numquam

1841 4306 2038 4362 excidit
2091 4315 2146 4361 et
2187 4306 2423 4371 aberrat,
2453 4319 2626 4376 neque
2658 4304 2795 4359 ullus
2836 4320 3084 4376 umquam
3113 4315 3198 4361 est
3232 4308 3430 4378 lapsus.

1843 4399 1898 4454 Si
1930 4408 2108 4459 autem
2138 4405 2222 4453 est
2247 4405 2515 4460 creatura,
2557 4395 2829 4465 quomodo
2871 4405 2954 4450 cst
2996 4398 3172 4466 imago
3199 4398 3317 4468 ejus
3343 4400 3436 4469 qui

1842 4493 2072 4546 creavit?
2098 4506 2269 4561 neque
2295 4490 2435 4544 enim
2465 4504 2634 4556 equus
2649 4498 2730 4543 est
2753 4489 2928 4558 imago
2959 4488 3211 4544 hominis.
3235 4490 3291 4544 Si
3319 4491 3436 4561 ejus

1844 4582 1933 4653 qui
1961 4591 2042 4638 est
2069 4579 2356 4636 invisibilis
2393 4580 2794 4635 similitudinem
2823 4595 2929 4634 non
2972 4581 3209 4635 ostendit
3235 4584 3433 4652 imago,

1844 4672 1969 4742 quid
1995 4671 2243 4742 prohibet
2265 4672 2426 4725 etiam
2450 4670 2670 4740 angelos
2689 4685 2810 4725 esse
2839 4671 3163 4741 imaginem?
3191 4688 3312 4726 nam
3336 4674 3437 4742 ipsi

1844 4779 2058 4834 quoque
2105 4771 2232 4817 sunt
2279 4761 2596 4827 invisibiles,
2649 4760 2744 4816 sed
2799 4776 2906 4816 non
2965 4762 3223 4833 sibiipsis.
3261 4762 3328 4835 ¹[
3367 4764 3438 4818 At

1845 4855 2024 4909 anima
2050 4862 2134 4910 est
2160 4852 2479 4915 invisibilis;
2526 4852 2620 4906 sed
2648 4866 2711 4905 ex
2741 4866 2807 4906 eo
2836 4851 2977 4921 quod
3007 4863 3088 4908 est
3115 4853 3398 4908 invisibilis
3417 4895 3434 4920 ,

1847 4955 1932 5002 est
1972 4945 2370 5016 quodammodo
2416 4945 2624 5013 imago;
2651 4954 2706 4999 at
2730 4957 2836 4998 non
2865 4945 3004 4998 sicut
3030 4945 3145 5015 ipse
3172 4954 3275 5001 est.
3316 4943 3428 5000 Pri-

1847 5039 2132 5110 mogenitus
2160 5039 2323 5091 omnis
2349 5033 2641 5107 creaturw.]

1919 5130 1974 5184 2.
1993 5129 2130 5197 Quid
2157 5133 2310 5186 vero?
2331 5127 2530 5196 inquit;
2554 5140 2678 5182 ecce
2704 5134 2786 5181 est
2812 5128 3062 5181 creatus?
3087 5127 3239 5182 Unde
3263 5126 3312 5180 id
3337 5127 3440 5182 col.

1850 5222 1990 5292 ligis,
2017 5219 2346 5291 dic,qu:eso?
2375 5218 2635 5285 Quoniam
2667 5217 2819 5279 dixit,
2855 5215 3244 5286 Primogenitus.
3279 5215 3447 5288 Atqui

1853 5328 1960 5369 non
1990 5312 2144 5378 dixit,
2176 5311 2588 5373 Primocrealus,
2620 5307 2712 5363 sed
2739 5306 3136 5377 Primogenitus.
3168 5306 3368 5361 Deinde
3394 5307 3442 5361 si

1917 5497 1934 5528 ¹
1969 5501 2142 5545 Locum
2176 5493 2369 5543 uncinis
2389 5492 2605 5542 clausum
2625 5491 2698 5541 sic
2720 5489 2903 5539 habent
2925 5485 3208 5539 Comelin.
3236 5492 3289 5547 et
3307 5484 3437 5547 Reg.

1854 5558 1978 5608 1955
1999 5570 2010 5604 :
2036 5554 2127 5618 sed
2142 5554 2306 5618 quinta
2322 5562 2595 5618 quoqueest
2607 5549 2857 5618 intisibilis
2873 5562 2890 5599 :
2906 5562 3023 5618 nam
3037 5560 3108 5618 eq
3117 5560 3174 5618 eo
3193 5545 3294 5598 solo
3313 5545 3440 5618 qvod

1852 5607 1914 5669 sit
1927 5607 2203 5675 invisibilis,
2226 5607 2443 5678 sequitur
2479 5615 2617 5678 illam
2660 5628 2762 5665 esse
2795 5608 3059 5678 imaginem
3083 5607 3108 5660 ?
3146 5617 3270 5678 ρ’ωη
3294 5607 3440 5660 alium

1856 5668 2024 5744 angeli
2045 5668 2276 5742 imagines
2291 5668 2417 5741 sunl,
2444 5677 2609 5729 eodem
2633 5678 2774 5728 modo
2795 5668 3119 5738 quo'Chridus
3142 5669 3168 5722 ἵ
