4050 6324
689 270 794 330 319

688 384 813 456 quia
841 375 1224 452 primngettitus
1237 380 1339 437 est,
1364 371 1510 425 illum
1535 375 1773 424 creatum
1803 361 2029 427 dixeris,
2048 357 2263 456 quid‘di-

687 445 780 529 εει
805 445 1179 541 quandoillum
1204 459 1438 516 audieris
1459 461 1674 512 fratrem
1697 453 1914 510 vocari?
1931 451 2139 507 Etenim
2163 445 2268 502 fra-

689 577 821 620 trem
849 561 1000 615 illum
1021 565 1179 613 vocat
1196 554 1467 623 Scriptura
1490 548 1785 606 secundum
1807 545 1987 600 omnia
2004 541 2157 598 nobis
2182 555 2268 594 as-

686 653 996 707 similatum.
1022 648 1237 719 Ergone
1266 627 1391 699 ideo
1416 643 1565 696 illuni
1580 637 1885 694 Creatorem
1905 650 2026 691 esse
2046 632 2266 702 negabi-

689 762 830 812 tnus,
857 750 927 801 et‘
940 759 1039 798 uec
1063 741 1319 812 dignitate
1345 751 1518 807 neque
1541 734 1647 788 alio
1676 731 1925 802 quopiam
1943 726 2094 781 nobis
2115 733 2268 777 ante-

689 853 890 909 ponere
918 822 1290 904 dignabimur?
1310 828 1492 898 ecquis
1512 834 1690 879 mente
1719 822 1903 877 valens
1922 821 2023 874 hoc
2038 814 2270 872 dixerit?

688 930 823 985 Nam
852 926 1001 991 illud,
1030 921 1423 992 Primogenitus,
1446 934 1550 972 nou
1571 915 1882 986 dignitatem
1903 919 1957 966 et
1985 909 2265 969 honorem,

687 1020 783 1075 sed
801 1029 1007 1087 tempus
1026 1024 1228 1071 tantum
1247 1008 1577 1083 exprimit.Si
1595 1024 1722 1077 ergo
1737 1001 2119 1075 primogenitus
2137 997 2267 1051 nihil

689 1112 809 1180 plus
830 1109 989 1164 habet
1009 1121 1166 1177 quam
1195 1118 1327 1168 nos;
1355 1112 1515 1171 atque
1532 1099 1631 1153 hac
1655 1098 1868 1151 ratione
1883 1088 2268 1163 primogenitus

686 1211 769 1257 est
794 1200 1059 1263 omnium,
1089 1192 1558 1253 consubstantialis
1582 1190 1684 1244 erit
1711 1190 1847 1243 Deus
1870 1184 2102 1241 Verbum
2130 1180 2263 1250 lapi-

688 1292 862 1358 dibus,
892 1291 1048 1361 lignis
1068 1299 1122 1344 et
1140 1286 1361 1357 reliquis
1385 1302 1400 1337 :
1432 1300 1554 1336 nam
1577 1282 1672 1346 ait,
1706 1276 2080 1347 l’rimogenitus
2104 1269 2269 1325 omnis

686 1393 947 1439 (reatum.
982 1384 1050 1436 At
1076 1379 1460 1449 primogenitus
1480 1417 1496 1441 ,
1543 1374 1771 1444 inquies,
1800 1370 1973 1424 dictus
2000 1376 2112 1430 est;
2138 1378 2266 1432 ergo

686 1484 897 1532 creatus
923 1483 1026 1530 est.
1058 1472 1202 1527 Bene
1239 1469 1481 1540 quidem,
1524 1468 1569 1520 si
1621 1480 1708 1519 res
1751 1463 1821 1516 ita
1852 1475 1909 1513 se
1938 1457 2179 1518 haberet,
2211 1462 2267 1507 et

690 1568 789 1620 nisi
820 1566 920 1617 alia
950 1563 1141 1619 similia
1170 1561 1427 1625 haberet,
1455 1552 1918 1624 ut,Primagcnitus
1944 1565 2007 1603 ex
2029 1547 2263 1609 mortuis,

686 1668 761 1722 et,
790 1654 1167 1725 Primogcnitus
1191 1653 1244 1704 in
1268 1650 1439 1702 multis
1463 1646 1703 1716 fratribus
1733 1640 1866 1712 (Col.
1897 1641 1943 1694 Ι.
1978 1639 2064 1692 18.
2108 1636 2260 1689 Rom.

686 1750 743 1802 8.
770 1747 903 1816 29).
940 1744 1291 1812 l)ic,qu:cso,
1344 1738 1727 1809 primogenitus
1766 1749 1829 1788 ex
1889 1729 2112 1785 mortuis
2139 1725 2266 1796 quid

686 1836 987 1909 significat?
1011 1835 1125 1891 Non
1154 1834 1296 1905 quod
1343 1831 1546 1902 primus
1575 1826 1890 1890 resurrexit,
1926 1823 2071 1876 dices
2114 1840 2128 1873 :
2158 1834 2265 1872 non

686 1908 827 1984 enim
858 1928 993 1983 dixit
1022 1924 1336 1994 simpliciter
1358 1917 1707 1989 quorumdam
1739 1924 2092 1973 mortuorum,
2140 1908 2260 1972 sed,

688 2020 1078 2089 Primogenitus
1099 2031 1167 2069 ex
1207 2012 1431 2066 mortuis
1463 2027 1477 2062 :
1508 2021 1679 2077 neque
1702 2004 1835 2059 dixit
1883 2018 2003 2057 eum
2036 2001 2263 2071 primum

685 2125 806 2164 es-e
839 2119 1128 2168 mortuum,
1156 2104 1250 2159 sed
1283 2099 1690 2171 primogenitum
1718 2094 2017 2149 surrexisse
2036 2107 2101 2146 ex
2122 2106 2269 2145 mor-

689 2202 812 2255 tuis.
844 2199 1203 2267 Quamobrem
1261 2193 1393 2248 nihil
1442 2190 1587 2244 aliud
1629 2186 1910 2257 signiﬁcat,
1952 2197 2109 2253 quam
2140 2197 2263 2237 eum

689 2292 854 2361 fuisse
900 2288 1163 2359 primitias
1202 2281 1617 2341 resurrectionis
1642 2296 1673 2333 a
1703 2277 1950 2332 mortuis.
1982 2276 2120 2344 Ergo
2166 2273 2267 2327 nec

689 2384 775 2437 hic
800 2380 998 2452 aliquid
1023 2379 1293 2449 probatur.
1319 2373 1518 2429 Deinde
1537 2370 1840 2441 aggreditur
1862 2368 2032 2437 ipsum
2049 2366 2266 2435 dogma;

686 2476 818 2531 Nam
851 2490 918 2528 ne
948 2474 1315 2526 existimarent
1337 2482 1457 2521 eum
1501 2478 1620 2520 esse
1648 2462 2000 2517 recentiorem
2026 2473 2091 2513 eo
2120 2455 2265 2527 quod

686 2566 816 2619 ulim
846 2564 1059 2634 quidem
1109 2560 1464 2614 adduceretur
1507 2571 1603 2626 per
1626 2553 1866 2623 angelos,
1898 2563 2041 2605 nunc
2086 2557 2267 2602 autem

687 2672 783 2726 per
805 2656 1015 2724 ipsum;
1044 2649 1276 2705 ostendit
1306 2649 1535 2718 primum
1564 2660 1658 2699 eos
1695 2642 1826 2696 nihil
1863 2642 2135 2711 potuisse;
2160 2654 2264 2692 non

686 2745 829 2800 enim
870 2746 985 2813 ipse
1027 2741 1299 2796 eduxisset
1336 2753 1366 2792 e
1420 2736 1652 2791 tenebris
1685 2752 1697 2784 :
1728 2732 2016 2788 secundum
2050 2739 2262 2794 autem,

687 2836 828 2911 quod
858 2836 925 2889 sit
950 2844 1072 2887 ante
1115 2832 1281 2901 ipsos.
1331 2827 1483 2894 Quod
1512 2836 1690 2879 autem
1720 2824 1788 2877 sit
1811 2833 1936 2876 ante
1966 2822 2132 2890 ipsus,
2165 2819 2267 2873 hoc

687 2910 877 2997 probat
923 2933 1254 2995 argumento,
1302 2920 1442 2991 quod
1474 2917 1574 2987 ipsi
1599 2933 1693 2987 per
1736 2930 1857 2970 eum
1911 2915 2021 2967 sint
2063 2910 2264 2965 creati:

690 3021 947 3086 Quoniam
972 3019 1023 3071 in
1046 3019 1176 3088 ipso,
1206 3014 1398 3084 inquit,
1420 3011 1625 3065 condita
1652 3017 1767 3061 sunt
1792 3008 1980 3059 omnia.

763 3109 960 3164 Paulus
976 3101 1571 3170 Smnosatenus.——Quid
1586 3101 1670 3155 hic
1680 3099 1865 3154 dicunt
1884 3089 2100 3151 asseclam.
2116 3094 2266 3149 Pauli

686 3199 1063 3257 S.unosatcni?
1096 3195 1284 3252 Omnia
1312 3196 1362 3248 in
1395 3194 1511 3262 ipso
1539 3192 1672 3246 facta
1701 3205 1823 3244 esse
1850 3205 1865 3241 :
1896 3188 2097 3242 dictum
2125 3186 2267 3240 enim

688 3293 808 3355 fuit,
823 3290 889 3345 In
917 3292 1026 3359 ipso
1050 3288 1254 3341 cendita
1279 3294 1394 3340 sunt
1420 3283 1609 3336 omnia.
1633 3282 1737 3336 Sed
1758 3296 1876 3350 qua:
1905 3290 2029 3333 sunt
2052 3279 2105 3331 in
2123 3276 2268 3330 etelis

687 3395 742 3439 et
766 3396 884 3452 qua:
911 3380 1106 3435 suntin
1134 3388 1272 3432 terra
1300 3376 1473 3445 primo
1499 3373 1650 3428 dixit.
1672 3373 1747 3427 De
1775 3386 1880 3441 quo
1907 3380 2019 3423 erat
2044 3368 2269 3437 qumstio

688 3476 792 3527 hoc
815 3471 986 3542 primo
1014 3469 1182 3538 ponit.
1215 3465 1417 3520 Deinde
1443 3463 1711 3532 subiungit
1729 3504 1745 3527 ,
1776 3461 2003 3516 Visibilia
2030 3469 2076 3514 et
2092 3459 2270 3512 invin-

686 3565 832 3618 tilia.
865 3560 1149 3627 Invisibilia
1180 3558 1415 3612 animam
1442 3556 1594 3621 dicit,
1620 3554 1868 3618 visibilia,
1892 3567 2079 3608 onmes
2099 3549 2271 3604 homi-

689 3670 807 3709 nes.
839 3654 903 3708 Et
938 3650 1080 3722 quod
1106 3650 1160 3703 in
1189 3648 1436 3703 confesso
1463 3654 1570 3712 est,
1600 3645 1885 3714 relinquit;
1920 3643 2068 3711 ponit
2093 3650 2269 3694 autem

688 3746 742 3800 id
765 3744 833 3798 de
860 3757 968 3813 quo
987 3740 1278 3795 dubitatur.
1310 3737 1431 3791 Sive
1470 3734 1683 3798 Tltroui,
1716 3734 1909 3803 inquit,
1939 3734 2043 3785 sive
2088 3730 2267 3783 Domi-

690 3837 942 3899 nationes,
970 3834 1072 3885 siue
1104 3829 1454 3897 Principatus,
1498 3828 1599 3877 sire
1626 3824 1929 3877 Potcstates.
1962 3822 2113 3883 Illud,
2147 3822 2270 3884 sive,

690 3921 1098 3994 comprehendit
1127 3919 1457 3973 universum.
1489 3914 1717 3983 Spiritus
1744 3921 1922 3966 autem
1946 3913 2063 3964 “non
2085 3916 2274 3963 nume-

689 4025 842 4071 ratur
887 4026 1009 4069 cum
1067 3994 1449 4071 l‘otestatibus,
1509 4003 1604 4058 sed
1653 4018 1683 4055 a
1714 4002 1904 4071 majori
1954 4000 2020 4053 ad
2065 4001 2271 4053 minora

687 4103 1016 4162 ostendenda
1044 4098 1369 4171 proceditur.
1413 4095 1618 4157 Omnia,
1666 4094 1857 4161 inquit,
1891 4107 1981 4161 per
2008 4092 2197 4159 ipsum,
2226 4097 2271 4142 et

689 4202 743 4255 in
767 4200 876 4269 ipso
900 4204 1068 4250 creata
1086 4201 1223 4245 stmt.
1253 4189 1389 4243 Ecce
1414 4184 1563 4249 illud,
1590 4182 1655 4236 In
1679 4183 1810 4251 ipso,
1831 4189 1913 4234 est
1943 4196 2036 4248 per
2056 4181 2227 4249 ipsum
2255 4196 2271 4234 :

692 4268 816 4344 nam
849 4300 970 4342 cum
997 4281 1239 4344 dixisset,
1266 4277 1333 4332 In
1364 4278 1497 4347 ipso,
1525 4273 1815 4342 subjunxit,
1847 4269 1948 4325 Per
1985 4270 2173 4338 ipsum.
2203 4268 2274 4322 ll-

693 4378 785 4435 lud
806 4384 1008 4441 autem,
1034 4372 1098 4426 ln
1126 4373 1257 4442 ipso,
1283 4367 1411 4439 quid
1433 4366 1553 4422 est!
1578 4363 1691 4418 lloc
1712 4371 1818 4427 est,
1848 4361 1901 4415 in
1925 4360 2098 4429 ipsum
2144 4373 2273 4429 pen-

692 4471 785 4527 det
808 4466 1046 4523 omnium
1072 4461 1391 4518 substantia.
1419 4457 1535 4514 Non
1563 4456 1737 4510 solum
1767 4454 1884 4524 ipse
1922 4466 1988 4507 ea
2012 4446 2078 4507 ex
2106 4450 2276 4506 nihilo

694 4560 765 4617 ad
795 4559 898 4615 hoc
921 4565 979 4613 ut
1000 4563 1183 4612 essent
1212 4551 1455 4619 deduxit,
1506 4547 1604 4604 sed
1633 4547 1748 4618 ipse
1785 4558 1998 4615 quoque
2024 4557 2089 4598 ea
2136 4556 2278 4597 nunc

696 4655 972 4712 continet:
1001 4651 1351 4722 quamobrem
1379 4646 1426 4702 si
1453 4652 1636 4701 essent
1670 4642 1875 4699 divulsa
1895 4642 1966 4696 ab
2007 4640 2123 4711 ejus
2148 4654 2278 4711 pro-

698 4747 954 4814 videntia,
981 4743 1328 4800 interiissent.
1357 4739 1467 4795 Sed
1506 4751 1613 4793 non
1654 4736 1811 4802 dixit,
1836 4733 2106 4797 Coutinet,
2135 4731 2278 4803 quod

697 4839 1090 4903 eratcrassius;
1108 4834 1202 4891 sed
1219 4832 1363 4904 quod
1386 4840 1471 4888 est
1497 4829 1763 4895 subtilius,
1780 4827 1837 4882 ιιι
1860 4828 2034 4897 ipsum
2059 4824 2275 4897 pendet.

701 4933 888 4990 Solum
916 4929 986 4986 ad
1010 4944 1133 4985 eum
1171 4938 1412 4981 annuere
1438 4932 1496 4980 et
1535 4920 1804 4988 inclinari,
1832 4918 2032 4976 sufﬁcit
2050 4917 2118 4973 ad
2142 4931 2277 4973 con-

700 5025 978 5083 tinendum
1000 5033 1057 5079 et
1094 5016 1589 5089 constringendum.
1618 5015 1710 5072 Sic
1735 5014 1919 5081 etiam,
1956 5012 2277 5092 Primogeni-

702 5129 804 5186 tus,
831 5128 1100 5188 tamquam
1136 5112 1538 5169 fundamentum
1575 5109 1795 5166 dicitur.
1823 5107 1937 5163 Hoc
1962 5117 2143 5162 autem
2172 5120 2279 5160 non

701 5209 966 5280 signiﬁcat
999 5214 1274 5263 creaturas
1315 5218 1439 5261 esse
1472 5201 1715 5275 ejusdem
1766 5200 2039 5266 essentia,
2083 5198 2180 5255 sed
2224 5199 2279 5253 in

704 5290 822 5373 ipso
853 5316 976 5358 esse
998 5300 1180 5356 omnia
1201 5339 1220 5367 ,
1271 5305 1330 5353 et
1355 5312 1453 5369 per
1488 5298 1684 5367 ipsum.
1718 5294 1849 5349 Nam
1879 5291 2009 5348 alibi
2035 5306 2281 5362 quoque,

701 5394 915 5466 quando
938 5392 1099 5458 dicit,
1127 5390 1545 5446 Fundamentum
1569 5387 1717 5458 posui
1756 5385 1845 5455 (Ι.
1895 5385 2017 5439 Cor.
2056 5384 2111 5439 5.
2144 5382 2246 5454 l0)
2264 5424 2282 5451 ,

704 5501 812 5542 non
856 5482 1362 5548 dieitdeessentia,
1395 5478 1494 5536 sed
1541 5478 1611 5533 de
1651 5478 1983 5548 operatione.
2033 5474 2164 5531 Nam
2216 5487 2285 5528 ne

704 5575 979 5631 existimes
1002 5572 1176 5643 ipsum
1206 5585 1328 5627 esse
1346 5568 1674 5632 ministrum,
1704 5567 1838 5623 dicit
1861 5566 2033 5636 ipsum
2062 5579 2127 5621 ea
2155 5579 2285 5620 con-

708 5666 878 5723 tincre
893 5707 908 5731 ,
945 5662 1085 5735 quod
1110 5677 1216 5719 non
1240 5670 1325 5720 est
1342 5660 1518 5717 minus
1536 5660 1694 5733 quam
1717 5657 1928 5714 fecisse.
1952 5656 2284 5725 Quamquam

1370 257 1428 312 s.
1466 252 1744 311 JOANNIS
1776 244 2256 307 etmrsosrmn
2293 242 2608 301 ARClttl-‘J’.
2648 248 3181 311 coxsnu'rta'op,

2383 266 2608 301 .uura'.
2648 266 2823 304 I-UJb
2838 266 3181 311 l‘AtVlttVUP.
3860 266 3976 324 320‘
4028 266 4029 315 ἲ

2383 355 2435 412 in
2466 356 2618 415 nobis
2646 370 2730 417 est
2757 364 2917 419 etiam
2948 366 3120 437 majus
3151 386 3166 424 :
3194 386 3318 424 nam
3357 371 3487 428 illud
3513 375 3728 445 quidem
3754 392 3850 434 ars
3876 381 3958 435 1η-
4028 318 4029 387 1

2362 449 2561 514 ducit,
2612 451 2713 508 hoc
2753 469 2880 511 vero
2907 472 3275 529 nequaquam;
3321 478 3493 534 neque
3531 466 3677 522 enim
3720 470 3958 528 continet
4028 452 4029 461 ‘

2344 560 2353 563 ·
2379 540 2521 609 quod
2548 542 2750 603 interit.
2782 546 2849 600 Et
2877 548 2986 613 ipse
3009 559 3082 603 est
3108 560 3226 605 ante
3267 569 3459 620 omnes,
3517 557 3706 628 inquit.
3739 558 3858 615 Hoc
3879 574 3958 618 est
4028 574 4029 589 ‘

2381 629 2491 685 Deo
2538 635 2880 691 conveniens.
2906 637 3007 694 Ubi
3054 650 3137 695 est
3181 638 3377 699 Paulus
3417 644 3844 706 Samosatenus?
3896 652 3956 706 Et

2380 725 2551 776 omnia
2585 726 2638 777 in
2664 726 2777 796 ipso
2800 740 3031 783 constant
3060 747 3079 784 :
3105 731 3206 787 hoc
3235 745 3340 801 est,
3370 736 3427 791 In
3462 738 3633 807 ipsum
3665 750 3791 796 sunt
3816 757 3948 797 eon-

2378 812 2508 867 dita.
2539 816 2764 871 Assidue
2788 819 2975 875 eadem
3004 831 3199 890 versat,
3225 826 3511 883 verborum
3530 832 3950 898 continuatione,

2381 912 2649 974 tamquam
2704 909 2912 963 crebris
2962 913 3278 981 quibusdam
3319 917 3534 986 ictibus,
3592 924 3953 991 perniciosum

2377 995 2568 1066 dogma
2594 1008 2842 1055 evertens
2873 1003 3147 1060 radicitus.
3175 1006 3319 1061 Nam
3337 1009 3381 1063 si
3409 1018 3463 1064 et
3484 1022 3590 1066 tam
3620 1014 3786 1067 multa
3816 1015 3951 1071 dicta

2376 1097 2521 1155 sunt,
2552 1097 2607 1143 et
2647 1099 2769 1159 post
2800 1100 3004 1149 tantum
3032 1103 3241 1166 tempus
3269 1108 3487 1155 exortus
3515 1111 3600 1156 est
3629 1101 3827 1158 Paulus
3856 1105 3950 1159 Sa-

2377 1189 2719 1247 mosatenus;
2767 1196 2967 1254 quanto
2999 1190 3186 1258 magis,
3215 1188 3264 1244 si
3291 1188 3405 1246 haec
3432 1206 3538 1247 non
3568 1192 3793 1250 fuissent
3821 1210 3954 1264 pra:-

2376 1269 2558 1324 dicta'!
2605 1270 2673 1326 Et
2728 1276 2919 1340 omnia,
2974 1277 3166 1346 inquit,
3195 1278 3248 1332 in
3288 1296 3347 1334 eo
3388 1292 3641 1337 constant.
3674 1283 3953 1350 Quomodo
4028 1268 4029 1271 Ἴ

2375 1371 2621 1417 constant
2652 1365 2704 1419 in
2732 1382 2798 1422 eo
2834 1369 2924 1438 qui
2954 1386 3060 1426 non
3090 1374 3209 1428 est?
3252 1375 3610 1442 Quamobrem
3635 1387 3689 1435 et
3714 1394 3834 1450 qme
3864 1397 3948 1450 per

2376 1453 2596 1553 angelos
2603 1456 2770 1553 limit,
2798 1459 2912 1529 ejus
2930 1466 3077 1517 sunt.
3107 1462 3173 1517 Et
3199 1465 3308 1537 ipse
3329 1478 3401 1522 cst
3425 1480 3580 1539 caput
3604 1471 3833 1540 corporis
3859 1472 3950 1525 Εε-

2373 1544 2558 1598 clesiw.
2601 1546 2888 1618 Postquam
2913 1552 3121 1609 dixerat
3146 1556 3213 1612 de
3237 1558 3513 1629 dignitate,
3540 1563 3795 1632 deinceps
3824 1564 3949 1618 dicit

2374 1634 2443 1730 de
2466 1635 2799 1730 benignitate
2822 1660 2834 1694 :
2861 1642 2888 1694 1
2895 1661 2983 1713 pse
3007 1655 3099 1714 est,
3129 1649 3317 1718 inquit,
3347 1663 3500 1722 caput
3518 1657 3749 1721 corporis
3774 1653 3945 1709 Eccle-

2373 1726 2650 1827 siteI-ANon
2680 1730 2821 1827 dixit
2846 1742 3044 1827 autem,
3106 1737 3491 1809 Plenitudinis,
3545 1743 3687 1799 idem
3737 1745 3945 1816 quidem

2373 1816 2697 1885 significans,
2725 1821 2820 1875 sed
2845 1823 3031 1880 volens
3053 1828 3336 1885 ostendere
3360 1847 3481 1886 eum
3512 1834 3667 1889 nobis
3690 1851 3812 1891 esse
3833 1851 3946 1891 con-

2370 1905 2690 1974 junctiorem
2717 1952 2732 1976 ,
2777 1914 2919 1981 quod
2966 1918 3055 1985 qui
3093 1927 3148 1972 et
3174 1919 3255 1974 sie
3292 1931 3374 1976 est
3417 1937 3577 1992 supra
3624 1935 3679 1980 et
3706 1928 3946 1995 superior

2376 1997 2647 2066 omnibus,
2679 2002 2743 2056 iis
2766 2017 2825 2058 se
2847 2006 3124 2075 conjunxit
3147 2011 3236 2079 qui
3275 2021 3397 2067 sunt
3428 2013 3559 2068 infra
3590 2018 3788 2070 omnia.
3823 2016 3944 2072 Ubi-

2374 2104 2479 2158 que
2526 2091 2668 2144 enim
2715 2094 2919 2161 primus
2972 2107 3057 2153 est
3088 2116 3103 2153 :
3134 2115 3295 2170 supra
3341 2104 3582 2172 primus,
3620 2108 3671 2160 in
3713 2107 3943 2161 Ecclesia

2376 2177 2612 2269 primus;
2646 2189 2729 2235 est
2769 2185 2911 2239 enim
2947 2197 3140 2256 caput;
3193 2192 3246 2245 in
3288 2198 3683 2253 resurrectione
3725 2199 3942 2269 primus.

2374 2265 2487 2321 Hoc
2508 2269 2645 2323 enim
2675 2270 2777 2326 Sibi
2810 2274 2924 2329 vult
2948 2277 3101 2345 illud,
3127 2278 3199 2335 Ut
3227 2283 3292 2335 sit
3320 2283 3428 2353 ipse
3454 2287 3669 2356 primus.

2444 2360 2497 2413 ὅ.
2528 2360 2885 2427 Quamobrem
2916 2367 2968 2419 in
3004 2372 3349 2436 generatione
3376 2390 3589 2447 quoque
3618 2388 3700 2434 est
3729 2381 3943 2449 primus.

2375 2449 2444 2503 Et
2473 2449 2573 2505 hoc
2610 2455 2864 2523 estquod
2918 2456 3113 2515 l‘aulus
3158 2461 3389 2518 maxime
3417 2467 3598 2523 studet
3644 2471 3945 2527 ostendere.

2375 2541 2507 2595 Nam
2550 2545 2592 2596 si
2625 2545 2727 2599 hoc
2755 2546 2910 2601 fuerit
2934 2550 3234 2618 probatum,
3263 2556 3404 2625 quod
3443 2569 3588 2613 esset
3615 2570 3741 2617 ante
3765 2577 3946 2619 omnes

2374 2634 2625 2704 angelos;
2654 2637 2781 2692 illud
2816 2656 3028 2711 quoque
3053 2644 3207 2699 simul
3228 2646 3474 2715 infertur,
3505 2667 3628 2720 qum
3651 2666 3807 2710 erant
3838 2656 3948 2710 illo-

2376 2742 2495 2779 rum
2534 2742 2697 2797 opera
2728 2730 2899 2800 ipsum
2941 2734 3132 2791 fecisse
3159 2739 3532 2807 imperantem.
3567 2745 3631 2798 Et
3680 2746 3825 2815 quod
3872 2758 3955 2803 est

2374 2815 2707 2917 admirabile,
2738 2820 2790 2875 in
2815 2824 3093 2891 posteriori
3118 2831 3465 2897 generatione
3482 2837 3759 2890 contendit
3781 2838 3947 2907 ipsum

2380 2913 2606 2974 prinunn
2659 2913 2963 2971 ostendere.
3004 2918 3333 2991 Quamquam
3378 2924 3505 2979 alibi
3545 2928 3772 2995 primum
3828 2930 3948 2985 dicit
4028 2976 4029 2987 ι

2377 2996 2568 3091 Adam,
2599 3000 2736 3055 sicut
2774 3012 2856 3058 est
2879 3020 2939 3059 re
2965 3010 3246 3073 rera;sed
3271 3014 3480 3082 accepit
3520 3014 3816 3073 Ecclesiam
3860 3037 3949 3091 pro
4028 3040 4029 3045 π

2378 3090 2628 3146 universo
2677 3108 2877 3160 genere
2908 3095 3203 3154 hominum.
3251 3102 3344 3157 Est
3389 3106 3532 3160 enim
3562 3106 3820 3165 Ecclesia:
3843 3088 3947 3184 pri-

2376 3197 2529 3249 mus;
2561 3194 2617 3239 et
2663 3184 2938 3242 hominumn
2968 3192 3180 3260 quidem
3207 3198 3479 3265 tamquam
3525 3201 3817 3257 creationis
3843 3168 3947 3272 pri.

2376 3291 2495 3331 mus
2520 3288 2604 3331 est
2631 3280 2921 3335 secundum
2952 3298 3167 3340 carnem
3198 3302 3214 3339 :
3245 3296 3295 3340 et
3344 3300 3627 3357 propterea
3676 3291 3764 3347 hic
3812 3252 3947 3364 ponit

2378 3370 2810 3439 prinwgenitum.
2860 3372 2995 3438 Quid
3044 3383 3129 3428 est
3154 3375 3241 3430 hic
3269 3378 3691 3448 primogenitus?
3714 3381 3818 3449 Qui
3848 3386 3945 3453 pri-

2375 3474 2495 3515 mus
2515 3469 2596 3517 est
2620 3473 2851 3528 creatus,
2876 3473 2966 3518 aut
2991 3466 3081 3535 qui
3110 3470 3398 3523 resurrexit
3420 3480 3545 3526 ante
3569 3488 3791 3541 omnes;
3823 3476 3953 3529 sicut

2377 3563 2433 3609 et
2474 3555 2617 3619 illic,
2667 3556 2766 3623 Qui
2806 3566 2891 3611 est
2930 3567 3057 3613 ante
3090 3574 3300 3615 omnes.
3330 3562 3397 3617 Et
3421 3563 3509 3618 hic
3537 3566 3751 3635 quidem
3782 3571 3946 3636 posuit
4028 3560 4029 3611 ἐ

2380 3646 2661 3716 primitias,
2693 3647 2876 3703 dicens
2904 3651 2919 3681 ¹
2953 3668 2966 3702 :
3000 3651 3101 3716 Qui
3126 3660 3201 3704 est
3240 3653 3567 3723 principium,
3600 3657 3947 3729 primogenita
4028 3708 4029 3717 η

2378 3754 2441 3791 ca:
2464 3741 2696 3802 mortuis,
2728 3752 2782 3793 ut
2821 3742 2886 3798 sit
2914 3742 2968 3795 in
3015 3742 3246 3796 omnibus
3274 3742 3384 3813 ipse
3425 3747 3701 3816 primatum
3748 3758 3945 3811 tenens;

2379 3832 2669 3886 ostendens
2696 3833 2836 3902 quod
2864 3835 2953 3887 alii
2980 3848 3194 3903 quoque
3218 3843 3343 3890 sunt
3388 3838 3649 3905 ejusmodi
3680 3856 3693 3892 :
3728 3841 3835 3895 illic
3863 3856 3947 3894 au-
4028 3832 4029 3905 ξ

2380 3933 2485 3978 tem
2510 3938 2615 3977 non
2644 3932 2728 3977 est
2753 3925 3000 3993 primitiae
3028 3935 3308 3980 creaturae.
3339 3925 3408 3982 Et
3460 3928 3569 3982 illic
3606 3930 3818 4000 quidem
3842 3942 3942 3997 est,
4028 3928 4029 3993 ἦ

2380 4013 2562 4087 Imago
2590 4016 2686 4070 Dei
2710 4017 2995 4083 invisibilis,
3020 4027 3075 4073 et
3100 4027 3247 4086 tunc,
3274 4018 3673 4092 Primagenitus.
3704 4024 3795 4079 19.
3828 4026 3945 4091 Quia
4028 4038 4029 4057 *

2379 4107 2431 4159 in
2453 4108 2563 4177 ipso
2583 4109 2890 4177 complacuit
2918 4125 3117 4162 onmem
3164 4112 3527 4180 plenitudinem
3570 4114 3819 4182 habitare,
3860 4116 3940 4170 20.
4028 4118 4029 4127 “

2378 4208 2424 4251 et
2452 4213 2542 4266 per
2565 4214 2679 4251 eum
2716 4200 3044 4254 reconciliare
3078 4202 3248 4253 omnia
3289 4202 3344 4255 in
3394 4204 3537 4273 ipso;
3564 4206 3844 4274 paciﬁcans
3871 4224 3946 4276 per

2379 4292 2677 4360 sanguinem
2706 4292 2869 4361 crucis
2902 4292 3032 4362 ejus,
3058 4292 3162 4346 sine
3178 4309 3292 4364 qua
3322 4296 3376 4348 in
3410 4296 3577 4362 terris,
3618 4298 3721 4352 sire
3766 4315 3876 4369 qua:
3899 4302 3943 4353 in
4028 4280 4029 4283 η

2379 4384 2517 4437 aclis
2536 4392 2677 4441 sunt.
2706 4382 3087 4453 Quacumque,
3114 4383 3303 4455 inquit,
3334 4394 3458 4440 sunt
3481 4386 3684 4456 Patris,
3714 4403 3781 4443 ea
3822 4404 3942 4461 quo-

2380 4490 2487 4545 que
2512 4483 2639 4529 sunt
2688 4473 2831 4541 Filii,
2882 4474 3041 4545 idque
3083 4475 3268 4546 majori
3298 4475 3495 4545 studio,
3525 4480 3666 4547 quod
3704 4489 3759 4536 et
3804 4479 3944 4535 fuerit
4028 4488 4029 4521 Τ

2381 4576 2661 4635 mortuus,
2718 4575 2774 4621 et
2818 4566 2973 4623 nobis
3001 4567 3236 4637 seipsum
3283 4568 3643 4638 conjunxerit.
3691 4570 3944 4625 Primitias
4028 4624 4029 4627 η

2383 4669 2561 4715 autem
2590 4657 2727 4714 dixit
2751 4664 3020 4729 tamquam
3047 4658 3116 4713 de
3161 4658 3333 4714 fructu
3378 4659 3578 4729 aliquo.
3630 4659 3748 4715 Non
3785 4659 3941 4725 dixit,

2383 4749 2761 4817 Resurrectio,
2816 4749 2949 4818 sed,
3004 4750 3296 4816 Primitite;
3350 4749 3642 4806 ostendens
3686 4751 3830 4820 quod
3858 4764 3943 4804 nos
4028 4790 4029 4795 η

2385 4859 2573 4900 omnes
2592 4842 2953 4911 sanetilicarit,
2975 4851 3030 4898 et
3056 4851 3327 4913 tamquam
3346 4841 3663 4898 sacriﬁcium
3687 4841 3942 4897 obtulerit.
4028 4820 4029 4823 η

2386 4937 2777 4995 Plenitudinem
2802 4936 2872 4992 de
2890 4935 3168 4991 divinitate
3193 4935 3347 4999 dixit,
3374 4936 3515 4990 sicut
3540 4935 3754 4991 dicebat
3796 4934 3941 4991 Joan-
4028 4938 4029 5007 ξ

2385 5048 2518 5090 nes:
2546 5031 2626 5087 De
2669 5029 2980 5105 plenitudine
3007 5031 3117 5098 ejus
3137 5044 3231 5083 nos
3251 5044 3422 5083 omnes
3450 5029 3733 5096 accepimus
3772 5024 3941 5097 (Joau.
4028 5068 4029 5105 ξ

2387 5128 2443 5184 1.
2476 5125 2604 5198 l6).
2633 5124 2747 5181 lloc
2780 5132 2883 5191 est,
2908 5123 3035 5180 Sive
3060 5121 3229 5179 Filius
3250 5130 3388 5189 erat,
3409 5123 3523 5176 sire
3550 5119 3807 5190 Verbum,
3851 5118 3944 5173 illic
4028 5118 4029 5193 ξ

2389 5335 2507 5401 dum
2529 5356 2770 5414 carnem;
2789 5349 3047 5414 propterea
3067 5346 3112 5391 ct
3256 5344 3306 5414 ct

2388 5395 2579 5462 idem.
2600 5414 2687 5458 est.
2713 5395 2835 5463 Quid
2858 5395 2927 5454 est
2942 5410 3104 5453 autem
3126 5395 3934 5463 Primogeuitusmnnisafeaturn?
4028 5402 4029 5437 γ

2391 5416 2579 5462 uocatus
2600 5414 2687 5458 est.
2713 5412 2835 5516 ﬁt!
2858 5412 2927 5454 est
2942 5412 3104 5453 autem
3126 5412 3491 5463 l'rimogemtus
3510 5412 3671 5448 cunnis
3688 5412 3933 5450 aceturn?
4028 5412 4029 5437 ι

2391 5473 2480 5527 hoc
2501 5477 2577 5520 est
2595 5480 2702 5530 pro,
2742 5530 2754 5536 _
2796 5469 2921 5536 imus
2940 5471 3160 5536 uester;
3612 5498 3633 5536 ,ν
4028 5476 4029 5519 ἦ

2393 5522 2472 5586 tus
2492 5545 2556 5582 ex
2579 5522 2809 5589 tim-tuis;
2826 5531 2895 5590 est
2915 5540 3021 5590 pra.
3038 5525 3130 5586 Qui
3143 5522 3259 5575 ante
3280 5522 3785 5590 Mnesrwttfexits
3806 5525 3850 5570 α
3866 5522 3944 5590 ³Ψεῖ

2392 5580 2468 5646 ξεῖ
2486 5580 2588 5643 illic
2619 5590 2751 5654 ponit
2768 5580 2800 5647 ,’
2827 5580 2926 5647 Qui
2944 5580 3022 5639 est
3043 5580 3161 5638 ante
3182 5597 3355 5638 omnes
3373 5618 3389 5647 ,
3431 5584 3503 5637 sit:
3534 5582 3685 5636 etiam
3715 5581 3795 5637 lic
3813 5580 3942 5642 mit

2392 5650 2629 5721 primitias
2652 5651 2835 5715 αἰτίης,
2860 5658 2954 5701 etc.
3286 5676 3294 5682 .
4028 5650 4029 5721 ᾖ

2455 5287 2471 5318 ί
2494 5285 2588 5336 llic
2609 5284 2749 5333 locus
2777 5283 2847 5331 sic
2869 5280 3080 5330 habetur
3104 5278 3152 5327 in
3169 5276 3302 5328 Colb.
3326 5276 3439 5337 909,
3453 5276 3748 5325 nunc'lst’s...
3794 5283 3942 5337 serun-
4028 5300 4029 5329 ;
