4050 6324
84 447 173 500 Sil
1000 441 1066 497 IN
1105 438 1318 497 EPIST.
1361 435 1450 492 AD
1489 427 1661 488 COLO

1805 429 1956 485 CAP.
2004 433 2306 490 1.11οΜ11ι.
2372 434 2460 489 111.

85 557 358 620 habitavit,
403 571 508 612 non
563 556 803 626 operatio
852 554 1049 624 aliqua,
1096 553 1190 609 sed
1237 550 1488 608 essentia.
1542 545 1658 599 Non

83 658 253 715 potest
280 647 437 701 ullam
463 647 642 702 dicere
666 660 904 707 causam,
929 645 1027 699 nisi
1061 645 1153 698 Dei
1172 643 1496 696 voluntatem
1523 655 1535 690 :
1561 637 1663 690 hoc

83 743 218 791 enim
249 749 350 802 est,
384 738 448 791 lu
472 740 582 806 ipso
605 737 934 806 complacuit,
964 746 1010 788 et
1033 751 1120 800 per
1148 750 1260 787 cum
1289 731 1460 785 omnia
1489 744 1662 781 recon-

82 829 254 882 ciliare
281 829 331 880 in
361 829 492 896 ipso.
526 825 602 879 Ne
629 827 904 880 existimes
931 824 1072 893 quod
1095 823 1232 877 servi
1266 831 1442 890 partes
1480 831 1663 872 susce-

83 920 239 985 perit,
271 916 333 969 ln
384 919 570 985 seipse,
604 918 791 984 inquit.
825 915 985 984 Atqui
1031 913 1158 967 alibi
1203 912 1333 966 dicit
1359 909 1500 981 quod
1553 909 1662 962 Deo

84 1007 411 1069 reconciliet,
445 1009 581 1060 sicut
608 1007 658 1058 in
688 1005 925 1074 Epistola
953 1004 1018 1058 ad
1062 1004 1366 1058 Corinthios
1395 1000 1656 1064 scribens,

82 1099 308 1152 diccbat.
372 1098 536 1152 Recte
587 1108 762 1151 autem
807 1097 974 1160 dixit,
1039 1096 1137 1151 Per
1187 1113 1299 1150 eum
1337 1094 1663 1148 reconciliare

81 1190 97 1253 (
122 1189 174 1242 Ξ.
204 1189 324 1245 Cor.
358 1191 422 1245 l5
447 1193 483 1257 ).
512 1189 629 1243 Jam
657 1190 798 1243 enim
825 1199 976 1242 erant
1005 1187 1354 1252 reconciliati,
1399 1186 1492 1240 sed
1543 1200 1662 1253 per-

83 1279 219 1334 fecte
269 1267 671 1348 Oportebat,'ut
701 1294 804 1332 non
850 1287 1030 1332 essent
1071 1276 1301 1345 amplius
1345 1276 1394 1331 ei
1441 1274 1658 1329 inimici.

83 1369 357 1435 Quomodo
387 1369 438 1423 id
471 1369 580 1429 ﬁat,
613 1368 850 1423 declarat
875 1375 1079 1437 postea.
1109 1366 1221 1420 Non
1257 1367 1398 1421 enim
1430 1364 1550 1419 data
1581 1371 1661 1418 est

83 1462 254 1515 solum
286 1461 677 1526 reconciliatio,
730 1459 822 1513 sed
852 1460 1011 1514 etiam
1045 1459 1234 1512 modus
1263 1457 1661 1513 reconciliatio-

83 1550 181 1601 nis.
220 1548 510 1619 Paci/ichs
549 1566 638 1617 per
683 1551 979 1619 sanguinem
1005 1550 1169 1602 crucis
1199 1551 1323 1618 ejus.
1357 1546 1661 1602 Inimicitias

82 1640 295 1707 quidem
346 1639 582 1695 ostendit
628 1640 775 1703 illud,
829 1638 1210 1702 Reconciliare;
1254 1638 1454 1692 bellum
1483 1649 1660 1692 autem

83 1731 211 1785 illud
230 1773 247 1797 ,
281 1730 589 1799 Paci/iram.
624 1729 727 1784 Per
754 1730 1050 1801 sanguinem
1073 1769 1090 1796 ,
1123 1730 1309 1799 inquit,
1361 1729 1523 1782 crucis
1553 1731 1661 1798 ejus

80 1820 128 1871 in
157 1822 289 1889 ipso,
318 1821 419 1874 sive
440 1837 555 1888 qua
579 1822 630 1873 in
657 1822 822 1884 terris,
852 1822 954 1874 sive
979 1835 1093 1890 qtae
1113 1821 1164 1872 in
1198 1819 1335 1872 cwlis
1384 1829 1515 1873 sunt.
1551 1817 1660 1871 Ma-

79 1925 243 1976 gnum
275 1911 486 1980 quidem
513 1919 596 1964 est
643 1910 1026 1974 reconciliare;
1085 1924 1180 1979 per
1232 1909 1402 1976 ipsum
1445 1917 1656 1972 autem,

81 2000 281 2068 majus;
305 2012 358 2055 et
387 2016 453 2055 eo
478 2001 651 2070 majus
676 2010 777 2066 est,
801 2015 897 2068 per
923 2002 1234 2069 sanguinem
1283 1999 1415 2068 ejus.
1447 1997 1514 2052 Et
1557 2014 1660 2051 non

80 2093 252 2145 solum
285 2108 376 2162 per
413 2095 748 2163 sanguinem,
800 2091 893 2147 sed
927 2091 1067 2162 quod
1099 2101 1178 2145 est
1213 2106 1279 2145 eo
1309 2091 1478 2159 majus
1503 2132 1516 2156 ,
1569 2106 1662 2159 per

81 2200 314 2239 crucem.
346 2184 704 2252 Quamobrem
750 2185 983 2254 quinque
1013 2191 1138 2238 sunt
1164 2183 1518 2247 admirabilia,
1554 2183 1662 2235 Deo

80 2277 457 2340 reconciliavit,
491 2290 585 2344 per
613 2276 871 2342 scipsnm,
897 2289 990 2343 per
1013 2283 1262 2339 mortem,
1294 2289 1389 2342 per
1419 2287 1655 2327 crucem.

82 2367 269 2436 Papm!
297 2367 566 2437 quomodo
592 2381 774 2420 rursus
801 2365 1054 2421 miscuit?
1081 2365 1211 2420 Nam
1237 2380 1302 2418 ne
1329 2364 1662 2417 existimares

83 2473 242 2510 n.mm
270 2472 406 2519 esse,
453 2472 627 2525 neque
652 2470 867 2510 crucem
895 2470 1015 2509 esse
1041 2454 1238 2522 aliquid
1272 2467 1364 2520 per
1403 2467 1481 2513 se,
1511 2453 1659 2518 dicit,

85 2546 184 2598 Per
213 2548 454 2612 seipsum.
480 2544 761 2611 Quomodo
791 2547 936 2598 novit
965 2545 1064 2597 hoc
1085 2557 1203 2596 esse
1222 2557 1466 2611 maguum
1485 2544 1507 2594 ‘3
1528 2541 1659 2595 Cum

83 2656 185 2693 non
210 2642 402 2705 verbis,
433 2641 529 2694 sed
574 2640 752 2708 seipse
775 2639 900 2694 dato
941 2654 1036 2708 pro
1083 2639 1535 2702 reconciliatione,
1586 2638 1663 2691 sic

82 2733 258 2786 omnia
307 2733 501 2788 effecit.
551 2733 688 2799 Quid
743 2742 826 2787 est
867 2730 1220 2798 autem'illud,
1250 2731 1447 2797 Qutein
1485 2729 1663 2784 cwlis?

83 2842 202 2879 mm
233 2841 348 2894 qua:
377 2827 428 2878 in
458 2836 598 2881 terra
629 2825 840 2894 quidem
865 2834 1006 2889 sunt,
1046 2825 1269 2890 merito;
1294 2824 1492 2893 repleta
1519 2823 1659 2877 enim

83 2927 194 2970 emt
222 2917 530 2982 inimicitiis,
563 2927 617 2970 et
642 2915 807 2970 divisa
844 2924 955 2968 erat
985 2915 1036 2967 in
1068 2915 1258 2982 multa,
1295 2923 1346 2968 et
1375 2914 1660 2984 unusquis-

84 3026 181 3078 que
205 3019 443 3062 nostrum
487 3022 668 3061 secum
719 2989 1012 3059 dissidebat
1055 3014 1106 3058 et
1133 3020 1252 3057 cum
1287 3003 1467 3056 multis
1501 3020 1511 3054 :
1543 3018 1661 3071 qua:

81 3110 260 3150 autem
287 3109 409 3150 sunt
440 3097 490 3150 itt
544 3095 691 3149 etelis
720 3093 990 3163 quomodo
1021 3091 1356 3162 pacificavit?
1396 3091 1500 3146 illic
1529 3107 1661 3162 quo-

82 3206 185 3258 que
216 3201 331 3244 erat
355 3189 557 3242 bellum
604 3196 657 3242 et
686 3189 898 3255 pugna?
931 3196 985 3239 et
1037 3183 1307 3254 quomodo
1333 3198 1548 3238 oramus
1577 3183 1660 3236 di-

83 3291 298 3334 centes.
331 3278 451 3331 Fiat
495 3278 724 3330 uoluntas
767 3286 855 3328 tua
895 3276 1022 3328 sicut
1065 3276 1114 3327 in
1155 3275 1280 3327 ccclo
1334 3284 1379 3326 ct
1432 3275 1482 3326 in
1530 3284 1663 3327 terra

84 3369 305 3436 (Matth.
332 3368 381 3421 6.
408 3367 513 3437 10)
538 3367 561 3419 ?
583 3365 706 3435 quid
734 3380 862 3433 ergo
891 3364 1008 3417 est?
1038 3364 1286 3417 Abscissa
1312 3372 1424 3416 erat
1465 3372 1600 3417 terra
1632 3377 1660 3415 a

83 3464 215 3515 crio
245 3502 258 3524 ,
287 3461 484 3514 bellum
507 3458 767 3529 gerebant
794 3456 965 3525 angeli
992 3454 1246 3509 adversus
1273 3454 1516 3508 homines
1542 3495 1556 3519 ,
1586 3454 1663 3506 vi-

85 3557 270 3610 dentes
293 3570 448 3609 suum
478 3553 755 3606 Dominum
777 3552 970 3619 probro
990 3557 1044 3602 et
1063 3547 1378 3602 contumelia
1393 3545 1660 3601 allectum.

87 3649 216 3702 Dicit
242 3649 414 3701 omnia
435 3645 714 3699 instaurari
735 3644 786 3697 in
807 3643 1038 3705 Christo,
1058 3657 1175 3710 quae
1205 3640 1397 3694 suntin
1427 3640 1588 3704 crelis,
1611 3648 1665 3694 et

87 3755 199 3808 qu.e
216 3747 338 3792 sunt
359 3739 408 3790 in
441 3746 580 3791 terra
602 3734 621 3804 (
641 3733 830 3804 Epltes.
859 3734 907 3788 l.
938 3731 1066 3802 10).
1093 3731 1410 3797 Quomodo?
1439 3730 1514 3784 Ea
1545 3745 1664 3800 quat

87 3840 207 3882 sunt
238 3830 286 3882 in
325 3827 456 3882 ca-lo
504 3825 582 3879 sic
622 3844 634 3879 :
690 3822 957 3893 transtulit
999 3821 1124 3874 illuc
1153 3820 1446 3884 hominem,
1488 3819 1666 3873 inimi-

87 3938 202 3976 cum
224 3922 311 3990 qui
330 3919 454 3973 odio
471 3917 769 3971 habebatur
792 3915 896 3968 illis
923 3912 1174 3966 reddidit.
1207 3911 1322 3966 Non
1347 3910 1520 3965 solum
1543 3924 1662 3980 qua:

88 4023 206 4067 sunt
228 4014 278 4066 in
310 4022 447 4065 terra
474 4009 599 4062 fecit
628 4021 814 4076 pacem
843 4019 1022 4074 agere,
1048 4003 1142 4058 sed
1170 4002 1237 4057 ad
1275 4003 1421 4072 ipsos
1448 4001 1664 4056 sustulit

88 4093 288 4160 hostem
315 4113 370 4158 et
390 4101 685 4156 inimicum.
719 4097 830 4152 lloe
877 4111 976 4165 pax
1009 4094 1291 4164 profunda.
1323 4093 1511 4164 Angeli
1537 4109 1662 4148 rure

87 4213 172 4250 sus
197 4204 487 4250 cernuntur
513 4193 564 4244 in
599 4201 758 4253 terra,
784 4188 1032 4256 quoniam
1074 4185 1235 4239 homo
1259 4199 1474 4255 quoque
1495 4199 1660 4255 appa-

88 4287 189 4340 ruit
214 4287 264 4338 in
296 4283 448 4337 etclo.
477 4280 604 4336 Mihi
631 4287 808 4332 autem
835 4276 1044 4331 videtur
1088 4290 1151 4331 ea
1195 4275 1266 4331 de
1292 4289 1452 4330 causa
1500 4273 1662 4330 fuisse

88 4385 264 4444 raptus
303 4371 521 4436 Paulus,
551 4378 606 4424 et
658 4378 714 4422 ut
744 4367 1058 4422 ostenderet
1086 4365 1229 4436 quod
1259 4364 1426 4420 Filius
1450 4378 1662 4436 quoque

89 4469 204 4522 illuc
233 4469 304 4521 sit
331 4475 657 4533 assumptus.
690 4460 819 4514 Nam
849 4461 903 4514 in
934 4469 1076 4513 terra
1103 4473 1206 4528 pax
1245 4468 1329 4512 est
1359 4457 1581 4526 duplex,
1612 4467 1664 4512 et

86 4576 200 4612 cum
229 4556 552 4617 caeleStibns,
582 4562 638 4608 et
657 4554 796 4607 inter
820 4567 916 4616 se;
947 4552 999 4606 in
1030 4551 1178 4606 czelis
1206 4558 1382 4604 autem
1411 4549 1658 4618 simplex.

87 4649 212 4703 Nam
242 4651 286 4703 si
318 4657 539 4718 propter
563 4661 724 4699 unum
747 4651 1085 4713 peecatorem
1108 4642 1477 4711 paenitentiam
1503 4655 1663 4710 agen-

90 4752 187 4793 lem
211 4741 458 4792 lmtantur
473 4735 669 4805 angeli,
689 4735 858 4787 multo
885 4734 1054 4802 magis
1071 4741 1288 4802 propter
1308 4740 1415 4785 tam
1444 4733 1658 4795 multos.

90 4831 204 4883 Elite
229 4830 406 4884 omnia
437 4825 612 4881 efl‘et:it
643 4824 732 4878 Dei
762 4823 951 4877 virtus.
981 4824 1088 4876 Cur
1114 4837 1263 4891 ergo,
1291 4822 1478 4891 inquit,
1505 4836 1664 4891 ange-

89 4920 144 4971 in‘
175 4917 440 4972 conﬁditis
456 4915 477 4966 ?
496 4915 722 4968 Tantum
745 4913 887 4967 enim
909 4913 1081 4982 abest,
1105 4920 1164 4966 ut
1190 4912 1263 4966 illi
1285 4927 1378 4965 vos
1397 4911 1664 4965 adducant

87 5020 135 5059 et
165 5023 437 5061 accessum
470 5005 760 5073 przebeaut,
796 5005 1037 5057 utetiam
1063 5003 1265 5057 bellum
1291 5005 1576 5072 gesserint,
1611 5013 1664 5058 et

90 5098 181 5149 nisi
235 5111 329 5148 vos
382 5097 520 5149 Dens
567 5095 680 5163 ipse
729 5094 832 5147 illis
880 5093 1297 5158 reconciliasset,
1336 5109 1518 5163 pacem
1557 5109 1661 5148 non

93 5187 307 5239 habituri
328 5187 509 5239 eratis.
534 5184 670 5252 Quid
697 5199 824 5253 ergo
851 5186 914 5237 ad
942 5185 1063 5239 illos
1085 5185 1400 5238 accurritis?
1423 5185 1510 5238 Vis
1527 5187 1663 5240 scire

91 5289 335 5343 quantum
363 5276 672 5345 angelorum
700 5286 842 5329 esset
869 5277 919 5329 in
949 5290 1046 5328 nos
1084 5275 1283 5338 odium,
1315 5287 1368 5330 et
1394 5277 1662 5346 quomodo

92 5382 180 5421 nos
219 5383 433 5435 semper
471 5365 891 5420 aversabantur?
916 5365 1194 5419 Mittuntur
1235 5365 1301 5418 ad
1344 5367 1660 5435 supplicium

91 5458 334 5513 adversus
359 5457 651 5521 Israelitas,
683 5456 938 5510 adversus
971 5455 1155 5520 David,
1205 5456 1460 5511 adversus
1490 5457 1664 5511 Sodo-

91 5553 253 5614 mitas,
289 5552 344 5604 in
375 5550 517 5604 valle
546 5551 739 5604 luctus.
770 5548 875 5603 Sed
922 5565 1026 5602 non
1075 5565 1248 5612 nunc;
1298 5551 1405 5603 imo
1433 5562 1617 5604 contra
1643 5593 1658 5616 ,

93 5645 136 5694 in
166 5655 303 5697 terra
333 5642 605 5696 canebant
625 5641 783 5711 valde
821 5641 1098 5707 lmtantes;
1135 5650 1190 5695 et
1218 5640 1316 5695 hos
1345 5641 1566 5696 deduxit
1594 5641 1662 5696 ad

89 5735 244 5802 ipws,
275 5747 332 5789 et
359 5734 611 5789 homines
639 5735 763 5788 illuc
789 5735 1020 5788 sustulit.

149 5827 200 5878 1.
244 5825 308 5880 lu
357 5822 574 5879 decursu
620 5826 769 5893 lmjus
809 5827 1006 5878 numeri
1032 5824 1216 5878 mentio
1241 5826 1331 5893 [iet
1367 5827 1430 5879 de
1455 5826 1659 5896 Angelis

3247 439 3350 494 522

1772 545 2100 609 custodibus;
2127 564 2229 615 pax
2250 557 2294 601 et
2319 547 2591 600 concordia
2616 549 3101 603 commcndabuntur
3119 592 3132 613 ,
3176 553 3356 605 redar-o

1770 643 1984 701 guentur
2011 636 2121 688 lites
2148 646 2193 689 et
2222 637 2450 690 dissidia.
2489 666 2559 678 -—
2586 637 2652 691 Et
2681 639 2808 693 mihi
2839 641 3204 709 contemplare
3235 657 3349 696 rem

1771 720 2091 779 mirandam.
2144 727 2254 781 Hos
2286 729 2487 796 primos
2514 731 2617 784 huc
2642 730 2894 796 deduxit;
2929 741 2981 786 et
3017 722 3146 786 tunc
3171 732 3346 788 homi-

1771 830 1892 870 nem
1924 817 1991 870 ad
2014 832 2108 871 eos
2137 821 2391 877 sustulit:
2423 822 2610 875 cmlum
2644 822 2775 877 facta
2799 835 2882 877 est
2915 834 3076 886 terra,
3101 828 3351 894 quoniam

1769 920 1888 972 qua:
1908 903 2063 960 erant
2085 915 2263 972 terra},
2293 912 2481 965 ett-lum
2512 923 2628 966 erat
2653 923 3046 982 suscepturum.
3066 915 3350 984 Propterea

1768 996 1966 1064 gratias
1993 1007 2211 1066 agentes
2237 1001 2462 1055 dicimus
2488 1018 2504 1053 :
2543 1001 2721 1056 Gloria
2745 1005 2797 1055 in
2825 1005 3035 1057 excelsis
3067 1004 3194 1063 Deo.
3228 1016 3274 1057 ct
3301 1006 3353 1057 in

1772 1094 1904 1136 terra
1922 1103 2042 1156 pax,
2075 1089 2354 1144 hominibus
2378 1090 2523 1145 bona:
2538 1090 3037 1158 voluntatique-.9.
3059 1091 3164 1162 14).
3186 1094 3345 1154 Ecce,

1772 1176 1977 1246 inquit,
2027 1192 2391 1248 apparuerunt
2418 1183 2577 1235 etiam
2616 1182 2862 1236 homines
2887 1183 2954 1236 de
2985 1194 3180 1238 cmtero
3213 1184 3350 1238 bene

1770 1267 2064 1336 placentes.
2122 1270 2257 1338 Quid
2293 1281 2378 1325 est
2403 1273 2538 1326 bene
2575 1273 2871 1341 placitum?
2913 1274 3299 1329 llecuneiliatio
3331 1292 3342 1328 :

1769 1373 1874 1412 non
1907 1367 1988 1413 est
2009 1361 2234 1428 amplius
2254 1361 2440 1414 ca-lum
2465 1364 2639 1432 paries
2665 1365 3033 1419 intermedius.
3058 1367 3236 1420 Primo
3258 1380 3349 1420 se-

1767 1446 1999 1514 cundum
2029 1464 2309 1503 numerum
2339 1453 2572 1518 gentium
2602 1462 2759 1508 erant
2803 1455 2980 1522 angeli
3029 1455 3205 1524 (Deut.
3257 1455 3348 1510 32.

1769 1538 1819 1594 8.
1847 1540 1899 1592 in
1927 1539 2167 1609 Cresco);
2226 1557 2367 1596 nunc
2392 1554 2567 1597 autem
2600 1561 2705 1599 non
2740 1547 3032 1599 secundum
3065 1563 3346 1602 numerum

1769 1629 2028 1697 gentium,
2055 1631 2149 1685 sed
2168 1632 2459 1687 secundum
2483 1649 2762 1688 numerum
2784 1634 3042 1690 ﬁdelium.
3069 1637 3223 1693 Unde
3245 1639 3346 1694 hoc

1769 1733 1979 1777 constat
2020 1724 2043 1776 ?
2070 1723 2206 1778 Audi
2236 1724 2504 1779 Christum
2535 1727 2803 1780 dicentem
2839 1747 2850 1782 :
2901 1728 3072 1782 Videte
3100 1746 3161 1782 ne
3183 1733 3352 1798 despi-

1768 1814 1912 1866 ciatis
1940 1831 2093 1867 unum
2118 1831 2180 1867 ea:
2217 1815 2326 1868 istis
2356 1817 2576 1885 pusillis.
2602 1819 2782 1888 Angeli
2809 1820 2940 1872 enim
2968 1837 3142 1874 eorum
3175 1838 3350 1890 perpe—

1771 1913 1857 1956 tuo
1878 1903 2043 1957 vident
2074 1905 2253 1974 faciem
2274 1903 2447 1958 Patris
2468 1907 2671 1973 mei,qui
2697 1909 2834 1960 estin
2861 1909 2997 1962 (telis
3020 1909 3230 1979 (Matth.
3262 1911 3348 1964 18.

1770 1995 1886 2064 10).
1917 1995 2292 2066 Unusquisque
2336 1998 2479 2051 enim
2511 1997 2681 2053 ﬁdelis
2715 1999 2872 2054 habet
2904 2001 3148 2070 angelum
3182 2020 3194 2056 ε
3225 2019 3347 2057 natu

1768 2085 1924 2139 etiam
1939 2087 2006 2140 ab
2019 2087 2166 2141 initio
2178 2077 2534 2158 unusquisque
2546 2090 2829 2160 virprobus
2845 2091 3350 2163 habebatangclum,

1774 2177 1916 2231 sicut
1944 2178 2071 2232 dicit
2094 2177 2282 2234 Jacob:
2311 2181 2531 2249 Angelus
2552 2183 2637 2251 qui
2658 2184 2818 2252 pascit
2845 2200 2924 2236 me
2939 2193 2982 2237 ct
3001 2184 3178 2237 liberat
3208 2202 3285 2236 me
3316 2202 3348 2239 a

1759 2269 2023 2337 jurentute
2038 2288 2145 2324 mea
2169 2271 2320 2341 (Gen.
2340 2274 2428 2328 48.
2448 2275 2560 2344 16).
2581 2275 2635 2329 Si
2663 2291 2791 2345 ergo
2823 2276 3078 2332 trahemus
3101 2279 3344 2347 angelos,

1768 2359 2011 2412 modeste
2039 2376 2137 2414 nos
2166 2378 2413 2430 geramus
2443 2373 2711 2434 tamquam
2748 2367 2901 2420 nobis
2930 2367 3110 2422 adsint
3134 2370 3347 2437 quidam

1770 2450 2075 2520 ptedagogi:
2109 2469 2229 2505 nam
2270 2453 2422 2506 adest
2449 2457 2607 2509 etiam
2636 2457 2866 2510 daemon.
2894 2459 3187 2528 Propterea
3219 2476 3347 2516 ora-

1769 2555 1908 2604 mus,
1936 2550 1991 2594 et
2046 2541 2274 2595 dicimus
2301 2551 2542 2610 petentes
2581 2546 2828 2614 angelum
2875 2550 3042 2616 pacis,
3075 2561 3130 2604 et
3155 2551 3350 2621 ubique

1769 2646 1954 2700 pacem
1986 2633 2235 2701 petimus.
2289 2634 2426 2687 Nihil
2454 2636 2594 2689 enim
2627 2649 2803 2706 potest
2830 2640 2878 2693 ei
2900 2642 3215 2710 mqniparari
3250 2662 3263 2697 :
3297 2645 3348 2696 in

1771 2723 2025 2777 Eeclesiis
2055 2738 2261 2792 pacem,
2296 2725 2348 2778 in
2381 2726 2884 2794 supplicationibus,
2919 2730 2970 2782 in
3004 2733 3346 2786 salutationi-

1768 2810 1902 2877 bus;
1948 2824 2002 2866 et
2044 2814 2208 2867 semel
2244 2823 2298 2868 et
2325 2814 2404 2869 bis
2438 2825 2491 2870 et
2524 2827 2635 2883 ter,
2667 2827 2721 2871 et
2751 2834 2893 2889 saepe
2921 2835 3037 2874 eam
3065 2821 3158 2875 dat
3185 2822 3229 2876 is
3258 2839 3346 2892 qut

1769 2913 1963 2972 praeest
1985 2902 2259 2970 Ecclesicc,
2283 2905 2468 2960 dicens
2493 2922 2507 2958 :
2538 2905 2656 2960 Pax
2672 2909 2824 2963 vobis.
2851 2911 3063 2976 Quare?
3084 2911 3346 2982 Quoniam

1769 2997 1883 3064 ipsa
1909 3004 1992 3050 est
2014 3004 2184 3050 mater
2208 2997 2444 3050 omnium
2474 2998 2761 3066 bonorum,
2794 3001 2905 3070 ipsa
2927 3012 3009 3056 est
3032 3005 3210 3073 gaudii
3234 3020 3350 3059 ma-

1771 3086 1900 3140 teria
1944 3095 2000 3140 et
2045 3082 2440 3156 argumenttim.
2495 3089 2784 3159 Propterea
2842 3091 3089 3148 Christus
3129 3111 3344 3166 quoque

1769 3176 2046 3246 apostolos
2066 3176 2258 3231 domos
2287 3177 2647 3247 ingredientes
2677 3182 2776 3235 hoc
2793 3181 2951 3252 jussit
2977 3185 3154 3239 statim
3173 3186 3350 3244 dicere

1771 3276 2036 3337 tamquam
2089 3267 2299 3336 aliquod
2351 3268 2611 3325 bonorum
2665 3273 2967 3342 symbolum
3015 3294 3028 3328 :
3090 3277 3350 3334 latrantes

1770 3357 1936 3422 enim,
1956 3357 2142 3426 inquit,
2171 3358 2364 3425 domos,
2381 3359 2531 3413 dicite
2551 3378 2569 3414 :
2591 3360 2705 3416 Pax
2731 3365 2865 3417 vobis
2889 3364 3100 3434 (llattlt.
3120 3369 3204 3423 10.
3236 3369 3348 3438 12).

1767 3444 1898 3499 Nam
1919 3446 1963 3500 si
1990 3461 2051 3500 ea
2072 3462 2173 3499 non
2198 3446 2285 3512 sit,
2305 3449 2479 3501 omnia
2499 3460 2622 3503 sunt
2642 3467 3059 3523 supervacanea.
3081 3456 3147 3511 Et
3164 3474 3350 3515 rursus

1768 3538 1978 3592 dicebat
1998 3538 2304 3608 discipulis:
2339 3539 2525 3594 Pacem
2554 3543 2779 3612 relinquo
2802 3546 2956 3611 vobis,
2987 3565 3160 3616 pacem
3184 3567 3348 3605 meant

1770 3631 1835 3684 do
1865 3630 2000 3683 vobis
2020 3629 2200 3698 (Joan.
2221 3632 2241 3685 1
2263 3631 2305 3685 1.
2333 3633 2568 3702 27).1ρετι
2596 3635 2732 3689 viam
2766 3639 2938 3692 munit
2959 3639 3024 3692 ad
3049 3642 3346 3698 caritatem.

1769 3718 1838 3773 Et
1867 3733 1971 3773 non
1999 3717 2128 3773 dicit
2151 3720 2240 3788 qui
2272 3730 2466 3789 prazest
2496 3722 2772 3791 Ecclesiae,
2807 3725 2915 3780 Pax
2947 3728 3117 3795 vobis,
3148 3733 3350 3786 solum-

1767 3809 1964 3876 modo,
1996 3809 2091 3863 sed
2117 3851 2131 3876 ,
2177 3809 2295 3864 Pan:
2343 3812 2590 3867 omnibus.
2621 3813 2756 3880 Quid
2808 3817 2973 3884 enim,
3026 3820 3070 3873 si
3101 3836 3219 3876 cum
3248 3822 3351 3878 hoc

1769 3900 1983 3969 quidem
2013 3915 2195 3969 pacem
2220 3900 2541 3969 habeamus,
2571 3920 2691 3958 cum
2721 3906 2812 3961 illo
2842 3917 3019 3962 autem
3044 3912 3252 3967 bellum
3290 3924 3347 3970 et

1770 4004 2023 4060 pugnam,
2069 3991 2197 4060 quid
2242 3991 2376 4046 lucri
2404 3993 2742 4048 referemus?
2776 3996 2959 4065 Neque
2980 4001 3122 4054 enim
3147 4003 3198 4055 in
3225 4018 3346 4058 coro

1770 4096 1935 4150 pore,
1989 4081 2033 4160 si
2063 4097 2127 4136 ex
2156 4083 2438 4139 elementis
2481 4086 2581 4140 alia
2623 4087 2838 4156 quidem
2871 4090 3147 4159 quiescant
3172 4134 3189 4160 ,
3243 4097 3345 4151 alia

1769 4187 1900 4228 vero
1926 4174 2243 4229 seditionem
2269 4177 2494 4245 agitent,
2517 4179 2626 4231 ﬁeri
2656 4189 2831 4246 potest
2860 4192 2915 4236 ut
2946 4198 3194 4254 umquam
3224 4203 3355 4244 con-

1767 4266 1921 4319 sistat
1971 4265 2204 4331 sanitas,
2260 4267 2350 4321 sed
2399 4282 2495 4338 per
2523 4269 2721 4323 bonum
2752 4273 2990 4327 omnium
3022 4276 3264 4331 ordinem
3297 4284 3352 4335 et

1768 4371 2090 4411 consensum
2123 4366 2176 4412 et
2201 4372 2386 4428 pacem
2412 4378 2424 4412 :
2472 4368 2525 4413 et
2554 4361 2596 4413 si
2628 4377 2733 4415 non
2761 4365 2937 4418 omnia
2969 4367 3263 4435 quiescant,
3296 4381 3351 4426 et

1769 4446 1820 4501 in
1853 4448 1964 4502 suis
1994 4449 2222 4516 propriis
2253 4445 2504 4502 maneant
2532 4452 2795 4514 terminis,
2821 4455 2998 4508 omnia
3017 4469 3347 4514 evertentnr.

1768 4537 1824 4592 ln
1857 4548 2034 4593 nostra
2057 4553 2269 4608 quoque
2298 4549 2477 4594 mente
2505 4543 2604 4594 nisi
2629 4556 2816 4597 omnes
2842 4546 3122 4613 quiescant
3150 4550 3350 4618 cogita-

1769 4633 1965 4696 tiones,
1993 4645 2093 4698 pax
2124 4645 2227 4682 non
2275 4631 2393 4684 erit.
2429 4630 2656 4685 Tantum
2687 4633 2885 4688 bonum
2910 4647 2992 4690 est
3023 4653 3143 4707 pax,
3178 4652 3233 4693 ut
3257 4642 3348 4696 lilii

1770 4723 1864 4778 Dei
1887 4732 2146 4777 vocentur
2173 4723 2289 4792 ejus
2311 4724 2591 4779 ellectores
2633 4735 2681 4779 et
2725 4729 3099 4786 conciliatores
3128 4732 3344 4801 (Matth.

1768 4815 1820 4870 5.
1853 4815 1948 4881 45)
1980 4832 1992 4867 :
2023 4824 2077 4869 et
2099 4817 2309 4868 merito.
2339 4815 2469 4868 Nam
2505 4815 2596 4870 Dei
2625 4815 2791 4871 Filius
2817 4819 2939 4873 ideo
2959 4836 3173 4890 quoque
3202 4826 3347 4879 venit

1770 4904 1822 4958 in
1843 4914 2036 4960 terram
2057 4904 2425 4972 pacilieaturus
2447 4921 2564 4964 qua:
2593 4907 2644 4959 in
2675 4916 2840 4973 terra,
2874 4919 2928 4962 et
2957 4926 3075 4980 qua:
3107 4911 3158 4965 in
3179 4915 3342 4967 etelis.

1770 4995 1826 5049 Si
1849 5007 2025 5050 autem
2056 4995 2259 5064 pacifici
2292 5005 2415 5048 sunt
2445 4993 2539 5048 ﬁlii
2573 4996 2693 5061 Dei,
2753 4997 2841 5066 qui
2868 5014 2954 5052 res
2980 5016 3142 5056 novas
3170 5005 3344 5057 moliri

1769 5086 1985 5140 student
2015 5096 2138 5139 sunt
2168 5086 2258 5138 filii
2286 5085 2502 5138 diaboli.
2532 5085 2667 5152 Quid
2699 5087 2872 5142 dicis?
2914 5089 3035 5144 lites
3058 5103 3115 5145 et
3141 5108 3344 5163 pugnas

1769 5178 2048 5232 immittis?
2081 5176 2145 5230 Et
2172 5177 2289 5245 quis
2316 5186 2396 5231 est
2419 5216 2432 5239 ,
2487 5177 2693 5246 inquies
2717 5219 2730 5242 ,
2761 5179 2896 5233 adeo
2933 5180 3156 5236 infelix?
3204 5185 3340 5239 Sunt

1768 5273 1910 5325 enim
1942 5270 2091 5323 tnulti
2131 5269 2370 5322 lmtantos
2402 5269 2551 5322 malis
2573 5309 2586 5329 ,
2629 5281 2684 5323 et
2721 5269 2918 5324 Christi
2952 5288 3148 5341 corpus
3176 5277 3343 5345 magis

1771 5363 2163 5431 discerpentes,
2193 5375 2348 5428 quam
2378 5362 2574 5414 milites
2603 5361 2653 5414 id
2680 5362 2862 5416 lancea
2894 5361 3257 5429 dissocabant,
3289 5379 3345 5421 et

1766 5454 1936 5509 Judaei
1977 5454 2142 5507 clavis
2184 5452 2567 5506 dissolvehant.
2622 5453 2754 5507 lllud
2790 5453 2891 5524 hoc
2912 5455 3089 5509 minus
3117 5468 3200 5512 est
3228 5474 3343 5512 nta-

1769 5546 1915 5600 lum:
1966 5545 2052 5598 illa
2099 5544 2336 5598 membra
2369 5544 2596 5598 dissecm
2636 5560 2824 5599 rursus
2850 5546 3198 5613 coaluerunt;
3231 5549 3345 5604 lucc

1770 5649 1946 5692 autem
1973 5635 2179 5698 avulsa,
2213 5636 2312 5689 nisi
2345 5634 2431 5688 hic
2463 5651 2647 5690 rursus
2677 5636 2872 5690 fuerint
2900 5639 3208 5705 conjuncta,
3239 5655 3343 5692 non

1769 5731 2160 5796 eonjnngentnr
2188 5728 2447 5796 amplius,
2501 5728 2595 5783 sed
2641 5739 2852 5782 manent
2895 5741 3045 5782 extra
3095 5730 3346 5785 Ecclesia:

1773 5821 2178 5893 plenitudinem.
2222 5819 2442 5887 Quando
2491 5821 2638 5875 voles
2680 5836 2799 5874 cum
2833 5820 2995 5876 fratre
3025 5821 3220 5876 bellum
3247 5837 3342 5892 ge-
