4050 6324
735 581 877 631 rere,
904 563 1077 632 cogita
1101 568 1152 616 te
1181 553 1381 614 bellum
1416 567 1605 626 gerere
1629 565 1749 605 cum
1785 546 2040 602 membris
2065 541 2297 602 Christi,

725 671 782 716 et
814 631 999 714 desine
1027 652 1224 706 furere.
1251 647 1392 716 Quid
1418 645 1584 708 enim,
1613 642 1724 699 siis
1753 647 1836 693 est
1855 637 2115 705 abiectus,
2144 631 2188 684 si
2215 631 2298 685 vi-

724 750 815 812 lis,
845 746 890 800 si
915 727 1364 799 contemnendus?
1393 736 1514 791 Non
1537 743 1626 798 est,
1662 731 1850 801 inquit,
1875 729 2108 781 voluntas
2129 736 2303 776 coram

729 839 887 892 Patre
913 853 1023 900 meo
1045 877 1061 902 ,
1092 844 1148 889 ut
1177 842 1349 905 pereat
1387 846 1518 884 unus
1542 845 1604 882 ea:
1633 827 1710 880 his
1739 823 1940 894 pusillis
1964 818 2177 889 (Matth.
2215 815 2299 868 18.

732 933 858 998 ﬂ);
891 938 944 984 et
980 943 1162 983 rursus
1187 967 1202 993 ,
1259 923 1438 994 Angeli
1465 936 1636 975 eorum
1663 928 1904 986 perpetuo
1930 912 2096 965 rident
2125 909 2302 979 [aciem

736 1021 907 1075 Patris
932 1020 1059 1085 mei,
1090 1019 1176 1088 qui
1211 1017 1266 1070 in
1288 1015 1427 1071 ca’lis
1454 1023 1525 1066 est
1548 1011 1656 1080 (Ib.
1689 1027 1736 1062 υ.
1763 1007 1873 1076 10).
1923 1007 2061 1058 Deus
2086 1011 2304 1072 propter

732 1115 904 1180 ipsum
936 1120 989 1166 et
1025 1124 1214 1165 servus
1243 1108 1413 1163 factus
1437 1147 1452 1168 ,
1508 1113 1562 1158 et
1597 1102 1804 1155 occisus
1848 1106 1968 1152 est:
2029 1103 2083 1148 ιιι
2122 1102 2301 1146 autem

730 1220 851 1258 eum
895 1203 1026 1258 nihil
1055 1215 1176 1256 esse
1207 1197 1520 1254 existimas?
1553 1195 1694 1264 Ergo
1721 1192 1773 1245 in
1801 1190 1902 1243 hoc
1934 1200 2146 1258 quoque
2179 1198 2301 1238 cum

728 1297 840 1350 Deo
868 1309 1089 1364 pugnas,
1118 1291 1439 1347 contrariam
1468 1288 1516 1342 ei
1555 1288 1732 1341 ferens
1775 1281 2118 1337 sententiam.
2165 1277 2298 1330 Cum

728 1391 1000 1460 ingressus
1028 1387 1188 1441 fuerit
1216 1385 1260 1438 is
1291 1385 1378 1453 qui
1405 1389 1600 1451 przeest
1626 1375 1897 1440 Ecclesia),
1931 1373 2108 1427 statim
2136 1367 2299 1431 dicit,

729 1479 848 1533 Pax
872 1479 1139 1540 omnibus;
1195 1473 1406 1545 quando
1430 1484 1739 1527 sermonem
1766 1467 1893 1521 facit
1919 1480 1981 1519 ac
2007 1462 2300 1518 conciona-

725 1578 831 1631 tur,
867 1567 983 1622 Pax
1006 1565 1273 1629 omnibus;
1302 1563 1513 1634 quando
1555 1559 1840 1622 benedicit,
1890 1556 2006 1609 I’aa:
2030 1552 2298 1612 omnibus;

727 1661 938 1732 quando
975 1660 1124 1728 jubet
1162 1659 1414 1719 salutare,
1465 1654 1579 1707 Par
1624 1650 1850 1706 omnibus
1874 1665 1894 1713 ;
1923 1645 2135 1717 quando
2161 1645 2298 1712 'per-

726 1765 901 1808 actum
934 1752 1093 1805 fuerit
1120 1749 1436 1803 sacrificium
1458 1787 1472 1810 ,
1507 1745 1623 1797 Pax
1647 1742 1875 1796 omnibus
1897 1755 1916 1802 ;
1944 1747 2000 1793 et
2035 1750 2222 1791 rursus
2247 1735 2298 1788 in

725 1843 916 1907 medio,
953 1841 1129 1895 Gratia
1151 1840 1286 1893 t'obis
1315 1846 1360 1892 et
1391 1852 1511 1907 pax.
1536 1832 1813 1900 Quomodo
1828 1845 1955 1900 ergo
1980 1843 2087 1883 non
2114 1826 2301 1880 absur-

723 1935 872 1997 dum,
905 1935 948 1988 si
969 1933 1127 1987 toties
1157 1932 1434 1985 audientes
1461 1941 1558 1980 nos
1579 1927 1776 1979 habere
1804 1937 2010 1993 pacem,
2041 1923 2182 1974 inter
2200 1931 2298 1972 nos

723 2025 920 2079 bellum
953 2024 1242 2077 habeamus
1265 2062 1278 2083 ,
1307 2030 1360 2074 et
1389 2019 1710 2088 accipientes
1737 2023 1790 2069 et
1816 2013 2100 2068 reddentes
2121 2053 2135 2076 ,
2177 2025 2298 2065 cum

721 2132 789 2168 eo
805 2117 891 2184 qui
915 2116 1007 2168 dat
1028 2129 1213 2182 pacem
1246 2113 1444 2168 bellum
1473 2110 1760 2181 geramus?
1792 2109 1933 2162 Dicis
1954 2149 1971 2174 ,
2006 2106 2068 2160 Et
2097 2105 2300 2175 spiritui

722 2219 838 2270 tuo,
894 2216 949 2261 et
969 2223 1088 2260 eum
1120 2207 1246 2260 foris
1271 2204 1656 2260 calumniaris?
1685 2203 1783 2257 llei
1810 2200 1975 2264 mihi,
2030 2213 2148 2267 qua:
2174 2203 2300 2250 sunt

721 2301 976 2354 Ecclesia:
1031 2299 1254 2352 honesta
1297 2311 1358 2350 ac
1390 2294 1729 2357 veneranda,
1783 2291 1919 2346 facta
1965 2297 2089 2343 sunt
2117 2287 2298 2358 figura:

722 2405 925 2447 tantum
953 2407 1155 2455 rerum,
1189 2389 1282 2444 sed
1311 2405 1414 2442 non
1444 2389 1616 2456 aliqua
1646 2386 1845 2439 veritas
1870 2385 1884 2436 l
1918 2382 2002 2436 hei
2035 2380 2185 2444 mihi,
2211 2393 2302 2431 us-

727 2501 833 2554 que
879 2486 943 2537 ad
990 2484 1153 2538 verba
1206 2487 1424 2536 mallent
1463 2478 1701 2549 symbola
1747 2477 1932 2527 horum
1960 2469 2297 2525 castrorum!

725 2576 878 2630 [inde
907 2575 1068 2628 etiam
1109 2572 1364 2643 ignoratis
1390 2585 1485 2623 cur
1512 2569 1738 2631 dicatur,
1778 2564 1890 2618 Paa:
1914 2561 2161 2616 omnibus.
2194 2560 2297 2613 Sed

719 2666 898 2719 audite
925 2665 1198 2732 deinceps,
1222 2661 1347 2730 quid
1369 2659 1511 2713 dicat
1538 2657 1805 2718 Christus,
1831 2655 1884 2707 ln
1911 2666 2298 2723 quamcumque

720 2768 897 2810 autem
930 2755 1199 2807 civitatem
1230 2759 1322 2805 aut
1340 2750 1514 2803 vicum
1536 2747 1761 2815 ingrcssi
1786 2743 2014 2806 fueritis,
2043 2741 2300 2794 Inlmnles

724 2848 930 2900 domum
958 2845 1176 2898 salutate
1195 2843 1359 2907 ipsam
1390 2855 1409 2891 :
1436 2848 1480 2891 et
1510 2838 1555 2890 si
1579 2837 1758 2889 domus
1785 2831 1982 2902 quidem
2009 2832 2072 2885 sit
2103 2831 2292 2899 digna,

719 2940 881 2994 reniat
912 2953 1015 3007 pas:
1042 2945 1204 2989 vestra
1251 2949 1401 3002 super
1430 2932 1594 3000 ipsam
1618 2945 1636 2992 ;
1679 2927 1757 2980 sin
1801 2934 1965 2977 autem
1993 2939 2092 2976 non
2118 2924 2182 2975 sit
2207 2921 2290 2972 di-

717 3048 850 3098 gna,
883 3044 985 3097 pax
1003 3037 1166 3080 vestra
1192 3023 1261 3078 ad
1289 3039 1373 3076 vos
1405 3029 1682 3074 revertatur
1703 3015 1926 3088 (Matth.
1955 3012 2042 3068 10.
2067 3012 2153 3066 12.
2183 3010 2293 3079 15).

720 3126 1008 3191 Propterea
1031 3120 1321 3180 nescimus,
1348 3117 1469 3185 quia
1488 3113 1770 3167 verborum
1794 3108 2012 3177 figuram
2038 3105 2152 3158 hmc
2176 3116 2299 3157 esse

719 3198 1112 3274 existimamus,
1143 3218 1198 3263 et
1232 3222 1336 3261 non
1367 3213 1544 3259 mente
1571 3202 1910 3256 assentimur.
1942 3196 2076 3252 Num
2100 3211 2199 3266 ego
2229 3193 2298 3248 do

718 3302 942 3373 pacem?
990 3300 1234 3354 Christus
1279 3307 1381 3362 est,
1436 3295 1525 3365 qui
1556 3309 1651 3362 per
1697 3307 1794 3346 nos
1830 3290 1972 3358 loqui
2023 3288 2291 3357 dignatur.

714 3396 941 3460 Etiamsi
969 3393 1114 3447 omni
1142 3392 1248 3445 alio
1275 3399 1516 3457 tempore
1545 3401 1728 3439 sumus
1752 3382 1902 3437 vacui
1932 3381 2100 3450 gratia
2119 3420 2134 3445 ,
2187 3392 2294 3431 non

717 3497 894 3541 tamen
923 3499 1105 3538 sumus
1139 3495 1278 3536 nunc
1305 3487 1522 3550 pr0pter
1551 3492 1666 3531 vos.
1701 3475 1830 3528 Nam
1852 3474 1896 3528 si
1929 3472 1978 3525 in
2007 3473 2214 3524 asinum
2242 3476 2297 3520 et

715 3582 770 3634 in
793 3589 966 3633 vatem
998 3584 1217 3646 cperata
1241 3582 1323 3628 est
1371 3573 1462 3625 Dei
1489 3569 1657 3641 gratia
1691 3574 1910 3638 propter
1935 3561 2293 3632 dispensatio-

717 3687 838 3726 nem
868 3680 917 3725 et
950 3669 1308 3724 lsraelitarum
1340 3663 1622 3717 utilitatem
1649 3700 1664 3722 ,
1714 3656 1972 3725 liquidum
2021 3662 2101 3706 est
2153 3648 2293 3719 quod

718 3778 817 3817 nec
847 3763 898 3814 in
920 3775 1017 3813 nos
1045 3757 1314 3812 recusabit
1339 3752 1570 3823 operari,
1600 3748 1692 3802 sed
1719 3750 1819 3800 hoc
1844 3759 2055 3814 quoque
2077 3751 2295 3811 propter

716 3869 815 3908 nos
844 3849 1147 3906 sustinebit.

790 3946 844 3998 5.
878 3943 1045 3994 Nemo
1072 3955 1197 4007 ergo
1215 3938 1377 3998 dicat,
1394 3950 1478 3988 me
1499 3948 1617 3987 esse
1639 3928 2004 4001 imperfectum
2029 3926 2293 3992 vilemque

715 4046 773 4089 et
799 4035 1064 4101 ahjeetum
1118 4038 1171 4083 et
1219 4027 1414 4080 nullius
1443 4024 1629 4092 pretii,
1687 4031 1740 4073 et
1779 4020 1847 4071 ita
1877 4016 2003 4070 mihi
2033 4014 2289 4068 attcndat.

714 4131 843 4183 Sum
867 4124 1011 4179 enim
1044 4123 1194 4185 talis;
1223 4118 1316 4173 sed
1346 4130 1556 4184 semper
1577 4113 1712 4166 solet
1742 4112 1880 4164 Deus
1908 4119 2122 4177 pr0pter
2152 4104 2290 4158 mul-

716 4217 995 4272 titudinem
1021 4214 1084 4266 iis
1107 4211 1268 4265 etiam
1293 4207 1481 4260 adesse
1511 4203 1600 4272 qui
1630 4211 1754 4255 sunt
1782 4196 2107 4266 lmjnsmodi.
2144 4195 2208 4247 Et
2237 4202 2292 4245 ut

716 4323 830 4363 rem
875 4303 1054 4357 sciatis
1099 4302 1167 4354 ita
1215 4314 1273 4352 se
1313 4297 1546 4356 habere;
1600 4292 1849 4360 dignatus
1891 4297 1972 4339 est
2003 4283 2145 4352 loqui
2169 4298 2288 4336 cum

714 4399 846 4453 Cain
876 4404 1090 4466 praptcr
1125 4390 1293 4454 Abel,
1343 4402 1464 4440 eum
1516 4382 1729 4438 diabolo
1762 4387 1978 4448 propter
2005 4377 2133 4435 Joh,
2166 4388 2287 4427 cum

717 4491 998 4545 Pharaone
1024 4491 1240 4552 pr0pler
1264 4476 1484 4546 Joseph,
1510 4491 1628 4529 cum
1658 4469 2146 4526 Nabuchodonosor
2170 4480 2288 4533 pro—

715 4591 834 4649 pter
862 4576 1156 4638 Danielem,
1175 4588 1295 4626 cum
1317 4569 1598 4623 Balthasar
1617 4570 1835 4633 propter
1858 4557 2123 4614 eumdem.
2152 4555 2284 4624 Magi

713 4647 924 4740 quoque
953 4663 1219 4734 asscquuti
1253 4668 1379 4715 sunt
1423 4655 1838 4714 revelationcm;
1870 4659 1922 4704 et
1953 4647 2288 4718 prophetarit

711 4761 941 4830 Caiphas
969 4771 1087 4810 cum
1120 4764 1259 4809 esset
1281 4749 1477 4806 Christi
1508 4747 1714 4800 occisor
1735 4754 1787 4797 et
1812 4741 2079 4810 indignus,
2116 4753 2279 4807 prep-

715 4851 1117 4921 terdignitatem
1136 4844 1437 4901 sacerdotii.
1457 4841 1654 4894 Dicitur
1672 4839 1829 4891 etiam
1846 4835 2021 4890 Aaron
2041 4844 2281 4903 propter-

709 4958 775 4998 ea
803 4958 907 4995 non
945 4939 1105 4993 fuisse
1144 4939 1290 5004 lepra
1314 4933 1562 4987 infectus.
1608 4928 1739 4981 Nam
1780 4941 1907 4991 cur,
1931 4922 2044 4992 'dic,
2069 4938 2281 4993 quaeso,

715 5050 838 5090 cum
866 5033 1023 5086 ambo
1051 5031 1476 5084 murmurassent
1494 5061 1509 5084 ,
1564 5034 1717 5073 soror
1752 5017 1864 5072 sola
1886 5016 2031 5070 dedit
2058 5015 2282 5085 pinnas?

711 5128 788 5184 Ne
816 5123 1064 5179 mireris:
1097 5133 1217 5173 nam
1243 5117 1289 5169 si
1327 5117 1379 5168 in
1409 5111 1645 5167 externis
1671 5106 2012 5177 dignitatibus
2031 5147 2046 5171 ,
2073 5105 2281 5159 etiamsi

711 5212 1179 5272 iutnimerabilinm
1269 5205 1553 5260 criminum
1633 5206 1911 5255 accusetur
1983 5197 2277 5266 quispiam,

710 5324 816 5363 non
853 5306 1000 5375 prius
1023 5300 1232 5371 ducitur
1258 5299 1308 5351 in
1335 5297 1588 5369 judicium
1610 5335 1624 5358 ,
1654 5307 1811 5361 quam
1840 5289 2146 5356 deposuerit
2169 5302 2283 5340 ma-

707 5401 1013 5468 gistratum,
1063 5407 1126 5446 ne
1152 5387 1243 5443 ille
1269 5389 1427 5442 simul
1453 5403 1570 5441 cum
1602 5387 1717 5454 ipso
1741 5384 1936 5452 probro
1963 5380 2226 5434 afficiatur
2263 5398 2274 5431 :

706 5489 876 5544 multo
911 5484 1078 5554 magis
1111 5483 1162 5535 in
1193 5481 1499 5549 magistratu
1541 5474 1826 5545 spirituali,
1881 5472 2200 5540 quicumque
2235 5469 2280 5520 is

705 5583 792 5646 sit,
861 5585 1113 5648 operatur
1143 5574 1232 5627 Dei
1259 5573 1464 5642 gratia;
1526 5567 1758 5636 alioquin
1786 5565 1963 5618 omnia
1985 5561 2223 5634 perirent
2257 5577 2271 5612 :

1427 442 1485 497 S.
1524 436 1800 497 JOAN‘NIS
1836 424 2292 490 ειιιιγεθετοη

2402 426 2664 484 RCIIIEP.
2706 429 3239 490 CONSTANTINOP.
3887 443 3974 498 ml

2413 541 2628 608 quando
2654 553 2831 598 autem
2863 560 2984 600 eum
3010 546 3358 617 deposuerit,
3403 548 3518 606 sive
3541 565 3662 605 cum
3695 567 3727 608 e
3761 551 3864 608 sita
3891 569 3971 610 es-

2407 633 2654 699 cesserit,
2696 636 2808 689 sive
2847 636 2934 692 hic
2971 655 3203 708 quoque,
3237 650 3364 696 tunc
3397 645 3671 714 graviores
3697 644 3849 699 dabit
3873 661 3970 715 po:-

2410 737 2526 775 nas.
2566 723 2643 776 Ne
2665 729 2862 794 putetis
2893 729 3009 783 hinc
3033 746 3063 783 a
3091 731 3245 785 nobis
3270 732 3372 785 dici
3403 752 3418 788 :
3446 734 3537 788 Dei
3564 744 3646 789 est
3675 738 3844 805 gratia
3870 755 3970 806 qua:

2411 826 2663 883 operatur
2692 817 2742 870 in
2773 819 3066 888 indignum,
3098 836 3202 874 non
3236 834 3452 890 propter
3477 839 3596 888 nos,
3640 827 3738 879 sed
3770 838 3968 897 propter

2411 920 2525 958 vos.
2557 907 2751 960 Audite
2789 924 2917 979 ergo
2943 910 3066 979 quid
3107 911 3250 964 dicat
3280 912 3562 966 Christus:
3605 915 3668 968 Si
3707 917 3887 969 domus
3919 921 3971 969 sit

2408 998 2584 1067 digna,
2633 1001 2798 1052 veniat
2838 1017 2938 1068 pax
2977 1012 3136 1054 vestra
3175 1004 3243 1054 ad
3279 1003 3460 1071 ipsam.
3503 1004 3790 1071 Quomodo
3815 1018 3970 1062 autem

2411 1089 2470 1142 fit
2497 1089 2693 1158 digna?
2731 1090 2784 1144 Si
2808 1106 2922 1155 vos,
2967 1092 3156 1161 inquit,
3190 1095 3546 1163 susceperint.
3588 1095 3683 1149 Sin
3715 1106 3969 1150 alterum

2410 1197 2512 1234 non
2563 1183 2874 1250 susceperint
2894 1223 2908 1248 ,
2960 1199 3118 1251 neque
3145 1200 3424 1237 sermonem
3455 1194 3666 1238 vestrum
3698 1185 3968 1250 audierint,

2409 1287 2554 1324 antea
2583 1272 2695 1324 dico
2717 1271 2874 1338 vobis,
2917 1272 3231 1327 tolerabilius
3269 1274 3363 1326 erit
3389 1283 3537 1328 terra
3557 1275 3899 1330 Sodomorum
3930 1289 3967 1329 et

2411 1358 2856 1415 Comorrlurorttm
2881 1362 2933 1415 in
2955 1362 3036 1415 die
3045 1363 3237 1432 judieii
3266 1380 3418 1432 quam
3443 1364 3524 1418 illi
3559 1365 3757 1418 civitati
3775 1363 3966 1435 (lattlt.

2411 1454 2497 1508 10.
2529 1453 2639 1509 15-
2666 1457 2733 1509 l5
2763 1455 2806 1526 ).
2839 1456 2974 1522 Quid
2998 1471 3126 1526 ergo
3147 1457 3367 1528 prodest
3399 1459 3541 1527 quod
3570 1472 3666 1512 nos
3693 1459 3966 1526 suscipitis,

2410 1555 2464 1601 et
2500 1562 2605 1600 non
2645 1547 2839 1602 auditis
2877 1563 2939 1602 ea
2979 1564 3099 1618 qua:
3135 1565 3164 1602 a
3197 1550 3350 1605 nobis
3375 1550 3658 1604 dicuntur?
3689 1551 3820 1620 quid
3851 1552 3964 1604 lucri

2407 1639 2474 1693 ad
2503 1655 2595 1693 vos
2616 1640 2756 1710 redit
2785 1642 2827 1694 si
2857 1656 2962 1695 non
2983 1642 3186 1704 colitis,
3219 1651 3272 1697 et
3311 1658 3414 1696 non
3452 1643 3731 1698 attenditis
3770 1658 3832 1698 ea
3867 1659 3967 1714 qua:

2408 1733 2562 1787 vobis
2589 1733 2880 1788 dicuntur?
2919 1735 3013 1788 llle
3041 1743 3124 1788 est
3155 1735 3308 1789 nobis
3333 1734 3524 1800 honor,
3563 1735 3651 1789 ille
3689 1736 3867 1790 cultus
3901 1743 3967 1787 est

2411 1824 2776 1890 admirandus,
2815 1825 2906 1894 qui
2937 1825 3091 1878 vobis
3119 1834 3173 1878 et
3211 1825 3366 1878 nobis
3391 1825 3628 1894 prodest,
3669 1827 3718 1878 si
3761 1839 3856 1879 nos
3889 1840 3966 1878 au-

2415 1915 2592 1969 diatis.
2625 1916 2819 1970 Audite
2847 1925 2902 1969 et
2927 1914 3147 1969 Paulum
3176 1913 3468 1980 dicentem,
3513 1913 3840 1977 Nesriebam,
3878 1914 3966 1966 fra-

2408 2016 2536 2071 tres,
2566 2007 2702 2076 quod
2721 2008 2786 2059 sit
2812 2007 3039 2075 pontifex
3065 2003 3198 2072 (Act.
3226 2004 3316 2059 23.
3340 2005 3373 2059 5
3398 2006 3417 2074 )
3443 2022 3456 2057 :
3488 2005 3610 2060 audi
3637 2013 3690 2057 et
3722 2005 3964 2058 Christum

2405 2101 2696 2166 dicentem,
2731 2101 2915 2154 Omnia
2940 2116 3053 2170 qua!
3072 2099 3290 2152 dixerint
3311 2100 3446 2152 vobis
3466 2108 3522 2151 ut
3543 2098 3774 2162 servetis,
3801 2105 3968 2150 matr

2407 2201 2454 2243 et
2474 2191 2850 2262 facite(MattIt.
2877 2192 2968 2245 9.3.
2989 2191 3068 2259 5).
3095 2190 3207 2243 Non
3236 2205 3320 2243 me
3336 2189 3655 2250 contemnis,
3687 2187 3785 2241 sed
3812 2201 3967 2241 sacer-

2407 2279 2657 2334 dotium:
2697 2280 2743 2333 si
2784 2295 2868 2333 me
2907 2293 2974 2332 eo
3013 2278 3212 2332 videris
3252 2279 3528 2342 nudatum,
3571 2288 3697 2331 tunc
3737 2293 3824 2331 me
3857 2291 3967 2330 con-

2405 2378 2588 2424 temne
2621 2388 2634 2422 :
2676 2379 2801 2422 tunc
2841 2384 2941 2423 nec
2979 2385 3078 2438 ego
3120 2370 3387 2437 imperare
3425 2384 3664 2437 pergam.
3721 2367 3963 2433 Quamdiu

2405 2470 2585 2514 autem
2618 2460 2672 2513 in
2704 2459 2804 2513 hac
2835 2459 2965 2514 sede
2986 2461 3236 2516 sedemus
3260 2501 3276 2526 ,
3315 2460 3564 2528 quamdiu
3597 2459 3963 2529 prmsidcmus.

2405 2549 2666 2604 habemus
2692 2559 2746 2603 ct
2774 2549 3144 2603 auctoritatem
3177 2555 3233 2602 et
3257 2549 3534 2612 virtutem,
3577 2548 3791 2602 etiamsi
3819 2548 3965 2601 simus

2408 2642 2632 2710 indigni.
2662 2641 2717 2695 Si
2747 2640 2945 2711 Moysis
2969 2639 3194 2693 thronus
3223 2647 3340 2694 erat
3367 2638 3501 2693 adeo
3527 2638 3893 2697 venerandus.
3919 2647 3963 2688 ut

2406 2733 2804 2804 propterillum
2845 2731 3139 2797 audiretur,
3181 2730 3351 2784 multo
3389 2730 3557 2800 magis
3593 2727 3797 2783 Christi
3837 2728 3966 2781 thro-

2405 2842 2506 2880 nus
2539 2841 2554 2879 :
2594 2825 2746 2879 illum
2773 2839 2873 2878 nos
2896 2824 3221 2893 accepimus,
3265 2823 3317 2876 in
3357 2822 3447 2876 illo
3468 2821 3760 2891 loquimur,
3794 2836 3854 2874 ex
3875 2833 3963 2888 quo

2401 2916 2650 2972 Christus
2689 2917 2742 2970 in
2785 2917 2940 2970 nobis
2978 2915 3156 2985 posuit
3194 2915 3550 2970 ministerium
3589 2915 3962 2968 reconciliatio-

2405 3009 2512 3064 nis.
2552 3007 2757 3077 Legati,
2799 3007 3122 3076 quicumque
3161 3007 3196 3059 ii
3237 3005 3455 3071 fuerint,
3497 3015 3720 3075 propter
3758 3005 3964 3074 diguita~

2408 3109 2512 3154 tem
2553 3098 2833 3168 legationis
2873 3098 3096 3151 multum
3137 3094 3394 3150 honorem
3433 3104 3814 3164 assequuntur.
3854 3093 3964 3146 Vide

2372 3235 2375 3238 .
2407 3193 2548 3245 enim
2579 3209 2592 3244 :
2622 3191 2842 3245 veniunt
2871 3189 2923 3243 in
2953 3189 3186 3244 mediam
3210 3188 3557 3242 barbarorum
3582 3190 3854 3255 regionem
3879 3186 3960 3239 soli

2406 3285 2545 3340 inter
2567 3293 2644 3338 tot
2676 3283 2894 3349 hostes;
2930 3290 2983 3335 et
3011 3281 3260 3350 quoniam
3294 3295 3540 3349 magnam
3569 3280 3675 3333 vim
3716 3278 3871 3332 habet
3892 3277 3962 3344 jus

2403 3377 2704 3448 legationis,
2727 3391 2914 3429 omnes
2941 3389 3036 3428 eos
3061 3374 3354 3436 intuentur,
3373 3387 3559 3427 omnes
3576 3387 3672 3426 eos
3695 3382 3811 3426 tuto
3825 3371 3961 3424 emit-

2403 3476 2540 3522 tunt.
2586 3467 2652 3520 Et
2691 3481 2790 3520 nos
2828 3480 2960 3534 ergo
2989 3465 3324 3533 suscepimus
3364 3479 3557 3517 munus
3584 3463 3884 3532 legationis,
3912 3470 3953 3514 ct

2400 3576 2432 3615 a
2458 3561 2569 3615 Deo
2595 3560 2839 3614 venimus
2867 3577 2880 3612 :
2923 3557 3039 3611 hiec
3079 3565 3161 3612 est
3182 3555 3324 3610 enim
3352 3555 3583 3624 dignitas
3611 3555 3952 3623 episcopatus.

2409 3653 2662 3706 Venimus
2686 3651 2752 3704 ad
2775 3665 2869 3704 vos
2891 3649 3154 3718 legatione
3185 3647 3484 3717 fungentes,
3506 3656 3762 3716 rogantes
3782 3655 3838 3699 ut
3863 3645 3960 3697 hel-

2401 3744 2455 3798 lo
2481 3743 2640 3797 linem
2668 3742 2973 3811 imponatis,
2994 3748 3048 3795 et
3069 3740 3297 3793 dicimus
3320 3738 3636 3808 quibusnam
3660 3738 3958 3792 conditioniv

2399 3835 2520 3897 bus,
2563 3848 2668 3886 non
2713 3833 2959 3887 civitates
2997 3830 3148 3884 vobis
3179 3830 3395 3883 daturos
3423 3829 3776 3898 pollicentes,
3810 3841 3960 3895 neque

2401 3933 2481 3979 tot
2507 3933 2560 3978 et
2588 3933 2664 3977 tot
2696 3921 2947 3976 frumenti
2980 3919 3186 3973 modios
3214 3961 3228 3985 ,
3263 3935 3435 3988 neque
3461 3919 3725 3988 mancipia
3745 3959 3758 3981 ,
3808 3931 3958 3984 neque

2399 4033 2609 4082 aurum,
2634 4015 2727 4070 sed
2759 4030 2982 4085 regnum
3021 4013 3273 4067 caelorum
3293 4053 3308 4076 ,
3352 4011 3513 4064 vitam
3536 4019 3789 4065 :L-ternam
3812 4051 3825 4075 ,
3854 4022 3955 4061 cum

2400 4110 2614 4164 Christo
2653 4107 3093 4162 consuetudinem
3122 4148 3135 4171 ,
3194 4115 3242 4159 et
3298 4105 3397 4157 alia
3422 4103 3556 4156 bona
3591 4119 3714 4172 qua:
3752 4112 3951 4169 neque:

2400 4203 2552 4256 nobis
2599 4201 2774 4254 verbis
2828 4207 3054 4268 possunt
3107 4196 3356 4266 exprimi,
3399 4209 3573 4263 neque
3613 4209 3642 4246 a
3699 4192 3845 4246 vobis
3877 4206 3954 4242 au-

2397 4294 2521 4359 diri,
2554 4290 2805 4361 quamdiu
2861 4289 3115 4343 fuerimus
3155 4289 3206 4340 in
3262 4286 3360 4338 hac
3405 4300 3566 4339 carne
3617 4293 3671 4337 et
3708 4284 3811 4335 vita
3840 4296 3954 4350 prx—

2398 4387 2554 4440 senti.
2606 4384 2893 4454 Legatione
2952 4397 3079 4450 ergo
3154 4379 3458 4448 fungimur:
3529 4376 3734 4429 honore
3798 4382 3952 4427 autem

2399 4477 2499 4532 frui
2527 4477 2791 4540 volumus,
2835 4488 2938 4526 non
2981 4481 3199 4541 propter
3238 4485 3357 4532 nos,
3392 4467 3564 4532 absit;
3605 4466 3805 4521 scimus
3831 4464 3950 4517 enim

2396 4582 2553 4639 quam
2585 4569 2652 4620 sit
2679 4566 2830 4627 vilis;
2872 4562 2966 4616 sed
2987 4571 3204 4630 propter
3232 4574 3349 4625 vos,
3391 4567 3448 4611 ut
3489 4573 3582 4611 vos
3602 4573 3723 4626 qua:
3752 4556 3950 4610 dieitnus

2395 4664 2678 4731 diligenter
2704 4657 2931 4710 audiatis
2969 4674 2981 4708 :
3024 4662 3081 4707 ut
3109 4653 3390 4706 utilitatem
3418 4650 3690 4718 accipiatis
3717 4690 3733 4713 ,
3772 4659 3826 4701 ut
3861 4661 3946 4699 non

2393 4770 2516 4808 cum
2543 4749 2784 4805 socordia
2812 4755 2868 4802 et
2894 4744 3209 4815 negligentia
3239 4757 3300 4796 ea
3340 4758 3457 4811 qua:
3493 4741 3765 4804 dicuntur,
3801 4748 3948 4790 atten-

2394 4848 2554 4902 datis.
2595 4844 2711 4900 Non
2752 4841 2946 4896 videtis
2983 4838 3252 4908 quomodo
3292 4837 3495 4905 legatos
3531 4835 3711 4888 cuncti
3743 4833 3945 4886 circum-

2395 4947 2538 4993 stant
2563 4945 2617 4992 et
2636 4932 2964 4988 observant?
2993 4931 3102 4983 Nos
3127 4936 3304 4982 autem
3336 4926 3425 4980 Dei
3457 4924 3745 4994 legationis
3774 4934 3943 4975 munus

2391 5030 2602 5084 obimus
2640 5024 2780 5094 apud
2831 5023 3094 5078 homines.
3135 5020 3191 5073 Si
3241 5024 3420 5073 autem
3459 5010 3575 5078 hoc
3599 5012 3753 5068 vobis
3780 5014 3943 5066 durum

2393 5121 2640 5185 videtur;
2670 5131 2779 5172 non
2810 5131 2908 5169 nos
2936 5156 2953 5181 ,
2994 5113 3087 5168 sed
3129 5113 3242 5181 ipse
3284 5095 3669 5179 episcopatus;
3713 5120 3814 5159 non
3862 5103 3943 5153 ista

2392 5225 2482 5267 aut
2514 5217 2620 5279 ille,
2655 5213 2748 5264 sed
2775 5208 3089 5277 episcopus.
3119 5203 3288 5258 Nemo
3319 5215 3406 5253 me
3435 5197 3640 5262 audiat,
3670 5195 3764 5250 sed
3789 5189 3939 5261 digni‘

2391 5315 2570 5363 tatem.
2606 5302 2797 5356 Omnia
2823 5314 2950 5367 ergo
2977 5291 3250 5358 faciamus,
3275 5302 3334 5347 ut
3364 5291 3474 5345 Deo
3504 5287 3704 5358 placet,
3733 5296 3788 5338 ut
3816 5285 3938 5335 viva-

2392 5417 2509 5455 mus
2533 5398 2595 5451 ad
2627 5396 2718 5450 Dei
2749 5393 2971 5464 gloriam
2996 5430 3012 5455 ,
3051 5400 3108 5442 et
3144 5384 3287 5454 digni
3329 5383 3625 5437 habeamur
3661 5376 3810 5464 bonis
3835 5384 3938 5441 pro-

2393 5491 2568 5545 missis
2607 5488 2670 5542 iis
2709 5462 2798 5556 qui
2839 5486 3010 5554 ipsum
3037 5479 3284 5548 diligunt,
3323 5474 3490 5546 gratia
3515 5481 3567 5527 et
3599 5462 3935 5537 benignitate.

2390 5598 2517 5649 e:c.,
2544 5593 2647 5636 etc.
