4050 6324
106 374 211 437 513

1025 370 1091 427 ΙΝ
1132 368 1344 427 EPIST.
1384 369 1476 426 AD
1512 367 1790 425 COLOSS.
1826 367 1981 426 CAP.
2023 369 2065 426 l.
2101 367 2328 428 ilOMIL.
2366 367 2454 424 IV.

3277 368 3386 428 316

1491 601 1839 663 HOMILIA
1881 601 1990 662 IV.

102 740 229 796 Car.
271 743 322 792 Ι.
367 757 420 792 v.
456 740 548 795 2|.
583 739 651 795 Et
691 755 776 795 uos
804 758 917 796 cunt
952 741 1122 796 essetis
1162 741 1437 810 aliquando
1471 743 1680 797 alienati

170 838 217 882 et
252 830 449 883 inimici
489 847 639 885 sensu
666 830 719 884 in
754 831 987 898 operibus
1023 829 1191 895 malis,
1235 833 1327 886 2‘3.
1359 849 1491 885 nunc
1517 843 1685 887 autem

169 921 514 974 reconciliauit
543 921 596 974 in
619 936 829 990 corpore
853 921 1020 975 carnis
1039 921 1147 988 ejus
1168 937 1258 990 per
1281 931 1510 988 mortem,
1535 924 1683 976 exhi-

166 1010 283 1061 bere
311 1026 398 1062 eos
430 1023 632 1063 sanctos
671 1020 719 1063 et
757 1009 1107 1064 immaculatos
1147 1020 1196 1064 et
1224 1010 1683 1080 irrepreltensibiles

166 1117 341 1153 rorant
362 1102 495 1169 ipso.

169 1193 220 1244 I.
274 1192 372 1246 llic
417 1192 671 1261 deinceps
711 1191 968 1258 ostendit,
995 1192 1137 1263 quod
1159 1193 1322 1249 etiam
1351 1207 1474 1249 cum
1500 1204 1682 1250 essent

98 1282 300 1350 indigni
323 1282 780 1346 rmociliatione,
803 1295 898 1337 eos
916 1282 1302 1338 reconciliavit.
1324 1284 1514 1340 Dicere
1534 1286 1680 1340 enim

91 1371 235 1440 quod
279 1381 466 1426 essent
505 1373 604 1426 sub
631 1381 892 1441 potestate
921 1371 1285 1440 tenebrarum,
1318 1373 1552 1429 ostendit
1587 1389 1680 1427 ca-

94 1461 387 1515 lamitatem
429 1462 482 1515 in
522 1477 625 1531 qua
652 1473 825 1518 erant.
853 1463 959 1518 Sed
989 1478 1078 1529 ne,
1105 1478 1228 1518 cum
1260 1465 1493 1520 audieris
1524 1475 1678 1535 pote-

90 1561 284 1605 statem
339 1552 679 1606 tenebrarum
707 1593 723 1616 ,
775 1553 1052 1608 existimes
1097 1569 1220 1609 esse
1266 1555 1674 1618 necessitatem,

89 1641 373 1708 subiunxit
405 1659 421 1696 :
453 1640 519 1694 Et
561 1657 646 1695 vos
682 1659 794 1695 cum
835 1646 1004 1698 essetis
1039 1644 1292 1708 alienati.
1318 1647 1675 1712 Quamobrem

90 1729 301 1784 videtur
324 1730 542 1800 quidem
584 1730 724 1786 idem
762 1731 964 1796 dicere,
1005 1747 1112 1788 non
1151 1741 1236 1788 est
1277 1742 1456 1789 autem
1487 1735 1628 1790 idem
1661 1757 1674 1790 :

90 1832 192 1872 non
222 1829 352 1873 sunt
395 1821 539 1875 enim
571 1821 739 1890 paria,
782 1836 929 1876 eum-
953 1822 1043 1891 qui
1087 1837 1154 1877 ex
1194 1825 1512 1879 necessitate
1554 1840 1678 1894 per-

89 1921 279 1976 pessus
302 1917 408 1973 est,
435 1918 493 1963 et
518 1923 639 1963 eum
665 1909 756 1979 qui
785 1924 881 1963 sua
910 1918 1101 1978 sponte
1143 1917 1200 1965 et
1239 1911 1424 1966 volens
1447 1923 1531 1966 est
1555 1927 1675 1981 pas-

86 2012 176 2051 sus
199 2037 216 2060 ,
257 2013 286 2050 a
332 1999 490 2054 alis
529 1999 804 2054 liberasse.
833 1999 965 2055 Nam
1010 2001 1100 2056 ille
1129 2002 1341 2071 quidem
1367 2003 1558 2073 dignus
1592 2015 1675 2059 est

91 2088 498 2156 misericordia;
531 2089 618 2144 hic
642 2099 821 2144 autem
865 2090 1056 2160 dignus
1085 2101 1175 2145 cst
1203 2094 1289 2160 qui
1320 2092 1445 2147 odio
1471 2093 1672 2149 hahea-

88 2186 192 2231 tur.
221 2178 330 2232 Sed
365 2189 542 2234 tamen
570 2195 686 2243 vos,
726 2180 914 2250 inquit,
962 2196 1069 2237 non
1101 2183 1319 2250 invitos,
1353 2200 1451 2240 nec
1481 2201 1672 2242 neces-

86 2271 242 2324 sitate
271 2271 601 2341 compulsos,
633 2272 728 2326 sed
769 2273 1014 2328 lubentes
1040 2284 1096 2331 et
1129 2275 1426 2332 voluntarie
1461 2279 1529 2332 ab
1556 2279 1672 2349 ipso

86 2361 406 2430 resilientes,
425 2378 547 2418 cum
568 2365 760 2420 essetis
782 2364 1005 2435 indigni,
1032 2366 1298 2421 liberavit.
1327 2367 1392 2422 Et
1416 2370 1670 2439 quoniam

86 2454 328 2507 meminit
355 2470 544 2510 eorum
581 2471 701 2525 qua:
730 2464 855 2510 sunt
896 2457 947 2510 in
988 2457 1164 2524 cmlis,
1211 2459 1444 2515 ostendit
1483 2475 1670 2517 omnes

85 2542 392 2598 inimicitias
419 2544 566 2609 hinc,
593 2561 700 2599 non
728 2546 876 2600 illinc
907 2547 1132 2601 duxisse
1164 2548 1391 2602 initittm.
1421 2550 1554 2604 Nam
1593 2551 1668 2606 illi

80 2633 187 2700 jam
217 2635 346 2688 olim
374 2635 644 2702 volebant,
668 2646 723 2690 et
751 2636 891 2692 Deus
918 2639 1085 2694 voluit
1108 2657 1123 2704 ;
1156 2655 1251 2694 vos
1280 2651 1458 2696 autem
1488 2643 1667 2698 nolui-

84 2723 198 2776 stis.
237 2724 301 2777 Et
325 2726 548 2780 omnino
570 2726 808 2780 ostendit
836 2726 972 2796 fore,
1007 2738 1064 2783 ut
1091 2731 1142 2783 in
1173 2730 1511 2786 inferioribus
1533 2742 1670 2789 tem-

86 2813 301 2880 poribus
346 2815 474 2869 nihil
510 2827 730 2885 possent
757 2820 950 2888 angeli,
994 2821 1039 2874 si
1072 2821 1395 2877 mansissent
1424 2824 1664 2890 inimici;

83 2912 132 2955 et
160 2919 337 2973 neque
381 2916 603 2976 possent
632 2911 974 2977 persuadere,
1008 2926 1182 2981 neque
1209 2928 1495 2982 persuasos
1527 2915 1665 2970 libe-

84 3008 200 3048 rare
220 3008 252 3048 a
277 2993 516 3051 diabolo.
556 2997 742 3068 Neque
768 3000 912 3055 enim
954 3003 1286 3071 persuasisse
1314 3002 1516 3074 aliquid
1541 3019 1668 3074 pro-

81 3085 288 3154 fuisset,
335 3090 382 3144 si
421 3090 515 3162 qui
553 3090 828 3146 detinebat
855 3108 963 3147 non
1012 3091 1201 3148 fuisset
1221 3094 1451 3164 ligatus;
1492 3110 1668 3165 neque

80 3190 203 3230 esse
231 3176 450 3246 ligatum
489 3179 690 3248 aliquid
722 3180 1048 3249 profuisset,
1099 3183 1142 3237 si
1175 3183 1264 3251 qui
1291 3180 1662 3239 detinebantur

82 3267 292 3322 nollent
319 3270 517 3325 redire.
545 3269 654 3326 Sed
681 3280 966 3341 utrumque
993 3271 1301 3341 Oportebat,
1333 3287 1561 3343 quorum
1585 3272 1665 3328 illi

79 3357 294 3423 quidem
323 3358 479 3421 nihil,
507 3358 755 3414 Christus
789 3372 965 3415 autem
994 3360 1116 3416 fecit
1149 3371 1451 3432 utrumque.
1482 3363 1665 3433 Itaque

80 3447 374 3502 mirabilius
404 3457 522 3504 erat
566 3450 924 3518 persuadere,
967 3467 1128 3520 quam
1169 3462 1396 3506 mortem
1428 3451 1661 3508 solvere.

81 3537 210 3591 Nam
241 3539 368 3593 illud
403 3539 619 3608 quidem
667 3549 838 3595 totum
895 3552 1012 3596 erat
1060 3543 1111 3596 in
1157 3542 1273 3611 ejus
1313 3543 1479 3598 solius
1508 3553 1662 3614 pote-

81 3636 245 3692 state;
278 3628 380 3682 hoc
405 3637 583 3684 autem
629 3645 736 3685 non
784 3631 837 3685 in
874 3633 992 3698 ejus
1031 3632 1195 3686 solius
1241 3641 1526 3701 potestate,
1565 3633 1662 3688 sed

82 3718 240 3771 etiam
266 3726 384 3774 erat
410 3720 464 3773 in
492 3729 674 3774 nostra
708 3737 721 3773 :
752 3719 959 3775 facilius
983 3733 1161 3777 autem
1180 3722 1440 3777 eilicimus
1457 3739 1518 3776 ea
1541 3738 1662 3792 qua:

83 3816 206 3862 sunt
235 3810 286 3863 in
330 3818 516 3865 nostra
563 3821 848 3880 potestate.
892 3813 1031 3882 Ergo
1077 3823 1345 3883 tamquam
1387 3814 1576 3884 majus,
1609 3814 1661 3869 id

85 3901 229 3967 ponit
255 3903 546 3970 posterius.
608 3901 789 3972 Neque
828 3903 1002 3957 solum
1029 3905 1178 3970 dixit,
1206 3904 1333 3960 Cum
1365 3905 1558 3960 inimici
1581 3922 1662 3961 es-

83 3990 213 4051 setis,
244 3989 338 4044 sed
363 3990 550 4056 etiam,
582 3990 844 4046 Alienati:
871 3991 1012 4060 quod
1043 4009 1291 4063 magnam
1322 3993 1538 4063 prtefert
1562 3996 1662 4049 iui-

84 4076 374 4132 micitiam:
407 4093 583 4147 neque
623 4079 796 4133 solum
835 4079 1082 4146 alienati,
1125 4081 1220 4135 sed
1257 4092 1429 4152 neque
1463 4097 1663 4152 exspe-

82 4175 288 4221 ctantes
316 4167 533 4222 reverti.
569 4166 638 4221 Et
669 4168 915 4223 inimicos
943 4170 1073 4225 dicit
1110 4186 1270 4225 sensu
1313 4188 1408 4227 seu
1443 4174 1658 4240 animo;

83 4257 203 4310 hinc
229 4256 510 4312 declarans
535 4273 722 4313 eorum
757 4259 1132 4316 alienationem
1164 4278 1269 4316 nou
1302 4263 1354 4319 in
1386 4267 1661 4336 proposito

83 4353 284 4400 tantum
308 4347 551 4412 stetisse;
593 4348 687 4401 sed
714 4348 884 4417 quid?
924 4347 991 4402 Et
1029 4351 1083 4404 in
1124 4353 1359 4421 operibus
1396 4355 1564 4409 malis.
1597 4357 1659 4411 Et

83 4434 302 4501 inimici,
350 4437 541 4507 inquit,
567 4440 762 4505 eratis;
802 4450 857 4494 et
893 4441 1130 4510 agebatis
1159 4458 1279 4512 qua:
1317 4455 1444 4499 sunt
1484 4447 1660 4502 inimi-

82 4541 282 4582 corum.
309 4527 465 4582 Nune
491 4539 657 4583 autem
685 4531 1025 4597 reconciliavit
1046 4535 1097 4586 in
1123 4549 1335 4603 corpore
1354 4537 1524 4590 carnis
1551 4540 1661 4609 eius

83 4634 166 4683 per
204 4629 412 4671 mortem
427 4660 445 4684 ,
489 4619 725 4673 exhibere
769 4638 856 4675 vos
894 4633 1094 4676 sanctos
1128 4634 1175 4677 et
1221 4626 1571 4683 inmaculatos
1614 4641 1662 4685 et

85 4708 539 4774 irrepreheusibiles
572 4725 743 4763 coram
759 4710 892 4780 ipso.
935 4712 1030 4766 llic
1052 4713 1201 4782 ponit
1243 4715 1404 4770 etiam
1442 4718 1659 4774 modum

87 4798 533 4853 reconciliationis
561 4812 580 4855 ε
607 4800 748 4871 quod
797 4801 850 4855 in
898 4817 1125 4873 corpore
1173 4820 1278 4861 non
1323 4807 1498 4862 solum
1538 4825 1661 4878 per-

85 4900 288 4955 cussus,
318 4887 624 4959 ﬂagellatus
644 4901 700 4946 et
726 4894 995 4959 venditus,
1021 4895 1117 4950 sed
1166 4897 1328 4952 etiam
1356 4901 1658 4969 turpissima

86 4987 254 5033 morte
279 4989 520 5034 mortuus
545 4981 634 5037 sit.
664 4981 868 5038 Rursus
888 4986 1136 5040 meminit
1159 4989 1363 5054 crucis;
1391 4999 1445 5044 et
1476 5005 1662 5046 rursus

87 5069 221 5124 aliud
253 5071 399 5138 ponit
447 5070 787 5128 lieiiellcium.
839 5075 954 5129 Non
1002 5077 1172 5132 solum
1202 5079 1346 5133 enim
1395 5080 1655 5148 liberavit,

88 5159 176 5212 sed
217 5160 380 5228 etiam
407 5160 552 5230 quod
590 5163 837 5231 superius
878 5163 1030 5231 dicit,
1066 5164 1161 5232 Qui
1190 5182 1282 5221 nos
1309 5170 1428 5238 fecit
1453 5169 1661 5225 idoneos

89 5257 132 5300 et
149 5249 464 5320 stridentes,
495 5251 582 5306 hic
602 5267 816 5322 quoque
840 5256 997 5310 tacite
1016 5257 1297 5326 signiﬁcat.
1322 5258 1427 5314 Per
1450 5273 1662 5317 mortem

89 5341 210 5407 ejus,
241 5342 431 5412 inquit,
460 5342 692 5398 exhibere
723 5361 806 5400 eos
829 5356 1031 5401 sanctos
1061 5357 1108 5401 et
1131 5349 1483 5405 immaculata
1511 5365 1558 5406 et
1583 5355 1662 5408 ir-

91 5431 495 5496 reprehaisibiles
519 5448 690 5486 coram
719 5435 852 5503 ipso.
891 5435 1007 5492 Non
1034 5437 1208 5493 solum
1243 5441 1386 5494 enim
1418 5441 1663 5499 liberavit

92 5534 118 5570 a
145 5524 394 5588 peccatis,
423 5521 520 5576 sed
549 5523 710 5578 etiam
755 5525 808 5579 in
839 5526 1128 5596 proborum
1156 5543 1222 5585 ac
1264 5529 1526 5586 bonorum
1557 5547 1663 5588 nu-

96 5629 292 5666 merum
321 5614 527 5669 retulit.
551 5613 686 5669 Non
723 5617 865 5672 enim
888 5627 1032 5674 tanta
1059 5635 1247 5688 passus
1283 5631 1365 5677 est
1398 5623 1572 5678 solum
1605 5633 1664 5679 ut

100 5703 471 5758 uosliheraret
508 5719 538 5756 a
586 5704 764 5770 malis,
808 5707 904 5762 sed
945 5709 1106 5764 etiam
1151 5721 1208 5765 ut
1239 5713 1439 5782 primas
1480 5721 1665 5785 partes

98 5809 500 5867 assequerctnur
527 5811 542 5848 :
574 5803 632 5849 ut
684 5794 729 5849 si
754 5795 874 5863 quis
900 5809 1050 5850 reum
1079 5814 1182 5876 non
1210 5801 1381 5860 solum
1410 5805 1666 5864 liberaret

411 5908 682 5970 Ρηιιοι..
726 5908 844 5969 Gn.
897 5905 1084 5984 LXII.

1792 757 1822 797 a
1849 745 2135 815 supplicio,
2165 745 2259 800 sed
2286 746 2448 801 etiam
2473 747 2540 802 ad
2572 747 2830 804 honorem
2881 750 3158 810 eveheret.
3193 755 3262 811 Et
3279 770 3370 810 re-

1793 833 1910 888 tulit
1933 835 1984 888 in
2014 851 2315 902 numerum,
2345 853 2454 892 non
2490 840 2663 893 solum
2694 855 2880 895 eorum
2906 843 2997 912 qui
3025 843 3156 899 nihil
3186 861 3382 915 pecca-

1789 934 1935 988 runt,
1959 923 2052 978 sed
2078 925 2238 979 etiam
2265 940 2452 980 eorum
2479 927 2568 995 qui
2604 943 2693 983 res
2717 939 3003 998 gesserunt
3031 934 3293 988 maximas
3314 943 3374 990 et

1789 1010 2232 1081 praeclarissimas
2261 1031 2274 1067 :
2303 1023 2358 1070 et
2400 1015 2542 1085 quod
2580 1016 2754 1085 majus
2782 1029 2887 1084 est,
2919 1021 3067 1075 dedit
3111 1025 3374 1078 sanctita-

1790 1108 1894 1153 tem
1919 1115 2040 1169 qua:
2068 1110 2151 1156 est
2175 1105 2524 1174 coram'ipso.
2554 1105 2686 1160 illud
2726 1117 2932 1175 autem,
2981 1110 3376 1181 irreprehensi-

1787 1187 1972 1256 bilem,
2000 1190 2174 1260 majus
2213 1199 2315 1258 est,
2362 1207 2522 1263 quam
2564 1195 2938 1265 inculpatum:
2982 1199 3372 1270 irreprehcnsi-

1786 1278 1919 1333 biles
1945 1280 2088 1334 enim
2124 1279 2385 1346 dicimur,
2424 1283 2638 1353 quando
2681 1301 2782 1341 nec
2821 1287 3239 1357 reprehensione
3270 1307 3375 1349 nec

1783 1370 2160 1426 criminatione
2185 1372 2406 1442 dignum
2444 1376 2572 1446 quid
2599 1377 2841 1434 fecimus.
2869 1380 2973 1436 Sed
2996 1384 3248 1451 quoniam
3283 1393 3372 1439 to-

1784 1469 1895 1516 tum
1922 1461 1971 1516 ei
1995 1462 2257 1530 attribuit,
2291 1465 2497 1532 dicens,
2525 1469 2667 1538 quod
2700 1485 2796 1539 per
2834 1483 3063 1528 mortem
3096 1475 3211 1531 haec
3245 1492 3372 1546 ges-

1782 1553 1936 1619 serit,
1964 1568 2031 1608 ne
2052 1555 2172 1624 quis
2198 1556 2362 1622 dicat,
2394 1557 2545 1614 Nulla
2573 1575 2702 1630 ergo
2729 1576 2788 1616 re
2813 1577 3054 1631 egemus,
3083 1575 3370 1636 propterea

1781 1641 2056 1711 subjunxit
2085 1660 2098 1697 :
2131 1643 2221 1700 25.
2252 1643 2312 1700 Si
2341 1653 2506 1701 tamen
2538 1652 2844 1718 permanetis
2867 1652 2921 1705 in
2949 1653 3051 1720 ﬁde
3076 1654 3295 1723 fundati,
3324 1666 3372 1710 et

1779 1733 2002 1801 stabiles,
2026 1745 2074 1792 et
2101 1737 2379 1794 immobiles
2395 1757 2427 1794 a
2447 1757 2538 1809 spe
2555 1745 2822 1812 evangelii.
2846 1745 3042 1802 Eorum
3065 1749 3366 1802 socordiam

1780 1821 1867 1878 hic
1895 1827 2245 1897 perstringit:
2273 1837 2331 1884 et
2356 1845 2463 1884 non
2495 1832 2669 1886 solum
2697 1834 2851 1901 dixit,
2887 1834 3204 1892 Permanetis
3226 1855 3246 1892 :
3273 1854 3368 1908 po-

1780 1920 1885 1968 test
1933 1915 2074 1970 enim
2122 1929 2240 1975 esse
2277 1926 2336 1973 ut
2371 1931 2683 1989 permaneat
2731 1918 2922 1980 labans
2951 1933 3006 1980 et
3046 1926 3364 1984 seditionem

1775 2002 2025 2074 agitans;
2056 2013 2232 2075 potest
2259 2009 2421 2064 etiam
2444 2025 2565 2066 esse
2597 2022 2653 2068 ut
2681 2024 2788 2069 stet
2814 2024 2869 2070 et
2889 2026 3104 2072 maneat
3134 2018 3367 2073 circum-

1774 2102 1924 2148 actus
1956 2113 1968 2148 :
2005 2095 2068 2170 Si
2096 2105 2261 2153 tamen
2308 2105 2632 2170 permanetis,
2676 2105 2866 2175 inquit,
2920 2107 3122 2176 fundati
3167 2109 3216 2162 et
3255 2119 3366 2164 sta-

1776 2183 1919 2250 biles,
1949 2194 1995 2238 et
2018 2187 2312 2243 immobiles.
2345 2189 2532 2261 Papae!
2564 2203 2761 2262 quanta
2785 2209 2913 2250 usus
2941 2206 3025 2251 est
3049 2197 3363 2268 metaphora

1773 2288 1837 2328 ac
1865 2276 2246 2334 translatione!
2288 2281 2403 2336 Non
2449 2284 2646 2352 solum,
2695 2287 2904 2357 inquit,
2948 2303 3054 2344 non
3097 2290 3361 2355 labantes,

1773 2364 1868 2419 sed
1896 2381 1965 2421 ne
1987 2368 2114 2422 moti
2142 2359 2379 2440 quidem.
2403 2372 2538 2428 Vide
2561 2385 2778 2443 autem;
2811 2377 2944 2432 nihil
2971 2379 3184 2434 interim
3214 2385 3365 2450 ponit

1773 2467 1938 2522 grave
1967 2471 2065 2511 nec
2091 2457 2440 2527 laboriosum,
2484 2464 2579 2518 sed
2611 2465 2769 2520 iidem
2800 2475 2855 2522 et
2889 2482 3062 2533 spem.
3104 2470 3219 2526 Hoc
3254 2483 3359 2537 est,

1772 2541 1828 2597 Si
1877 2547 2137 2601 manicatis
2175 2550 2460 2607 credentes
2512 2554 2655 2622 quod
2697 2570 2823 2610 vera
2854 2556 2924 2611 sit
2969 2572 3093 2626 spes
3127 2543 3361 2614 futuro-

1773 2649 1913 2690 rum.
1943 2637 2074 2692 Nam
2103 2638 2189 2695 hic
2217 2641 2433 2712 quidem
2462 2653 2638 2713 potest
2678 2645 2822 2712 ﬁeri;
2857 2648 2908 2703 in
2952 2650 3147 2706 virtute
3181 2661 3360 2707 autem

1773 2742 1880 2782 non
1903 2729 2027 2784 licet
2059 2747 2126 2786 ne
2163 2734 2248 2788 vel
2275 2750 2461 2803 parum
2493 2737 2705 2806 quidem
2733 2742 3058 2796 commoveri
3089 2758 3101 2794 :
3135 2743 3206 2796 ita
3252 2759 3358 2798 non

1772 2828 1854 2872 est
1887 2835 2067 2888 grave.
2094 2822 2137 2874 Α
2163 2839 2271 2892 spe,
2302 2824 2492 2894 inquit,
2513 2829 2778 2899 evangelii,
2801 2831 2935 2896 quod
2959 2832 3192 2896 audistis,
3222 2835 3358 2900 quod

1771 2907 2105 2976 praedicatmn
2133 2923 2206 2966 est
2233 2915 2284 2966 in
2310 2918 2544 2970 uniuersa
2567 2931 2800 2972 creatura
2841 2937 2954 2990 quas
2982 2923 3073 2976 sub
3111 2923 3235 2978 celo
3262 2936 3358 2979 est.

1770 2996 2027 3063 Quaenam
2059 3010 2140 3055 est
2166 3010 2347 3057 autem
2374 3005 2479 3058 alia
2526 3019 2652 3076 spes
2690 3011 2976 3080 evangelii,
3006 3028 3166 3082 quam
3204 3015 3356 3070 Chri-

1769 3087 1928 3141 stus?
1957 3088 2071 3157 ipse
2096 3091 2240 3146 enim
2271 3101 2354 3148 est
2392 3107 2518 3163 spes
2557 3107 2764 3166 nostra,
2811 3109 2867 3154 et
2894 3102 2985 3170 qui
3027 3091 3140 3157 lucc
3179 3110 3359 3171 oinnia

1769 3185 1854 3232 est
1878 3188 2152 3247 operatus.
2179 3181 2542 3249 Quamobrem
2572 3187 2664 3255 qui
2685 3203 2803 3242 eam
2830 3189 2949 3245 aliis
2975 3191 3248 3257 adscribit,
3275 3205 3361 3252 est

1771 3277 2101 3331 transmotus
2136 3285 2198 3326 ac
2244 3282 2667 3330 transmutatus:
2701 3281 2881 3334 omnia
2919 3281 3062 3336 enim
3104 3283 3354 3352 perdidit,

1768 3358 1872 3412 nisi
1918 3359 2101 3414 credat
2143 3361 2198 3415 in
2227 3360 2524 3418 Christum.
2552 3366 2848 3432 Audivistis,
2881 3368 3072 3440 inquit.
3104 3372 3210 3427 Eos
3237 3389 3360 3428 rur-

1768 3462 1860 3504 sus
1888 3451 2019 3505 citat
2045 3460 2232 3516 tcstes,
2268 3453 2467 3511 deinde
2495 3465 2662 3512 totum
2693 3459 2881 3515 orbem
2912 3471 3088 3517 terra.
3129 3463 3244 3528 Non
3271 3467 3360 3521 di-

1767 3542 1859 3609 cit,
1887 3542 2040 3609 Quod
2073 3543 2411 3614 prmdicatur,
2462 3546 2736 3616 sed,Quod
2775 3560 2850 3604 est
2871 3551 2982 3622 jam
3009 3553 3271 3611 creditura
3303 3571 3359 3612 et

1769 3635 2115 3700 prtedicatum,
2149 3636 2291 3704 quod
2320 3638 2482 3692 etiam
2513 3637 2640 3694 fecit
2670 3641 2722 3695 in
2756 3642 3021 3712 principio
3058 3662 3072 3697 :
3101 3662 3130 3699 a
3160 3648 3358 3702 multo-

1769 3739 1886 3777 rum
1919 3726 2227 3792 testimonio
2253 3742 2348 3783 eos
2376 3731 2561 3784 volens
2581 3721 2840 3787 stabilire.
2868 3733 3028 3806 Cujus
3055 3739 3220 3807 {actus
3245 3757 3358 3794 sunt

1767 3828 1859 3883 ego
1891 3811 2088 3871 Paulus
2115 3817 2360 3872 minister.
2409 3819 2473 3878 Et
2509 3819 2612 3876 hoc
2652 3837 2864 3894 quoque
2892 3825 3099 3882 confert
3139 3831 3206 3884 ad
3256 3832 3359 3887 huc

1769 3913 1826 3958 ut
1850 3905 1919 3959 sit
1946 3904 2051 3960 fide
2088 3906 2300 3976 dignus.
2339 3908 2467 3981 Ego,
2497 3911 2687 3981 inquit,
2723 3910 2924 3968 Paulus
2953 3918 3195 3972 minister.
3229 3921 3362 3977 Erat

1767 3996 1910 4048 enim
1937 4010 2127 4066 magna
2162 3998 2281 4067 ejus
2321 4001 2633 4067 auctoritas,
2661 4012 2718 4058 ut
2742 4003 2833 4073 qui
2866 4004 3058 4076 ubique
3076 4009 3185 4076 jam
3217 4014 3358 4066 cele-

1768 4085 2012 4140 braretur
2037 4097 2093 4142 et
2116 4099 2259 4143 esset
2302 4088 2492 4145 doctor
2519 4091 2668 4146 orbis
2714 4103 2894 4150 terrae.
2924 4094 3014 4152 24.
3048 4095 3201 4153 Nunc
3230 4118 3359 4168 gan-

1766 4175 1861 4230 deo
1885 4178 1938 4230 in
1963 4179 2280 4246 passionibus
2303 4195 2395 4248 pro
2422 4182 2579 4248 vobis,
2603 4193 2650 4236 et
2677 4184 2934 4254 adintpleo
2954 4204 3012 4241 eo
3035 4206 3151 4259 qua
3172 4193 3356 4247 desunt

1767 4267 2062 4336 passionum
2085 4267 2278 4323 Christi
2296 4271 2350 4323 in
2381 4286 2532 4325 carne
2568 4288 2678 4327 mea
2709 4291 2806 4346 pro
2829 4292 3042 4347 corpore
3063 4281 3196 4351 ejus,
3219 4289 3357 4354 quod

1765 4369 1841 4411 est
1868 4355 2119 4414 Ecclesia.

1837 4447 1893 4499 2.
1927 4448 1992 4502 Et
2017 4463 2266 4517 quaenam
2295 4459 2379 4506 est
2405 4449 2521 4507 hmc
2543 4456 2974 4524 consequentia?
3001 4457 3218 4515 Videtur
3236 4465 3359 4533 qui-

1766 4536 1889 4591 dem
1926 4537 2250 4607 sejunctum,
2281 4541 2375 4596 sed
2407 4557 2653 4613 magnam
2685 4544 2848 4600 habet
2885 4555 3350 4620 consequentiam.

1771 4625 2120 4696 Et,.ilinister,
2162 4630 2363 4700 inquit;
2393 4632 2443 4686 id
2472 4642 2577 4700 est,
2614 4633 2758 4689 Nihil
2798 4652 2831 4692 a
2871 4652 2958 4693 me
2979 4639 3228 4705 affereus.
3259 4647 3353 4701 sed

1766 4731 1886 4786 qua:
1913 4727 2038 4772 sunt
2066 4719 2289 4776 alterius
2316 4725 2663 4780 annuntians.
2693 4725 2766 4782 lta
2795 4729 2959 4784 credo
2994 4733 3136 4802 quod
3175 4745 3231 4789 et
3258 4753 3356 4807 pro

1767 4807 1886 4877 ipso
1925 4809 2133 4878 patior;
2161 4819 2217 4866 et
2258 4827 2366 4869 non
2412 4814 2589 4870 solum
2619 4819 2826 4888 patior,
2867 4820 2962 4876 sed
2992 4825 3153 4879 etiam
3197 4826 3357 4884 lator

1770 4900 1999 4968 patiens,
2027 4901 2096 4955 ad
2126 4917 2279 4973 spem
2322 4906 2554 4962 futuram
2599 4909 2906 4978 aspiciens;
2945 4924 3004 4969 et
3045 4917 3218 4984 patior
3246 4935 3356 4977 non

1768 5003 1867 5058 pro
1895 5007 2004 5059 me,
2032 4994 2127 5049 sed
2157 5011 2254 5064 pro
2281 4997 2452 5053 vobis.
2491 4997 2561 5053 Et
2585 5001 2863 5072 adimpleo,
2902 5004 3092 5075 inquit,
3121 5025 3237 5076 qua
3268 5013 3359 5066 de-

1766 5093 1883 5137 suut
1909 5086 2208 5153 passionum
2238 5088 2426 5144 Citriin
2465 5091 2517 5144 in
2548 5107 2701 5146 carne
2727 5111 2858 5147 mea.
2892 5095 3111 5154 Videtur
3136 5103 3354 5171 quidem

1769 5188 2018 5245 magnum
2047 5191 2170 5232 esse
2195 5180 2338 5250 quod
2366 5191 2450 5235 est
2479 5182 2751 5252 loquutus,
2801 5185 2895 5239 sed
2939 5204 3046 5243 non
3077 5200 3161 5249 est
3206 5208 3358 5249 arro-

1768 5266 1980 5334 gantia,
2005 5266 2165 5334 absit,
2189 5270 2281 5324 sed
2309 5285 2516 5341 magnae
2546 5274 2597 5327 iu
2627 5274 2899 5331 Christum
2929 5278 3312 5341 benevolentizr
3339 5305 3353 5340 :

1769 5369 1876 5410 non
1901 5357 2046 5412 enim
2071 5359 2178 5414 vult
2206 5373 2330 5416 esse
2354 5377 2499 5428 suas,
2519 5364 2613 5419 sed
2636 5365 2782 5420 illius
2810 5373 3105 5436 passiones.
3132 5373 3203 5428 Ita
3224 5393 3356 5432 vero

1769 5443 2023 5514 loquutus
2047 5455 2151 5514 est,
2182 5463 2277 5504 eos
2315 5449 2415 5519 ipsi
2442 5453 2628 5509 volens
2652 5456 2963 5514 conciliare.
2995 5460 3061 5516 Et
3087 5478 3206 5532 quae
3231 5480 3354 5537 ego,

1771 5535 1964 5606 inquit,
1997 5539 2189 5607 patior,
2219 5553 2441 5611 propter
2464 5543 2614 5599 illum
2643 5547 2816 5616 patior
2838 5565 2851 5604 :
2870 5553 3221 5620 quamobrem
3245 5535 3354 5612 non

1769 5627 1920 5691 mihi,
1945 5627 2040 5682 sed
2062 5628 2138 5684 illi
2159 5629 2351 5686 habete
2369 5633 2601 5701 gratias;
2622 5635 2738 5706 ipse
2754 5639 2897 5694 enim
2916 5640 3029 5696 hac
3048 5645 3268 5713 patitur.
3286 5646 3358 5702 Ut

1771 5718 1816 5774 si
1836 5719 1955 5789 quis
1972 5719 2166 5776 missus
2181 5721 2247 5776 ad
2267 5723 2500 5792 aliquem
2515 5726 2702 5794 alium,
2721 5740 2873 5799 roget
2891 5731 3099 5800 dicens,
3112 5733 3264 5807 Rogo
3281 5748 3353 5800 te.

1773 5823 1870 5878 pro
1893 5822 1978 5864 me
1994 5808 2058 5864 ad
2093 5810 2239 5866 illum
2267 5810 2399 5868 vadc
2451 5815 2644 5873 deinde
2673 5817 2763 5874 ille
2782 5819 2945 5881 dicat.
2964 5823 3188 5893 Pmpter
3212 5825 3356 5882 hunc

2942 5909 3016 5971 91
