4050 6324
726 346 827 401 δὶτ

727 456 845 510 hac
865 455 1018 510 iacio.
1037 454 1390 520 Quamobrem
1417 469 1522 510 non
1547 454 1814 511 erubescit
1834 455 1928 509 has
1951 470 2165 526 quoque
2179 456 2294 525 ejus

727 544 998 613 appellare
1047 544 1342 614 passiones.
1371 543 1486 599 Non
1537 545 1709 600 solum
1749 546 1888 599 enim
1919 561 2015 615 pro
2042 547 2194 601 nobis
2216 557 2301 600 est

727 643 988 700 mortuus,
1021 633 1114 688 sed
1137 635 1297 688 etiam
1332 645 1611 704 postquam
1651 633 1749 689 fuit
1790 645 2051 701 mortuus,
2084 646 2298 705 paratus

720 721 815 776 iuit
847 738 943 792 pro
969 722 1121 777 nobis
1147 721 1327 792 afﬂigi.
1359 721 1754 795 Contenditque
1775 733 1828 780 et
1855 727 2051 780 acriter
2072 733 2298 779 conatur

718 812 1004 869 ostendere
1045 814 1216 884 ipsum
1245 828 1458 884 quoque
1482 829 1626 870 nunc
1653 816 1950 885 periculum
1989 817 2170 870 subire
2201 831 2298 885 pro

719 899 959 960 Ecclesia
981 918 1076 974 per
1096 905 1366 973 proprium
1386 919 1612 974 corpus;
1633 905 1834 959 etilluc
1855 905 2071 975 respicit
2089 906 2289 971 dicens,

720 995 838 1050 Non
864 1009 958 1064 per
977 1009 1077 1050 nos
1095 994 1418 1050 adducimini
1440 1006 1492 1049 et
1517 1009 1793 1051 accessum
1824 989 2051 1061 habetis,
2075 995 2168 1052 sed
2202 1013 2295 1066 per

715 1085 915 1154 ipsum,
937 1086 1144 1140 etiamsi
1167 1100 1264 1140 nos
1291 1086 1404 1140 ltzec
1433 1078 1726 1142 faciamus':
1756 1103 1860 1142 non
1882 1087 2026 1142 enim
2054 1098 2290 1142 nostrum

714 1189 849 1245 opus
871 1178 1222 1246 suscepimus,
1247 1172 1339 1232 sed
1363 1192 1498 1246 opus
1520 1179 1679 1233 illius.
1707 1180 1770 1233 Et
1792 1180 2012 1248 perinde
2033 1189 2140 1246 est,
2170 1190 2225 1234 ut
2247 1181 2289 1235 si

711 1268 977 1337 quispiam
1001 1270 1292 1334 exercitus,
1323 1271 1410 1324 cui
1455 1270 1735 1340 obtigisset
1763 1270 1871 1324 dux
1903 1271 2026 1324 belli
2052 1273 2140 1339 qui
2167 1286 2287 1325 eum

709 1357 1021 1415 defenderet
1039 1376 1102 1415 ac
1128 1369 1453 1431 protegeret,
1480 1361 1530 1414 in
1559 1361 1700 1417 bello
1720 1372 1885 1416 staret
1910 1378 1924 1428 ;
1954 1361 2144 1416 deinde
2167 1377 2287 1416 eum

708 1452 802 1507 ille
820 1453 1160 1516 excessisset,
1181 1453 1299 1522 ejus
1311 1453 1453 1506 vices
1469 1467 1664 1523 gerens
1685 1452 1890 1521 legatus
1910 1452 2050 1506 illius
2068 1451 2284 1506 vulnera

706 1543 1025 1613 susciperet,
1045 1543 1213 1596 donec
1233 1552 1508 1613 peractum
1533 1553 1674 1596 esset
1688 1543 1903 1596 bellum.
1927 1541 2125 1594 Deinde
2143 1541 2283 1611 quod

706 1642 925 1702 propter
953 1632 1126 1701 ipsum
1156 1633 1255 1686 hoc
1282 1632 1455 1695 faciat,
1491 1633 1646 1686 audi:
1677 1631 1780 1685 Pro
1806 1648 2016 1700 corpore
2044 1635 2174 1702 ejus,
2204 1634 2282 1686 in-

702 1722 840 1792 quit;
855 1721 958 1776 hoc
976 1723 1158 1776 volens
1173 1721 1376 1788 dicere,
1396 1721 1509 1776 Non
1536 1723 1683 1776 vobis
1703 1722 1994 1790 gratiﬁcor,
2013 1722 2107 1775 sed
2129 1722 2284 1776 Chri-

699 1823 784 1867 sto
805 1832 818 1868 :
843 1828 963 1868 nam
985 1829 1101 1884 qua:
1119 1815 1264 1869 illum
1285 1814 1564 1882 oportebat
1586 1815 1712 1883 pali,
1728 1827 1826 1883 ego
1845 1826 1941 1881 pro
1956 1815 2070 1880 ipso
2085 1815 2277 1881 patior.

701 1903 834 1960 Vide
871 1921 1031 1976 quam
1070 1907 1236 1960 multa
1267 1907 1453 1974 probet
1478 1917 1529 1960 et
1560 1907 1858 1960 conllrmet.
1891 1902 2137 1957 Ostendit
2163 1919 2279 1957 ma-

695 2010 856 2062 gnum
894 2011 1164 2058 amorem;
1196 1998 1333 2050 sicut
1371 1999 1423 2051 in
1467 1995 1696 2051 secunda
1740 1994 1969 2062 Epistola
2000 1993 2064 2047 ad
2092 1993 2280 2047 Corin-

696 2085 837 2139 thios
886 2085 1142 2140 dicebat:
1175 2085 1240 2139 In
1287 2088 1429 2139 nobis
1475 2087 1643 2155 posuit
1683 2087 2014 2138 ministerium
2058 2087 2276 2138 reconci-

692 2177 936 2231 liationis.
976 2176 1041 2230 Et
1079 2191 1262 2231 rursus
1288 2217 1303 2242 ,
1351 2193 1443 2245 pro
1487 2175 1688 2231 Christo
1724 2176 1972 2246 legatione
2015 2179 2276 2245 fungimur

692 2278 948 2330 tamquam
993 2266 1102 2320 Deo
1143 2268 1376 2320 hortante
1418 2283 1506 2336 per
1546 2283 1638 2320 nos
1665 2265 1739 2336 (2.
1767 2265 1968 2321 Cor..5.
2005 2266 2091 2319 18.
2135 2265 2271 2334 20);

691 2357 793 2410 hoc
817 2355 903 2410 hic
928 2371 1142 2425 quoque
1170 2356 1320 2423 dicit,
1351 2356 1454 2410 Pro
1483 2356 1601 2427 ipso
1635 2356 1827 2424 patior,
1856 2367 1910 2408 ut
1938 2357 2081 2421 ipsos
2108 2359 2274 2424 magis

686 2446 1003 2501 attraheret.
1038 2447 1150 2502 Hoc
1172 2458 1276 2514 est,
1305 2448 1512 2502 etiamsi
1547 2449 1590 2501 is
1618 2449 1706 2516 qui
1733 2445 1884 2500 vobis
1910 2446 2090 2511 debet,
2119 2446 2267 2508 abiit,

685 2553 785 2608 ego
815 2549 990 2592 tamen
1038 2538 1226 2593 reddo.
1260 2539 1552 2609 Propterea
1581 2537 1722 2590 enim
1760 2536 1887 2589 dicit
1917 2536 2074 2590 etiam
2095 2577 2109 2599 ,
2146 2536 2273 2602 Qme

662 2631 909 2693 desunt,-
943 2637 1000 2681 ut
1030 2628 1278 2682 ostendat
1305 2638 1490 2696 putare
1530 2641 1588 2681 se
1617 2629 1792 2695 ipsum
1827 2623 2061 2679 nondum
2099 2634 2271 2680 totum

686 2733 785 2789 pro
826 2719 977 2772 nobis
1023 2731 1144 2772 esse
1174 2734 1411 2787 passum.
1443 2716 1577 2770 Dicit
1602 2717 1760 2770 etiam
1792 2730 1914 2769 eum
1967 2723 2086 2784 post
2127 2731 2271 2768 mor-

688 2818 796 2861 tem
824 2807 952 2876 pati,
970 2807 1228 2878 siquidem
1257 2806 1431 2860 adhuc
1461 2813 1771 2859 manserunt
1799 2819 1916 2872 qua:
1942 2804 2138 2858 desint.
2157 2803 2268 2858 Hoc

682 2900 737 2951 in
757 2897 990 2968 Epistula
1013 2899 1078 2952 ad
1108 2898 1376 2952 Romanos
1399 2897 1555 2949 aliter
1583 2895 1724 2956 facit,
1751 2894 1934 2947 dicens
1959 2913 1973 2948 :
2003 2895 2103 2959 Qui
2118 2896 2269 2948 etiam

681 2986 972 3055 interpellat
1015 3003 1106 3055 pro
1147 2988 1287 3040 nobis
1326 2983 1505 3050 (Rom.
1552 2985 1605 3039 8.
1639 2985 1772 3053 3i);
1814 2983 2104 3038 ostendens
2145 3000 2266 3038 cum

681 3090 790 3130 non
819 3076 930 3130 sola
975 3087 1148 3132 morte
1188 3077 1350 3130 fuisse
1386 3076 1694 3129 contentum
1719 3114 1736 3138 ,
1775 3074 1866 3127 sed
1898 3075 2054 3127 etiam
2083 3085 2263 3142 postea

681 3166 856 3222 lacere
900 3167 1329 3223 innumerabilia.
1379 3165 1497 3221 Non
1549 3180 1678 3234 ergo
1723 3166 1956 3233 seipsunt
2004 3167 2266 3220 extollens

682 3256 795 3310 haec
821 3256 969 3322 dicit,
1001 3256 1095 3311 sed
1120 3257 1302 3310 volens
1331 3254 1617 3310 ostendere
1646 3253 1918 3308 Christum
1952 3269 2139 3308 eorum
2161 3256 2262 3307 ad-

679 3347 787 3404 huc
808 3363 992 3402 curam
1017 3364 1230 3417 gerere.
1260 3350 1325 3402 Et
1353 3363 1466 3402 rem
1498 3347 1619 3401 facit
1648 3346 1749 3400 fide
1772 3345 2008 3415 dignam,
2040 3346 2262 3414 subjun-

679 3441 872 3509 gendo,
908 3439 1014 3493 Pro
1037 3455 1247 3508 corpore
1273 3442 1402 3507 ejus.
1433 3438 1565 3492 Nam
1591 3437 1731 3506 quod
1764 3438 1830 3488 ita
1863 3451 1921 3490 se
1955 3438 2181 3500 habeat,
2209 3446 2262 3490 et

679 3546 788 3584 non
818 3531 889 3585 sit
918 3528 1289 3599 improbabile,
1315 3536 1396 3583 est
1430 3527 1764 3595 perSpicuum
1797 3541 1862 3579 ex
1892 3541 1958 3578 eo
1983 3525 2122 3593 quod
2149 3525 2262 3578 iure

680 3624 810 3676 liant
837 3635 935 3690 pro
962 3635 1187 3689 corpore
1226 3621 1365 3689 ejus.
1398 3618 1531 3673 Vide
1568 3616 1838 3688 quomodo
1873 3625 1970 3670 nos
2001 3616 2098 3669 sibi
2127 3630 2258 3669 con-

673 3712 877 3780 junxit.
900 3709 1010 3766 Cur
1030 3726 1157 3781 ergo
1187 3715 1238 3764 In
1259 3709 1495 3764 medium
1519 3709 1736 3776 angelos
1761 3705 2071 3760 adducitis?
2101 3704 2259 3773 Cujus

678 3809 844 3874 factus
872 3819 983 3857 sum
1011 3819 1121 3872 ego,
1156 3803 1345 3871 inquit,
1377 3801 1644 3854 minister:
1664 3797 1797 3866 Quid
1829 3798 1964 3852 alios
1985 3839 2000 3862 ,
2053 3797 2255 3866 inquit,

680 3891 1020 3948 introducitis
1059 3892 1321 3960 angelos?
1350 3905 1448 3960 ego
1475 3904 1592 3943 sum
1623 3888 1886 3942 minister.
1937 3886 2137 3940 Deinde
2165 3900 2258 3938 os—

677 3983 848 4038 tendit
877 3997 933 4037 se
972 3982 1104 4037 nihil
1147 3981 1377 4046 iecisse,
1417 3979 1677 4049 siquidem
1721 3987 1804 4031 est
1849 3968 2112 4031 minister.
2162 3977 2253 4030 9.5.

677 4074 858 4143 Cujus,
888 4074 1090 4143 inquit,
1124 4073 1286 4140 factus
1313 4088 1424 4124 sum
1470 4087 1564 4140 ego
1602 4069 1830 4122 minister
1871 4067 2143 4121 secundum
2176 4067 2258 4118 di-

676 4165 1045 4236 spensationem
1073 4162 1165 4217 Dei
1229 4178 1340 4231 qua
1367 4163 1486 4214 data
1511 4170 1583 4215 est
1613 4161 1734 4213 mihi
1777 4160 1829 4212 in
1862 4160 2020 4223 vobis,
2062 4169 2116 4211 ut
2158 4160 2256 4212 im-

677 4259 845 4324 pleam
880 4254 1083 4308 verbum
1127 4252 1244 4306 Dei.
1295 4251 1759 4318 Dispensationem.
1812 4251 1917 4304 Aut
1957 4249 2059 4302 hoc
2084 4249 2253 4316 dicit,

675 4345 818 4417 quod
846 4345 923 4398 sic
949 4344 1116 4398 voluit
1143 4358 1265 4397 cum
1299 4345 1410 4411 ipse
1437 4343 1654 4396 abiisset
1678 4381 1693 4407 ,
1725 4356 1822 4395 nos
1862 4341 2134 4409 suscipere
2173 4339 2256 4394 di-

675 4435 1091 4504 spensationem,
1116 4447 1183 4488 ne
1212 4433 1554 4488 eiliceremini
1584 4441 1855 4501 tamquam
1884 4431 2111 4494 deserti;
2140 4431 2255 4499 ipse

674 4527 819 4580 enim
848 4535 930 4579 est
954 4524 1141 4594 quiest
1171 4538 1380 4593 passus,
1415 4523 1528 4591 ipse
1553 4523 1643 4592 qui
1673 4521 1936 4590 legatione
1966 4520 2204 4590 fungitur
2236 4537 2251 4574 :

673 4625 766 4671 aut
794 4615 895 4669 hoc
922 4614 1050 4669 dicit
1076 4632 1089 4669 :
1118 4614 1201 4670 Me
1236 4616 1326 4684 qui
1353 4615 1589 4668 omnium
1629 4613 1860 4668 maxime
1889 4627 2034 4668 eram
2066 4628 2255 4682 perse.

672 4714 902 4774 quntor,
933 4714 1212 4775 propterea
1251 4705 1380 4759 sivit
1406 4704 1685 4774 persequi,
1725 4715 1783 4759 ut
1814 4705 2111 4774 praedicans
2149 4705 2250 4759 sim

677 4795 781 4849 title
809 4794 1038 4864 dignus:
1070 4804 1160 4848 aut
1185 4794 1311 4849 dicit
1342 4794 1797 4863 dispensationem
1817 4835 1835 4859 ,
1863 4793 2113 4863 quoniam
2144 4809 2249 4849 non

671 4885 919 4954 quasivit
944 4901 1104 4954 opera
1127 4925 1141 4947 .
1171 4886 1356 4955 neque
1373 4886 1608 4940 actiones
1633 4925 1648 4951 ,
1678 4899 1852 4955 neque
1890 4885 2144 4953 prieclara
2175 4882 2254 4938 fa-

673 4977 857 5031 cinora
880 5017 893 5038 .
925 4976 1016 5031 sed
1047 4977 1204 5031 iidem
1232 4987 1287 5031 et
1325 4977 1607 5045 baptisma.
1636 4975 1753 5031 Non
1788 4977 1929 5030 enim
1956 4977 2109 5030 aliter
2133 4992 2255 5034 vero

672 5067 797 5122 bum
820 5067 1211 5134 suscepissetis.
1244 5064 1308 5119 In
1336 5067 1494 5127 vobis.
1522 5066 1714 5134 inquit.
1739 5075 1793 5119 ut
1821 5066 2029 5135 impleat
2048 5067 2249 5120 verbum

678 5156 789 5208 Dei.
827 5155 966 5210 Dicit
991 5155 1057 5211 de
1093 5157 1339 5225 gentibus
1359 5197 1372 5220 ,
1402 5155 1691 5211 ostendens
1719 5171 1816 5210 eos
1835 5157 2008 5228 adhuc
2035 5157 2217 5213 labare
2234 5199 2250 5222 ,

670 5243 919 5309 dicendo,
952 5243 1021 5300 Ut
1045 5245 1309 5313 impleant.
1335 5245 1465 5299 Nam
1497 5246 1638 5315 quod
1673 5256 1860 5316 gentes
1881 5247 2121 5316 disjectze
2150 5263 2249 5317 po-

672 5334 870 5388 tuerint
895 5334 1200 5404 dogtnatum
1228 5333 1426 5388 tantam
1452 5336 1725 5405 suscipere
1754 5336 2112 5402 altitudinem,
2141 5353 2246 5392 non

670 5432 787 5478 erat
813 5423 982 5489 Pauli,
1011 5423 1104 5479 sed
1136 5425 1230 5478 Dei
1251 5424 1664 5491 dispensationis
1694 5444 1707 5480 :
1737 5426 1880 5480 Nam
1899 5443 2021 5499 ego,
2052 5429 2245 5498 inquit,

673 5529 778 5567 non
810 5513 1120 5582 potuissem.
1147 5513 1282 5568 Cum
1318 5524 1496 5569 autem
1526 5516 1869 5582 ostendisset,
1899 5517 2041 5587 quod
2074 5520 2248 5586 majus

667 5611 791 5661 est.
833 5614 957 5656 suas
1003 5603 1374 5672 p'erpcssiones
1407 5619 1530 5660 esse
1572 5605 1818 5672 Christi,
1860 5616 1986 5662 tunc
2011 5609 2249 5676 apertius

668 5691 975 5764 subjungit,
1008 5693 1107 5750 hoc
1152 5709 1362 5766 quoque
1389 5711 1507 5753 esse
1548 5697 1682 5766 Dei,
1734 5697 1876 5769 quod
1925 5701 2147 5756 verbum
2192 5701 2244 5755 in

1374 343 1430 398 s.
1470 341 1746 401 JOANNIS
1779 328 2252 400 Cttnvsosrom

2373 345 2612 404 tClllEP.
2651 348 3178 411 coxsramxor.
3797 347 3801 350 ’
3873 367 3949 420 as

2405 459 2484 513 eis
2512 460 2834 530 impleverit.
2863 463 2930 519 Et
2952 465 3036 520 hic
3068 468 3334 537 ostendit,
3369 470 3495 527 licet
3523 487 3630 527 non
3663 477 3945 544 manifeste,

2403 548 2505 607 hoc
2531 565 2770 621 quoque,
2802 554 2941 623 quod
2966 555 3167 611 dictum
3193 569 3296 623 est,
3326 575 3490 629 quum
3519 564 3709 619 audire
3735 571 3946 635 potestis,

2401 651 2468 692 ex
2496 638 2893 708 dispensatione
2925 659 3046 700 esse
3067 686 3084 712 ,
3119 661 3224 701 non
3255 660 3434 706 autem
3471 668 3538 708 ex
3588 655 3797 710 incuria
3819 699 3836 722 ,
3874 662 3945 711 sed

2389 737 2459 782 .ut
2484 732 2599 784 sitis
2625 747 2867 802 capaces.
2883 735 3038 796 fDeus
3063 738 3207 791 enim
3236 753 3344 794 non
3371 754 3595 807 repente
3623 745 3752 800 iacit
3775 750 3943 806 omnia.

2399 817 2494 872 sed
2521 820 2686 897 utitur
2719 810 2800 876 sui
2828 824 3151 880 demissione
3186 839 3401 899 propter
3427 847 3672 903 magnam
3698 851 3845 890 suam
3873 839 3946 890 lut-

2400 909 2726 964 manitatem.
2771 910 2840 966 Et
2871 914 2983 968 haec
3008 923 3093 969 est
3118 930 3278 971 causa
3301 959 3317 983 ,
3364 923 3506 990 quod
3549 938 3694 978 nunc
3733 926 3946 980 Christus

2398 996 2693 1064 advenerit,
2724 1016 2828 1055 non
2855 1004 3004 1058 olim.
3033 1004 3123 1060 Sic
3143 1007 3304 1062 etiam
3334 1011 3570 1065 ostendit
3601 1015 3651 1066 in
3680 1013 3944 1085 Evangelia

2396 1089 2538 1156 quod
2569 1105 2753 1146 serves
2780 1093 2986 1149 miserit
3021 1095 3220 1163 primos
3240 1138 3257 1163 ,
3301 1114 3369 1154 ne
3393 1099 3461 1155 ad
3480 1102 3683 1158 aedem
3712 1104 3803 1159 lilii
3828 1110 3945 1161 veni-

2395 1188 2533 1232 rent.
2560 1180 2616 1236 Si
2633 1180 2775 1235 enim
2797 1196 2866 1235 ne
2884 1181 3076 1240 Filium
3106 1187 3320 1256 quidem
3351 1189 3440 1245 Dei
3468 1202 3594 1246 sunt
3618 1197 3850 1259 reveriti,
3873 1202 3941 1265 qui

2397 1278 2513 1336 post
2543 1284 2730 1327 servos
2753 1284 3012 1342 venerat,
3037 1278 3214 1331 multo
3247 1280 3415 1349 magis
3442 1291 3598 1335 antea
3629 1301 3642 1336 :
3673 1285 3718 1338 si
3766 1287 3942 1341 minor:

2393 1370 2656 1428 praecepta
2698 1375 2804 1415 non
2845 1364 3126 1419 audierunt
3149 1407 3164 1429 .
3197 1370 3465 1436 quomodo
3496 1372 3697 1439 majora
3723 1376 3940 1428 audivis-

2391 1458 2510 1500 sent
2529 1451 2554 1501 τ
2576 1450 2712 1515 Quid
2742 1466 2872 1521 ergo
2895 1455 3066 1509 dicit?
3090 1457 3282 1510 Annon
3312 1471 3436 1512 sunt
3473 1475 3616 1515 nunc
3640 1479 3846 1533 quoque
3869 1465 3943 1518 lu-

2389 1535 2488 1588 dmi
2513 1548 2567 1591 et
2587 1537 2757 1594 Graeci
2786 1543 3144 1612 intperl'ectius
3165 1544 3336 1600 allecti
3360 1547 3383 1598 τ
3403 1547 3481 1602 Ea
3505 1564 3634 1604 vero
3655 1564 3734 1605 cst
3757 1568 3939 1607 sunuua

2387 1627 2632 1683 socordia
2663 1646 2675 1681 :
2708 1645 2828 1684 nam
2850 1642 3207 1700 post‘tantum
3249 1643 3453 1705 tempus
3481 1679 3497 1701 ,
3537 1651 3657 1708 post
3688 1651 3762 1695 tot
3802 1643 3941 1696 docu-

2391 1727 2589 1782 menta,
2619 1720 2792 1776 adhuc
2819 1738 3035 1777 manere
3067 1726 3403 1794 imperfectos
3423 1768 3438 1794 ,
3462 1740 3540 1783 est
3574 1745 3783 1801 magnae
3804 1733 3939 1788 hebe-

2387 1806 2601 1863 tttdinis.
3147 1824 3161 1840 '

2455 1899 2508 1951 5.
2555 1899 2780 1965 Quando
2823 1919 2952 1973 ergo
2976 1906 3210 1962 dixerint
3244 1910 3418 1965 Graeci
3444 1955 3460 1976 ,
3488 1913 3598 1968 Cur
3637 1930 3781 1970 nunc
3817 1921 3938 1970 venit

2377 1987 2673 2045 Christus?
2713 2010 2779 2048 ne
2807 1997 3044 2053 sinamus
3081 2015 3174 2054 eos
3197 2000 3300 2055 hoc
3323 2002 3502 2058 dicere
3526 2046 3542 2071 ,
3584 2005 3683 2060 sed
3712 2023 3938 2076 rogemus

2383 2096 2507 2134 num
2534 2092 2679 2137 recte
2706 2101 2764 2137 se
2785 2089 3034 2154 gesserit.
3070 2088 3142 2144 Ut
3168 2092 3308 2145 enim
3332 2092 3380 2146 si
3409 2097 3648 2150 venisset
3677 2097 3745 2149 ab
3766 2100 3901 2151 initio
3924 2140 3932 2153 .

2384 2181 2437 2227 et
2463 2185 2521 2226 se
2547 2191 2656 2230 non
2684 2185 2829 2231 recte
2859 2179 3113 2246 gessisset
3141 2221 3157 2245 ,
3189 2196 3294 2234 non
3327 2182 3626 2239 sulfecisset
3659 2197 3862 2257 tempus
3885 2194 3936 2240 aii

2381 2269 2783 2323 excusationem
2817 2286 2832 2322 :
2863 2269 2933 2322 ita
2960 2271 3214 2338 quoniam
3243 2286 3300 2325 se
3331 2286 3480 2328 recte
3507 2277 3718 2343 gessit,
3752 2293 3852 2330 non
3873 2291 3937 2330 est

2380 2370 2589 2424 aequum
2633 2368 2689 2410 ut
2735 2360 2990 2428 temporis
3026 2374 3055 2412 a
3095 2360 3249 2413 nobis
3281 2363 3530 2430 exigatur
3571 2368 3731 2419 ratio.
3777 2367 3938 2436 Neque

2378 2449 2518 2498 enim
2541 2462 2568 2499 a
2600 2447 2804 2502 medico
2832 2451 2919 2518 qtti
2949 2451 3193 2503 morbqu
3215 2455 3436 2517 curarit,
3461 2464 3515 2507 et
3541 2457 3758 2510 sanitati
3785 2474 3936 2525 :egro-

2379 2543 2487 2588 tum
2517 2539 2832 2602 restituerit,
2855 2538 3020 2607 exigit
3041 2539 3304 2608 quispiam
3336 2543 3598 2597 rationem
3629 2548 3935 2606 curationis;

2377 2637 2549 2692 neque
2584 2625 2771 2680 ducem
2814 2629 3088 2682 exercitus
3129 2627 3350 2682 victoria
3381 2632 3611 2698 potitum
3638 2635 3932 2694 examinat.

2367 2727 2469 2765 cur
2506 2713 2556 2766 in
2587 2713 2688 2767 hoc
2717 2724 2989 2783 tempore,
3020 2726 3072 2769 et
3114 2732 3211 2770 cur
3249 2718 3302 2771 in
3351 2719 3444 2773 illo
3493 2722 3700 2776 vicerit.
3747 2723 3871 2777 Nam
3901 2728 3936 2777 si

2374 2817 2478 2854 non
2519 2818 2628 2856 rem
2685 2814 2827 2857 recte
2868 2805 3161 2874 gessisset,
3192 2819 3308 2860 erat
3351 2809 3936 2880 interrogandusmuau

2371 2900 2547 2944 autem
2601 2907 2712 2946 rem
2762 2905 2908 2948 recte
2958 2897 3231 2964 gesserit,
3272 2912 3393 2951 cum
3457 2898 3616 2954 laude
3666 2912 3752 2956 est
3798 2908 3935 2958 exci-

2373 2982 2615 3049 piendus.
2659 2983 2788 3049 Quae
2825 2994 2910 3038 est
2945 2989 3086 3040 enim
3109 3028 3124 3050 ,
3165 2987 3276 3047 dic.
3305 3003 3489 3057 (μιωο
3514 3032 3530 3054 ,
3564 2992 3669 3045 ﬁde
3692 2991 3901 3062 dignior
3922 3033 3934 3052 .

2375 3081 2533 3124 tuane
2562 3073 2901 3126 ratiocinatio
2929 3083 2985 3152 et
3011 3075 3297 3138 calumnia,
3329 3092 3396 3129 an
3423 3078 3498 3131 rei
3532 3079 3794 3146 pet-lectio
3819 3082 3842 3134 Υ
3866 3086 3933 3133 vi-

2369 3163 2532 3227 citne,
2552 3167 2765 3220 annon?
2788 3163 2888 3217 hoc
2928 3166 3151 3219 ostende
3185 3183 3198 3218 :
3232 3166 3557 3235 Superiorne
3586 3168 3689 3222 fuit
3725 3172 3936 3225 anuonl

2369 3255 2435 3308 ad
2463 3254 2693 3308 linemne
2717 3255 2970 3324 perduxit
2993 3271 3112 3325 qua:
3133 3257 3287 3321 dixit,
3320 3259 3542 3312 annon?
3575 3260 3703 3314 llaec
3727 3273 3854 3316 sunt
3876 3263 3935 3315 de

2367 3346 2559 3415 quibus
2587 3347 2857 3401 reddenda
2887 3355 2969 3401 est
2998 3350 3156 3401 ratio.
3200 3349 3290 3401 Dic
3317 3350 3446 3402 mihi
3471 3389 3486 3415 ,
3531 3350 3699 3405 Deum
3731 3355 3936 3407 omnino

2367 3438 2550 3492 fateris
2579 3453 2716 3502 esse,
2751 3440 2794 3493 si
2825 3455 2928 3493 non
2955 3440 3225 3494 Christum
3245 3441 3270 3494 ἲ
3289 3457 3356 3496 ex
3381 3452 3432 3496 te
3458 3451 3640 3498 autem
3666 3446 3933 3499 sciscitor:

2369 3527 2578 3582 lieusne
2601 3538 2685 3582 est
2726 3531 2843 3583 sine
2888 3531 3191 3599 principio?
3225 3532 3377 3586 Dices
3401 3574 3418 3598 ,
3449 3532 3611 3589 Sane.
3647 3536 3740 3590 Dic
3766 3550 3934 3590 autem

2367 3616 2495 3670 mihi
2523 3634 2538 3670 :
2561 3617 2678 3670 .Cur
2699 3635 2803 3672 non
2825 3630 2948 3673 ante
2968 3620 3148 3676 decies
3171 3622 3315 3675 tnille
3335 3639 3505 3677 annos
3532 3627 3656 3679 iecit
3679 3627 3935 3681 homines?

2366 3707 2621 3760 vixissent
2659 3709 2798 3761 enim
2839 3709 3067 3778 longiori
3100 3721 3356 3778 tempore.
3397 3711 3528 3765 Nam
3556 3714 3600 3766 si
3631 3714 3832 3768 bonum
3863 3728 3936 3768 est

2363 3809 2506 3859 esse,
2534 3797 2701 3849 multo
2731 3798 2896 3865 magis
2923 3813 3042 3852 esse
3060 3799 3282 3854 diutius.
3302 3799 3451 3852 Nunc
3466 3813 3647 3856 autem
3663 3803 3934 3858 damnent-

2365 3900 2432 3937 ne
2455 3894 2771 3952 acceperunt
2794 3886 2911 3954 ejus
2935 3887 3190 3955 temporis
3210 3903 3442 3956 quonon
3466 3888 3704 3949 fuerunt.
3725 3895 3933 3946 annon?

2364 3973 2469 4028 Sed
2495 3973 2748 4027 daumum
2783 3991 2888 4027 non
2918 3987 3270 4045 acceperunt:
3296 3980 3568 4047 quomodo
3593 3991 3794 4046 autem,
3829 3985 3934 4049 ipse

2361 4064 2462 4118 scit
2485 4065 2572 4134 qui
2605 4063 2773 4118 fecit?
2802 4064 3008 4120 Rursus
3037 4081 3108 4120 ex
3139 4075 3189 4119 te
3213 4082 3399 4136 φηςι-ο
3427 4109 3444 4133 ,
3476 4083 3575 4122 cur
3604 4085 3713 4123 non
3755 4086 3932 4124 omnes

2361 4164 2583 4223 repente
2625 4166 2678 4209 et
2714 4155 2872 4209 simul
2901 4154 3062 4212 fecit?
3089 4166 3143 4211 et
3171 4157 3317 4209 illius
3335 4157 3558 4226 quidem
3587 4161 3679 4228 qtti
3725 4165 3920 4228 primus

2362 4254 2443 4299 est
2468 4255 2645 4311 natus,
2677 4247 2876 4310 anima,
2907 4255 2990 4299 tot
3013 4247 3172 4313 habet
3191 4261 3385 4311 annos,
3415 4247 3583 4302 altera
3612 4261 3792 4304 autem
3818 4265 3929 4303 cum

2362 4339 2597 4390 nondum
2638 4338 2708 4391 sit
2760 4336 2897 4392 facta
2925 4377 2942 4400 ,
2977 4338 3153 4392 minus
3181 4337 3344 4393 habet
3367 4339 3393 4392 τ
3419 4353 3517 4392 eur
3547 4340 3695 4394 illum
3722 4342 3927 4410 quidem

2360 4430 2613 4499 primum,
2638 4429 2776 4484 hunc
2798 4445 2928 4484 vero
2953 4431 3304 4498 posteriorem
3329 4433 3380 4486 in
3409 4431 3549 4486 hunc
3576 4435 3835 4487 mundum
3861 4435 3933 4486 iu-

2359 4518 2558 4573 duxit?
2587 4519 2651 4573 Et
2682 4519 2796 4573 haec
2824 4520 3037 4589 quidem
3076 4534 3200 4574 vere
3241 4519 3402 4590 digna
3429 4531 3556 4576 sunt
3584 4563 3600 4586 ,
3632 4523 3703 4578 de
3743 4526 3932 4594 quibus

2357 4619 2650 4679 qtueratttr,
2674 4617 2730 4663 at
2749 4624 2855 4664 non
2881 4624 3001 4678 quae
3029 4611 3244 4664 curiose
3282 4611 3603 4681 indagentur
3635 4633 3650 4667 :
3681 4629 3806 4669 nam
3835 4614 3930 4668 hoc

2361 4715 2430 4754 ue
2456 4709 2537 4755 est
2557 4701 2773 4769 quidem
2802 4701 3170 4770 quaerendum.
3202 4702 3313 4772 Ego
3334 4703 3479 4757 enim
3505 4703 3683 4758 dicam
3713 4718 3930 4760 causam

2359 4807 2518 4861 quam
2561 4793 2710 4848 dixi:
2737 4808 2876 4863 pone
2912 4792 3040 4846 tnihi
3082 4793 3300 4862 quidem
3354 4795 3643 4850 humanam
3683 4809 3927 4851 naturam

2359 4897 2479 4937 esse
2503 4882 2665 4937 veluti
2687 4881 2969 4952 quamdam
2997 4891 3247 4948 :etatem;
3273 4894 3328 4939 et
3352 4885 3540 4954 primis
3561 4885 3779 4955 quidem
3805 4897 3933 4941 tem-

2359 4973 2576 5041 poribus
2609 4973 2966 5029 adolescentis
3005 4973 3181 5028 locum
3215 4973 3413 5030 habere
3443 4983 3688 5030 nostrum
3716 4990 3926 5046 genus;

2359 5063 2422 5116 iis
2447 5073 2627 5118 autem
2655 5065 2745 5133 qui
2771 5073 3092 5134 sequuntur,
3140 5065 3352 5134 juvenis
3381 5082 3395 5128 ;
3429 5065 3493 5118 iis
3519 5080 3649 5119 vero
3681 5068 3774 5136 qui
3813 5078 3930 5120 sunt

2357 5167 2522 5222 prope
2541 5155 2770 5219 senium,
2787 5156 2952 5210 senis.
2970 5153 3088 5210 lam
3117 5169 3246 5209 vero
3271 5169 3392 5209 cum
3425 5156 3477 5208 in
3504 5154 3640 5210 llore
3664 5169 3720 5211 et
3749 5158 3930 5227 vigere

2357 5245 2513 5298 fuerit
2533 5245 2731 5311 anima,
2747 5239 2937 5299 laxatis
2963 5245 3215 5300 membris
3231 5247 3495 5315 corporis,
3520 5255 3577 5301 et
3591 5248 3736 5302 bello
3761 5249 3926 5310 linito,

2357 5345 2479 5390 tunc
2506 5336 2856 5391 ductiaumus
2881 5336 2948 5389 ad
2975 5336 3388 5405 philosophiam.
3420 5338 3580 5407 Atqui
3607 5347 3824 5399 contra,
3857 5339 3928 5389 iu-

2349 5429 2523 5495 quies,
2555 5442 2643 5482 res
2671 5441 2730 5482 se
2754 5426 2913 5482 habet
2944 5443 2959 5480 :
2988 5436 3084 5481 eos
3105 5428 3194 5497 qui
3225 5437 3352 5481 sunt
3376 5427 3749 5483 adolescentes
3775 5429 3928 5483 doer-

2354 5519 2618 5584 mus,’sed
2649 5533 2754 5573 non
2781 5528 2970 5595 magna
2997 5519 3273 5589 dogmata,
3304 5534 3490 5574 verum
3520 5519 3850 5575 rhetoricam
3880 5527 3928 5570 et

2355 5610 2565 5664 dicendi
2600 5609 2905 5664 facultatem
2937 5625 2967 5674 ;·
2987 5610 3100 5664 haec
3124 5625 3256 5665 vero
3280 5610 3496 5681 quando
3524 5610 3721 5666 ﬂorent
3749 5621 3922 5681 artata.

2358 5700 2489 5754 Vide
2515 5709 2692 5756 autem
2726 5700 2890 5756 Deum
2930 5715 3141 5770 quoque
3174 5699 3286 5756 lucc
3318 5700 3493 5757 facere
3523 5701 3665 5774 apud
3692 5699 3924 5758 Judxos.
