4050 6324
70 435 174 491 529

64 549 262 604 Judaei:
289 549 431 603 enim
479 556 746 616 tamquam
792 544 968 616 pueris
1010 544 1150 599 Deus
1197 542 1396 598 Mosem
1437 539 1630 610 praefe-

65 643 139 693 cit
185 639 291 694 Indi
338 639 673 707 magistrum,
702 646 757 692 et
799 645 856 691 nt
884 635 1062 708 pueris
1104 634 1219 689 haec
1248 633 1370 688 fecit
1400 633 1504 696 ille,
1538 629 1635 685 ad-

64 730 318 782 umbratis
344 729 483 781 sicut
510 741 608 781 nos
636 728 899 782 elementa
930 745 944 780 :
977 725 1218 780 Umbram
1243 724 1375 776 enim
1399 763 1413 782 ,
1445 723 1632 789 inquit,

65 817 250 870 habens
272 817 352 869 lea:
380 816 670 882 futurorum
689 815 932 869 bonorum
956 853 971 877 ,
1001 829 1101 867 non
1131 813 1296 882 ipsam
1325 827 1490 865 rerum
1511 811 1637 862 ima-

64 909 229 974 ginem
269 907 288 976 (
315 906 475 960 Hebr.
503 908 590 962 l0.
625 909 650 962 ι
683 907 726 977 ).
776 907 924 962 Sicut
951 920 1048 962 nos
1076 905 1255 976 pueris
1282 913 1337 959 et
1367 904 1638 973 placentas

61 1001 308 1064 emimus,
340 1009 394 1055 et
419 1002 724 1055 nummulos
751 1002 943 1056 damus
966 1042 982 1064 ,
1014 1017 1176 1054 unum
1206 1000 1274 1054 ab
1303 1001 1381 1054 eis
1409 1000 1629 1068 exigen-

64 1100 142 1142 tes
164 1099 221 1142 ut
242 1105 381 1144 nunc
409 1100 532 1144 eant
559 1089 626 1144 ad
654 1091 834 1144 ludum
862 1091 1154 1146 literarium
1185 1108 1199 1144 :
1231 1092 1299 1145 ita
1336 1090 1472 1143 Deus
1515 1099 1661 1142 tunc-

62 1196 276 1250 quoque
316 1191 371 1236 et
422 1181 632 1236 divitias
658 1183 801 1238 dedit
838 1193 894 1239 et
936 1185 1151 1238 delicias
1177 1225 1192 1248 ,
1235 1184 1397 1236 multa
1440 1196 1636 1235 concev

61 1269 237 1325 dendo
257 1287 420 1325 unum
443 1272 511 1325 ab
539 1273 619 1327 eis
639 1288 846 1338 emens,
869 1284 927 1328 nt
955 1275 1200 1328 audirent
1229 1274 1482 1344 Maysem.
1509 1272 1642 1326 Pro-

63 1371 242 1429 nterea
295 1363 443 1416 dedit
487 1378 582 1418 eos
630 1364 855 1419 doctori.
886 1381 953 1420 ae
999 1367 1300 1435 magistro,
1349 1380 1416 1417 ne
1465 1365 1636 1432 ipsum

60 1451 566 1518 despicerent,.sed
611 1463 667 1507 ut
709 1462 914 1525 patrem
957 1454 1275 1508 benevolum
1305 1452 1634 1521 exciperent.

64 1539 193 1593 \‘ide
211 1539 481 1606 qtlomodo
507 1540 652 1596 illum
681 1544 852 1598 solum
881 1542 1302 1598 timuerint.Nnn
1329 1541 1468 1595 enim
1489 1540 1639 1595 dixe-

61 1638 202 1692 runt,
237 1628 334 1682 Ubi
377 1639 461 1683 est
501 1630 641 1685 Deus
665 1672 679 1698 ,
708 1631 800 1686 sed
828 1671 843 1694 ,
874 1631 972 1688 Ubi
1021 1643 1106 1703 est
1151 1632 1406 1703 Moyses?
1433 1639 1488 1685 et
1516 1645 1636 1684 cum

60 1719 229 1772 s-lum
259 1719 626 1785 adesset,erat
652 1723 925 1778 terribilis.
961 1723 1186 1792 Quando
1214 1724 1324 1795 igitr
1401 1725 1536 1778 male
1566 1725 1638 1778 lc-

59 1818 246 1863 ceruut
270 1850 285 1874 ,
319 1810 439 1865 vide
467 1813 736 1881 quomodo
759 1829 853 1869 eos
877 1816 1066 1884 puniit.
1096 1814 1227 1870 Nam
1259 1816 1386 1872 Dr“
1417 1816 1636 1887 quidem

61 1899 268 1953 volebat
310 1915 406 1955 eos
444 1903 694 1959 abdicare
719 1947 733 1969 ,
767 1906 881 1975 ipse
912 1921 1040 1961 vero
1066 1921 1170 1961 non
1203 1912 1495 1976 permittit:
1532 1908 1638 1962 imo

61 2004 185 2041 vero
208 1999 376 2044 totum
404 1992 498 2046 fuit
523 1993 637 2060 Dei,
661 1994 749 2048 illo
772 2004 1040 2063 tamquam
1064 2005 1214 2065 patre
1239 1997 1496 2060 minante,
1521 2011 1633 2049 ma-

57 2083 224 2146 gistro
252 2091 430 2135 autem
454 2094 674 2153 rogante
701 2101 763 2138 ac
785 2085 1112 2155 deprecante
1133 2087 1473 2154 dicenteque,
1508 2088 1634 2143 Mihi

58 2169 326 2236 condona,
357 2183 409 2225 et
434 2173 500 2226 ab
528 2175 652 2228 inde
675 2176 725 2228 in
749 2191 835 2231 me
859 2178 1116 2245 suscipio.
1144 2176 1232 2232 Sic
1254 2179 1522 2232 desertum
1542 2177 1639 2232 fuit

60 2259 214 2315 ludus
245 2261 527 2317 literarius.
560 2265 624 2318 Et
654 2266 791 2320 sicut
820 2269 965 2335 pueri
993 2283 1111 2322 cum
1145 2269 1196 2322 in
1241 2268 1365 2322 ludo
1396 2268 1638 2323 literario

60 2348 254 2403 fuerint
282 2349 441 2420 longo
468 2359 947 2422 tenipore,.volunt
974 2357 1229 2412 recedere
1260 2375 1272 2410 :
1308 2359 1377 2412 ita
1407 2358 1478 2412 illi
1507 2373 1640 2426 quo-

60 2452 160 2502 que
188 2447 313 2493 tunc
354 2441 565 2496 assidue
591 2446 904 2511 quaet-ebant
934 2446 1226 2516 Egyptum
1253 2487 1269 2514 ,
1299 2456 1355 2502 et
1399 2447 1599 2501 ﬂebant
1618 2488 1633 2513 ,

60 2527 344 2593 dicentes,
387 2531 681 2597 Periimus,
703 2539 1017 2606 .consumpti
1050 2554 1235 2591 sumus
1261 2578 1278 2604 ,
1311 2540 1633 2594 interiimus.

61 2617 121 2670 Et
151 2619 593 2677 tabulam-eorum
624 2627 875 2679 contrivit
899 2627 1126 2698 Moyses.
1159 2645 1280 2683 cum
1309 2631 1466 2683 veluti
1491 2647 1636 2699 quae-

60 2707 177 2761 dam
201 2714 414 2764 nomina
445 2712 522 2768 eis
554 2715 880 2783 scripsisset.
914 2718 1065 2784 Quod
1112 2721 1277 2773 etiam
1306 2722 1489 2774 fecerit
1517 2737 1633 2775 ma-

60 2799 241 2864 gister,
262 2813 381 2853 cum
409 2812 623 2870 accepta
651 2805 821 2857 tabula
848 2821 964 2860 eam
989 2809 1178 2863 viderit
1199 2811 1338 2863 male
1359 2812 1629 2878 scriptam,

61 2888 224 2952 ipsam
271 2904 482 2960 quoque
516 2892 647 2960 jacit
690 2897 922 2949 tabulam
948 2936 964 2962 ,
995 2914 1238 2968 magnam
1288 2900 1419 2954 iram
1451 2902 1635 2954 volens

59 2978 382 3043 ostendere;
421 2990 475 3034 et
516 2983 559 3035 si
600 2983 924 3054 confregerit
952 3027 967 3050 ,
1020 2997 1170 3056 pater
1214 3003 1318 3043 non
1365 2990 1629 3045 irascitur.

58 3067 186 3121 Nam
217 3070 328 3138 ipse
356 3070 566 3139 quidem
593 3073 641 3127 ei
668 3075 964 3128 scribenda:
987 3077 1297 3132 incubuerat
1320 3096 1333 3143 ;
1362 3081 1433 3133 illi
1455 3091 1632 3134 autem

59 3174 160 3210 non
186 3161 252 3212 ad
289 3176 411 3214 eum
443 3165 784 3230 aSpicientes,
821 3167 919 3220 sed
937 3168 1050 3220 alio
1076 3173 1341 3233 conversi,
1366 3187 1422 3225 se
1441 3173 1633 3227 immo—

56 3249 202 3303 deste
221 3260 273 3304 et
305 3251 596 3309 insolenter
622 3257 903 3323 gerebant:
924 3267 977 3312 et
1003 3260 1139 3312 sicut
1170 3261 1221 3313 in
1251 3261 1375 3315 ludo
1398 3264 1633 3320 literario

58 3341 205 3407 pueri
236 3354 295 3396 se
324 3343 547 3397 invicem
575 3346 816 3412 pulsant,
847 3349 915 3402 ita
968 3358 1091 3403 tunc
1121 3367 1329 3421 quoque
1355 3354 1512 3421 jussit
1537 3372 1630 3410 eos

60 3445 113 3480 se
132 3443 321 3484 mutuo
347 3434 625 3488 verberare
643 3447 692 3489 et
712 3438 1034 3493 interimere.
1051 3443 1116 3494 Et
1132 3458 1314 3495 rursus
1341 3445 1478 3498 sicut
1501 3447 1633 3500 dans

57 3519 382 3589 disciplinas,
411 3524 604 3578 deinde
633 3529 872 3596 exigens,
902 3540 954 3583 et
982 3547 1086 3584 non
1116 3535 1414 3599 inveniens,
1439 3535 1507 3588 ita
1539 3553 1632 3604 pu-

60 3609 249 3662 niebat.
294 3610 362 3666 Ut
401 3614 545 3668 verbi
588 3618 802 3683 gratia:
849 3619 1012 3673 literae
1037 3632 1190 3684 erant
1221 3624 1310 3676 Dei
1344 3628 1628 3691 potentiam

58 3701 346 3756 indicantes
372 3719 490 3772 qua:
534 3707 585 3758 in
612 3706 842 3778 Egypto
868 3721 1014 3778 gesta
1059 3715 1201 3765 sun‘t.
1237 3713 1404 3776 Sane,
1427 3717 1625 3784 inquit;

56 3789 144 3842 sed
187 3792 290 3846 illa:
333 3793 498 3848 litera:
538 3798 902 3865 signiﬁcabant
935 3802 1132 3871 plagas.
1164 3804 1269 3857 Sed
1291 3808 1501 3873 etquod
1535 3824 1630 3876 pu-

60 3882 160 3933 niat
203 3883 483 3950 inimiCos;
513 3895 566 3940 et
593 3900 744 3942 erant
784 3891 861 3944 eis
906 3892 1058 3945 ludus
1105 3894 1369 3948 literarius
1414 3912 1629 3951 accura-

58 3979 154 4023 tus.
184 3974 317 4040 Quid
346 3977 488 4030 enim
516 3987 630 4031 erat
655 3980 796 4033 aliud
821 3983 1025 4049 punitio
1055 3984 1391 4040 inimicorum
1415 4029 1429 4052 ,
1467 4006 1624 4058 quam

59 4069 282 4114 vestrum
314 4064 632 4120 beneficium
652 4069 674 4119 7
698 4070 908 4139 Alioqui
939 4081 1114 4126 autem
1148 4088 1242 4127 vos
1271 4092 1481 4144 quoque
1505 4080 1624 4132 afﬁ-

58 4151 223 4203 ciebat
247 4151 507 4207 beneﬁcio
527 4171 541 4219 ;
564 4167 618 4210 et
644 4159 867 4225 perinde
897 4160 1015 4226 fuit,
1036 4172 1094 4214 ut
1122 4164 1165 4216 si
1197 4166 1456 4233 quispiam
1484 4167 1623 4224 dicat

59 4242 261 4306 quidem
285 4258 344 4297 se
371 4260 527 4300 nosse
557 4247 760 4313 literas,
784 4253 1008 4319 sparsim
1031 4263 1208 4307 autem
1241 4255 1622 4326 interrogatus,

58 4346 154 4382 ltun
178 4333 444 4398 inveniat,
480 4345 532 4389 et
562 4339 891 4394 verberetur.
919 4343 993 4396 Ita
1025 4344 1100 4396 illi
1132 4360 1347 4414 quoque
1371 4347 1624 4404 dicebant

55 4423 263 4487 quidem
293 4439 353 4478 se
375 4440 531 4480 nosse
559 4427 647 4482 Dei
678 4433 1001 4498 potentiam;
1027 4435 1069 4488 si
1097 4437 1321 4504 sparsim
1353 4448 1527 4493 autem
1556 4441 1624 4496 ab

56 4511 126 4562 eis
150 4513 454 4581 exigeretur
482 4517 593 4584 ipsa
619 4522 854 4589 cognitio
878 4563 891 4584 ,
930 4540 995 4576 ne
1022 4525 1322 4591 praebebant
1352 4528 1569 4596 quidem
1603 4571 1617 4594 ,

57 4607 102 4650 et
128 4601 249 4654 ideo
280 4604 722 4663 verberabantur.
760 4610 948 4667 Vidisti
989 4616 1214 4683 aquam?
1244 4615 1408 4670 debes
1441 4634 1622 4673 recor-

61 4689 159 4743 dari
189 4707 342 4761 aqua:
371 4710 489 4764 qua:
514 4696 612 4751 fuit
640 4701 690 4753 in
722 4700 976 4771 Egypto.
1010 4705 1256 4775 Namqni
1282 4723 1344 4759 ex
1379 4723 1510 4775 aqua
1546 4709 1621 4763 fe-

58 4779 115 4830 cit
138 4784 446 4851 sanguinem
469 4828 482 4851 ,
517 4791 709 4856 poterit
741 4790 851 4860 ipse
878 4810 1088 4864 quoque
1117 4797 1216 4849 hoc
1242 4798 1438 4851 facere.
1471 4800 1618 4855 Sicut
1659 4789 1663 4792 ’

57 4887 142 4926 nos
168 4890 311 4942 saepe
343 4876 566 4934 dicimus
596 4883 772 4950 pueris
798 4926 811 4947 ,
854 4883 984 4938 Cum
1016 4886 1216 4942 videris
1246 4889 1296 4942 in
1330 4890 1466 4944 libro
1507 4893 1618 4947 ele-

56 4973 301 5030 mentum,
323 4969 387 5030 Α,
413 4971 695 5026 recordare
721 4975 859 5042 quod
879 4975 929 5029 id
953 4976 1184 5031 habebas
1213 4979 1262 5031 in
1293 4979 1507 5035 tabella.
1530 4981 1620 5035 Vi-

57 5049 164 5105 disti
219 5055 449 5109 famem?
481 5061 766 5115 recordare
813 5064 952 5132 quod
998 5065 1040 5118 is
1069 5068 1181 5134 ipse
1221 5075 1338 5121 erat
1379 5069 1467 5136 qui
1493 5085 1615 5138 ger-

56 5141 181 5195 mina
233 5145 481 5211 perdidit.
515 5148 699 5204 Vidisti
733 5151 913 5206 bella?
958 5155 1238 5210 recordare
1289 5158 1489 5213 diluvii.
1523 5159 1616 5214 Vi-

56 5228 162 5283 disti
191 5247 412 5301 magnos
440 5251 560 5292 esse
600 5241 686 5308 qui
715 5249 908 5296 terram
933 5243 1209 5298 habitant?
1244 5248 1336 5301 sed
1368 5264 1473 5301 non
1504 5265 1616 5303 ma-

52 5315 178 5383 jores
204 5319 490 5393 Egyptiis.
513 5326 610 5393 Qui
627 5343 696 5382 ex
716 5345 901 5384 eorum
925 5334 1101 5386 medio
1124 5343 1174 5387 te
1196 5336 1414 5400 exemit,
1434 5352 1612 5392 annon

55 5411 206 5463 multo
247 5414 415 5481 magis
454 5423 504 5467 te
544 5431 664 5470 cum
711 5419 785 5473 sis
832 5432 981 5474 extra
1010 5425 1341 5478 servaverit?
1366 5425 1469 5480 Sed
1503 5443 1609 5481 non

55 5513 229 5556 norant
257 5519 316 5559 se
334 5505 404 5560 de
429 5509 628 5574 sparsis
659 5510 973 5579 interrogari
1002 5514 1324 5580 elementis;
1358 5528 1611 5586 promer-

55 5605 105 5642 ea
143 5593 578 5652 verberabantur.
611 5599 974 5657 Comederuut
1003 5613 1057 5659 et
1083 5605 1334 5660 biberunt
1360 5616 1413 5662 et
1441 5609 1611 5662 recal-

55 5683 311 5738 citrarnnt.
331 5685 620 5758 Oportebat
649 5692 699 5746 in
733 5677 924 5748 manna
957 5709 1060 5748 non
1090 5709 1328 5763 quaerere
1363 5699 1607 5767 volupta-

57 5781 144 5826 tem
170 5816 186 5844 ,
213 5790 335 5831 cum
368 5776 493 5834 inde
535 5789 708 5838 ortum
746 5785 945 5841 malum
978 5786 1304 5845 didicissent.
1339 5793 1404 5847 Et
1445 5792 1584 5848 idem

973 429 1037 484 IN
1077 427 1289 484 EPIST.
1331 425 1423 482 AD
1458 421 1736 480 COLOSS.
1777 421 1933 477 CAP.
1974 421 2014 476 Ι.
2059 420 2290 477 ιιολιιιι.
2333 422 2421 478 lV.

3220 428 3326 485 330

1762 532 2028 590 faciebant
2057 533 2198 603 quod
2230 550 2360 604 puer
2385 534 2646 604 ingenuus
2677 534 2872 590 missus
2897 535 2964 592 ad
2991 536 3170 593 ludum
3203 539 3325 594 lite-

1745 627 1942 680 rarium
1969 665 1984 689 ,
2010 625 2101 694 qui
2129 633 2336 693 quaerat
2373 623 2567 694 degere
2606 639 2725 680 cum
2754 625 2950 693 servis,
2975 636 3030 683 et
3059 629 3137 683 eis
3165 629 3328 683 mini-

1745 724 1946 778 strare;
1970 725 2023 769 et
2045 732 2166 770 cum
2193 717 2525 771 necessarios
2550 731 2612 771 ac
2638 715 2870 785 ingenuo
2887 717 3071 788 dignos
3093 719 3240 774 cibos
3273 721 3324 774 in

1744 820 1928 859 mensa
1961 805 2125 874 patris
2146 804 2340 859 sedens
2365 821 2579 860 sumere
2607 807 2798 874 possit,
2833 807 2984 861 malit
3014 807 3112 862 frui
3143 809 3324 864 lmtida

1743 907 1795 950 et
1823 897 2046 950 tumultu
2089 912 2150 951 ac
2194 897 2598 965 perturbatione
2621 897 2786 964 plena
2810 913 3087 953 servorum
3111 915 3319 954 mensa.

1746 984 1820 1038 Ita
1851 997 1904 1040 et
1935 987 2008 1040 illi
2038 986 2331 1057 Egyptnm
2360 987 2692 1056 qna'rebant.
2729 988 2792 1042 Et
2835 987 3089 1042 dicebant
3113 988 3280 1061 Moysi
3306 1031 3322 1056 ,

1744 1074 1906 1141 Certe,
1931 1076 2147 1130 Domine
2175 1095 2194 1131 :
2219 1079 2390 1131 amrin
2416 1094 2742 1147 qua'cumque
2765 1079 2956 1132 dixeris
2987 1081 3248 1148 faciemus,
3277 1091 3326 1134 et

1743 1167 2007 1220 audiemus
2040 1169 2059 1238 (
2087 1166 2256 1223 ﬂrod.
2287 1168 2379 1222 24.
2407 1170 2438 1221 7
2465 1169 2504 1239 ).
2541 1169 2604 1222 Ει
2635 1180 2690 1223 ut
2718 1180 2870 1239 patre
2903 1169 3324 1228 inemendabiles

1745 1256 1881 1312 lilios
1903 1259 2213 1312 interimere
2246 1260 2460 1313 volente
2483 1300 2498 1325 ,
2532 1261 2789 1330 magister
2816 1261 3032 1316 assidue
3056 1261 3318 1332 depreca-

1744 1358 1849 1412 tur,
1879 1351 1929 1403 id
1961 1361 2084 1405 tunc
2103 1367 2249 1420 sarpc
2282 1351 2478 1406 factum
2509 1359 2611 1407 est.

1814 1441 1866 1493 4.
1900 1441 2005 1494 Cur
2030 1441 2142 1497 hmc
2171 1455 2200 1496 a
2231 1444 2385 1498 nobis
2413 1444 2553 1497 dicta
2578 1443 2742 1499 sunt?
2768 1445 2919 1512 Quod
2949 1461 2976 1500 a
3013 1449 3193 1518 pueris
3235 1447 3321 1504 ni-

1745 1526 1815 1581 hil
1856 1529 2184 1587 dilTeramus.
2222 1534 2313 1588 Vis
2349 1533 2538 1588 audire
2577 1550 2765 1589 eorum
2812 1552 3026 1606 quoque
3069 1538 3321 1608 dogmata

1744 1632 2029 1688 puerorum
2061 1625 2216 1679 esse?
2245 1622 2461 1678 Oculum
2487 1665 2501 1688 ,
2535 1625 2706 1694 inquit
2733 1666 2748 1689 ,
2777 1643 2872 1694 pro
2898 1628 3046 1681 oculs
3071 1669 3087 1692 ,
3117 1639 3163 1682 et
3194 1630 3323 1684 don-

1744 1719 1840 1764 tem
1873 1729 1963 1781 pro
1986 1713 2135 1768 dente
2175 1715 2192 1782 (
2221 1714 2340 1768 Leu.
2373 1715 2465 1769 24.
2488 1714 2621 1785 20).
2649 1715 2884 1772 Merito:
2909 1719 3325 1775 nihilenimad

1743 1805 1998 1859 ultionem
2041 1821 2192 1875 tque
2236 1806 2490 1861 incitatur
2526 1816 2685 1876 atque
2729 1810 2880 1878 pueri
2920 1811 3150 1866 animus.
3189 1811 3322 1867 Nam

1741 1895 1993 1962 quoniam
2023 1898 2246 1951 :ationis
2276 1907 2496 1966 egestas
2515 1908 2598 1953 est
2625 1907 2680 1952 et
2705 1900 2872 1952 animi
2895 1910 3072 1956 mutus
3099 1917 3163 1957 ac
3191 1918 3316 1970 per-

1743 1987 1994 2052 turbatio,
2024 2002 2213 2059 magna
2244 1999 2422 2043 autem
2448 1999 2660 2060 egestas
2689 1992 2910 2046 rationis
2940 2003 2993 2048 et
3017 1996 3322 2051 considera-

1745 2071 1903 2130 liouis
1946 2087 2035 2132 est
2077 2079 2129 2132 iu
2181 2080 2268 2133 illa
2312 2088 2510 2145 :etate,
2539 2080 2731 2135 merito
2776 2083 2845 2136 ab
2895 2083 2990 2138 ira:
3038 2088 3321 2154 tyrannide

1742 2167 2056 2231 opprimitur
2099 2183 2264 2237 puer;
2306 2179 2358 2223 et
2407 2179 2548 2223 tanta
2580 2171 2858 2240 tyrannide
2882 2214 2896 2237 ,
2927 2182 2983 2226 ut
3011 2188 3151 2244 saepe
3199 2192 3319 2231 cum

1741 2256 1807 2310 ad
1835 2268 2034 2313 terram
2061 2275 2116 2313 se
2144 2260 2368 2316 alliserit
2395 2270 2458 2316 et
2478 2264 2788 2328 surrexerit,
2815 2274 2906 2318 aut
2927 2265 3162 2322 irascens
3179 2284 3317 2337 genu

1742 2349 1938 2417 pulset,
1970 2361 2061 2405 aut
2085 2352 2372 2407 scabellum
2402 2363 2624 2417 evertat,
2658 2364 2710 2410 et
2739 2355 2807 2410 ita
2829 2357 3069 2412 dolorem
3093 2361 3245 2415 sedet
3267 2372 3324 2417 et

1743 2440 1872 2493 iram
1904 2443 2225 2513 exstinguat.
2247 2445 2377 2500 'I‘ale
2405 2445 2535 2514 quid
2562 2447 2720 2500 etiam
2756 2448 2894 2528 Deus
2915 2449 3059 2517 fecit,
3098 2454 3313 2508 oculum

1742 2544 1839 2597 pro
1862 2532 2016 2586 oculo
2042 2533 2172 2588 dans
2192 2535 2631 2604 exsculpendum,
2661 2543 2714 2591 et
2743 2537 2960 2592 dentem
2989 2554 3083 2607 pro
3109 2541 3271 2597 dente
3296 2585 3312 2605 .

1741 2628 1794 2674 et
1823 2619 2104 2692 Egyptios
2147 2625 2437 2693 perimens,
2469 2642 2676 2682 necnon
2709 2628 3031 2684 Amalec-itas
3061 2633 3149 2700 qui
3176 2633 3324 2702 ipsos

1741 2709 2328 2767 molestia-allecerant.
2357 2715 2419 2768 Et
2446 2716 2572 2769 talia
2600 2717 2679 2770 eis
2703 2718 2965 2786 promittit
2993 2761 3007 2784 ,
3039 2731 3094 2775 ut
3122 2722 3164 2778 si
3195 2725 3316 2793 quis

1741 2797 1882 2852 dicat
1919 2817 1933 2853 :
1969 2800 2144 2867 Pater,
2174 2804 2263 2858 ille
2291 2820 2377 2859 me
2408 2808 2671 2874 percussit
2696 2824 2709 2872 ;
2734 2809 2929 2865 deinde
2955 2811 3316 2889 dicatJiater,

1741 2888 1833 2942 llle
1863 2890 2023 2945 homo
2052 2895 2223 2949 malus
2246 2906 2328 2950 est
2354 2937 2370 2961 ,
2400 2897 2547 2951 illum
2574 2899 2863 2955 habeamus
2885 2903 3028 2958 odio.
3058 2888 3131 2960 lla
3158 2909 3319 2964 etiam

1743 2978 1882 3035 Deus
1916 2998 1926 3033 :
1955 2979 2050 3035 Eis
2074 2985 2162 3052 qui
2197 2985 2290 3038 tibi
2313 2997 2436 3039 sunt
2465 2988 2663 3041 inimici
2691 3005 2785 3043 ero
2814 2991 3076 3054 inimicus.
3105 2995 3272 3067 inquit
3301 3042 3316 3065 ,

1741 3079 1793 3123 ct
1819 3059 1910 3124 eos
1944 3074 2030 3142 qui
2062 3084 2112 3127 te
2133 3074 2363 3141 oderint,
2383 3077 2548 3132 odero
2570 3078 2765 3148 (Exod.
2788 3079 2878 3136 23.
2908 3083 3018 3154 22).
3046 3085 3111 3140 Et
3136 3059 3321 3145 rursus

1739 3162 1954 3228 (plaudo
1992 3166 2308 3232 precabatur
2339 3169 2553 3222 Balaam
2579 3212 2591 3233 ,
2627 3173 2841 3238 puerilis
2881 3185 2997 3229 erat
3035 3193 3154 3246 quae
3192 3179 3321 3248 ipsis

1740 3251 1874 3305 facta
1904 3264 1989 3306 est
2012 3256 2170 3308 animi
2195 3257 2469 3312 demissio.
2486 3259 2637 3314 Sicut
2658 3263 2799 3316 enim
2830 3267 2999 3332 pueri,
3019 3282 3136 3321 cum
3165 3271 3321 3340 quid-

1742 3342 1879 3409 piam
1909 3357 2014 3396 non
2057 3345 2389 3402 lormidabile
2430 3349 2608 3404 vident
2641 3391 2656 3415 ,
2708 3360 2764 3404 ut
2794 3353 2970 3409 lanam
3000 3367 3053 3411 et
3082 3359 3271 3414 similia
3299 3403 3314 3428 ,

1738 3433 1912 3486 statim
1937 3434 2162 3498 timent;
2197 3445 2427 3507 tuncque
2450 3455 2526 3490 ne
2549 3447 2736 3496 timere
2766 3457 3006 3514 pergant,
3038 3448 3088 3503 id
3116 3450 3181 3504 ad
3203 3468 3319 3507 ma-

1740 3538 1837 3574 nus
1866 3523 2076 3577 illorum
2104 3525 2419 3582 adducimus
2443 3570 2458 3595 ,
2508 3562 2528 3585 ι
2589 3532 2820 3587 nutrices
2842 3534 3096 3602 jubemus
3125 3549 3310 3596 osten-

1737 3610 1864 3664 dere
1906 3612 2034 3680 quid
2080 3615 2149 3668 sit
2183 3632 2196 3668 :
2229 3617 2297 3670 ita
2324 3619 2481 3671 etiam
2509 3619 2636 3674 fecit
2663 3621 2803 3676 Deus
2835 3641 2848 3677 :
2878 3627 3126 3694 quoniam
3166 3640 3316 3688 vates

1736 3710 1851 3754 erat
1882 3703 2133 3758 terribilis
2160 3747 2175 3770 ,
2211 3709 2460 3762 timorem
2493 3709 2595 3764 illis
2622 3714 2888 3768 convertit
2929 3715 2982 3769 in
3015 3719 3312 3777 audaciam.

1738 3793 1801 3845 Et
1835 3792 1971 3847 sicut
2010 3795 2238 3851 infantes
2275 3799 2364 3868 qui
2404 3800 2740 3857 ablactantur
2767 3845 2782 3869 ,
2814 3807 2992 3861 omnia
3025 3807 3221 3867 habent
3259 3813 3313 3869 in

1734 3886 1908 3951 parvis
1936 3885 2156 3940 calathis
2187 3904 2200 3940 :
2233 3888 2301 3942 ita
2331 3889 2436 3946 illis
2463 3908 2672 3963 quoque
2694 3894 2854 3949 dabat
2874 3899 3073 3967 omnia,
3097 3910 3150 3958 et
3179 3905 3314 3960 mul‘

1737 3984 1814 4027 tas
1846 3974 2086 4031 delicias.
2130 3978 2236 4034 Sed
2268 3985 2404 4037 sicut
2434 3983 2606 4039 infans
2632 3974 2852 4056 requirit
2880 4005 3166 4049 mammam
3193 4035 3205 4060 ,
3238 3996 3309 4050 ita

1735 4066 1818 4119 isti
1849 4082 2062 4137 quoque
2086 4070 2400 4141 IEgyptum,
2428 4084 2482 4128 et
2503 4091 2621 4144 quae
2653 4077 2759 4132 illic
2785 4089 2938 4135 erant
2964 4097 3193 4140 carnes-

1802 4155 1938 4211 Laus
1981 4158 2190 4229 Moysis.
2222 4161 2325 4215 Cur
2354 4163 2580 4218 Christus
2615 4170 2666 4219 in
2710 4169 2963 4224 mundum
2993 4176 3186 4231 tardius
3229 4195 3306 4233 ve-

1732 4249 1880 4299 nerit.
1899 4249 2339 4315 —Quamobrem
2374 4247 2476 4307 non
2499 4255 2846 4324 aberraverit,
2871 4263 2960 4328 qui
2987 4261 3223 4334 Moysem
3254 4278 3309 4326 et

1729 4337 2002 4394 doetorem
2044 4349 2097 4394 et
2134 4343 2356 4398 altorem
2398 4354 2452 4400 et
2480 4347 2823 4418 paedagogum
2853 4355 3220 4427 appellaverit,
3253 4370 3308 4417 et

1730 4429 1844 4498 ejus
1868 4446 2112 4500 magnam
2143 4433 2332 4489 dixerit
2362 4452 2482 4492 esse
2508 4442 2841 4508 sapientiam.
2876 4445 2989 4501 Non
3021 4460 3142 4505 sunt
3163 4453 3305 4509 enim

1730 4520 1873 4587 paria
1905 4522 2028 4574 viris
2054 4523 2164 4592 jam
2203 4525 2530 4596 philos0pbis
2557 4546 2808 4600 prmcsse,
2841 4545 2894 4589 et
2924 4539 3100 4605 pueris
3130 4541 3302 4611 impe-

1729 4624 1867 4675 rare,
1899 4613 2103 4666 ratione
2128 4614 2301 4669 minus
2329 4619 2578 4685 praeditis.
2608 4621 2691 4685 Et,
2723 4624 2766 4677 si
2797 4626 2938 4680 aliud
2965 4645 3174 4702 quoque
3195 4637 3304 4690 vut-

1730 4701 1794 4752 tis
1823 4701 2023 4766 audire,
2059 4704 2195 4758 sicut
2227 4709 2402 4761 nutrix
2435 4709 2564 4764 dicit
2592 4711 2801 4780 infanti,
2834 4716 3056 4783 Quando
3086 4701 3144 4776 es
3175 4739 3302 4795 ege~

1725 4803 1924 4854 smrns,
1959 4803 2131 4846 vestes
2161 4802 2279 4848 tuas
2307 4799 2497 4867 collige
2535 4810 2588 4854 et
2627 4817 2911 4872 compone,
2955 4818 3008 4862 et
3047 4815 3299 4881 quammu

1724 4881 2022 4938 considebis
2049 4901 2062 4937 :
2086 4885 2155 4938 ita
2178 4889 2338 4940 etiam
2367 4887 2593 4943 faciebat
2619 4892 2846 4963 Meyses.
2871 4895 2938 4949 Et
2958 4898 3092 4954 sicut
3111 4917 3301 4960 omnes

1723 4975 1883 5029 animi
1913 4986 2090 5032 motus
2118 4987 2172 5032 et
2214 4982 2641 5048 perturbationes
2684 4989 3013 5056 tyrannidem
3046 5007 3301 5052 exercent

1724 5061 1775 5116 in
1823 5065 1996 5132 pueris
2041 5065 2298 5136 (nondum
2348 5070 2490 5122 enim
2543 5070 2739 5128 habent
2786 5076 3070 5148 aurigam),
3122 5084 3297 5141 inanis

1722 5153 1906 5223 gloria,
1946 5156 2225 5224 cupiditas,
2279 5159 2500 5212 rationis
2530 5170 2758 5230 egestas,
2803 5166 2901 5232 ira,
2950 5168 3144 5224 invidia
3178 5188 3193 5226 :
3224 5174 3292 5228 ita

1720 5243 1875 5298 etiam
1905 5243 1958 5298 in
1989 5245 2188 5299 Judazis
2228 5247 2341 5301 haec
2369 5249 2543 5302 omnia
2575 5249 2904 5309 dominatum
2933 5258 3236 5318 obtinebant
3273 5281 3287 5316 :

1719 5335 2080 5405 conspuebant
2109 5337 2365 5408 Moysem,
2397 5341 2768 5397 verberabant.
2800 5344 2869 5398 Et
2891 5347 3024 5400 sicut
3048 5364 3181 5417 puer
3203 5367 3291 5406 ac—

1718 5425 1841 5493 cipit
1866 5425 2114 5492 lapidem,
2146 5437 2200 5480 et
2227 5442 2413 5482 omnes
2441 5429 2753 5495 clamamus,
2789 5434 2833 5487 0
2857 5450 2924 5491 ne
2953 5435 3144 5506 ieceris
3171 5456 3187 5495 :
3215 5443 3287 5495 ita

1718 5517 1790 5570 illi
1831 5532 2043 5586 quoque.
2078 5518 2279 5587 lapides
2307 5521 2587 5590 capiebant
2619 5522 2883 5579 adversus
2922 5539 3164 5595 patrem;
3198 5531 3288 5586 ille

1719 5622 1839 5666 vero
1869 5608 2117 5677 fugiebat.
2141 5609 2207 5663 Et
2226 5612 2362 5664 sicut
2389 5611 2434 5665 si
2457 5623 2828 5668 ornamentum
2857 5616 3070 5687 aliquod
3093 5618 3283 5677 habeat

1718 5706 1881 5766 pata,
1911 5699 1978 5752 ab
2006 5714 2072 5754 eo
2096 5703 2226 5770 petit
2252 5716 2382 5771 puer
2402 5704 2700 5759 ornamenti
2726 5705 2950 5776 cupidus
2977 5727 2989 5761 :
3023 5709 3092 5764 ita
3119 5713 3280 5768 etiam

1718 5792 1944 5852 fecerunt
1974 5793 2178 5849 Datban
2210 5804 2262 5850 et
2291 5795 2514 5863 Abiron,
2547 5797 2879 5867 insurgentes
2903 5800 3158 5860 adsersus
3187 5824 3275 5863 sa-
