  <div class='ocr_page' id='page_1' title='image "/cluster/home/n/w/nwhite01/storage/ocr_20150623/62/pst.000005712625/337.png"; bbox 0 0 4050 6324; ppageno 0'>
   <div class='ocr_carea' id='block_1_1' title="bbox 668 398 858 453">
    <p class='ocr_par' dir='ltr' id='par_1_1' title="bbox 668 398 858 453">
     <span class='ocr_line' id='line_1_1' title="bbox 668 398 858 453; baseline 0.011 -2"><span class='ocrx_word' id='word_1_1' title='bbox 668 398 763 453; x_wconf 69' lang='grc'><strong>531</strong></span> <span class='ocrx_word' id='word_1_2' title='bbox 853 419 858 427; x_wconf 93' lang='grc'><strong>·</strong></span> 
     </span>
    </p>
   </div>
   <div class='ocr_carea' id='block_1_2' title="bbox 669 497 2248 576">
    <p class='ocr_par' dir='ltr' id='par_1_2' title="bbox 669 497 2248 576">
     <span class='ocr_line' id='line_1_2' title="bbox 669 497 2248 576; baseline -0.006 -15"><span class='ocrx_word' id='word_1_3' title='bbox 669 505 959 562; x_wconf 70' lang='grc' dir='ltr'><strong>ιουτιιοιίωη</strong></span> <span class='ocrx_word' id='word_1_4' title='bbox 989 500 1177 576; x_wconf 76' lang='lat' dir='ltr'><strong>(Nam.</strong></span> <span class='ocrx_word' id='word_1_5' title='bbox 1206 502 1317 570; x_wconf 78' lang='lat' dir='ltr'><strong>l6).</strong></span> <span class='ocrx_word' id='word_1_6' title='bbox 1345 501 1512 556; x_wconf 80' lang='lat' dir='ltr'><strong>Erant</strong></span> <span class='ocrx_word' id='word_1_7' title='bbox 1536 509 1713 561; x_wconf 89' lang='lat' dir='ltr'><strong>autem</strong></span> <span class='ocrx_word' id='word_1_8' title='bbox 1750 498 1991 555; x_wconf 86' lang='lat' dir='ltr'><strong>omnium</strong></span> <span class='ocrx_word' id='word_1_9' title='bbox 2017 497 2248 552; x_wconf 80' lang='lat' dir='ltr'><strong>maxime</strong></span> 
     </span>
    </p>
   </div>
   <div class='ocr_carea' id='block_1_3' title="bbox 670 588 2243 661">
    <p class='ocr_par' dir='ltr' id='par_1_3' title="bbox 670 588 2243 661">
     <span class='ocr_line' id='line_1_3' title="bbox 670 588 2243 661; baseline -0.006 -12"><span class='ocrx_word' id='word_1_10' title='bbox 670 594 853 660; x_wconf 84' lang='lat' dir='ltr'><strong>invidi,</strong></span> <span class='ocrx_word' id='word_1_11' title='bbox 893 594 1064 648; x_wconf 88' lang='lat' dir='ltr'><strong>rixosi</strong></span> <span class='ocrx_word' id='word_1_12' title='bbox 1100 601 1155 648; x_wconf 90' lang='lat' dir='ltr'><strong>et</strong></span> <span class='ocrx_word' id='word_1_13' title='bbox 1186 590 1481 661; x_wconf 79' lang='lat' dir='ltr'><strong>imperfecti</strong></span> <span class='ocrx_word' id='word_1_14' title='bbox 1521 591 1574 644; x_wconf 91' lang='lat' dir='ltr'><strong>in</strong></span> <span class='ocrx_word' id='word_1_15' title='bbox 1614 588 1884 645; x_wconf 76' lang='lat' dir='ltr'><strong>omnibus.</strong></span> <span class='ocrx_word' id='word_1_16' title='bbox 1916 588 2068 642; x_wconf 80' lang='lat' dir='ltr'><strong>Tunc</strong></span> <span class='ocrx_word' id='word_1_17' title='bbox 2091 601 2243 655; x_wconf 86' lang='lat' dir='ltr'><strong>ergo,</strong></span> 
     </span>
    </p>
   </div>
   <div class='ocr_carea' id='block_1_4' title="bbox 669 678 2248 754">
    <p class='ocr_par' dir='ltr' id='par_1_4' title="bbox 669 678 2248 754">
     <span class='ocr_line' id='line_1_4' title="bbox 669 678 2248 754; baseline -0.006 -14"><span class='ocrx_word' id='word_1_18' title='bbox 669 686 756 741; x_wconf 87' lang='lat' dir='ltr'><strong>die</strong></span> <span class='ocrx_word' id='word_1_19' title='bbox 795 684 947 750; x_wconf 90' lang='lat' dir='ltr'><strong>mihi,</strong></span> <span class='ocrx_word' id='word_1_20' title='bbox 977 697 1179 754; x_wconf 69' lang='lat' dir='ltr'><strong>quteso,</strong></span> <span class='ocrx_word' id='word_1_21' title='bbox 1220 680 1457 752; x_wconf 89' lang='lat' dir='ltr'><strong>oportuit</strong></span> <span class='ocrx_word' id='word_1_22' title='bbox 1481 678 1751 737; x_wconf 73' lang='lat' dir='ltr'><strong>Christum</strong></span> <span class='ocrx_word' id='word_1_23' title='bbox 1789 691 2082 747; x_wconf 74' lang='lat' dir='ltr'><strong>apparere;</strong></span> <span class='ocrx_word' id='word_1_24' title='bbox 2123 683 2248 731; x_wconf 90' lang='lat' dir='ltr'><strong>tunc</strong></span> 
     </span>
    </p>
   </div>
   <div class='ocr_carea' id='block_1_5' title="bbox 669 763 2250 843">
    <p class='ocr_par' dir='ltr' id='par_1_5' title="bbox 669 763 2250 843">
     <span class='ocr_line' id='line_1_5' title="bbox 669 763 2250 843; baseline -0.006 -15"><span class='ocrx_word' id='word_1_25' title='bbox 669 775 786 832; x_wconf 74' lang='lat' dir='ltr'><strong>hare</strong></span> <span class='ocrx_word' id='word_1_26' title='bbox 829 782 1091 843; x_wconf 72' lang='lat' dir='ltr'><strong>pra-cepta</strong></span> <span class='ocrx_word' id='word_1_27' title='bbox 1132 771 1261 826; x_wconf 89' lang='lat' dir='ltr'><strong>dare</strong></span> <span class='ocrx_word' id='word_1_28' title='bbox 1302 769 1692 841; x_wconf 87' lang='lat' dir='ltr'><strong>philosophica,</strong></span> <span class='ocrx_word' id='word_1_29' title='bbox 1738 766 1955 838; x_wconf 82' lang='lat' dir='ltr'><strong>quando</strong></span> <span class='ocrx_word' id='word_1_30' title='bbox 2001 763 2250 820; x_wconf 81' lang='lat' dir='ltr'><strong>furebant</strong></span> 
     </span>
    </p>
   </div>
   <div class='ocr_carea' id='block_1_6' title="bbox 671 856 2246 934">
    <p class='ocr_par' dir='ltr' id='par_1_6' title="bbox 671 856 2246 934">
     <span class='ocr_line' id='line_1_6' title="bbox 671 856 2246 934; baseline -0.004 -17"><span class='ocrx_word' id='word_1_31' title='bbox 671 863 908 929; x_wconf 71' lang='lat' dir='ltr'><strong>libidine,</strong></span> <span class='ocrx_word' id='word_1_32' title='bbox 954 863 1167 934; x_wconf 84' lang='lat' dir='ltr'><strong>quando</strong></span> <span class='ocrx_word' id='word_1_33' title='bbox 1194 871 1346 919; x_wconf 88' lang='lat' dir='ltr'><strong>erant</strong></span> <span class='ocrx_word' id='word_1_34' title='bbox 1374 862 1498 932; x_wconf 82' lang='lat' dir='ltr'><strong>equi</strong></span> <span class='ocrx_word' id='word_1_35' title='bbox 1541 860 1596 916; x_wconf 92' lang='lat' dir='ltr'><strong>in</strong></span> <span class='ocrx_word' id='word_1_36' title='bbox 1636 859 1859 914; x_wconf 67' lang='lat' dir='ltr'><strong>feminas</strong></span> <span class='ocrx_word' id='word_1_37' title='bbox 1893 856 2246 921; x_wconf 82' lang='lat' dir='ltr'><strong>insanientes,</strong></span> 
     </span>
    </p>
   </div>
   <div class='ocr_carea' id='block_1_7' title="bbox 670 946 2249 1023">
    <p class='ocr_par' dir='ltr' id='par_1_7' title="bbox 670 946 2249 1023">
     <span class='ocr_line' id='line_1_7' title="bbox 670 946 2249 1023; baseline -0.004 -17"><span class='ocrx_word' id='word_1_38' title='bbox 670 952 882 1023; x_wconf 80' lang='lat' dir='ltr'><strong>quando</strong></span> <span class='ocrx_word' id='word_1_39' title='bbox 909 947 1215 1008; x_wconf 77' lang='lat' dir='ltr'><strong>serviebant</strong></span> <span class='ocrx_word' id='word_1_40' title='bbox 1245 952 1483 1021; x_wconf 64' lang='lat' dir='ltr'><strong>pecunia</strong></span> <span class='ocrx_word' id='word_1_41' title='bbox 1509 960 1567 1007; x_wconf 88' lang='lat' dir='ltr'><strong>et</strong></span> <span class='ocrx_word' id='word_1_42' title='bbox 1601 948 1771 1006; x_wconf 59' lang='lat' dir='ltr'><strong>Ventri</strong></span> <span class='ocrx_word' id='word_1_43' title='bbox 1791 949 1815 1003; x_wconf 72' lang='grc'><strong><em>2</em></strong></span> <span class='ocrx_word' id='word_1_44' title='bbox 1838 946 1942 1005; x_wconf 82' lang='lat' dir='ltr'><strong>Sed</strong></span> <span class='ocrx_word' id='word_1_45' title='bbox 1971 946 2249 1002; x_wconf 79' lang='lat' dir='ltr'><strong>ell&#39;udisset</strong></span> 
     </span>
    </p>
   </div>
   <div class='ocr_carea' id='block_1_8' title="bbox 670 1034 2244 1113">
    <p class='ocr_par' dir='ltr' id='par_1_8' title="bbox 670 1034 2244 1113">
     <span class='ocr_line' id='line_1_8' title="bbox 670 1034 2244 1113; baseline -0.005 -16"><span class='ocrx_word' id='word_1_46' title='bbox 670 1042 989 1098; x_wconf 83' lang='lat' dir='ltr'><strong>documenta</strong></span> <span class='ocrx_word' id='word_1_47' title='bbox 1019 1041 1368 1113; x_wconf 78' lang='lat' dir='ltr'><strong>philosoth</strong></span> <span class='ocrx_word' id='word_1_48' title='bbox 1391 1040 1663 1097; x_wconf 75' lang='lat' dir='ltr'><strong>disserens</strong></span> <span class='ocrx_word' id='word_1_49' title='bbox 1681 1052 1804 1094; x_wconf 89' lang='lat' dir='ltr'><strong>cum</strong></span> <span class='ocrx_word' id='word_1_50' title='bbox 1836 1034 2244 1105; x_wconf 75' lang='lat' dir='ltr'><strong>insipientibus;</strong></span> 
     </span>
    </p>
   </div>
   <div class='ocr_carea' id='block_1_9' title="bbox 669 1122 2246 1200">
    <p class='ocr_par' dir='ltr' id='par_1_9' title="bbox 669 1122 2246 1200">
     <span class='ocr_line' id='line_1_9' title="bbox 669 1122 2246 1200; baseline -0.006 -14"><span class='ocrx_word' id='word_1_51' title='bbox 669 1143 723 1187; x_wconf 90' lang='lat' dir='ltr'><strong>ct</strong></span> <span class='ocrx_word' id='word_1_52' title='bbox 754 1147 926 1200; x_wconf 87' lang='lat' dir='ltr'><strong>neque</strong></span> <span class='ocrx_word' id='word_1_53' title='bbox 952 1130 1090 1195; x_wconf 76' lang='lat' dir='ltr'><strong>lucc,</strong></span> <span class='ocrx_word' id='word_1_54' title='bbox 1129 1145 1303 1200; x_wconf 87' lang='lat' dir='ltr'><strong>neque</strong></span> <span class='ocrx_word' id='word_1_55' title='bbox 1338 1130 1427 1185; x_wconf 87' lang='lat' dir='ltr'><strong>illa</strong></span> <span class='ocrx_word' id='word_1_56' title='bbox 1452 1129 1763 1184; x_wconf 73' lang='lat' dir='ltr'><strong>didicissent</strong></span> <span class='ocrx_word' id='word_1_57' title='bbox 1791 1144 1806 1181; x_wconf 87' lang='lat'><strong>:</strong></span> <span class='ocrx_word' id='word_1_58' title='bbox 1833 1134 1891 1182; x_wconf 84' lang='lat' dir='ltr'><strong>et</strong></span> <span class='ocrx_word' id='word_1_59' title='bbox 1914 1126 2054 1181; x_wconf 90' lang='lat' dir='ltr'><strong>sicut</strong></span> <span class='ocrx_word' id='word_1_60' title='bbox 2082 1124 2129 1178; x_wconf 91' lang='lat' dir='ltr'><strong>is</strong></span> <span class='ocrx_word' id='word_1_61' title='bbox 2155 1122 2246 1193; x_wconf 90' lang='lat' dir='ltr'><strong>qui</strong></span> 
     </span>
    </p>
   </div>
   <div class='ocr_carea' id='block_1_10' title="bbox 670 1214 2247 1290">
    <p class='ocr_par' dir='ltr' id='par_1_10' title="bbox 670 1214 2247 1290">
     <span class='ocr_line' id='line_1_10' title="bbox 670 1214 2247 1290; baseline -0.004 -16"><span class='ocrx_word' id='word_1_62' title='bbox 670 1232 795 1279; x_wconf 82' lang='lat' dir='ltr'><strong>ante</strong></span> <span class='ocrx_word' id='word_1_63' title='bbox 818 1223 1083 1277; x_wconf 83' lang='lat' dir='ltr'><strong>elementa</strong></span> <span class='ocrx_word' id='word_1_64' title='bbox 1127 1221 1286 1275; x_wconf 87' lang='lat' dir='ltr'><strong>docet</strong></span> <span class='ocrx_word' id='word_1_65' title='bbox 1326 1220 1526 1290; x_wconf 87' lang='lat' dir='ltr'><strong>legere,</strong></span> <span class='ocrx_word' id='word_1_66' title='bbox 1569 1231 1856 1288; x_wconf 81' lang='lat' dir='ltr'><strong>numquam</strong></span> <span class='ocrx_word' id='word_1_67' title='bbox 1886 1228 1955 1283; x_wconf 88' lang='lat' dir='ltr'><strong>ne</strong></span> <span class='ocrx_word' id='word_1_68' title='bbox 1982 1214 2247 1270; x_wconf 87' lang='lat' dir='ltr'><strong>elementa</strong></span> 
     </span>
    </p>
   </div>
   <div class='ocr_carea' id='block_1_11' title="bbox 670 1304 2244 1380">
    <p class='ocr_par' dir='ltr' id='par_1_11' title="bbox 670 1304 2244 1380">
     <span class='ocr_line' id='line_1_11' title="bbox 670 1304 2244 1380; baseline -0.006 -17"><span class='ocrx_word' id='word_1_69' title='bbox 670 1311 887 1380; x_wconf 84' lang='lat' dir='ltr'><strong>quidem</strong></span> <span class='ocrx_word' id='word_1_70' title='bbox 915 1308 1163 1374; x_wconf 82' lang='lat' dir='ltr'><strong>docebit;</strong></span> <span class='ocrx_word' id='word_1_71' title='bbox 1210 1310 1278 1362; x_wconf 85' lang='lat' dir='ltr'><strong>ita</strong></span> <span class='ocrx_word' id='word_1_72' title='bbox 1322 1317 1447 1362; x_wconf 90' lang='lat' dir='ltr'><strong>tunc</strong></span> <span class='ocrx_word' id='word_1_73' title='bbox 1487 1321 1720 1377; x_wconf 88' lang='lat' dir='ltr'><strong>quoque.</strong></span> <span class='ocrx_word' id='word_1_74' title='bbox 1767 1304 1875 1360; x_wconf 87' lang='lat' dir='ltr'><strong>Sed</strong></span> <span class='ocrx_word' id='word_1_75' title='bbox 1915 1318 2022 1359; x_wconf 90' lang='lat' dir='ltr'><strong>non</strong></span> <span class='ocrx_word' id='word_1_76' title='bbox 2056 1315 2197 1357; x_wconf 92' lang='lat' dir='ltr'><strong>nunc</strong></span> <span class='ocrx_word' id='word_1_77' title='bbox 2229 1317 2244 1354; x_wconf 91' lang='lat'><strong>:</strong></span> 
     </span>
    </p>
   </div>
   <div class='ocr_carea' id='block_1_12' title="bbox 673 1389 2246 1469">
    <p class='ocr_par' dir='ltr' id='par_1_12' title="bbox 673 1389 2246 1469">
     <span class='ocr_line' id='line_1_12' title="bbox 673 1389 2246 1469; baseline -0.007 -15"><span class='ocrx_word' id='word_1_78' title='bbox 673 1415 795 1454; x_wconf 87' lang='lat' dir='ltr'><strong>nam</strong></span> <span class='ocrx_word' id='word_1_79' title='bbox 827 1414 920 1469; x_wconf 89' lang='lat' dir='ltr'><strong>per</strong></span> <span class='ocrx_word' id='word_1_80' title='bbox 964 1396 1059 1453; x_wconf 87' lang='lat' dir='ltr'><strong>Dei</strong></span> <span class='ocrx_word' id='word_1_81' title='bbox 1101 1397 1326 1467; x_wconf 75' lang='lat' dir='ltr'><strong>gratiam</strong></span> <span class='ocrx_word' id='word_1_82' title='bbox 1369 1397 1535 1451; x_wconf 88' lang='lat' dir='ltr'><strong>multa</strong></span> <span class='ocrx_word' id='word_1_83' title='bbox 1583 1391 1936 1450; x_wconf 81' lang='lat' dir='ltr'><strong>mansuetudo</strong></span> <span class='ocrx_word' id='word_1_84' title='bbox 1981 1399 2038 1447; x_wconf 89' lang='lat' dir='ltr'><strong>et</strong></span> <span class='ocrx_word' id='word_1_85' title='bbox 2082 1389 2246 1445; x_wconf 88' lang='lat' dir='ltr'><strong>multa</strong></span> 
     </span>
    </p>
   </div>
   <div class='ocr_carea' id='block_1_13' title="bbox 673 1479 2247 1559">
    <p class='ocr_par' dir='ltr' id='par_1_13' title="bbox 673 1479 2247 1559">
     <span class='ocr_line' id='line_1_13' title="bbox 673 1479 2247 1559; baseline -0.005 -18"><span class='ocrx_word' id='word_1_86' title='bbox 673 1491 839 1546; x_wconf 83' lang='lat' dir='ltr'><strong>\irtus</strong></span> <span class='ocrx_word' id='word_1_87' title='bbox 869 1489 1061 1559; x_wconf 87' lang='lat' dir='ltr'><strong>ubique</strong></span> <span class='ocrx_word' id='word_1_88' title='bbox 1084 1498 1166 1543; x_wconf 89' lang='lat' dir='ltr'><strong>est</strong></span> <span class='ocrx_word' id='word_1_89' title='bbox 1202 1488 1455 1558; x_wconf 87' lang='lat' dir='ltr'><strong>plantata.</strong></span> <span class='ocrx_word' id='word_1_90' title='bbox 1486 1486 1592 1541; x_wconf 86' lang='lat' dir='ltr'><strong>Pro</strong></span> <span class='ocrx_word' id='word_1_91' title='bbox 1618 1483 1866 1539; x_wconf 90' lang='lat' dir='ltr'><strong>omnibus</strong></span> <span class='ocrx_word' id='word_1_92' title='bbox 1898 1494 2024 1551; x_wconf 79' lang='lat' dir='ltr'><strong>ergo</strong></span> <span class='ocrx_word' id='word_1_93' title='bbox 2048 1479 2247 1550; x_wconf 89' lang='lat' dir='ltr'><strong>gratias</strong></span> 
     </span>
    </p>
   </div>
   <div class='ocr_carea' id='block_1_14' title="bbox 672 1566 2248 1649">
    <p class='ocr_par' dir='ltr' id='par_1_14' title="bbox 672 1566 2248 1649">
     <span class='ocr_line' id='line_1_14' title="bbox 672 1566 2248 1649; baseline -0.008 -14"><span class='ocrx_word' id='word_1_94' title='bbox 672 1594 911 1649; x_wconf 83' lang='lat' dir='ltr'><strong>agamus,</strong></span> <span class='ocrx_word' id='word_1_95' title='bbox 954 1586 1009 1634; x_wconf 90' lang='lat' dir='ltr'><strong>et</strong></span> <span class='ocrx_word' id='word_1_96' title='bbox 1049 1566 1117 1633; x_wconf 84' lang='lat' dir='ltr'><strong>ne</strong></span> <span class='ocrx_word' id='word_1_97' title='bbox 1159 1578 1327 1631; x_wconf 88' lang='lat' dir='ltr'><strong>simus</strong></span> <span class='ocrx_word' id='word_1_98' title='bbox 1369 1575 1587 1629; x_wconf 91' lang='lat' dir='ltr'><strong>nimium</strong></span> <span class='ocrx_word' id='word_1_99' title='bbox 1616 1572 1834 1629; x_wconf 84' lang='lat' dir='ltr'><strong>curiosi.</strong></span> <span class='ocrx_word' id='word_1_100' title='bbox 1865 1569 1999 1626; x_wconf 81' lang='lat' dir='ltr'><strong>Nam</strong></span> <span class='ocrx_word' id='word_1_101' title='bbox 2039 1578 2248 1638; x_wconf 87' lang='lat' dir='ltr'><strong>tempus</strong></span> 
     </span>
    </p>
   </div>
   <div class='ocr_carea' id='block_1_15' title="bbox 673 1657 2248 1732">
    <p class='ocr_par' dir='ltr' id='par_1_15' title="bbox 673 1657 2248 1732">
     <span class='ocr_line' id='line_1_15' title="bbox 673 1657 2248 1732; baseline -0.009 -8"><span class='ocrx_word' id='word_1_102' title='bbox 673 1686 772 1725; x_wconf 82' lang='lat' dir='ltr'><strong>nus</strong></span> <span class='ocrx_word' id='word_1_103' title='bbox 798 1670 1083 1732; x_wconf 85' lang='lat' dir='ltr'><strong>nescimus,</strong></span> <span class='ocrx_word' id='word_1_104' title='bbox 1125 1667 1218 1722; x_wconf 88' lang='lat' dir='ltr'><strong>sed</strong></span> <span class='ocrx_word' id='word_1_105' title='bbox 1248 1668 1349 1721; x_wconf 88' lang='lat' dir='ltr'><strong>scit</strong></span> <span class='ocrx_word' id='word_1_106' title='bbox 1395 1664 1628 1720; x_wconf 66' lang='lat' dir='ltr'><strong>Etlector</strong></span> <span class='ocrx_word' id='word_1_107' title='bbox 1658 1662 1941 1731; x_wconf 85' lang='lat' dir='ltr'><strong>temporis,</strong></span> <span class='ocrx_word' id='word_1_108' title='bbox 1971 1669 2026 1716; x_wconf 89' lang='lat' dir='ltr'><strong>et</strong></span> <span class='ocrx_word' id='word_1_109' title='bbox 2059 1657 2248 1727; x_wconf 82' lang='lat' dir='ltr'><strong>Opilex</strong></span> 
     </span>
    </p>
   </div>
   <div class='ocr_carea' id='block_1_16' title="bbox 670 1747 2249 1826">
    <p class='ocr_par' dir='ltr' id='par_1_16' title="bbox 670 1747 2249 1826">
     <span class='ocr_line' id='line_1_16' title="bbox 670 1747 2249 1826; baseline -0.008 -11"><span class='ocrx_word' id='word_1_110' title='bbox 670 1761 1007 1815; x_wconf 65' lang='lat' dir='ltr'><strong>saeculorum.</strong></span> <span class='ocrx_word' id='word_1_111' title='bbox 1030 1757 1108 1812; x_wconf 70' lang='lat'><strong>0.:</strong></span> <span class='ocrx_word' id='word_1_112' title='bbox 1133 1760 1290 1811; x_wconf 85' lang='lat' dir='ltr'><strong>nibus</strong></span> <span class='ocrx_word' id='word_1_113' title='bbox 1313 1772 1448 1826; x_wconf 83' lang='lat' dir='ltr'><strong>ergo</strong></span> <span class='ocrx_word' id='word_1_114' title='bbox 1467 1755 1540 1810; x_wconf 89' lang='lat' dir='ltr'><strong>illi</strong></span> <span class='ocrx_word' id='word_1_115' title='bbox 1562 1754 1815 1810; x_wconf 85' lang='lat' dir='ltr'><strong>cedamus</strong></span> <span class='ocrx_word' id='word_1_116' title='bbox 1837 1771 1851 1805; x_wconf 87' lang='lat'><strong>:</strong></span> <span class='ocrx_word' id='word_1_117' title='bbox 1874 1750 1979 1809; x_wconf 84' lang='lat' dir='ltr'><strong>hoc</strong></span> <span class='ocrx_word' id='word_1_118' title='bbox 2004 1759 2086 1806; x_wconf 88' lang='lat' dir='ltr'><strong>est</strong></span> <span class='ocrx_word' id='word_1_119' title='bbox 2104 1747 2249 1804; x_wconf 83' lang='lat' dir='ltr'><strong>enim</strong></span> 
     </span>
    </p>
   </div>
   <div class='ocr_carea' id='block_1_17' title="bbox 1389 382 3169 447">
    <p class='ocr_par' dir='ltr' id='par_1_17' title="bbox 1389 382 3169 447">
     <span class='ocr_line' id='line_1_17' title="bbox 1389 382 3169 447; baseline -0.001 0"><span class='ocrx_word' id='word_1_120' title='bbox 1389 391 1446 447; x_wconf 90' lang='lat' dir='ltr'><strong>S.</strong></span> <span class='ocrx_word' id='word_1_121' title='bbox 1483 387 1759 447; x_wconf 75' lang='lat' dir='ltr'><strong>JOANNIS</strong></span> <span class='ocrx_word' id='word_1_122' title='bbox 1788 384 2268 445; x_wconf 66' lang='lat' dir='ltr'><strong>CHRYSOSTOMI</strong></span> <span class='ocrx_word' id='word_1_123' title='bbox 2301 382 2619 442; x_wconf 74' lang='lat' dir='ltr'><strong>ARCIIIEP.</strong></span> <span class='ocrx_word' id='word_1_124' title='bbox 2641 386 3169 446; x_wconf 78' lang='lat' dir='ltr'><strong>OONS&#39;I&#39;ANTINOP.</strong></span> 
     </span>
    </p>
   </div>
   <div class='ocr_carea' id='block_1_18' title="bbox 3839 388 3931 449">
    <p class='ocr_par' dir='ltr' id='par_1_18' title="bbox 3839 388 3931 449">
     <span class='ocr_line' id='line_1_18' title="bbox 3839 388 3931 449; baseline 0 0"><span class='ocrx_word' id='word_1_125' title='bbox 3839 388 3931 449; x_wconf 65' lang='lat'><strong>$3!</strong></span> 
     </span>
    </p>
   </div>
   <div class='ocr_carea' id='block_1_19' title="bbox 2354 493 3930 571">
    <p class='ocr_par' dir='ltr' id='par_1_19' title="bbox 2354 493 3930 571">
     <span class='ocr_line' id='line_1_19' title="bbox 2354 493 3930 571; baseline 0.007 -22"><span class='ocrx_word' id='word_1_126' title='bbox 2354 493 2523 556; x_wconf 83' lang='lat' dir='ltr'><strong>Deum</strong></span> <span class='ocrx_word' id='word_1_127' title='bbox 2569 496 2897 566; x_wconf 74' lang='lat' dir='ltr'><strong>gloriﬁcare,</strong></span> <span class='ocrx_word' id='word_1_128' title='bbox 2936 500 3008 556; x_wconf 85' lang='lat' dir='ltr'><strong>&#39;de</strong></span> <span class='ocrx_word' id='word_1_129' title='bbox 3050 502 3116 556; x_wconf 90' lang='lat' dir='ltr'><strong>iis</strong></span> <span class='ocrx_word' id='word_1_130' title='bbox 3160 516 3282 571; x_wconf 71' lang='lat' dir='ltr'><strong>qua:</strong></span> <span class='ocrx_word' id='word_1_131' title='bbox 3324 501 3469 570; x_wconf 76' lang='lat' dir='ltr'><strong>facit,</strong></span> <span class='ocrx_word' id='word_1_132' title='bbox 3520 503 3789 558; x_wconf 74' lang='lat' dir='ltr'><strong>rationem</strong></span> <span class='ocrx_word' id='word_1_133' title='bbox 3837 520 3930 560; x_wconf 76' lang='lat' dir='ltr'><strong>nos</strong></span> 
     </span>
    </p>
   </div>
   <div class='ocr_carea' id='block_1_20' title="bbox 2351 586 3971 662">
    <p class='ocr_par' dir='ltr' id='par_1_20' title="bbox 2351 586 3971 662">
     <span class='ocr_line' id='line_1_20' title="bbox 2351 586 3971 662; baseline 0.007 -23"><span class='ocrx_word' id='word_1_134' title='bbox 2351 586 2586 656; x_wconf 78' lang='lat' dir='ltr'><strong>exigere.</strong></span> <span class='ocrx_word' id='word_1_135' title='bbox 2618 587 2709 644; x_wconf 89' lang='lat' dir='ltr'><strong>Sic</strong></span> <span class='ocrx_word' id='word_1_136' title='bbox 2750 600 2807 645; x_wconf 91' lang='lat' dir='ltr'><strong>et</strong></span> <span class='ocrx_word' id='word_1_137' title='bbox 2841 592 3110 647; x_wconf 81' lang='lat' dir='ltr'><strong>Abraham</strong></span> <span class='ocrx_word' id='word_1_138' title='bbox 3152 592 3299 648; x_wconf 92' lang='lat' dir='ltr'><strong>dedit</strong></span> <span class='ocrx_word' id='word_1_139' title='bbox 3326 595 3576 662; x_wconf 77' lang='lat' dir='ltr'><strong>gratiam</strong></span> <span class='ocrx_word' id='word_1_140' title='bbox 3611 594 3728 649; x_wconf 84' lang='lat' dir='ltr'><strong>Deo</strong></span> <span class='ocrx_word' id='word_1_141' title='bbox 3759 612 3776 649; x_wconf 88' lang='lat'><strong>:</strong></span> <span class='ocrx_word' id='word_1_142' title='bbox 3808 594 3929 650; x_wconf 73' lang='lat' dir='ltr'><strong>Pero</strong></span> <span class='ocrx_word' id='word_1_143' title='bbox 3970 586 3971 662; x_wconf 57' lang='grc' dir='ltr'>ἔ</span> 
     </span>
    </p>
   </div>
   <div class='ocr_carea' id='block_1_21' title="bbox 2349 672 3971 759">
    <p class='ocr_par' dir='ltr' id='par_1_21' title="bbox 2349 672 3971 759">
     <span class='ocr_line' id='line_1_21' title="bbox 2349 672 3971 759; baseline 0.01 -31"><span class='ocrx_word' id='word_1_144' title='bbox 2349 692 2553 731; x_wconf 71' lang='lat' dir='ltr'><strong>suasum</strong></span> <span class='ocrx_word' id='word_1_145' title='bbox 2584 678 2794 746; x_wconf 82' lang='lat' dir='ltr'><strong>habens,</strong></span> <span class='ocrx_word' id='word_1_146' title='bbox 2837 681 3024 751; x_wconf 88' lang='lat' dir='ltr'><strong>inquit,</strong></span> <span class='ocrx_word' id='word_1_147' title='bbox 3065 682 3205 752; x_wconf 77' lang='lat' dir='ltr'><strong>quod</strong></span> <span class='ocrx_word' id='word_1_148' title='bbox 3242 683 3297 737; x_wconf 86' lang='lat' dir='ltr'><strong>id</strong></span> <span class='ocrx_word' id='word_1_149' title='bbox 3330 685 3468 754; x_wconf 70' lang='lat' dir='ltr'><strong>quod</strong></span> <span class='ocrx_word' id='word_1_150' title='bbox 3497 686 3736 756; x_wconf 71' lang='lat' dir='ltr'><strong>promisit</strong></span> 
     </span>
    </p>
   </div>
   <div class='ocr_carea' id='block_1_22' title="bbox 2351 762 3971 848">
    <p class='ocr_par' dir='ltr' id='par_1_22' title="bbox 2351 762 3971 848">
     <span class='ocr_line' id='line_1_22' title="bbox 2351 762 3971 848; baseline 0.007 -30"><span class='ocrx_word' id='word_1_151' title='bbox 2351 775 2427 819; x_wconf 87' lang='lat' dir='ltr'><strong>est</strong></span> <span class='ocrx_word' id='word_1_152' title='bbox 2452 766 2605 822; x_wconf 86' lang='lat' dir='ltr'><strong>etiam</strong></span> <span class='ocrx_word' id='word_1_153' title='bbox 2634 772 2802 839; x_wconf 80' lang='lat' dir='ltr'><strong>facere</strong></span> <span class='ocrx_word' id='word_1_154' title='bbox 2829 770 3008 842; x_wconf 77' lang='lat' dir='ltr'><strong>(Rom.</strong></span> <span class='ocrx_word' id='word_1_155' title='bbox 3036 774 3091 827; x_wconf 72' lang='grc' dir='ltr'>ι.</span> <span class='ocrx_word' id='word_1_156' title='bbox 3117 772 3235 844; x_wconf 76' lang='lat' dir='ltr'><strong>2i).</strong></span> <span class='ocrx_word' id='word_1_157' title='bbox 3277 773 3372 829; x_wconf 90' lang='lat' dir='ltr'><strong>llle</strong></span> <span class='ocrx_word' id='word_1_158' title='bbox 3407 791 3475 830; x_wconf 87' lang='lat' dir='ltr'><strong>ne</strong></span> <span class='ocrx_word' id='word_1_159' title='bbox 3502 776 3572 830; x_wconf 91' lang='lat' dir='ltr'><strong>de</strong></span> <span class='ocrx_word' id='word_1_160' title='bbox 3600 777 3790 832; x_wconf 74' lang='lat' dir='ltr'><strong>futuro</strong></span> <span class='ocrx_word' id='word_1_161' title='bbox 3819 779 3925 848; x_wconf 86' lang='lat' dir='ltr'><strong>qui-</strong></span> 
     </span>
    </p>
   </div>
   <div class='ocr_carea' id='block_1_23' title="bbox 2349 854 3927 937">
    <p class='ocr_par' dir='ltr' id='par_1_23' title="bbox 2349 854 3927 937">
     <span class='ocr_line' id='line_1_23' title="bbox 2349 854 3927 937; baseline 0.008 -28"><span class='ocrx_word' id='word_1_162' title='bbox 2349 854 2470 909; x_wconf 91' lang='lat' dir='ltr'><strong>dem</strong></span> <span class='ocrx_word' id='word_1_163' title='bbox 2505 864 2590 911; x_wconf 87' lang='lat' dir='ltr'><strong>est</strong></span> <span class='ocrx_word' id='word_1_164' title='bbox 2612 859 2917 929; x_wconf 67' lang='lat' dir='ltr'><strong>sciscitatus</strong></span> <span class='ocrx_word' id='word_1_165' title='bbox 2945 877 2960 913; x_wconf 91' lang='lat'><strong>:</strong></span> <span class='ocrx_word' id='word_1_166' title='bbox 2991 876 3089 916; x_wconf 88' lang='lat' dir='ltr'><strong>nos</strong></span> <span class='ocrx_word' id='word_1_167' title='bbox 3130 872 3310 918; x_wconf 89' lang='lat' dir='ltr'><strong>autem</strong></span> <span class='ocrx_word' id='word_1_168' title='bbox 3349 864 3511 918; x_wconf 84' lang='lat' dir='ltr'><strong>etiam</strong></span> <span class='ocrx_word' id='word_1_169' title='bbox 3547 863 3618 920; x_wconf 85' lang='lat' dir='ltr'><strong>de</strong></span> <span class='ocrx_word' id='word_1_170' title='bbox 3649 867 3927 937; x_wconf 70' lang='lat' dir='ltr'><strong>prmteritis</strong></span> 
     </span>
    </p>
   </div>
   <div class='ocr_carea' id='block_1_24' title="bbox 2350 944 3971 1027">
    <p class='ocr_par' dir='ltr' id='par_1_24' title="bbox 2350 944 3971 1027">
     <span class='ocr_line' id='line_1_24' title="bbox 2350 944 3971 1027; baseline 0.009 -31"><span class='ocrx_word' id='word_1_171' title='bbox 2350 944 2612 1000; x_wconf 88' lang='lat' dir='ltr'><strong>rationem</strong></span> <span class='ocrx_word' id='word_1_172' title='bbox 2638 947 2981 1017; x_wconf 82' lang='lat' dir='ltr'><strong>inquirimus.</strong></span> <span class='ocrx_word' id='word_1_173' title='bbox 3015 951 3148 1006; x_wconf 79' lang='lat' dir='ltr'><strong>Vide</strong></span> <span class='ocrx_word' id='word_1_174' title='bbox 3167 965 3366 1021; x_wconf 83' lang='lat' dir='ltr'><strong>quanta</strong></span> <span class='ocrx_word' id='word_1_175' title='bbox 3391 954 3463 1008; x_wconf 88' lang='lat' dir='ltr'><strong>sit</strong></span> <span class='ocrx_word' id='word_1_176' title='bbox 3487 956 3752 1021; x_wconf 80' lang='lat' dir='ltr'><strong>amentia,</strong></span> <span class='ocrx_word' id='word_1_177' title='bbox 3773 973 3929 1024; x_wconf 85' lang='lat' dir='ltr'><strong>qnan-</strong></span> 
     </span>
    </p>
   </div>
   <div class='ocr_carea' id='block_1_25' title="bbox 2350 1034 3971 1105">
    <p class='ocr_par' dir='ltr' id='par_1_25' title="bbox 2350 1034 3971 1105">
     <span class='ocr_line' id='line_1_25' title="bbox 2350 1034 3971 1105; baseline 0.007 -20"><span class='ocrx_word' id='word_1_178' title='bbox 2350 1041 2461 1087; x_wconf 89' lang='lat' dir='ltr'><strong>tum</strong></span> <span class='ocrx_word' id='word_1_179' title='bbox 2488 1034 2678 1105; x_wconf 88' lang='lat' dir='ltr'><strong>ingrati</strong></span> <span class='ocrx_word' id='word_1_180' title='bbox 2702 1036 2868 1094; x_wconf 90' lang='lat' dir='ltr'><strong>animi</strong></span> <span class='ocrx_word' id='word_1_181' title='bbox 2896 1040 3105 1095; x_wconf 76' lang='lat' dir='ltr'><strong>vitium.</strong></span> <span class='ocrx_word' id='word_1_182' title='bbox 3130 1041 3236 1097; x_wconf 88' lang='lat' dir='ltr'><strong>Sed</strong></span> <span class='ocrx_word' id='word_1_183' title='bbox 3263 1042 3333 1097; x_wconf 89' lang='lat' dir='ltr'><strong>de</strong></span> <span class='ocrx_word' id='word_1_184' title='bbox 3349 1051 3547 1099; x_wconf 62' lang='lat' dir='ltr'><strong>caetero</strong></span> <span class='ocrx_word' id='word_1_185' title='bbox 3564 1042 3926 1100; x_wconf 83' lang='lat' dir='ltr'><strong>desistamus:</strong></span> 
     </span>
    </p>
   </div>
   <div class='ocr_carea' id='block_1_26' title="bbox 2351 1122 3971 1206">
    <p class='ocr_par' dir='ltr' id='par_1_26' title="bbox 2351 1122 3971 1206">
     <span class='ocr_line' id='line_1_26' title="bbox 2351 1122 3971 1206; baseline 0.009 -29"><span class='ocrx_word' id='word_1_186' title='bbox 2351 1122 2482 1178; x_wconf 85' lang='lat' dir='ltr'><strong>nihil</strong></span> <span class='ocrx_word' id='word_1_187' title='bbox 2528 1125 2673 1181; x_wconf 89' lang='lat' dir='ltr'><strong>enim</strong></span> <span class='ocrx_word' id='word_1_188' title='bbox 2717 1143 2782 1184; x_wconf 87' lang='lat' dir='ltr'><strong>ex</strong></span> <span class='ocrx_word' id='word_1_189' title='bbox 2834 1144 2902 1185; x_wconf 83' lang='lat' dir='ltr'><strong>eo</strong></span> <span class='ocrx_word' id='word_1_190' title='bbox 2942 1129 3075 1187; x_wconf 90' lang='lat' dir='ltr'><strong>lucri</strong></span> <span class='ocrx_word' id='word_1_191' title='bbox 3104 1132 3384 1202; x_wconf 85' lang='lat' dir='ltr'><strong>accipitur,</strong></span> <span class='ocrx_word' id='word_1_192' title='bbox 3412 1134 3509 1189; x_wconf 90' lang='lat' dir='ltr'><strong>sed</strong></span> <span class='ocrx_word' id='word_1_193' title='bbox 3550 1150 3809 1206; x_wconf 84' lang='lat' dir='ltr'><strong>magnum</strong></span> <span class='ocrx_word' id='word_1_194' title='bbox 3843 1136 3928 1190; x_wconf 73' lang='grc' dir='ltr'><strong>ὼ·</strong></span> <span class='ocrx_word' id='word_1_195' title='bbox 3970 1122 3971 1181; x_wconf 74' lang='grc' dir='ltr'><strong><em>ἷ</em></strong></span> 
     </span>
    </p>
   </div>
   <div class='ocr_carea' id='block_1_27' title="bbox 2349 1210 3971 1301">
    <p class='ocr_par' dir='ltr' id='par_1_27' title="bbox 2349 1210 3971 1301">
     <span class='ocr_line' id='line_1_27' title="bbox 2349 1210 3971 1301; baseline 0.01 -34"><span class='ocrx_word' id='word_1_196' title='bbox 2349 1228 2534 1269; x_wconf 90' lang='lat' dir='ltr'><strong>mnum</strong></span> <span class='ocrx_word' id='word_1_197' title='bbox 2563 1236 2577 1272; x_wconf 77' lang='grc' dir='ltr'>ς</span> <span class='ocrx_word' id='word_1_198' title='bbox 2606 1227 2662 1273; x_wconf 90' lang='lat' dir='ltr'><strong>et</strong></span> <span class='ocrx_word' id='word_1_199' title='bbox 2687 1210 2839 1289; x_wconf 71' lang='lat' dir='ltr'><strong>grato</strong></span> <span class='ocrx_word' id='word_1_200' title='bbox 2866 1222 3037 1279; x_wconf 86' lang='lat' dir='ltr'><strong>simus</strong></span> <span class='ocrx_word' id='word_1_201' title='bbox 3063 1225 3244 1283; x_wconf 82' lang='lat' dir='ltr'><strong>animo</strong></span> <span class='ocrx_word' id='word_1_202' title='bbox 3273 1225 3327 1280; x_wconf 91' lang='lat' dir='ltr'><strong>in</strong></span> <span class='ocrx_word' id='word_1_203' title='bbox 3358 1233 3597 1280; x_wconf 78' lang='lat' dir='ltr'><strong>nostrum</strong></span> <span class='ocrx_word' id='word_1_204' title='bbox 3626 1227 3928 1292; x_wconf 70' lang='lat' dir='ltr'><strong>Domi-ms,</strong></span> <span class='ocrx_word' id='word_1_205' title='bbox 3970 1234 3971 1301; x_wconf 59' lang='grc' dir='ltr'>ξ</span> 
     </span>
    </p>
   </div>
   <div class='ocr_carea' id='block_1_28' title="bbox 2350 1303 3971 1383">
    <p class='ocr_par' dir='ltr' id='par_1_28' title="bbox 2350 1303 3971 1383">
     <span class='ocr_line' id='line_1_28' title="bbox 2350 1303 3971 1383; baseline 0.012 -28"><span class='ocrx_word' id='word_1_206' title='bbox 2350 1311 2405 1356; x_wconf 89' lang='lat' dir='ltr'><strong>et</strong></span> <span class='ocrx_word' id='word_1_207' title='bbox 2432 1303 2542 1359; x_wconf 90' lang='lat' dir='ltr'><strong>Deo</strong></span> <span class='ocrx_word' id='word_1_208' title='bbox 2567 1305 2793 1374; x_wconf 86' lang='lat' dir='ltr'><strong>gloriam</strong></span> <span class='ocrx_word' id='word_1_209' title='bbox 2814 1311 3141 1378; x_wconf 88' lang='lat' dir='ltr'><strong>emittamus,</strong></span> <span class='ocrx_word' id='word_1_210' title='bbox 3172 1323 3232 1369; x_wconf 91' lang='lat' dir='ltr'><strong>ut</strong></span> <span class='ocrx_word' id='word_1_211' title='bbox 3254 1328 3354 1383; x_wconf 88' lang='lat' dir='ltr'><strong>pro</strong></span> <span class='ocrx_word' id='word_1_212' title='bbox 3373 1314 3625 1370; x_wconf 89' lang='lat' dir='ltr'><strong>omnibus</strong></span> <span class='ocrx_word' id='word_1_213' title='bbox 3638 1313 3929 1383; x_wconf 69' lang='lat' dir='ltr'><strong>oﬂerentcs</strong></span> <span class='ocrx_word' id='word_1_214' title='bbox 3970 1312 3971 1375; x_wconf 55' lang='grc' dir='ltr'><em>ἐ</em></span> 
     </span>
    </p>
   </div>
   <div class='ocr_carea' id='block_1_29' title="bbox 2349 1390 3971 1475">
    <p class='ocr_par' dir='ltr' id='par_1_29' title="bbox 2349 1390 3971 1475">
     <span class='ocr_line' id='line_1_29' title="bbox 2349 1390 3971 1475; baseline 0.016 -32"><span class='ocrx_word' id='word_1_215' title='bbox 2349 1392 2643 1458; x_wconf 84' lang='lat' dir='ltr'><strong>gratiarum</strong></span> <span class='ocrx_word' id='word_1_216' title='bbox 2694 1399 2985 1465; x_wconf 91' lang='lat' dir='ltr'><strong>actionem,</strong></span> <span class='ocrx_word' id='word_1_217' title='bbox 3032 1402 3152 1471; x_wconf 82' lang='lat' dir='ltr'><strong>ejus</strong></span> <span class='ocrx_word' id='word_1_218' title='bbox 3198 1404 3566 1459; x_wconf 86' lang='lat' dir='ltr'><strong>misericordia</strong></span> <span class='ocrx_word' id='word_1_219' title='bbox 3614 1404 3927 1475; x_wconf 75' lang='lat' dir='ltr'><strong>dignemur.</strong></span> 
     </span>
    </p>
   </div>
   <div class='ocr_carea' id='block_1_30' title="bbox 2349 1480 3927 1559">
    <p class='ocr_par' dir='ltr' id='par_1_30' title="bbox 2349 1480 3927 1559">
     <span class='ocr_line' id='line_1_30' title="bbox 2349 1480 3927 1559; baseline 0.012 -28"><span class='ocrx_word' id='word_1_220' title='bbox 2349 1480 2521 1547; x_wconf 80' lang='lat' dir='ltr'><strong>gratia</strong></span> <span class='ocrx_word' id='word_1_221' title='bbox 2563 1490 2619 1536; x_wconf 89' lang='lat' dir='ltr'><strong>et</strong></span> <span class='ocrx_word' id='word_1_222' title='bbox 2664 1484 2991 1556; x_wconf 85' lang='lat' dir='ltr'><strong>benignitate</strong></span> <span class='ocrx_word' id='word_1_223' title='bbox 3037 1485 3245 1547; x_wconf 81' lang='lat' dir='ltr'><strong>Domini</strong></span> <span class='ocrx_word' id='word_1_224' title='bbox 3294 1493 3461 1548; x_wconf 83' lang='lat' dir='ltr'><strong>nostri</strong></span> <span class='ocrx_word' id='word_1_225' title='bbox 3516 1492 3644 1549; x_wconf 78' lang='lat' dir='ltr'><strong>Jesu</strong></span> <span class='ocrx_word' id='word_1_226' title='bbox 3694 1494 3927 1559; x_wconf 82' lang='lat' dir='ltr'><strong>Christi,</strong></span> 
     </span>
    </p>
   </div>
   <div class='ocr_carea' id='block_1_31' title="bbox 2351 1572 3971 1655">
    <p class='ocr_par' dir='ltr' id='par_1_31' title="bbox 2351 1572 3971 1655">
     <span class='ocr_line' id='line_1_31' title="bbox 2351 1572 3971 1655; baseline 0.01 -32"><span class='ocrx_word' id='word_1_227' title='bbox 2351 1582 2471 1626; x_wconf 89' lang='lat' dir='ltr'><strong>cum</strong></span> <span class='ocrx_word' id='word_1_228' title='bbox 2502 1586 2610 1640; x_wconf 90' lang='lat' dir='ltr'><strong>quo</strong></span> <span class='ocrx_word' id='word_1_229' title='bbox 2651 1572 2793 1631; x_wconf 84' lang='lat' dir='ltr'><strong>Patri</strong></span> <span class='ocrx_word' id='word_1_230' title='bbox 2826 1579 3090 1650; x_wconf 89' lang='lat' dir='ltr'><strong>simulque</strong></span> <span class='ocrx_word' id='word_1_231' title='bbox 3118 1595 3305 1636; x_wconf 86' lang='lat' dir='ltr'><strong>sancto</strong></span> <span class='ocrx_word' id='word_1_232' title='bbox 3345 1583 3566 1651; x_wconf 79' lang='lat' dir='ltr'><strong>Spiritui</strong></span> <span class='ocrx_word' id='word_1_233' title='bbox 3605 1586 3808 1655; x_wconf 83' lang='lat' dir='ltr'><strong>gloria,</strong></span> <span class='ocrx_word' id='word_1_234' title='bbox 3843 1588 3928 1639; x_wconf 80' lang='lat' dir='ltr'><strong>im-</strong></span> <span class='ocrx_word' id='word_1_235' title='bbox 3970 1636 3971 1651; x_wconf 25' lang='lat'>1</span> 
     </span>
    </p>
   </div>
   <div class='ocr_carea' id='block_1_32' title="bbox 2354 1658 3971 1742">
    <p class='ocr_par' dir='ltr' id='par_1_32' title="bbox 2354 1658 3971 1742">
     <span class='ocr_line' id='line_1_32' title="bbox 2354 1658 3971 1742; baseline 0.014 -32"><span class='ocrx_word' id='word_1_236' title='bbox 2354 1658 2584 1727; x_wconf 90' lang='lat' dir='ltr'><strong>perium,</strong></span> <span class='ocrx_word' id='word_1_237' title='bbox 2613 1660 2805 1733; x_wconf 87' lang='lat' dir='ltr'><strong>honor,</strong></span> <span class='ocrx_word' id='word_1_238' title='bbox 2835 1682 2978 1723; x_wconf 89' lang='lat' dir='ltr'><strong>nunc</strong></span> <span class='ocrx_word' id='word_1_239' title='bbox 3015 1679 3072 1725; x_wconf 89' lang='lat' dir='ltr'><strong>et</strong></span> <span class='ocrx_word' id='word_1_240' title='bbox 3112 1687 3346 1742; x_wconf 84' lang='lat' dir='ltr'><strong>semper,</strong></span> <span class='ocrx_word' id='word_1_241' title='bbox 3375 1683 3431 1728; x_wconf 91' lang='lat' dir='ltr'><strong>et</strong></span> <span class='ocrx_word' id='word_1_242' title='bbox 3457 1675 3512 1728; x_wconf 90' lang='lat' dir='ltr'><strong>in</strong></span> <span class='ocrx_word' id='word_1_243' title='bbox 3536 1676 3737 1730; x_wconf 67' lang='lat' dir='ltr'><strong>mula</strong></span> <span class='ocrx_word' id='word_1_244' title='bbox 3767 1691 3927 1730; x_wconf 83' lang='lat' dir='ltr'><strong>sa-cn-</strong></span> <span class='ocrx_word' id='word_1_245' title='bbox 3970 1674 3971 1705; x_wconf 64' lang='grc' dir='ltr'>ῖ</span> 
     </span>
    </p>
   </div>
   <div class='ocr_carea' id='block_1_33' title="bbox 2354 1748 2775 1813">
    <p class='ocr_par' dir='ltr' id='par_1_33' title="bbox 2354 1748 2775 1813">
     <span class='ocr_line' id='line_1_33' title="bbox 2354 1748 2775 1813; baseline 0.021 -9"><span class='ocrx_word' id='word_1_246' title='bbox 2354 1748 2551 1808; x_wconf 90' lang='lat' dir='ltr'><strong>lorum.</strong></span> <span class='ocrx_word' id='word_1_247' title='bbox 2583 1756 2775 1813; x_wconf 82' lang='lat' dir='ltr'><strong>Amen.</strong></span> 
     </span>
    </p>
   </div>
   <div class='ocr_carea' id='block_1_34' title="bbox 1923 1878 3924 1911">
    <p class='ocr_par' dir='ltr' id='par_1_34' title="bbox 1923 1878 3924 1911">
     <span class='ocr_line' id='line_1_34' title="bbox 1923 1878 3924 1911; baseline 0.005 -14"><span class='ocrx_word' id='word_1_248' title='bbox 1923 1878 3924 1911; x_wconf 57' lang='lat' dir='ltr'><strong>M-</strong></span> 
     </span>
    </p>
   </div>
   <div class='ocr_carea' id='block_1_35' title="bbox 2058 1950 2516 2018">
    <p class='ocr_par' dir='ltr' id='par_1_35' title="bbox 2058 1950 2516 2018">
     <span class='ocr_line' id='line_1_35' title="bbox 2058 1950 2516 2018; baseline 0.009 -6"><span class='ocrx_word' id='word_1_249' title='bbox 2058 1950 2403 2016; x_wconf 81' lang='lat' dir='ltr'><strong>HOMILIA</strong></span> <span class='ocrx_word' id='word_1_250' title='bbox 2439 1957 2516 2018; x_wconf 87' lang='lat' dir='ltr'><strong>V.</strong></span> 
     </span>
    </p>
   </div>
   <div class='ocr_carea' id='block_1_36' title="bbox 671 2096 2254 2172">
    <p class='ocr_par' dir='ltr' id='par_1_36' title="bbox 671 2096 2254 2172">
     <span class='ocr_line' id='line_1_36' title="bbox 671 2096 2254 2172; baseline -0.008 -12"><span class='ocrx_word' id='word_1_251' title='bbox 671 2105 782 2159; x_wconf 68' lang='lat' dir='ltr'><strong>Car</strong></span> <span class='ocrx_word' id='word_1_252' title='bbox 846 2106 898 2159; x_wconf 81' lang='lat' dir='ltr'><strong>l.</strong></span> <span class='ocrx_word' id='word_1_253' title='bbox 946 2120 997 2157; x_wconf 75' lang='grc' dir='ltr'><strong>ν.</strong></span> <span class='ocrx_word' id='word_1_254' title='bbox 1038 2104 1128 2157; x_wconf 75' lang='lat'><strong>26.</strong></span> <span class='ocrx_word' id='word_1_255' title='bbox 1173 2102 1493 2172; x_wconf 77' lang='lat' dir='ltr'><strong>Mysterium,</strong></span> <span class='ocrx_word' id='word_1_256' title='bbox 1535 2100 1672 2170; x_wconf 82' lang='lat' dir='ltr'><strong>quod</strong></span> <span class='ocrx_word' id='word_1_257' title='bbox 1709 2099 1808 2168; x_wconf 76' lang='lat' dir='ltr'><strong>fuit</strong></span> <span class='ocrx_word' id='word_1_258' title='bbox 1844 2096 2192 2151; x_wconf 74' lang='lat' dir='ltr'><strong>absconditum</strong></span> <span class='ocrx_word' id='word_1_259' title='bbox 2221 2113 2254 2149; x_wconf 88' lang='lat' dir='ltr'><strong>a</strong></span> 
     </span>
    </p>
   </div>
   <div class='ocr_carea' id='block_1_37' title="bbox 746 2187 2251 2265">
    <p class='ocr_par' dir='ltr' id='par_1_37' title="bbox 746 2187 2251 2265">
     <span class='ocr_line' id='line_1_37' title="bbox 746 2187 2251 2265; baseline -0.006 -17"><span class='ocrx_word' id='word_1_260' title='bbox 746 2194 944 2250; x_wconf 74' lang='lat' dir='ltr'><strong>sa&#39;culis</strong></span> <span class='ocrx_word' id='word_1_261' title='bbox 971 2204 1016 2248; x_wconf 92' lang='lat' dir='ltr'><strong>et</strong></span> <span class='ocrx_word' id='word_1_262' title='bbox 1044 2194 1472 2265; x_wconf 79' lang='lat' dir='ltr'><strong>generationibus,</strong></span> <span class='ocrx_word' id='word_1_263' title='bbox 1515 2206 1648 2244; x_wconf 88' lang='lat' dir='ltr'><strong>nunc</strong></span> <span class='ocrx_word' id='word_1_264' title='bbox 1682 2199 1850 2243; x_wconf 78' lang='lat' dir='ltr'><strong>autem</strong></span> <span class='ocrx_word' id='word_1_265' title='bbox 1874 2187 2251 2258; x_wconf 70' lang='lat' dir='ltr'><strong>nimifestatunt</strong></span> 
     </span>
    </p>
   </div>
   <div class='ocr_carea' id='block_1_38' title="bbox 744 2276 2254 2353">
    <p class='ocr_par' dir='ltr' id='par_1_38' title="bbox 744 2276 2254 2353">
     <span class='ocr_line' id='line_1_38' title="bbox 744 2276 2254 2353; baseline -0.007 -15"><span class='ocrx_word' id='word_1_266' title='bbox 744 2295 820 2338; x_wconf 82' lang='lat' dir='ltr'><strong>est</strong></span> <span class='ocrx_word' id='word_1_267' title='bbox 848 2284 1035 2338; x_wconf 77' lang='lat' dir='ltr'><strong>sanctis</strong></span> <span class='ocrx_word' id='word_1_268' title='bbox 1058 2284 1189 2353; x_wconf 84' lang='lat' dir='ltr'><strong>ejus,</strong></span> <span class='ocrx_word' id='word_1_269' title='bbox 1224 2281 1319 2336; x_wconf 77' lang='lat'><strong>‘27.</strong></span> <span class='ocrx_word' id='word_1_270' title='bbox 1349 2281 1527 2351; x_wconf 83' lang='lat' dir='ltr'><strong>quibus</strong></span> <span class='ocrx_word' id='word_1_271' title='bbox 1556 2279 1715 2334; x_wconf 77' lang='lat' dir='ltr'><strong>uoluit</strong></span> <span class='ocrx_word' id='word_1_272' title='bbox 1742 2276 1882 2331; x_wconf 83' lang='lat' dir='ltr'><strong>Deus</strong></span> <span class='ocrx_word' id='word_1_273' title='bbox 1912 2284 2057 2333; x_wconf 80' lang='lat' dir='ltr'><strong>notas</strong></span> <span class='ocrx_word' id='word_1_274' title='bbox 2088 2278 2254 2346; x_wconf 81' lang='lat' dir='ltr'><strong>[acere</strong></span> 
     </span>
    </p>
   </div>
   <div class='ocr_carea' id='block_1_39' title="bbox 741 2364 2253 2446">
    <p class='ocr_par' dir='ltr' id='par_1_39' title="bbox 741 2364 2253 2446">
     <span class='ocr_line' id='line_1_39' title="bbox 741 2364 2253 2446; baseline -0.009 -16"><span class='ocrx_word' id='word_1_275' title='bbox 741 2375 944 2431; x_wconf 71' lang='lat' dir='ltr'><strong>divitias</strong></span> <span class='ocrx_word' id='word_1_276' title='bbox 968 2375 1148 2446; x_wconf 61' lang='lat' dir='ltr'><strong>glorise</strong></span> <span class='ocrx_word' id='word_1_277' title='bbox 1171 2372 1472 2428; x_wconf 80' lang='lat' dir='ltr'><strong>sacramenti</strong></span> <span class='ocrx_word' id='word_1_278' title='bbox 1494 2371 1646 2441; x_wconf 80' lang='lat' dir='ltr'><strong>hujus</strong></span> <span class='ocrx_word' id='word_1_279' title='bbox 1666 2370 1719 2422; x_wconf 87' lang='lat' dir='ltr'><strong>in</strong></span> <span class='ocrx_word' id='word_1_280' title='bbox 1743 2366 1993 2439; x_wconf 76' lang='lat' dir='ltr'><strong>gentibus,</strong></span> <span class='ocrx_word' id='word_1_281' title='bbox 2018 2364 2154 2435; x_wconf 75' lang='lat' dir='ltr'><strong>quod</strong></span> <span class='ocrx_word' id='word_1_282' title='bbox 2179 2371 2253 2417; x_wconf 90' lang='lat' dir='ltr'><strong>est</strong></span> 
     </span>
    </p>
   </div>
   <div class='ocr_carea' id='block_1_40' title="bbox 745 2457 2247 2531">
    <p class='ocr_par' dir='ltr' id='par_1_40' title="bbox 745 2457 2247 2531">
     <span class='ocr_line' id='line_1_40' title="bbox 745 2457 2247 2531; baseline -0.01 -9"><span class='ocrx_word' id='word_1_283' title='bbox 745 2467 974 2522; x_wconf 83' lang='lat' dir='ltr'><strong>Christus</strong></span> <span class='ocrx_word' id='word_1_284' title='bbox 1000 2466 1053 2518; x_wconf 89' lang='lat' dir='ltr'><strong>in</strong></span> <span class='ocrx_word' id='word_1_285' title='bbox 1082 2465 1224 2517; x_wconf 88' lang='lat' dir='ltr'><strong>nobis</strong></span> <span class='ocrx_word' id='word_1_286' title='bbox 1248 2478 1362 2531; x_wconf 84' lang='lat' dir='ltr'><strong>spes</strong></span> <span class='ocrx_word' id='word_1_287' title='bbox 1390 2461 1571 2531; x_wconf 73' lang='lat' dir='ltr'><strong>gloria:</strong></span> <span class='ocrx_word' id='word_1_288' title='bbox 1597 2476 1617 2513; x_wconf 89' lang='lat'><strong><em>:</em></strong></span> <span class='ocrx_word' id='word_1_289' title='bbox 1640 2457 1730 2513; x_wconf 71' lang='lat'><strong>28.</strong></span> <span class='ocrx_word' id='word_1_290' title='bbox 1758 2473 1905 2528; x_wconf 78' lang='lat' dir='ltr'><strong>quem</strong></span> <span class='ocrx_word' id='word_1_291' title='bbox 1931 2471 2021 2510; x_wconf 75' lang='lat' dir='ltr'><strong>nos</strong></span> <span class='ocrx_word' id='word_1_292' title='bbox 2046 2468 2247 2509; x_wconf 76' lang='lat' dir='ltr'><strong>annun-</strong></span> 
     </span>
    </p>
   </div>
   <div class='ocr_carea' id='block_1_41' title="bbox 745 2544 2253 2624">
    <p class='ocr_par' dir='ltr' id='par_1_41' title="bbox 745 2544 2253 2624">
     <span class='ocr_line' id='line_1_41' title="bbox 745 2544 2253 2624; baseline -0.009 -15"><span class='ocrx_word' id='word_1_293' title='bbox 745 2558 947 2619; x_wconf 83' lang='lat' dir='ltr'><strong>tiamus,</strong></span> <span class='ocrx_word' id='word_1_294' title='bbox 993 2554 1321 2624; x_wconf 83' lang='lat' dir='ltr'><strong>corripientes</strong></span> <span class='ocrx_word' id='word_1_295' title='bbox 1368 2565 1564 2606; x_wconf 86' lang='lat' dir='ltr'><strong>omnem</strong></span> <span class='ocrx_word' id='word_1_296' title='bbox 1610 2548 1884 2611; x_wconf 83' lang='lat' dir='ltr'><strong>hominem,</strong></span> <span class='ocrx_word' id='word_1_297' title='bbox 1922 2553 1969 2599; x_wconf 79' lang='lat' dir='ltr'><strong>et</strong></span> <span class='ocrx_word' id='word_1_298' title='bbox 2020 2544 2253 2599; x_wconf 81' lang='lat' dir='ltr'><strong>docentes</strong></span> 
     </span>
    </p>
   </div>
   <div class='ocr_carea' id='block_1_42' title="bbox 743 2634 2252 2709">
    <p class='ocr_par' dir='ltr' id='par_1_42' title="bbox 743 2634 2252 2709">
     <span class='ocr_line' id='line_1_42' title="bbox 743 2634 2252 2709; baseline -0.011 -8"><span class='ocrx_word' id='word_1_299' title='bbox 743 2662 939 2701; x_wconf 82' lang='lat' dir='ltr'><strong>onmem</strong></span> <span class='ocrx_word' id='word_1_300' title='bbox 967 2646 1220 2699; x_wconf 85' lang='lat' dir='ltr'><strong>hominem</strong></span> <span class='ocrx_word' id='word_1_301' title='bbox 1263 2644 1314 2696; x_wconf 87' lang='lat' dir='ltr'><strong>in</strong></span> <span class='ocrx_word' id='word_1_302' title='bbox 1345 2642 1483 2696; x_wconf 87' lang='lat' dir='ltr'><strong>omni</strong></span> <span class='ocrx_word' id='word_1_303' title='bbox 1516 2640 1787 2709; x_wconf 83' lang='lat' dir='ltr'><strong>sapientia,</strong></span> <span class='ocrx_word' id='word_1_304' title='bbox 1831 2645 1885 2690; x_wconf 81' lang='lat' dir='ltr'><strong>ut</strong></span> <span class='ocrx_word' id='word_1_305' title='bbox 1931 2634 2252 2690; x_wconf 66' lang='lat' dir='ltr'><strong>exhibeamtts</strong></span> 
     </span>
    </p>
   </div>
   <div class='ocr_carea' id='block_1_43' title="bbox 741 2726 2000 2805">
    <p class='ocr_par' dir='ltr' id='par_1_43' title="bbox 741 2726 2000 2805">
     <span class='ocr_line' id='line_1_43' title="bbox 741 2726 2000 2805; baseline -0.01 -14"><span class='ocrx_word' id='word_1_306' title='bbox 741 2753 941 2791; x_wconf 81' lang='lat' dir='ltr'><strong>onmem</strong></span> <span class='ocrx_word' id='word_1_307' title='bbox 963 2736 1213 2790; x_wconf 79' lang='lat' dir='ltr'><strong>hominem</strong></span> <span class='ocrx_word' id='word_1_308' title='bbox 1235 2733 1516 2805; x_wconf 74' lang='lat' dir='ltr'><strong>perfectum</strong></span> <span class='ocrx_word' id='word_1_309' title='bbox 1542 2731 1596 2784; x_wconf 86' lang='lat' dir='ltr'><strong>in</strong></span> <span class='ocrx_word' id='word_1_310' title='bbox 1624 2728 1827 2785; x_wconf 80' lang='lat' dir='ltr'><strong>Christo</strong></span> <span class='ocrx_word' id='word_1_311' title='bbox 1854 2726 2000 2780; x_wconf 83' lang='lat' dir='ltr'><strong>Jcsu.</strong></span> 
     </span>
    </p>
   </div>
   <div class='ocr_carea' id='block_1_44' title="bbox 746 2816 2249 2892">
    <p class='ocr_par' dir='ltr' id='par_1_44' title="bbox 746 2816 2249 2892">
     <span class='ocr_line' id='line_1_44' title="bbox 746 2816 2249 2892; baseline -0.009 -11"><span class='ocrx_word' id='word_1_312' title='bbox 746 2828 799 2881; x_wconf 80' lang='lat' dir='ltr'><strong>l.</strong></span> <span class='ocrx_word' id='word_1_313' title='bbox 837 2825 971 2880; x_wconf 79' lang='lat' dir='ltr'><strong>Cum</strong></span> <span class='ocrx_word' id='word_1_314' title='bbox 1001 2824 1224 2879; x_wconf 74' lang='lat' dir='ltr'><strong>dixisset</strong></span> <span class='ocrx_word' id='word_1_315' title='bbox 1245 2838 1306 2878; x_wconf 87' lang='lat' dir='ltr'><strong>ea</strong></span> <span class='ocrx_word' id='word_1_316' title='bbox 1329 2837 1449 2892; x_wconf 72' lang='lat' dir='ltr'><strong>qum</strong></span> <span class='ocrx_word' id='word_1_317' title='bbox 1468 2834 1654 2875; x_wconf 90' lang='lat' dir='ltr'><strong>sumus</strong></span> <span class='ocrx_word' id='word_1_318' title='bbox 1673 2816 1966 2886; x_wconf 83' lang='lat' dir='ltr'><strong>assequuti,</strong></span> <span class='ocrx_word' id='word_1_319' title='bbox 1993 2825 2048 2870; x_wconf 75' lang='lat' dir='ltr'><strong>et</strong></span> <span class='ocrx_word' id='word_1_320' title='bbox 2069 2822 2249 2868; x_wconf 62' lang='lat' dir='ltr'><strong>osteno</strong></span> 
     </span>
    </p>
   </div>
   <div class='ocr_carea' id='block_1_45' title="bbox 672 2903 2254 2985">
    <p class='ocr_par' dir='ltr' id='par_1_45' title="bbox 672 2903 2254 2985">
     <span class='ocr_line' id='line_1_45' title="bbox 672 2903 2254 2985; baseline -0.009 -13"><span class='ocrx_word' id='word_1_321' title='bbox 672 2918 841 2972; x_wconf 87' lang='lat' dir='ltr'><strong>disset</strong></span> <span class='ocrx_word' id='word_1_322' title='bbox 870 2915 964 2970; x_wconf 88' lang='lat' dir='ltr'><strong>Dei</strong></span> <span class='ocrx_word' id='word_1_323' title='bbox 992 2913 1374 2985; x_wconf 81' lang='lat' dir='ltr'><strong>benignitatem</strong></span> <span class='ocrx_word' id='word_1_324' title='bbox 1403 2919 1458 2966; x_wconf 92' lang='lat' dir='ltr'><strong>ct</strong></span> <span class='ocrx_word' id='word_1_325' title='bbox 1486 2908 1770 2977; x_wconf 88' lang='lat' dir='ltr'><strong>honorem,</strong></span> <span class='ocrx_word' id='word_1_326' title='bbox 1796 2920 1863 2963; x_wconf 82' lang='lat' dir='ltr'><strong>ex</strong></span> <span class='ocrx_word' id='word_1_327' title='bbox 1889 2903 2254 2977; x_wconf 63' lang='lat' dir='ltr'><strong>magnitudine</strong></span> 
     </span>
    </p>
   </div>
   <div class='ocr_carea' id='block_1_46' title="bbox 673 2990 2247 3074">
    <p class='ocr_par' dir='ltr' id='par_1_46' title="bbox 673 2990 2247 3074">
     <span class='ocr_line' id='line_1_46' title="bbox 673 2990 2247 3074; baseline -0.011 -14"><span class='ocrx_word' id='word_1_328' title='bbox 673 3021 863 3060; x_wconf 81' lang='lat' dir='ltr'><strong>eorum</strong></span> <span class='ocrx_word' id='word_1_329' title='bbox 901 3019 1019 3074; x_wconf 83' lang='lat' dir='ltr'><strong>qua:</strong></span> <span class='ocrx_word' id='word_1_330' title='bbox 1056 3004 1179 3055; x_wconf 89' lang='lat' dir='ltr'><strong>data</strong></span> <span class='ocrx_word' id='word_1_331' title='bbox 1206 3011 1350 3063; x_wconf 90' lang='lat' dir='ltr'><strong>sunt,</strong></span> <span class='ocrx_word' id='word_1_332' title='bbox 1380 3012 1564 3053; x_wconf 80' lang='lat' dir='ltr'><strong>rursus</strong></span> <span class='ocrx_word' id='word_1_333' title='bbox 1586 2995 1803 3051; x_wconf 86' lang='lat' dir='ltr'><strong>adducit</strong></span> <span class='ocrx_word' id='word_1_334' title='bbox 1825 2993 1983 3049; x_wconf 86' lang='lat' dir='ltr'><strong>aliam</strong></span> <span class='ocrx_word' id='word_1_335' title='bbox 2008 2990 2247 3061; x_wconf 80' lang='lat' dir='ltr'><strong>atnpliti-</strong></span> 
     </span>
    </p>
   </div>
   <div class='ocr_carea' id='block_1_47' title="bbox 672 3081 2248 3159">
    <p class='ocr_par' dir='ltr' id='par_1_47' title="bbox 672 3081 2248 3159">
     <span class='ocr_line' id='line_1_47' title="bbox 672 3081 2248 3159; baseline -0.011 -10"><span class='ocrx_word' id='word_1_336' title='bbox 672 3096 962 3159; x_wconf 88' lang='lat' dir='ltr'><strong>cationem,</strong></span> <span class='ocrx_word' id='word_1_337' title='bbox 997 3106 1190 3158; x_wconf 89' lang='lat' dir='ltr'><strong>nempe</strong></span> <span class='ocrx_word' id='word_1_338' title='bbox 1228 3089 1371 3159; x_wconf 87' lang='lat' dir='ltr'><strong>quod</strong></span> <span class='ocrx_word' id='word_1_339' title='bbox 1418 3102 1518 3142; x_wconf 89' lang='lat' dir='ltr'><strong>nec</strong></span> <span class='ocrx_word' id='word_1_340' title='bbox 1545 3095 1671 3140; x_wconf 87' lang='lat' dir='ltr'><strong>ante</strong></span> <span class='ocrx_word' id='word_1_341' title='bbox 1698 3098 1796 3139; x_wconf 90' lang='lat' dir='ltr'><strong>nos</strong></span> <span class='ocrx_word' id='word_1_342' title='bbox 1834 3081 2099 3152; x_wconf 80' lang='lat' dir='ltr'><strong>quispiam</strong></span> <span class='ocrx_word' id='word_1_343' title='bbox 2125 3094 2248 3135; x_wconf 90' lang='lat' dir='ltr'><strong>eum</strong></span> 
     </span>
    </p>
   </div>
   <div class='ocr_carea' id='block_1_48' title="bbox 675 3169 2248 3250">
    <p class='ocr_par' dir='ltr' id='par_1_48' title="bbox 675 3169 2248 3250">
     <span class='ocr_line' id='line_1_48' title="bbox 675 3169 2248 3250; baseline -0.011 -11"><span class='ocrx_word' id='word_1_344' title='bbox 675 3186 841 3240; x_wconf 84' lang='lat' dir='ltr'><strong>novit.</strong></span> <span class='ocrx_word' id='word_1_345' title='bbox 874 3182 1025 3250; x_wconf 83' lang='lat' dir='ltr'><strong>Quod</strong></span> <span class='ocrx_word' id='word_1_346' title='bbox 1050 3182 1212 3236; x_wconf 89' lang='lat' dir='ltr'><strong>etiam</strong></span> <span class='ocrx_word' id='word_1_347' title='bbox 1243 3180 1368 3233; x_wconf 79' lang='lat' dir='ltr'><strong>facit</strong></span> <span class='ocrx_word' id='word_1_348' title='bbox 1393 3177 1446 3233; x_wconf 91' lang='lat' dir='ltr'><strong>in</strong></span> <span class='ocrx_word' id='word_1_349' title='bbox 1482 3176 1719 3246; x_wconf 84' lang='lat' dir='ltr'><strong>Epistula</strong></span> <span class='ocrx_word' id='word_1_350' title='bbox 1747 3172 1816 3228; x_wconf 91' lang='lat' dir='ltr'><strong>ad</strong></span> <span class='ocrx_word' id='word_1_351' title='bbox 1849 3171 2131 3243; x_wconf 87' lang='lat' dir='ltr'><strong>Ephesios.</strong></span> <span class='ocrx_word' id='word_1_352' title='bbox 2171 3169 2248 3223; x_wconf 91' lang='lat' dir='ltr'><strong>di-</strong></span> 
     </span>
    </p>
   </div>
   <div class='ocr_carea' id='block_1_49' title="bbox 674 3259 2251 3343">
    <p class='ocr_par' dir='ltr' id='par_1_49' title="bbox 674 3259 2251 3343">
     <span class='ocr_line' id='line_1_49' title="bbox 674 3259 2251 3343; baseline -0.01 -17"><span class='ocrx_word' id='word_1_353' title='bbox 674 3288 805 3329; x_wconf 75' lang='lat' dir='ltr'><strong>cens</strong></span> <span class='ocrx_word' id='word_1_354' title='bbox 833 3292 846 3328; x_wconf 91' lang='lat'>:</span> <span class='ocrx_word' id='word_1_355' title='bbox 874 3273 1057 3343; x_wconf 83' lang='lat' dir='ltr'><strong>Neque</strong></span> <span class='ocrx_word' id='word_1_356' title='bbox 1088 3268 1282 3339; x_wconf 85' lang='lat' dir='ltr'><strong>angeli,</strong></span> <span class='ocrx_word' id='word_1_357' title='bbox 1322 3282 1495 3338; x_wconf 86' lang='lat' dir='ltr'><strong>neque</strong></span> <span class='ocrx_word' id='word_1_358' title='bbox 1540 3265 1894 3334; x_wconf 80' lang='lat' dir='ltr'><strong>Principatus,</strong></span> <span class='ocrx_word' id='word_1_359' title='bbox 1934 3274 2107 3331; x_wconf 75' lang='lat' dir='ltr'><strong>neque</strong></span> <span class='ocrx_word' id='word_1_360' title='bbox 2146 3259 2251 3313; x_wconf 91' lang='lat' dir='ltr'><strong>ulla</strong></span> 
     </span>
    </p>
   </div>
   <div class='ocr_carea' id='block_1_50' title="bbox 674 3349 2249 3426">
    <p class='ocr_par' dir='ltr' id='par_1_50' title="bbox 674 3349 2249 3426">
     <span class='ocr_line' id='line_1_50' title="bbox 674 3349 2249 3426; baseline -0.01 -9"><span class='ocrx_word' id='word_1_361' title='bbox 674 3366 780 3419; x_wconf 79' lang='lat' dir='ltr'><strong>alia</strong></span> <span class='ocrx_word' id='word_1_362' title='bbox 810 3372 986 3418; x_wconf 83' lang='lat' dir='ltr'><strong>creata</strong></span> <span class='ocrx_word' id='word_1_363' title='bbox 1016 3362 1204 3426; x_wconf 86' lang='lat' dir='ltr'><strong>virtus,</strong></span> <span class='ocrx_word' id='word_1_364' title='bbox 1233 3359 1326 3411; x_wconf 86' lang='lat' dir='ltr'><strong>sed</strong></span> <span class='ocrx_word' id='word_1_365' title='bbox 1355 3359 1501 3412; x_wconf 87' lang='lat' dir='ltr'><strong>solus</strong></span> <span class='ocrx_word' id='word_1_366' title='bbox 1541 3356 1636 3411; x_wconf 86' lang='lat' dir='ltr'><strong>Dei</strong></span> <span class='ocrx_word' id='word_1_367' title='bbox 1661 3354 1827 3410; x_wconf 80' lang='lat' dir='ltr'><strong>Filius</strong></span> <span class='ocrx_word' id='word_1_368' title='bbox 1856 3351 2004 3407; x_wconf 71' lang='lat' dir='ltr'><strong>norit</strong></span> <span class='ocrx_word' id='word_1_369' title='bbox 2030 3349 2249 3422; x_wconf 79' lang='lat' dir='ltr'><strong>(Ephes.</strong></span> 
     </span>
    </p>
   </div>
   <div class='ocr_carea' id='block_1_51' title="bbox 675 3441 2251 3522">
    <p class='ocr_par' dir='ltr' id='par_1_51' title="bbox 675 3441 2251 3522">
     <span class='ocr_line' id='line_1_51' title="bbox 675 3441 2251 3522; baseline -0.01 -12"><span class='ocrx_word' id='word_1_370' title='bbox 675 3457 727 3510; x_wconf 82' lang='lat'><strong>&#39;5.</strong></span> <span class='ocrx_word' id='word_1_371' title='bbox 761 3455 837 3522; x_wconf 76' lang='lat'><strong>5).</strong></span> <span class='ocrx_word' id='word_1_372' title='bbox 870 3453 993 3507; x_wconf 89' lang='lat' dir='ltr'><strong>Ideo</strong></span> <span class='ocrx_word' id='word_1_373' title='bbox 1027 3466 1131 3505; x_wconf 90' lang='lat' dir='ltr'><strong>non</strong></span> <span class='ocrx_word' id='word_1_374' title='bbox 1162 3449 1334 3503; x_wconf 79' lang='lat' dir='ltr'><strong>soluat</strong></span> <span class='ocrx_word' id='word_1_375' title='bbox 1373 3447 1530 3513; x_wconf 89' lang='lat' dir='ltr'><strong>dixit,</strong></span> <span class='ocrx_word' id='word_1_376' title='bbox 1577 3445 1887 3512; x_wconf 86' lang='lat' dir='ltr'><strong>Conditum,</strong></span> <span class='ocrx_word' id='word_1_377' title='bbox 1928 3441 2026 3497; x_wconf 84' lang='lat' dir='ltr'><strong>sed</strong></span> <span class='ocrx_word' id='word_1_378' title='bbox 2066 3441 2251 3507; x_wconf 88' lang='lat' dir='ltr'><strong>etiam,</strong></span> 
     </span>
    </p>
   </div>
   <div class='ocr_carea' id='block_1_52' title="bbox 676 3531 2255 3609">
    <p class='ocr_par' dir='ltr' id='par_1_52' title="bbox 676 3531 2255 3609">
     <span class='ocr_line' id='line_1_52' title="bbox 676 3531 2255 3609; baseline -0.006 -13"><span class='ocrx_word' id='word_1_379' title='bbox 676 3542 1079 3602; x_wconf 79' lang='lat' dir='ltr'><strong>Absconditttm;</strong></span> <span class='ocrx_word' id='word_1_380' title='bbox 1106 3547 1161 3594; x_wconf 89' lang='lat' dir='ltr'><strong>et</strong></span> <span class='ocrx_word' id='word_1_381' title='bbox 1191 3537 1329 3609; x_wconf 88' lang='lat' dir='ltr'><strong>quod</strong></span> <span class='ocrx_word' id='word_1_382' title='bbox 1359 3536 1571 3592; x_wconf 87' lang='lat' dir='ltr'><strong>etiamsi</strong></span> <span class='ocrx_word' id='word_1_383' title='bbox 1611 3549 1754 3591; x_wconf 91' lang='lat' dir='ltr'><strong>nunc</strong></span> <span class='ocrx_word' id='word_1_384' title='bbox 1790 3533 1989 3589; x_wconf 79' lang='lat' dir='ltr'><strong>factum</strong></span> <span class='ocrx_word' id='word_1_385' title='bbox 2030 3531 2125 3599; x_wconf 90' lang='lat' dir='ltr'><strong>sit,</strong></span> <span class='ocrx_word' id='word_1_386' title='bbox 2169 3540 2255 3587; x_wconf 88' lang='lat' dir='ltr'><strong>est</strong></span> 
     </span>
    </p>
   </div>
   <div class='ocr_carea' id='block_1_53' title="bbox 679 3620 2250 3696">
    <p class='ocr_par' dir='ltr' id='par_1_53' title="bbox 679 3620 2250 3696">
     <span class='ocr_line' id='line_1_53' title="bbox 679 3620 2250 3696; baseline -0.006 -12"><span class='ocrx_word' id='word_1_387' title='bbox 679 3644 856 3685; x_wconf 80' lang='lat' dir='ltr'><strong>tamen</strong></span> <span class='ocrx_word' id='word_1_388' title='bbox 884 3637 1071 3693; x_wconf 88' lang='lat' dir='ltr'><strong>vetus;</strong></span> <span class='ocrx_word' id='word_1_389' title='bbox 1115 3638 1169 3683; x_wconf 87' lang='lat' dir='ltr'><strong>et</strong></span> <span class='ocrx_word' id='word_1_390' title='bbox 1209 3625 1349 3696; x_wconf 89' lang='lat' dir='ltr'><strong>quod</strong></span> <span class='ocrx_word' id='word_1_391' title='bbox 1380 3625 1520 3679; x_wconf 85' lang='lat' dir='ltr'><strong>Dens</strong></span> <span class='ocrx_word' id='word_1_392' title='bbox 1555 3622 1670 3678; x_wconf 75' lang='lat' dir='ltr'><strong>lucc</strong></span> <span class='ocrx_word' id='word_1_393' title='bbox 1709 3622 1778 3678; x_wconf 89' lang='lat' dir='ltr'><strong>ab</strong></span> <span class='ocrx_word' id='word_1_394' title='bbox 1824 3622 1976 3678; x_wconf 88' lang='lat' dir='ltr'><strong>initio</strong></span> <span class='ocrx_word' id='word_1_395' title='bbox 2017 3620 2250 3681; x_wconf 74' lang='lat' dir='ltr'><strong>volebat.</strong></span> 
     </span>
    </p>
   </div>
   <div class='ocr_carea' id='block_1_54' title="bbox 678 3711 2251 3782">
    <p class='ocr_par' dir='ltr' id='par_1_54' title="bbox 678 3711 2251 3782">
     <span class='ocr_line' id='line_1_54' title="bbox 678 3711 2251 3782; baseline -0.008 -5"><span class='ocrx_word' id='word_1_396' title='bbox 678 3736 726 3777; x_wconf 64' lang='lat' dir='ltr'><strong>et.</strong></span> <span class='ocrx_word' id='word_1_397' title='bbox 756 3722 835 3775; x_wconf 81' lang='lat' dir='ltr'><strong>sic</strong></span> <span class='ocrx_word' id='word_1_398' title='bbox 860 3728 974 3774; x_wconf 87' lang='lat' dir='ltr'><strong>erat</strong></span> <span class='ocrx_word' id='word_1_399' title='bbox 997 3718 1340 3773; x_wconf 81' lang='lat' dir='ltr'><strong>constitutum</strong></span> <span class='ocrx_word' id='word_1_400' title='bbox 1363 3734 1378 3782; x_wconf 88' lang='lat'><strong>;</strong></span> <span class='ocrx_word' id='word_1_401' title='bbox 1403 3729 1497 3769; x_wconf 88' lang='lat' dir='ltr'><strong>cur</strong></span> <span class='ocrx_word' id='word_1_402' title='bbox 1526 3723 1725 3781; x_wconf 86' lang='lat' dir='ltr'><strong>autem,</strong></span> <span class='ocrx_word' id='word_1_403' title='bbox 1752 3712 1988 3767; x_wconf 91' lang='lat' dir='ltr'><strong>nondum</strong></span> <span class='ocrx_word' id='word_1_404' title='bbox 2027 3711 2177 3768; x_wconf 81' lang='lat' dir='ltr'><strong>dicit.</strong></span> <span class='ocrx_word' id='word_1_405' title='bbox 2209 3713 2251 3764; x_wconf 83' lang='grc' dir='ltr'><em>Α</em></span> 
     </span>
    </p>
   </div>
   <div class='ocr_carea' id='block_1_55' title="bbox 677 3802 2255 3877">
    <p class='ocr_par' dir='ltr' id='par_1_55' title="bbox 677 3802 2255 3877">
     <span class='ocr_line' id='line_1_55' title="bbox 677 3802 2255 3877; baseline -0.007 -15"><span class='ocrx_word' id='word_1_406' title='bbox 677 3809 896 3875; x_wconf 63' lang='lat' dir='ltr'><strong>mentis,</strong></span> <span class='ocrx_word' id='word_1_407' title='bbox 944 3808 1135 3877; x_wconf 84' lang='lat' dir='ltr'><strong>inquit,</strong></span> <span class='ocrx_word' id='word_1_408' title='bbox 1185 3806 1245 3860; x_wconf 84' lang='lat' dir='ltr'><strong>ab</strong></span> <span class='ocrx_word' id='word_1_409' title='bbox 1286 3804 1445 3858; x_wconf 79' lang='lat' dir='ltr'><strong>initio.</strong></span> <span class='ocrx_word' id='word_1_410' title='bbox 1488 3804 1554 3857; x_wconf 82' lang='lat' dir='ltr'><strong>Et</strong></span> <span class='ocrx_word' id='word_1_411' title='bbox 1592 3803 1902 3874; x_wconf 74' lang='lat' dir='ltr'><strong>mysterium</strong></span> <span class='ocrx_word' id='word_1_412' title='bbox 1942 3802 2066 3872; x_wconf 75' lang='lat' dir='ltr'><strong>jure</strong></span> <span class='ocrx_word' id='word_1_413' title='bbox 2101 3809 2255 3855; x_wconf 85' lang='lat' dir='ltr'><strong>vocat</strong></span> 
     </span>
    </p>
   </div>
   <div class='ocr_carea' id='block_1_56' title="bbox 677 3891 2256 3968">
    <p class='ocr_par' dir='ltr' id='par_1_56' title="bbox 677 3891 2256 3968">
     <span class='ocr_line' id='line_1_56' title="bbox 677 3891 2256 3968; baseline -0.008 -13"><span class='ocrx_word' id='word_1_414' title='bbox 677 3901 815 3968; x_wconf 64' lang='lat' dir='ltr'><strong>mind</strong></span> <span class='ocrx_word' id='word_1_415' title='bbox 844 3914 1001 3954; x_wconf 87' lang='lat' dir='ltr'><strong>nemo</strong></span> <span class='ocrx_word' id='word_1_416' title='bbox 1028 3906 1247 3952; x_wconf 80' lang='lat' dir='ltr'><strong>noverat</strong></span> <span class='ocrx_word' id='word_1_417' title='bbox 1278 3898 1376 3951; x_wconf 76' lang='lat' dir='ltr'><strong>nisi</strong></span> <span class='ocrx_word' id='word_1_418' title='bbox 1416 3897 1576 3950; x_wconf 82' lang='lat' dir='ltr'><strong>Deus.</strong></span> <span class='ocrx_word' id='word_1_419' title='bbox 1617 3894 1680 3949; x_wconf 83' lang='lat' dir='ltr'><strong>Et</strong></span> <span class='ocrx_word' id='word_1_420' title='bbox 1710 3894 1798 3949; x_wconf 90' lang='lat' dir='ltr'><strong>ubi</strong></span> <span class='ocrx_word' id='word_1_421' title='bbox 1840 3891 2256 3949; x_wconf 77' lang='lat' dir='ltr'><strong>absconditum?</strong></span> 
     </span>
    </p>
   </div>
   <div class='ocr_carea' id='block_1_57' title="bbox 678 3981 2247 4056">
    <p class='ocr_par' dir='ltr' id='par_1_57' title="bbox 678 3981 2247 4056">
     <span class='ocr_line' id='line_1_57' title="bbox 678 3981 2247 4056; baseline -0.005 -12"><span class='ocrx_word' id='word_1_422' title='bbox 678 3991 745 4044; x_wconf 80' lang='lat' dir='ltr'><strong>In</strong></span> <span class='ocrx_word' id='word_1_423' title='bbox 774 3991 971 4044; x_wconf 81' lang='lat' dir='ltr'><strong>Christo</strong></span> <span class='ocrx_word' id='word_1_424' title='bbox 1002 4006 1020 4042; x_wconf 86' lang='lat'><strong>.&#39;</strong></span> <span class='ocrx_word' id='word_1_425' title='bbox 1049 3990 1188 4043; x_wconf 77' lang='lat' dir='ltr'><strong>sicut</strong></span> <span class='ocrx_word' id='word_1_426' title='bbox 1215 3988 1344 4042; x_wconf 80' lang='lat' dir='ltr'><strong>dicit</strong></span> <span class='ocrx_word' id='word_1_427' title='bbox 1375 3987 1607 4056; x_wconf 73' lang='lat' dir='ltr'><strong>Epistula</strong></span> <span class='ocrx_word' id='word_1_428' title='bbox 1635 3984 1699 4039; x_wconf 89' lang='lat' dir='ltr'><strong>ad</strong></span> <span class='ocrx_word' id='word_1_429' title='bbox 1728 3986 1991 4055; x_wconf 81' lang='lat' dir='ltr'><strong>Ephesios</strong></span> <span class='ocrx_word' id='word_1_430' title='bbox 2029 3981 2247 4056; x_wconf 73' lang='lat' dir='ltr'><strong>(Ep/tes.</strong></span> 
     </span>
    </p>
   </div>
   <div class='ocr_carea' id='block_1_58' title="bbox 675 4077 2253 4154">
    <p class='ocr_par' dir='ltr' id='par_1_58' title="bbox 675 4077 2253 4154">
     <span class='ocr_line' id='line_1_58' title="bbox 675 4077 2253 4154; baseline -0.006 -17"><span class='ocrx_word' id='word_1_431' title='bbox 675 4088 733 4140; x_wconf 79' lang='lat'><strong>&#39;.&#39;-.</strong></span> <span class='ocrx_word' id='word_1_432' title='bbox 754 4082 814 4154; x_wconf 87' lang='lat'><strong>9)</strong></span> <span class='ocrx_word' id='word_1_433' title='bbox 839 4100 853 4147; x_wconf 95' lang='lat'><strong>;</strong></span> <span class='ocrx_word' id='word_1_434' title='bbox 883 4092 973 4137; x_wconf 87' lang='lat' dir='ltr'><strong>aut</strong></span> <span class='ocrx_word' id='word_1_435' title='bbox 999 4083 1135 4136; x_wconf 84' lang='lat' dir='ltr'><strong>sicut</strong></span> <span class='ocrx_word' id='word_1_436' title='bbox 1170 4080 1381 4150; x_wconf 77' lang='lat' dir='ltr'><strong>quando</strong></span> <span class='ocrx_word' id='word_1_437' title='bbox 1410 4080 1539 4133; x_wconf 74' lang='lat' dir='ltr'><strong>dicit</strong></span> <span class='ocrx_word' id='word_1_438' title='bbox 1580 4077 1837 4150; x_wconf 77' lang='lat' dir='ltr'><strong>propheta</strong></span> <span class='ocrx_word' id='word_1_439' title='bbox 1869 4099 1881 4134; x_wconf 89' lang='lat'>:</span> <span class='ocrx_word' id='word_1_440' title='bbox 1910 4079 1954 4130; x_wconf 77' lang='grc' dir='ltr'><em>Α</em></span> <span class='ocrx_word' id='word_1_441' title='bbox 1990 4077 2180 4131; x_wconf 75' lang='lat' dir='ltr'><strong>sa&#39;culo</strong></span> <span class='ocrx_word' id='word_1_442' title='bbox 2205 4085 2253 4129; x_wconf 84' lang='lat' dir='ltr'><strong>et</strong></span> 
     </span>
    </p>
   </div>
   <div class='ocr_carea' id='block_1_59' title="bbox 676 4156 2249 4240">
    <p class='ocr_par' dir='ltr' id='par_1_59' title="bbox 676 4156 2249 4240">
     <span class='ocr_line' id='line_1_59' title="bbox 676 4156 2249 4240; baseline -0.003 -18"><span class='ocrx_word' id='word_1_443' title='bbox 676 4188 831 4240; x_wconf 63' lang='lat' dir='ltr'><strong>usque</strong></span> <span class='ocrx_word' id='word_1_444' title='bbox 858 4173 908 4224; x_wconf 89' lang='lat' dir='ltr'><strong>in</strong></span> <span class='ocrx_word' id='word_1_445' title='bbox 937 4171 1176 4225; x_wconf 74' lang='lat' dir='ltr'><strong>swculum</strong></span> <span class='ocrx_word' id='word_1_446' title='bbox 1201 4179 1251 4221; x_wconf 87' lang='lat' dir='ltr'><strong>tu</strong></span> <span class='ocrx_word' id='word_1_447' title='bbox 1284 4186 1334 4222; x_wconf 75' lang='lat' dir='ltr'><strong>es</strong></span> <span class='ocrx_word' id='word_1_448' title='bbox 1365 4166 1531 4238; x_wconf 80' lang='lat' dir='ltr'><strong>(Psat.</strong></span> <span class='ocrx_word' id='word_1_449' title='bbox 1556 4167 1642 4221; x_wconf 81' lang='lat'><strong>89.</strong></span> <span class='ocrx_word' id='word_1_450' title='bbox 1669 4168 1747 4235; x_wconf 78' lang='lat'><strong>9.).</strong></span> <span class='ocrx_word' id='word_1_451' title='bbox 1777 4156 1927 4219; x_wconf 76' lang='lat' dir='ltr'><strong>Nunc</strong></span> <span class='ocrx_word' id='word_1_452' title='bbox 1946 4178 2118 4220; x_wconf 80' lang='lat' dir='ltr'><strong>autem</strong></span> <span class='ocrx_word' id='word_1_453' title='bbox 2136 4181 2249 4217; x_wconf 84' lang='lat' dir='ltr'><strong>nta-</strong></span> 
     </span>
    </p>
   </div>
   <div class='ocr_carea' id='block_1_60' title="bbox 680 4256 2249 4334">
    <p class='ocr_par' dir='ltr' id='par_1_60' title="bbox 680 4256 2249 4334">
     <span class='ocr_line' id='line_1_60' title="bbox 680 4256 2249 4334; baseline -0.005 -18"><span class='ocrx_word' id='word_1_454' title='bbox 680 4266 965 4334; x_wconf 73' lang='lat' dir='ltr'><strong>nifestatum</strong></span> <span class='ocrx_word' id='word_1_455' title='bbox 992 4272 1065 4314; x_wconf 79' lang='lat' dir='ltr'><strong>est</strong></span> <span class='ocrx_word' id='word_1_456' title='bbox 1087 4261 1268 4315; x_wconf 72' lang='lat' dir='ltr'><strong>sarictis</strong></span> <span class='ocrx_word' id='word_1_457' title='bbox 1298 4261 1423 4329; x_wconf 71' lang='lat' dir='ltr'><strong>ejus,</strong></span> <span class='ocrx_word' id='word_1_458' title='bbox 1464 4258 1650 4327; x_wconf 78' lang='lat' dir='ltr'><strong>inquit.</strong></span> <span class='ocrx_word' id='word_1_459' title='bbox 1680 4256 2037 4325; x_wconf 83' lang='lat' dir='ltr'><strong>Quamobrem</strong></span> <span class='ocrx_word' id='word_1_460' title='bbox 2074 4263 2249 4312; x_wconf 79' lang='lat' dir='ltr'><strong>totum</strong></span> 
     </span>
    </p>
   </div>
   <div class='ocr_carea' id='block_1_61' title="bbox 678 4349 2247 4422">
    <p class='ocr_par' dir='ltr' id='par_1_61' title="bbox 678 4349 2247 4422">
     <span class='ocr_line' id='line_1_61' title="bbox 678 4349 2247 4422; baseline -0.003 -16"><span class='ocrx_word' id='word_1_461' title='bbox 678 4364 757 4406; x_wconf 51' lang='lat' dir='ltr'><strong>est</strong></span> <span class='ocrx_word' id='word_1_462' title='bbox 785 4354 877 4408; x_wconf 68' lang='lat' dir='ltr'><strong>Dei</strong></span> <span class='ocrx_word' id='word_1_463' title='bbox 907 4352 1333 4422; x_wconf 70' lang='lat' dir='ltr'><strong>di3pens:itiottis.</strong></span> <span class='ocrx_word' id='word_1_464' title='bbox 1368 4349 1517 4403; x_wconf 60' lang='lat' dir='ltr'><strong>Nunc</strong></span> <span class='ocrx_word' id='word_1_465' title='bbox 1549 4361 1713 4404; x_wconf 73' lang='lat' dir='ltr'><strong>autem</strong></span> <span class='ocrx_word' id='word_1_466' title='bbox 1740 4351 2121 4421; x_wconf 75' lang='lat' dir='ltr'><strong>manifestatum</strong></span> <span class='ocrx_word' id='word_1_467' title='bbox 2153 4357 2247 4413; x_wconf 79' lang='lat' dir='ltr'><strong>est,</strong></span> 
     </span>
    </p>
   </div>
   <div class='ocr_carea' id='block_1_62' title="bbox 679 4436 2250 4512">
    <p class='ocr_par' dir='ltr' id='par_1_62' title="bbox 679 4436 2250 4512">
     <span class='ocr_line' id='line_1_62' title="bbox 679 4436 2250 4512; baseline -0.003 -19"><span class='ocrx_word' id='word_1_468' title='bbox 679 4443 866 4512; x_wconf 79' lang='lat' dir='ltr'><strong>inquit.</strong></span> <span class='ocrx_word' id='word_1_469' title='bbox 901 4442 1011 4496; x_wconf 66' lang='lat' dir='ltr'><strong>Non</strong></span> <span class='ocrx_word' id='word_1_470' title='bbox 1040 4441 1189 4502; x_wconf 69' lang='lat' dir='ltr'><strong>dix&#39;t,</strong></span> <span class='ocrx_word' id='word_1_471' title='bbox 1225 4440 1442 4493; x_wconf 49' lang='lat' dir='ltr'><strong>Factum</strong></span> <span class='ocrx_word' id='word_1_472' title='bbox 1482 4450 1579 4497; x_wconf 68' lang='lat' dir='ltr'><strong>est,</strong></span> <span class='ocrx_word' id='word_1_473' title='bbox 1616 4439 1729 4503; x_wconf 72' lang='lat' dir='ltr'><strong>sed,</strong></span> <span class='ocrx_word' id='word_1_474' title='bbox 1764 4436 2150 4509; x_wconf 71' lang='lat' dir='ltr'><strong>.‘linnifestatt&#39;tm</strong></span> <span class='ocrx_word' id='word_1_475' title='bbox 2179 4448 2250 4490; x_wconf 72' lang='lat' dir='ltr'><strong>est</strong></span> 
     </span>
    </p>
   </div>
   <div class='ocr_carea' id='block_1_63' title="bbox 677 4529 2246 4601">
    <p class='ocr_par' dir='ltr' id='par_1_63' title="bbox 677 4529 2246 4601">
     <span class='ocr_line' id='line_1_63' title="bbox 677 4529 2246 4601; baseline -0.003 -16"><span class='ocrx_word' id='word_1_476' title='bbox 677 4534 863 4585; x_wconf 71' lang='grc' dir='ltr'><strong>,ςιιησιὶε</strong></span> <span class='ocrx_word' id='word_1_477' title='bbox 890 4532 1016 4601; x_wconf 71' lang='lat' dir='ltr'><strong>cjas.</strong></span> <span class='ocrx_word' id='word_1_478' title='bbox 1060 4532 1239 4598; x_wconf 71' lang='lat' dir='ltr'><strong>Itaspxe</strong></span> <span class='ocrx_word' id='word_1_479' title='bbox 1266 4546 1407 4585; x_wconf 80' lang='lat' dir='ltr'><strong>nunc</strong></span> <span class='ocrx_word' id='word_1_480' title='bbox 1435 4547 1639 4600; x_wconf 67' lang='lat' dir='ltr'><strong>quoque</strong></span> <span class='ocrx_word' id='word_1_481' title='bbox 1671 4529 1843 4585; x_wconf 86' lang='lat' dir='ltr'><strong>adhuc</strong></span> <span class='ocrx_word' id='word_1_482' title='bbox 1879 4529 2246 4595; x_wconf 74' lang='lat' dir='ltr'><strong>absconditur,</strong></span> 
     </span>
    </p>
   </div>
   <div class='ocr_carea' id='block_1_64' title="bbox 678 4619 2249 4692">
    <p class='ocr_par' dir='ltr' id='par_1_64' title="bbox 678 4619 2249 4692">
     <span class='ocr_line' id='line_1_64' title="bbox 678 4619 2249 4692; baseline -0.003 -19"><span class='ocrx_word' id='word_1_483' title='bbox 678 4622 936 4692; x_wconf 56' lang='lat' dir='ltr'><strong>siquidem</strong></span> <span class='ocrx_word' id='word_1_484' title='bbox 970 4621 1355 4675; x_wconf 67' lang='lat' dir='ltr'><strong>manifestatum</strong></span> <span class='ocrx_word' id='word_1_485' title='bbox 1382 4620 1477 4672; x_wconf 79' lang='lat' dir='ltr'><strong>fuit</strong></span> <span class='ocrx_word' id='word_1_486' title='bbox 1509 4621 1634 4673; x_wconf 84' lang='lat' dir='ltr'><strong>solis</strong></span> <span class='ocrx_word' id='word_1_487' title='bbox 1662 4621 1877 4674; x_wconf 74' lang='lat' dir='ltr'><strong>sanctis.</strong></span> <span class='ocrx_word' id='word_1_488' title='bbox 1902 4619 1980 4674; x_wconf 76' lang='lat' dir='ltr'><strong>Ne</strong></span> <span class='ocrx_word' id='word_1_489' title='bbox 2014 4619 2094 4673; x_wconf 75' lang='lat' dir='ltr'><strong>ilii</strong></span> <span class='ocrx_word' id='word_1_490' title='bbox 2125 4633 2249 4687; x_wconf 73' lang='lat' dir='ltr'><strong>ergo</strong></span> 
     </span>
    </p>
   </div>
   <div class='ocr_carea' id='block_1_65' title="bbox 676 4710 2249 4780">
    <p class='ocr_par' dir='ltr' id='par_1_65' title="bbox 676 4710 2249 4780">
     <span class='ocr_line' id='line_1_65' title="bbox 676 4710 2249 4780; baseline 0.002 -19"><span class='ocrx_word' id='word_1_491' title='bbox 676 4730 770 4764; x_wconf 80' lang='lat' dir='ltr'><strong>ms</strong></span> <span class='ocrx_word' id='word_1_492' title='bbox 794 4710 1057 4780; x_wconf 75' lang='lat' dir='ltr'><strong>decipiant</strong></span> <span class='ocrx_word' id='word_1_493' title='bbox 1089 4729 1100 4761; x_wconf 92' lang='lat'><strong>:</strong></span> <span class='ocrx_word' id='word_1_494' title='bbox 1133 4713 1371 4764; x_wconf 61' lang='lat' dir='ltr'><strong>nesciunt</strong></span> <span class='ocrx_word' id='word_1_495' title='bbox 1401 4711 1541 4764; x_wconf 76' lang='lat' dir='ltr'><strong>enim</strong></span> <span class='ocrx_word' id='word_1_496' title='bbox 1566 4726 1661 4764; x_wconf 86' lang='lat' dir='ltr'><strong>cur</strong></span> <span class='ocrx_word' id='word_1_497' title='bbox 1681 4711 1807 4765; x_wconf 86' lang='lat' dir='ltr'><strong>solis</strong></span> <span class='ocrx_word' id='word_1_498' title='bbox 1830 4711 1913 4777; x_wconf 93' lang='lat' dir='ltr'><strong>iis,</strong></span> <span class='ocrx_word' id='word_1_499' title='bbox 1940 4711 2137 4776; x_wconf 70' lang='lat' dir='ltr'><strong>Quibus</strong></span> <span class='ocrx_word' id='word_1_500' title='bbox 2163 4728 2249 4765; x_wconf 58' lang='lat' dir='ltr'><strong>ro-</strong></span> 
     </span>
    </p>
   </div>
   <div class='ocr_carea' id='block_1_66' title="bbox 674 4799 2248 4869">
    <p class='ocr_par' dir='ltr' id='par_1_66' title="bbox 674 4799 2248 4869">
     <span class='ocr_line' id='line_1_66' title="bbox 674 4799 2248 4869; baseline 0 -16"><span class='ocrx_word' id='word_1_501' title='bbox 674 4803 789 4865; x_wconf 74' lang='lat' dir='ltr'><strong>luit,</strong></span> <span class='ocrx_word' id='word_1_502' title='bbox 813 4802 998 4869; x_wconf 86' lang='lat' dir='ltr'><strong>inquit.</strong></span> <span class='ocrx_word' id='word_1_503' title='bbox 1025 4799 1153 4853; x_wconf 77' lang='lat' dir='ltr'><strong>Vide</strong></span> <span class='ocrx_word' id='word_1_504' title='bbox 1176 4799 1442 4868; x_wconf 79' lang='lat' dir='ltr'><strong>quomodo</strong></span> <span class='ocrx_word' id='word_1_505' title='bbox 1465 4799 1655 4868; x_wconf 80' lang='lat' dir='ltr'><strong>ubique</strong></span> <span class='ocrx_word' id='word_1_506' title='bbox 1690 4799 1932 4868; x_wconf 84' lang='lat' dir='ltr'><strong>reprimit</strong></span> <span class='ocrx_word' id='word_1_507' title='bbox 1951 4813 2141 4855; x_wconf 84' lang='lat' dir='ltr'><strong>eorum</strong></span> <span class='ocrx_word' id='word_1_508' title='bbox 2170 4800 2248 4853; x_wconf 79' lang='lat' dir='ltr'><strong>in-</strong></span> 
     </span>
    </p>
   </div>
   <div class='ocr_carea' id='block_1_67' title="bbox 675 4889 2245 4961">
    <p class='ocr_par' dir='ltr' id='par_1_67' title="bbox 675 4889 2245 4961">
     <span class='ocr_line' id='line_1_67' title="bbox 675 4889 2245 4961; baseline 0.002 -18"><span class='ocrx_word' id='word_1_509' title='bbox 675 4892 1080 4961; x_wconf 71' lang='lat' dir='ltr'><strong>terrogationcs.</strong></span> <span class='ocrx_word' id='word_1_510' title='bbox 1101 4891 1289 4958; x_wconf 81' lang='lat' dir='ltr'><strong>Quibus</strong></span> <span class='ocrx_word' id='word_1_511' title='bbox 1316 4890 1467 4945; x_wconf 80' lang='lat' dir='ltr'><strong>roluit</strong></span> <span class='ocrx_word' id='word_1_512' title='bbox 1490 4889 1649 4955; x_wconf 86' lang='lat' dir='ltr'><strong>Deus,</strong></span> <span class='ocrx_word' id='word_1_513' title='bbox 1674 4890 1863 4961; x_wconf 87' lang='lat' dir='ltr'><strong>inquit,</strong></span> <span class='ocrx_word' id='word_1_514' title='bbox 1883 4901 2025 4945; x_wconf 83' lang='lat' dir='ltr'><strong>notas</strong></span> <span class='ocrx_word' id='word_1_515' title='bbox 2058 4894 2245 4961; x_wconf 70' lang='lat' dir='ltr'><strong>facere.</strong></span> 
     </span>
    </p>
   </div>
   <div class='ocr_carea' id='block_1_68' title="bbox 679 4981 2247 5047">
    <p class='ocr_par' dir='ltr' id='par_1_68' title="bbox 679 4981 2247 5047">
     <span class='ocr_line' id='line_1_68' title="bbox 679 4981 2247 5047; baseline 0.003 -15"><span class='ocrx_word' id='word_1_516' title='bbox 679 4981 807 5047; x_wconf 72' lang='lat' dir='ltr'><strong>Ejus</strong></span> <span class='ocrx_word' id='word_1_517' title='bbox 830 4987 1008 5034; x_wconf 73' lang='lat' dir='ltr'><strong>autem</strong></span> <span class='ocrx_word' id='word_1_518' title='bbox 1035 4982 1279 5035; x_wconf 86' lang='lat' dir='ltr'><strong>voluntas</strong></span> <span class='ocrx_word' id='word_1_519' title='bbox 1307 4996 1412 5034; x_wconf 84' lang='lat' dir='ltr'><strong>non</strong></span> <span class='ocrx_word' id='word_1_520' title='bbox 1439 4989 1585 5035; x_wconf 83' lang='lat' dir='ltr'><strong>caret</strong></span> <span class='ocrx_word' id='word_1_521' title='bbox 1612 4982 1836 5037; x_wconf 88' lang='lat' dir='ltr'><strong>ratione.</strong></span> <span class='ocrx_word' id='word_1_522' title='bbox 1868 4982 1978 5036; x_wconf 87' lang='lat' dir='ltr'><strong>Hoc</strong></span> <span class='ocrx_word' id='word_1_523' title='bbox 2001 4998 2139 5038; x_wconf 80' lang='lat' dir='ltr'><strong>vero</strong></span> <span class='ocrx_word' id='word_1_524' title='bbox 2164 4983 2247 5036; x_wconf 85' lang='lat' dir='ltr'><strong>di-</strong></span> 
     </span>
    </p>
   </div>
   <div class='ocr_carea' id='block_1_69' title="bbox 675 5070 2250 5143">
    <p class='ocr_par' dir='ltr' id='par_1_69' title="bbox 675 5070 2250 5143">
     <span class='ocr_line' id='line_1_69' title="bbox 675 5070 2250 5143; baseline 0.001 -20"><span class='ocrx_word' id='word_1_525' title='bbox 675 5074 772 5132; x_wconf 74' lang='lat' dir='ltr'><strong>xit,</strong></span> <span class='ocrx_word' id='word_1_526' title='bbox 790 5084 881 5124; x_wconf 81' lang='lat' dir='ltr'><strong>eos</strong></span> <span class='ocrx_word' id='word_1_527' title='bbox 905 5070 1089 5139; x_wconf 74' lang='lat' dir='ltr'><strong>gratia:</strong></span> <span class='ocrx_word' id='word_1_528' title='bbox 1109 5071 1275 5139; x_wconf 82' lang='lat' dir='ltr'><strong>magis</strong></span> <span class='ocrx_word' id='word_1_529' title='bbox 1298 5070 1526 5124; x_wconf 86' lang='lat' dir='ltr'><strong>reddens</strong></span> <span class='ocrx_word' id='word_1_530' title='bbox 1550 5071 1831 5139; x_wconf 82' lang='lat' dir='ltr'><strong>obnoxios,</strong></span> <span class='ocrx_word' id='word_1_531' title='bbox 1853 5087 2013 5143; x_wconf 90' lang='lat' dir='ltr'><strong>quam</strong></span> <span class='ocrx_word' id='word_1_532' title='bbox 2030 5075 2085 5125; x_wconf 92' lang='lat' dir='ltr'><strong>si.</strong></span> <span class='ocrx_word' id='word_1_533' title='bbox 2103 5072 2250 5141; x_wconf 81' lang='lat' dir='ltr'><strong>ipsos</strong></span> 
     </span>
    </p>
   </div>
   <div class='ocr_carea' id='block_1_70' title="bbox 671 5159 2248 5230">
    <p class='ocr_par' dir='ltr' id='par_1_70' title="bbox 671 5159 2248 5230">
     <span class='ocr_line' id='line_1_70' title="bbox 671 5159 2248 5230; baseline 0.004 -21"><span class='ocrx_word' id='word_1_534' title='bbox 671 5159 871 5213; x_wconf 77' lang='lat' dir='ltr'><strong>sineret</strong></span> <span class='ocrx_word' id='word_1_535' title='bbox 906 5159 974 5212; x_wconf 92' lang='lat' dir='ltr'><strong>dc</strong></span> <span class='ocrx_word' id='word_1_536' title='bbox 1015 5159 1173 5214; x_wconf 87' lang='lat' dir='ltr'><strong>rebus</strong></span> <span class='ocrx_word' id='word_1_537' title='bbox 1201 5174 1230 5211; x_wconf 87' lang='lat' dir='ltr'><strong>a</strong></span> <span class='ocrx_word' id='word_1_538' title='bbox 1260 5173 1318 5212; x_wconf 89' lang='lat' dir='ltr'><strong>se</strong></span> <span class='ocrx_word' id='word_1_539' title='bbox 1346 5169 1490 5214; x_wconf 89' lang='lat' dir='ltr'><strong>recte</strong></span> <span class='ocrx_word' id='word_1_540' title='bbox 1513 5162 1676 5229; x_wconf 84' lang='lat' dir='ltr'><strong>gestis</strong></span> <span class='ocrx_word' id='word_1_541' title='bbox 1710 5161 1946 5230; x_wconf 90' lang='lat' dir='ltr'><strong>gloriari.</strong></span> <span class='ocrx_word' id='word_1_542' title='bbox 1982 5162 2059 5227; x_wconf 80' lang='lat' dir='ltr'><strong>Qu</strong></span> <span class='ocrx_word' id='word_1_543' title='bbox 2080 5162 2248 5215; x_wconf 86' lang='lat' dir='ltr'><strong>idnam</strong></span> 
     </span>
    </p>
   </div>
   <div class='ocr_carea' id='block_1_71' title="bbox 671 5247 2249 5321">
    <p class='ocr_par' dir='ltr' id='par_1_71' title="bbox 671 5247 2249 5321">
     <span class='ocr_line' id='line_1_71' title="bbox 671 5247 2249 5321; baseline 0.004 -21"><span class='ocrx_word' id='word_1_544' title='bbox 671 5249 769 5300; x_wconf 86' lang='lat' dir='ltr'><strong>sint</strong></span> <span class='ocrx_word' id='word_1_545' title='bbox 796 5247 984 5301; x_wconf 72' lang='lat' dir='ltr'><strong>divitim</strong></span> <span class='ocrx_word' id='word_1_546' title='bbox 1002 5248 1178 5317; x_wconf 68' lang='lat' dir='ltr'><strong>gloria</strong></span> <span class='ocrx_word' id='word_1_547' title='bbox 1200 5249 1421 5317; x_wconf 79' lang='lat' dir='ltr'><strong>mysterii</strong></span> <span class='ocrx_word' id='word_1_548' title='bbox 1460 5249 1610 5321; x_wconf 85' lang='lat' dir='ltr'><strong>hujus</strong></span> <span class='ocrx_word' id='word_1_549' title='bbox 1645 5250 1695 5302; x_wconf 89' lang='lat' dir='ltr'><strong>in</strong></span> <span class='ocrx_word' id='word_1_550' title='bbox 1721 5250 1969 5320; x_wconf 81' lang='lat' dir='ltr'><strong>gentibus.</strong></span> <span class='ocrx_word' id='word_1_551' title='bbox 1992 5252 2056 5305; x_wconf 74' lang='grc' dir='ltr'><strong>ϐπ</strong></span> <span class='ocrx_word' id='word_1_552' title='bbox 2080 5252 2249 5307; x_wconf 70' lang='lat' dir='ltr'><strong>aviter</strong></span> 
     </span>
    </p>
   </div>
   <div class='ocr_carea' id='block_1_72' title="bbox 670 5338 2247 5415">
    <p class='ocr_par' dir='ltr' id='par_1_72' title="bbox 670 5338 2247 5415">
     <span class='ocr_line' id='line_1_72' title="bbox 670 5338 2247 5415; baseline 0.003 -24"><span class='ocrx_word' id='word_1_553' title='bbox 670 5338 806 5391; x_wconf 84' lang='lat' dir='ltr'><strong>dixit</strong></span> <span class='ocrx_word' id='word_1_554' title='bbox 823 5347 878 5393; x_wconf 91' lang='lat' dir='ltr'><strong>et</strong></span> <span class='ocrx_word' id='word_1_555' title='bbox 905 5339 1179 5408; x_wconf 64' lang='lat' dir='ltr'><strong>praeclare,</strong></span> <span class='ocrx_word' id='word_1_556' title='bbox 1195 5348 1250 5393; x_wconf 89' lang='lat' dir='ltr'><strong>et</strong></span> <span class='ocrx_word' id='word_1_557' title='bbox 1274 5354 1338 5394; x_wconf 89' lang='lat' dir='ltr'><strong>ex</strong></span> <span class='ocrx_word' id='word_1_558' title='bbox 1367 5355 1557 5415; x_wconf 79' lang='lat' dir='ltr'><strong>magno</strong></span> <span class='ocrx_word' id='word_1_559' title='bbox 1577 5341 1765 5397; x_wconf 83' lang='lat' dir='ltr'><strong>ail‘ectu</strong></span> <span class='ocrx_word' id='word_1_560' title='bbox 1796 5345 2000 5413; x_wconf 89' lang='lat' dir='ltr'><strong>pondus</strong></span> <span class='ocrx_word' id='word_1_561' title='bbox 2016 5359 2059 5397; x_wconf 68' lang='lat' dir='ltr'><strong>at</strong></span> <span class='ocrx_word' id='word_1_562' title='bbox 2078 5344 2247 5409; x_wconf 90' lang='lat' dir='ltr'><strong>ldidit,</strong></span> 
     </span>
    </p>
   </div>
   <div class='ocr_carea' id='block_1_73' title="bbox 670 5427 2250 5500">
    <p class='ocr_par' dir='ltr' id='par_1_73' title="bbox 670 5427 2250 5500">
     <span class='ocr_line' id='line_1_73' title="bbox 670 5427 2250 5500; baseline 0.006 -20"><span class='ocrx_word' id='word_1_563' title='bbox 670 5427 1138 5497; x_wconf 83' lang='lat' dir='ltr'><strong>atnpliticationum</strong></span> <span class='ocrx_word' id='word_1_564' title='bbox 1184 5444 1429 5497; x_wconf 76' lang='lat' dir='ltr'><strong>qumrcns</strong></span> <span class='ocrx_word' id='word_1_565' title='bbox 1476 5432 1949 5500; x_wconf 76' lang='lat' dir='ltr'><strong>ampliﬁcationes:</strong></span> <span class='ocrx_word' id='word_1_566' title='bbox 1982 5445 2062 5491; x_wconf 89' lang='lat' dir='ltr'><strong>est</strong></span> <span class='ocrx_word' id='word_1_567' title='bbox 2107 5438 2250 5490; x_wconf 86' lang='lat' dir='ltr'><strong>cnim</strong></span> 
     </span>
    </p>
   </div>
   <div class='ocr_carea' id='block_1_74' title="bbox 671 5516 2252 5589">
    <p class='ocr_par' dir='ltr' id='par_1_74' title="bbox 671 5516 2252 5589">
     <span class='ocr_line' id='line_1_74' title="bbox 671 5516 2252 5589; baseline 0.006 -21"><span class='ocrx_word' id='word_1_568' title='bbox 671 5516 773 5570; x_wconf 83' lang='lat' dir='ltr'><strong>hoc</strong></span> <span class='ocrx_word' id='word_1_569' title='bbox 801 5530 1011 5586; x_wconf 90' lang='lat' dir='ltr'><strong>quoque</strong></span> <span class='ocrx_word' id='word_1_570' title='bbox 1034 5517 1457 5585; x_wconf 80' lang='lat' dir='ltr'><strong>ampliﬁcationis</strong></span> <span class='ocrx_word' id='word_1_571' title='bbox 1486 5519 1757 5577; x_wconf 76' lang='lat' dir='ltr'><strong>indeﬁnite</strong></span> <span class='ocrx_word' id='word_1_572' title='bbox 1781 5521 1961 5578; x_wconf 88' lang='lat' dir='ltr'><strong>dicere</strong></span> <span class='ocrx_word' id='word_1_573' title='bbox 1984 5564 1998 5589; x_wconf 88' lang='lat'><strong>,</strong></span> <span class='ocrx_word' id='word_1_574' title='bbox 2035 5523 2063 5576; x_wconf 82' lang='grc' dir='ltr'><strong>ι</strong></span> <span class='ocrx_word' id='word_1_575' title='bbox 2080 5523 2252 5578; x_wconf 66' lang='lat' dir='ltr'><strong>nunc</strong></span> 
     </span>
    </p>
   </div>
   <div class='ocr_carea' id='block_1_75' title="bbox 665 5607 2253 5690">
    <p class='ocr_par' dir='ltr' id='par_1_75' title="bbox 665 5607 2253 5690">
     <span class='ocr_line' id='line_1_75' title="bbox 665 5607 2253 5690; baseline 0.006 -30"><span class='ocrx_word' id='word_1_576' title='bbox 665 5607 845 5679; x_wconf 73' lang='lat' dir='ltr'><strong>gloriae</strong></span> <span class='ocrx_word' id='word_1_577' title='bbox 868 5609 1092 5677; x_wconf 79' lang='lat' dir='ltr'><strong>mysterii</strong></span> <span class='ocrx_word' id='word_1_578' title='bbox 1106 5610 1256 5679; x_wconf 80' lang='lat' dir='ltr'><strong>hujus</strong></span> <span class='ocrx_word' id='word_1_579' title='bbox 1276 5610 1327 5664; x_wconf 85' lang='lat' dir='ltr'><strong>in</strong></span> <span class='ocrx_word' id='word_1_580' title='bbox 1350 5613 1596 5681; x_wconf 81' lang='lat' dir='ltr'><strong>gentibus.</strong></span> <span class='ocrx_word' id='word_1_581' title='bbox 1614 5613 1743 5668; x_wconf 86' lang='lat' dir='ltr'><strong>Nam</strong></span> <span class='ocrx_word' id='word_1_582' title='bbox 1766 5617 1994 5671; x_wconf 90' lang='lat' dir='ltr'><strong>maxime</strong></span> <span class='ocrx_word' id='word_1_583' title='bbox 2016 5633 2065 5686; x_wconf 69' lang='grc' dir='ltr'><strong>ιιι</strong></span> <span class='ocrx_word' id='word_1_584' title='bbox 2079 5625 2253 5690; x_wconf 64' lang='lat' dir='ltr'><strong>iparct</strong></span> 
     </span>
    </p>
   </div>
   <div class='ocr_carea' id='block_1_76' title="bbox 666 5695 2248 5779">
    <p class='ocr_par' dir='ltr' id='par_1_76' title="bbox 666 5695 2248 5779">
     <span class='ocr_line' id='line_1_76' title="bbox 666 5695 2248 5779; baseline 0.01 -29"><span class='ocrx_word' id='word_1_585' title='bbox 666 5699 720 5754; x_wconf 82' lang='lat' dir='ltr'><strong>in</strong></span> <span class='ocrx_word' id='word_1_586' title='bbox 756 5695 1023 5770; x_wconf 66' lang='lat' dir='ltr'><strong>sentibus,</strong></span> <span class='ocrx_word' id='word_1_587' title='bbox 1056 5699 1193 5757; x_wconf 83' lang='lat' dir='ltr'><strong>sicut</strong></span> <span class='ocrx_word' id='word_1_588' title='bbox 1232 5701 1389 5759; x_wconf 85' lang='lat' dir='ltr'><strong>etiam</strong></span> <span class='ocrx_word' id='word_1_589' title='bbox 1429 5702 1555 5760; x_wconf 89' lang='lat' dir='ltr'><strong>dicit</strong></span> <span class='ocrx_word' id='word_1_590' title='bbox 1580 5704 1727 5773; x_wconf 82' lang='lat' dir='ltr'><strong>alibi,</strong></span> <span class='ocrx_word' id='word_1_591' title='bbox 1762 5705 1942 5763; x_wconf 77' lang='lat' dir='ltr'><strong>Gentes</strong></span> <span class='ocrx_word' id='word_1_592' title='bbox 1966 5725 2061 5779; x_wconf 82' lang='lat' dir='ltr'><strong>pro</strong></span> <span class='ocrx_word' id='word_1_593' title='bbox 2101 5710 2248 5766; x_wconf 80' lang='lat' dir='ltr'><strong>misc-</strong></span> 
     </span>
    </p>
   </div>
   <div class='ocr_carea' id='block_1_77' title="bbox 2361 2078 3971 2183">
    <p class='ocr_par' dir='ltr' id='par_1_77' title="bbox 2361 2078 3971 2183">
     <span class='ocr_line' id='line_1_77' title="bbox 2361 2078 3971 2183; baseline 0.012 -33"><span class='ocrx_word' id='word_1_594' title='bbox 2361 2098 2583 2154; x_wconf 81' lang='lat' dir='ltr'><strong>ricordia</strong></span> <span class='ocrx_word' id='word_1_595' title='bbox 2606 2103 2898 2172; x_wconf 76' lang='lat' dir='ltr'><strong>gloriﬁcare</strong></span> <span class='ocrx_word' id='word_1_596' title='bbox 2926 2106 3091 2183; x_wconf 70' lang='lat' dir='ltr'><strong>Deum</strong></span> <span class='ocrx_word' id='word_1_597' title='bbox 3114 2106 3289 2176; x_wconf 82' lang='lat' dir='ltr'><strong>(Rom.</strong></span> <span class='ocrx_word' id='word_1_598' title='bbox 3324 2110 3410 2163; x_wconf 74' lang='grc' dir='ltr'><strong>ιδ.</strong></span> <span class='ocrx_word' id='word_1_599' title='bbox 3439 2109 3511 2179; x_wconf 80' lang='lat'><strong>9)</strong></span> <span class='ocrx_word' id='word_1_600' title='bbox 3534 2129 3549 2164; x_wconf 88' lang='lat'><strong>:</strong></span> <span class='ocrx_word' id='word_1_601' title='bbox 3570 2121 3797 2180; x_wconf 75' lang='lat' dir='ltr'><strong>apparet</strong></span> <span class='ocrx_word' id='word_1_602' title='bbox 3817 2127 3933 2168; x_wconf 67' lang='lat' dir='ltr'><strong>Vm</strong></span> 
     </span>
    </p>
   </div>
   <div class='ocr_carea' id='block_1_78' title="bbox 2360 2188 3931 2273">
    <p class='ocr_par' dir='ltr' id='par_1_78' title="bbox 2360 2188 3931 2273">
     <span class='ocr_line' id='line_1_78' title="bbox 2360 2188 3931 2273; baseline 0.01 -31"><span class='ocrx_word' id='word_1_603' title='bbox 2360 2188 2519 2243; x_wconf 89' lang='lat' dir='ltr'><strong>etiam</strong></span> <span class='ocrx_word' id='word_1_604' title='bbox 2547 2191 2598 2246; x_wconf 91' lang='lat' dir='ltr'><strong>in</strong></span> <span class='ocrx_word' id='word_1_605' title='bbox 2629 2193 2767 2260; x_wconf 87' lang='lat' dir='ltr'><strong>aliis,</strong></span> <span class='ocrx_word' id='word_1_606' title='bbox 2804 2196 2974 2251; x_wconf 91' lang='lat' dir='ltr'><strong>multo</strong></span> <span class='ocrx_word' id='word_1_607' title='bbox 3003 2197 3172 2267; x_wconf 79' lang='lat' dir='ltr'><strong>magis</strong></span> <span class='ocrx_word' id='word_1_608' title='bbox 3196 2208 3376 2253; x_wconf 89' lang='lat' dir='ltr'><strong>autem</strong></span> <span class='ocrx_word' id='word_1_609' title='bbox 3404 2198 3457 2253; x_wconf 87' lang='lat' dir='ltr'><strong>in</strong></span> <span class='ocrx_word' id='word_1_610' title='bbox 3488 2200 3572 2254; x_wconf 88' lang='lat' dir='ltr'><strong>his</strong></span> <span class='ocrx_word' id='word_1_611' title='bbox 3600 2215 3797 2272; x_wconf 81' lang='lat' dir='ltr'><strong>magna</strong></span> <span class='ocrx_word' id='word_1_612' title='bbox 3827 2204 3931 2273; x_wconf 86' lang='lat' dir='ltr'><strong>glo-</strong></span> 
     </span>
    </p>
   </div>
   <div class='ocr_carea' id='block_1_79' title="bbox 2315 2276 3971 2358">
    <p class='ocr_par' dir='ltr' id='par_1_79' title="bbox 2315 2276 3971 2358">
     <span class='ocr_line' id='line_1_79' title="bbox 2315 2276 3971 2358; baseline 0.01 -29"><span class='ocrx_word' id='word_1_613' title='bbox 2315 2353 2317 2355; x_wconf 15' lang='grc'><strong><em>,</em></strong></span> <span class='ocrx_word' id='word_1_614' title='bbox 2358 2276 2434 2330; x_wconf 89' lang='lat' dir='ltr'><strong>ria</strong></span> <span class='ocrx_word' id='word_1_615' title='bbox 2473 2282 2735 2349; x_wconf 87' lang='lat' dir='ltr'><strong>mysterii.</strong></span> <span class='ocrx_word' id='word_1_616' title='bbox 2784 2282 3042 2340; x_wconf 83' lang='lat' dir='ltr'><strong>Homines</strong></span> <span class='ocrx_word' id='word_1_617' title='bbox 3078 2287 3225 2341; x_wconf 90' lang='lat' dir='ltr'><strong>enim</strong></span> <span class='ocrx_word' id='word_1_618' title='bbox 3262 2301 3426 2342; x_wconf 88' lang='lat' dir='ltr'><strong>sensu</strong></span> <span class='ocrx_word' id='word_1_619' title='bbox 3472 2288 3649 2343; x_wconf 85' lang='lat' dir='ltr'><strong>minus</strong></span> <span class='ocrx_word' id='word_1_620' title='bbox 3686 2290 3934 2358; x_wconf 62' lang='lat' dir='ltr'><strong>prasditos</strong></span> <span class='ocrx_word' id='word_1_621' title='bbox 3970 2292 3971 2323; x_wconf 78' lang='grc' dir='ltr'>ῖ</span> 
     </span>
    </p>
   </div>
   <div class='ocr_carea' id='block_1_80' title="bbox 2358 2370 3971 2452">
    <p class='ocr_par' dir='ltr' id='par_1_80' title="bbox 2358 2370 3971 2452">
     <span class='ocr_line' id='line_1_80' title="bbox 2358 2370 3971 2452; baseline 0.015 -34"><span class='ocrx_word' id='word_1_622' title='bbox 2358 2379 2515 2433; x_wconf 90' lang='lat' dir='ltr'><strong>quam</strong></span> <span class='ocrx_word' id='word_1_623' title='bbox 2544 2370 2766 2439; x_wconf 82' lang='lat' dir='ltr'><strong>lapides,</strong></span> <span class='ocrx_word' id='word_1_624' title='bbox 2797 2384 3018 2444; x_wconf 88' lang='lat' dir='ltr'><strong>repente</strong></span> <span class='ocrx_word' id='word_1_625' title='bbox 3041 2374 3331 2432; x_wconf 87' lang='lat' dir='ltr'><strong>deduxisse</strong></span> <span class='ocrx_word' id='word_1_626' title='bbox 3349 2378 3416 2432; x_wconf 92' lang='lat' dir='ltr'><strong>ad</strong></span> <span class='ocrx_word' id='word_1_627' title='bbox 3443 2378 3759 2448; x_wconf 79' lang='lat' dir='ltr'><strong>dignitatem</strong></span> <span class='ocrx_word' id='word_1_628' title='bbox 3786 2396 3933 2452; x_wconf 78' lang='lat' dir='ltr'><strong>ange-</strong></span> <span class='ocrx_word' id='word_1_629' title='bbox 3970 2418 3971 2443; x_wconf 60' lang='grc' dir='ltr'>ξ</span> 
     </span>
    </p>
   </div>
   <div class='ocr_carea' id='block_1_81' title="bbox 2358 2454 3971 2536">
    <p class='ocr_par' dir='ltr' id='par_1_81' title="bbox 2358 2454 3971 2536">
     <span class='ocr_line' id='line_1_81' title="bbox 2358 2454 3971 2536; baseline 0.011 -28"><span class='ocrx_word' id='word_1_630' title='bbox 2358 2454 2556 2525; x_wconf 92' lang='lat' dir='ltr'><strong>lorum,</strong></span> <span class='ocrx_word' id='word_1_631' title='bbox 2602 2459 2943 2517; x_wconf 89' lang='lat' dir='ltr'><strong>solummodo</strong></span> <span class='ocrx_word' id='word_1_632' title='bbox 2984 2479 3084 2536; x_wconf 88' lang='lat' dir='ltr'><strong>per</strong></span> <span class='ocrx_word' id='word_1_633' title='bbox 3110 2465 3251 2520; x_wconf 91' lang='lat' dir='ltr'><strong>nuda</strong></span> <span class='ocrx_word' id='word_1_634' title='bbox 3286 2467 3445 2521; x_wconf 77' lang='lat' dir='ltr'><strong>verba</strong></span> <span class='ocrx_word' id='word_1_635' title='bbox 3475 2478 3530 2523; x_wconf 87' lang='lat' dir='ltr'><strong>et</strong></span> <span class='ocrx_word' id='word_1_636' title='bbox 3556 2467 3720 2524; x_wconf 80' lang='lat' dir='ltr'><strong>ﬁdem</strong></span> <span class='ocrx_word' id='word_1_637' title='bbox 3752 2473 3931 2534; x_wconf 83' lang='lat' dir='ltr'><strong>solam.</strong></span> <span class='ocrx_word' id='word_1_638' title='bbox 3970 2454 3971 2519; x_wconf 66' lang='grc' dir='ltr'>Ῐ</span> 
     </span>
    </p>
   </div>
   <div class='ocr_carea' id='block_1_82' title="bbox 2357 2545 3971 2631">
    <p class='ocr_par' dir='ltr' id='par_1_82' title="bbox 2357 2545 3971 2631">
     <span class='ocr_line' id='line_1_82' title="bbox 2357 2545 3971 2631; baseline 0.012 -32"><span class='ocrx_word' id='word_1_639' title='bbox 2357 2545 2559 2618; x_wconf 85' lang='lat' dir='ltr'><strong>absque</strong></span> <span class='ocrx_word' id='word_1_640' title='bbox 2584 2553 2728 2607; x_wconf 91' lang='lat' dir='ltr'><strong>omni</strong></span> <span class='ocrx_word' id='word_1_641' title='bbox 2752 2557 3086 2622; x_wconf 90' lang='lat' dir='ltr'><strong>operatione,</strong></span> <span class='ocrx_word' id='word_1_642' title='bbox 3124 2572 3309 2613; x_wconf 84' lang='lat' dir='ltr'><strong>revera</strong></span> <span class='ocrx_word' id='word_1_643' title='bbox 3354 2568 3438 2614; x_wconf 90' lang='lat' dir='ltr'><strong>est</strong></span> <span class='ocrx_word' id='word_1_644' title='bbox 3464 2560 3632 2631; x_wconf 86' lang='lat' dir='ltr'><strong>gloria</strong></span> <span class='ocrx_word' id='word_1_645' title='bbox 3657 2572 3712 2617; x_wconf 88' lang='lat' dir='ltr'><strong>et</strong></span> <span class='ocrx_word' id='word_1_646' title='bbox 3741 2563 3930 2619; x_wconf 75' lang='lat' dir='ltr'><strong>divitia:</strong></span> <span class='ocrx_word' id='word_1_647' title='bbox 3970 2578 3971 2585; x_wconf 80' lang='lat'>‘</span> 
     </span>
    </p>
   </div>
   <div class='ocr_carea' id='block_1_83' title="bbox 2356 2639 3971 2722">
    <p class='ocr_par' dir='ltr' id='par_1_83' title="bbox 2356 2639 3971 2722">
     <span class='ocr_line' id='line_1_83' title="bbox 2356 2639 3971 2722; baseline 0.013 -34"><span class='ocrx_word' id='word_1_648' title='bbox 2356 2639 2619 2707; x_wconf 83' lang='lat' dir='ltr'><strong>mysterii.</strong></span> <span class='ocrx_word' id='word_1_649' title='bbox 2649 2639 2719 2695; x_wconf 83' lang='lat' dir='ltr'><strong>Ut</strong></span> <span class='ocrx_word' id='word_1_650' title='bbox 2753 2643 2797 2696; x_wconf 92' lang='lat' dir='ltr'><strong>si</strong></span> <span class='ocrx_word' id='word_1_651' title='bbox 2823 2644 2945 2713; x_wconf 87' lang='lat' dir='ltr'><strong>quis</strong></span> <span class='ocrx_word' id='word_1_652' title='bbox 2969 2659 3158 2701; x_wconf 89' lang='lat' dir='ltr'><strong>canem</strong></span> <span class='ocrx_word' id='word_1_653' title='bbox 3200 2646 3341 2703; x_wconf 79' lang='lat' dir='ltr'><strong>fame</strong></span> <span class='ocrx_word' id='word_1_654' title='bbox 3366 2657 3422 2702; x_wconf 91' lang='lat' dir='ltr'><strong>et</strong></span> <span class='ocrx_word' id='word_1_655' title='bbox 3445 2651 3624 2704; x_wconf 88' lang='lat' dir='ltr'><strong>scabie</strong></span> <span class='ocrx_word' id='word_1_656' title='bbox 3649 2652 3934 2722; x_wconf 88' lang='lat' dir='ltr'><strong>perditum,</strong></span> <span class='ocrx_word' id='word_1_657' title='bbox 3970 2654 3971 2709; x_wconf 77' lang='grc' dir='ltr'>ξ</span> 
     </span>
    </p>
   </div>
   <div class='ocr_carea' id='block_1_84' title="bbox 2358 2729 3971 2815">
    <p class='ocr_par' dir='ltr' id='par_1_84' title="bbox 2358 2729 3971 2815">
     <span class='ocr_line' id='line_1_84' title="bbox 2358 2729 3971 2815; baseline 0.018 -37"><span class='ocrx_word' id='word_1_658' title='bbox 2358 2733 2567 2795; x_wconf 90' lang='lat' dir='ltr'><strong>turpem</strong></span> <span class='ocrx_word' id='word_1_659' title='bbox 2597 2737 2651 2783; x_wconf 89' lang='lat' dir='ltr'><strong>et</strong></span> <span class='ocrx_word' id='word_1_660' title='bbox 2685 2729 3001 2800; x_wconf 79' lang='lat' dir='ltr'><strong>deformem,</strong></span> <span class='ocrx_word' id='word_1_661' title='bbox 3028 2744 3083 2790; x_wconf 90' lang='lat' dir='ltr'><strong>et</strong></span> <span class='ocrx_word' id='word_1_662' title='bbox 3104 2737 3194 2806; x_wconf 87' lang='lat' dir='ltr'><strong>qui</strong></span> <span class='ocrx_word' id='word_1_663' title='bbox 3222 2752 3290 2791; x_wconf 91' lang='lat' dir='ltr'><strong>ne</strong></span> <span class='ocrx_word' id='word_1_664' title='bbox 3324 2740 3529 2794; x_wconf 85' lang='lat' dir='ltr'><strong>moveri</strong></span> <span class='ocrx_word' id='word_1_665' title='bbox 3564 2741 3789 2811; x_wconf 85' lang='lat' dir='ltr'><strong>quidem</strong></span> <span class='ocrx_word' id='word_1_666' title='bbox 3820 2761 3935 2815; x_wconf 51' lang='lat' dir='ltr'><strong>pos.</strong></span> <span class='ocrx_word' id='word_1_667' title='bbox 3970 2804 3971 2807; x_wconf 44' lang='grc' dir='ltr'><strong>η</strong></span> 
     </span>
    </p>
   </div>
   <div class='ocr_carea' id='block_1_85' title="bbox 2355 2819 3971 2900">
    <p class='ocr_par' dir='ltr' id='par_1_85' title="bbox 2355 2819 3971 2900">
     <span class='ocr_line' id='line_1_85' title="bbox 2355 2819 3971 2900; baseline 0.013 -29"><span class='ocrx_word' id='word_1_668' title='bbox 2355 2826 2460 2881; x_wconf 90' lang='lat' dir='ltr'><strong>set,</strong></span> <span class='ocrx_word' id='word_1_669' title='bbox 2491 2819 2585 2874; x_wconf 88' lang='lat' dir='ltr'><strong>sed</strong></span> <span class='ocrx_word' id='word_1_670' title='bbox 2622 2821 2848 2892; x_wconf 88' lang='lat' dir='ltr'><strong>jaceret,</strong></span> <span class='ocrx_word' id='word_1_671' title='bbox 2892 2836 3116 2896; x_wconf 88' lang='lat' dir='ltr'><strong>repente</strong></span> <span class='ocrx_word' id='word_1_672' title='bbox 3149 2837 3206 2882; x_wconf 91' lang='lat' dir='ltr'><strong>et</strong></span> <span class='ocrx_word' id='word_1_673' title='bbox 3242 2828 3517 2886; x_wconf 88' lang='lat' dir='ltr'><strong>hominem</strong></span> <span class='ocrx_word' id='word_1_674' title='bbox 3555 2835 3768 2900; x_wconf 80' lang='lat' dir='ltr'><strong>fecerit,</strong></span> <span class='ocrx_word' id='word_1_675' title='bbox 3798 2846 3852 2891; x_wconf 86' lang='lat' dir='ltr'><strong>et</strong></span> <span class='ocrx_word' id='word_1_676' title='bbox 3890 2838 3934 2891; x_wconf 89' lang='lat' dir='ltr'><strong>in</strong></span> <span class='ocrx_word' id='word_1_677' title='bbox 3970 2858 3971 2863; x_wconf 48' lang='grc' dir='ltr'><strong>η</strong></span> 
     </span>
    </p>
   </div>
   <div class='ocr_carea' id='block_1_86' title="bbox 2357 2905 3935 2988">
    <p class='ocr_par' dir='ltr' id='par_1_86' title="bbox 2357 2905 3935 2988">
     <span class='ocr_line' id='line_1_86' title="bbox 2357 2905 3935 2988; baseline 0.013 -30"><span class='ocrx_word' id='word_1_678' title='bbox 2357 2905 2483 2960; x_wconf 88' lang='lat' dir='ltr'><strong>sede</strong></span> <span class='ocrx_word' id='word_1_679' title='bbox 2514 2910 2656 2977; x_wconf 79' lang='lat' dir='ltr'><strong>regia</strong></span> <span class='ocrx_word' id='word_1_680' title='bbox 2686 2911 2998 2967; x_wconf 89' lang='lat' dir='ltr'><strong>ostenderit.</strong></span> <span class='ocrx_word' id='word_1_681' title='bbox 3029 2914 3163 2969; x_wconf 79' lang='lat' dir='ltr'><strong>Vide</strong></span> <span class='ocrx_word' id='word_1_682' title='bbox 3205 2931 3435 2986; x_wconf 87' lang='lat' dir='ltr'><strong>namque</strong></span> <span class='ocrx_word' id='word_1_683' title='bbox 3465 2935 3480 2973; x_wconf 91' lang='lat'><strong>:</strong></span> <span class='ocrx_word' id='word_1_684' title='bbox 3511 2918 3722 2988; x_wconf 85' lang='lat' dir='ltr'><strong>lapides</strong></span> <span class='ocrx_word' id='word_1_685' title='bbox 3758 2923 3935 2978; x_wconf 83' lang='lat' dir='ltr'><strong>adora-</strong></span> 
     </span>
    </p>
   </div>
   <div class='ocr_carea' id='block_1_87' title="bbox 2356 2993 3971 3077">
    <p class='ocr_par' dir='ltr' id='par_1_87' title="bbox 2356 2993 3971 3077">
     <span class='ocr_line' id='line_1_87' title="bbox 2356 2993 3971 3077; baseline 0.014 -31"><span class='ocrx_word' id='word_1_686' title='bbox 2356 2993 2485 3047; x_wconf 88' lang='lat' dir='ltr'><strong>bant</strong></span> <span class='ocrx_word' id='word_1_687' title='bbox 2513 3004 2569 3049; x_wconf 90' lang='lat' dir='ltr'><strong>et</strong></span> <span class='ocrx_word' id='word_1_688' title='bbox 2605 3004 2839 3064; x_wconf 88' lang='lat' dir='ltr'><strong>terram;</strong></span> <span class='ocrx_word' id='word_1_689' title='bbox 2864 3000 3166 3058; x_wconf 87' lang='lat' dir='ltr'><strong>didicerunt</strong></span> <span class='ocrx_word' id='word_1_690' title='bbox 3193 3006 3334 3075; x_wconf 90' lang='lat' dir='ltr'><strong>quod</strong></span> <span class='ocrx_word' id='word_1_691' title='bbox 3360 3016 3416 3061; x_wconf 93' lang='lat' dir='ltr'><strong>et</strong></span> <span class='ocrx_word' id='word_1_692' title='bbox 3448 3008 3583 3063; x_wconf 67' lang='lat' dir='ltr'><strong>caelo</strong></span> <span class='ocrx_word' id='word_1_693' title='bbox 3607 3018 3665 3064; x_wconf 90' lang='lat' dir='ltr'><strong>ct</strong></span> <span class='ocrx_word' id='word_1_694' title='bbox 3692 3012 3815 3068; x_wconf 83' lang='lat' dir='ltr'><strong>sole</strong></span> <span class='ocrx_word' id='word_1_695' title='bbox 3841 3016 3935 3067; x_wconf 85' lang='lat' dir='ltr'><strong>sint</strong></span> <span class='ocrx_word' id='word_1_696' title='bbox 3970 3042 3971 3077; x_wconf 72' lang='grc' dir='ltr'><strong>ς</strong></span> 
     </span>
    </p>
   </div>
   <div class='ocr_carea' id='block_1_88' title="bbox 2356 3083 3971 3169">
    <p class='ocr_par' dir='ltr' id='par_1_88' title="bbox 2356 3083 3971 3169">
     <span class='ocr_line' id='line_1_88' title="bbox 2356 3083 3971 3169; baseline 0.013 -33"><span class='ocrx_word' id='word_1_697' title='bbox 2356 3083 2606 3141; x_wconf 88' lang='lat' dir='ltr'><strong>meliores</strong></span> <span class='ocrx_word' id='word_1_698' title='bbox 2628 3126 2644 3151; x_wconf 96' lang='lat'><strong>,</strong></span> <span class='ocrx_word' id='word_1_699' title='bbox 2685 3097 2740 3143; x_wconf 89' lang='lat' dir='ltr'><strong>et</strong></span> <span class='ocrx_word' id='word_1_700' title='bbox 2780 3089 3065 3148; x_wconf 86' lang='lat' dir='ltr'><strong>universus</strong></span> <span class='ocrx_word' id='word_1_701' title='bbox 3112 3094 3345 3149; x_wconf 91' lang='lat' dir='ltr'><strong>mundus</strong></span> <span class='ocrx_word' id='word_1_702' title='bbox 3392 3095 3496 3169; x_wconf 33' lang='lat' dir='ltr'><strong>eis‘</strong></span> <span class='ocrx_word' id='word_1_703' title='bbox 3511 3099 3713 3153; x_wconf 80' lang='lat' dir='ltr'><strong>serviat</strong></span> <span class='ocrx_word' id='word_1_704' title='bbox 3748 3118 3763 3153; x_wconf 91' lang='lat'><strong>:</strong></span> <span class='ocrx_word' id='word_1_705' title='bbox 3796 3113 3934 3157; x_wconf 84' lang='lat' dir='ltr'><strong>erant</strong></span> <span class='ocrx_word' id='word_1_706' title='bbox 3970 3108 3971 3111; x_wconf 69' lang='grc'><em>“</em></span> 
     </span>
    </p>
   </div>
   <div class='ocr_carea' id='block_1_89' title="bbox 2357 3173 3971 3262">
    <p class='ocr_par' dir='ltr' id='par_1_89' title="bbox 2357 3173 3971 3262">
     <span class='ocr_line' id='line_1_89' title="bbox 2357 3173 3971 3262; baseline 0.012 -35"><span class='ocrx_word' id='word_1_707' title='bbox 2357 3173 2576 3242; x_wconf 81' lang='lat' dir='ltr'><strong>captivi,</strong></span> <span class='ocrx_word' id='word_1_708' title='bbox 2598 3184 2655 3229; x_wconf 93' lang='lat' dir='ltr'><strong>et</strong></span> <span class='ocrx_word' id='word_1_709' title='bbox 2678 3176 2731 3231; x_wconf 92' lang='lat' dir='ltr'><strong>in</strong></span> <span class='ocrx_word' id='word_1_710' title='bbox 2760 3179 2988 3235; x_wconf 86' lang='lat' dir='ltr'><strong>vinculis</strong></span> <span class='ocrx_word' id='word_1_711' title='bbox 3013 3181 3211 3237; x_wconf 88' lang='lat' dir='ltr'><strong>diaboli</strong></span> <span class='ocrx_word' id='word_1_712' title='bbox 3236 3200 3256 3249; x_wconf 88' lang='grc'><strong><em>;</em></strong></span> <span class='ocrx_word' id='word_1_713' title='bbox 3284 3196 3507 3255; x_wconf 82' lang='lat' dir='ltr'><strong>repente</strong></span> <span class='ocrx_word' id='word_1_714' title='bbox 3534 3187 3757 3246; x_wconf 81' lang='lat' dir='ltr'><strong>luerunt</strong></span> <span class='ocrx_word' id='word_1_715' title='bbox 3787 3208 3931 3262; x_wconf 85' lang='lat' dir='ltr'><strong>supra</strong></span> <span class='ocrx_word' id='word_1_716' title='bbox 3970 3234 3971 3241; x_wconf 56' lang='grc' dir='ltr'><strong>η</strong></span> 
     </span>
    </p>
   </div>
   <div class='ocr_carea' id='block_1_90' title="bbox 2356 3263 3931 3347">
    <p class='ocr_par' dir='ltr' id='par_1_90' title="bbox 2356 3263 3931 3347">
     <span class='ocr_line' id='line_1_90' title="bbox 2356 3263 3931 3347; baseline 0.015 -35"><span class='ocrx_word' id='word_1_717' title='bbox 2356 3270 2515 3347; x_wconf 88' lang='lat' dir='ltr'><strong>caput</strong></span> <span class='ocrx_word' id='word_1_718' title='bbox 2558 3263 2695 3333; x_wconf 87' lang='lat' dir='ltr'><strong>ejus,</strong></span> <span class='ocrx_word' id='word_1_719' title='bbox 2742 3267 2899 3337; x_wconf 87' lang='lat' dir='ltr'><strong>eique</strong></span> <span class='ocrx_word' id='word_1_720' title='bbox 2939 3263 3274 3339; x_wconf 69' lang='lat' dir='ltr'><strong>imperab&#39;ant</strong></span> <span class='ocrx_word' id='word_1_721' title='bbox 3313 3281 3369 3328; x_wconf 91' lang='lat' dir='ltr'><strong>ct</strong></span> <span class='ocrx_word' id='word_1_722' title='bbox 3412 3288 3538 3340; x_wconf 85' lang='lat' dir='ltr'><strong>eum</strong></span> <span class='ocrx_word' id='word_1_723' title='bbox 3579 3274 3931 3347; x_wconf 56' lang='lat' dir='ltr'><strong>uagi-ﬂabant.</strong></span> 
     </span>
    </p>
   </div>
   <div class='ocr_carea' id='block_1_91' title="bbox 2354 3349 3931 3437">
    <p class='ocr_par' dir='ltr' id='par_1_91' title="bbox 2354 3349 3931 3437">
     <span class='ocr_line' id='line_1_91' title="bbox 2354 3349 3931 3437; baseline 0.014 -33"><span class='ocrx_word' id='word_1_724' title='bbox 2354 3349 2487 3405; x_wconf 90' lang='lat' dir='ltr'><strong>Cum</strong></span> <span class='ocrx_word' id='word_1_725' title='bbox 2509 3352 2810 3411; x_wconf 71' lang='lat' dir='ltr'><strong>daemonum</strong></span> <span class='ocrx_word' id='word_1_726' title='bbox 2833 3369 3011 3413; x_wconf 87' lang='lat' dir='ltr'><strong>essent</strong></span> <span class='ocrx_word' id='word_1_727' title='bbox 3031 3362 3225 3431; x_wconf 87' lang='lat' dir='ltr'><strong>captivi</strong></span> <span class='ocrx_word' id='word_1_728' title='bbox 3247 3372 3301 3417; x_wconf 89' lang='lat' dir='ltr'><strong>et</strong></span> <span class='ocrx_word' id='word_1_729' title='bbox 3321 3364 3487 3431; x_wconf 77' lang='lat' dir='ltr'><strong>servi,</strong></span> <span class='ocrx_word' id='word_1_730' title='bbox 3508 3380 3709 3437; x_wconf 90' lang='lat' dir='ltr'><strong>corpus</strong></span> <span class='ocrx_word' id='word_1_731' title='bbox 3733 3369 3931 3425; x_wconf 75' lang='lat' dir='ltr'><strong>bonum</strong></span> 
     </span>
    </p>
   </div>
   <div class='ocr_carea' id='block_1_92' title="bbox 2356 3441 3935 3530">
    <p class='ocr_par' dir='ltr' id='par_1_92' title="bbox 2356 3441 3935 3530">
     <span class='ocr_line' id='line_1_92' title="bbox 2356 3441 3935 3530; baseline 0.013 -38"><span class='ocrx_word' id='word_1_732' title='bbox 2356 3441 2669 3510; x_wconf 75' lang='lat' dir='ltr'><strong>angelorum</strong></span> <span class='ocrx_word' id='word_1_733' title='bbox 2694 3454 2749 3499; x_wconf 88' lang='lat' dir='ltr'><strong>et</strong></span> <span class='ocrx_word' id='word_1_734' title='bbox 2773 3448 3217 3518; x_wconf 85' lang='lat' dir='ltr'><strong>srchangelorum</strong></span> <span class='ocrx_word' id='word_1_735' title='bbox 3247 3451 3369 3507; x_wconf 79' lang='lat' dir='ltr'><strong>facti</strong></span> <span class='ocrx_word' id='word_1_736' title='bbox 3404 3463 3529 3508; x_wconf 86' lang='lat' dir='ltr'><strong>sunt</strong></span> <span class='ocrx_word' id='word_1_737' title='bbox 3555 3470 3570 3506; x_wconf 89' lang='lat'><strong>:</strong></span> <span class='ocrx_word' id='word_1_738' title='bbox 3597 3457 3692 3526; x_wconf 91' lang='lat' dir='ltr'><strong>qui</strong></span> <span class='ocrx_word' id='word_1_739' title='bbox 3717 3473 3790 3513; x_wconf 88' lang='lat' dir='ltr'><strong>ne</strong></span> <span class='ocrx_word' id='word_1_740' title='bbox 3818 3460 3935 3530; x_wconf 84' lang='lat' dir='ltr'><strong>quid</strong></span> 
     </span>
    </p>
   </div>
   <div class='ocr_carea' id='block_1_93' title="bbox 2356 3532 3936 3607">
    <p class='ocr_par' dir='ltr' id='par_1_93' title="bbox 2356 3532 3936 3607">
     <span class='ocr_line' id='line_1_93' title="bbox 2356 3532 3936 3607; baseline 0.013 -23"><span class='ocrx_word' id='word_1_741' title='bbox 2356 3542 2501 3586; x_wconf 88' lang='lat' dir='ltr'><strong>esset</strong></span> <span class='ocrx_word' id='word_1_742' title='bbox 2528 3532 2745 3603; x_wconf 85' lang='lat' dir='ltr'><strong>quidem</strong></span> <span class='ocrx_word' id='word_1_743' title='bbox 2774 3535 2916 3592; x_wconf 88' lang='lat' dir='ltr'><strong>Deus</strong></span> <span class='ocrx_word' id='word_1_744' title='bbox 2939 3539 3202 3607; x_wconf 80' lang='lat' dir='ltr'><strong>sciebant,</strong></span> <span class='ocrx_word' id='word_1_745' title='bbox 3231 3557 3354 3597; x_wconf 81' lang='lat' dir='ltr'><strong>mox</strong></span> <span class='ocrx_word' id='word_1_746' title='bbox 3380 3542 3433 3597; x_wconf 92' lang='lat' dir='ltr'><strong>in</strong></span> <span class='ocrx_word' id='word_1_747' title='bbox 3460 3543 3652 3599; x_wconf 87' lang='lat' dir='ltr'><strong>eodem</strong></span> <span class='ocrx_word' id='word_1_748' title='bbox 3682 3564 3807 3602; x_wconf 89' lang='lat' dir='ltr'><strong>cum</strong></span> <span class='ocrx_word' id='word_1_749' title='bbox 3840 3551 3936 3604; x_wconf 80' lang='lat' dir='ltr'><strong>Deo</strong></span> 
     </span>
    </p>
   </div>
   <div class='ocr_carea' id='block_1_94' title="bbox 2358 3616 3971 3708">
    <p class='ocr_par' dir='ltr' id='par_1_94' title="bbox 2358 3616 3971 3708">
     <span class='ocr_line' id='line_1_94' title="bbox 2358 3616 3971 3708; baseline 0.011 -35"><span class='ocrx_word' id='word_1_750' title='bbox 2358 3619 2551 3674; x_wconf 90' lang='lat' dir='ltr'><strong>throno</strong></span> <span class='ocrx_word' id='word_1_751' title='bbox 2579 3623 2955 3680; x_wconf 88' lang='lat' dir='ltr'><strong>consederunt.</strong></span> <span class='ocrx_word' id='word_1_752' title='bbox 2981 3626 3074 3682; x_wconf 76' lang='lat' dir='ltr'><strong>Vis</strong></span> <span class='ocrx_word' id='word_1_753' title='bbox 3094 3629 3282 3685; x_wconf 88' lang='lat' dir='ltr'><strong>videre</strong></span> <span class='ocrx_word' id='word_1_754' title='bbox 3309 3631 3729 3691; x_wconf 86' lang='lat' dir='ltr'><strong>innumerabiles</strong></span> <span class='ocrx_word' id='word_1_755' title='bbox 3748 3616 3935 3708; x_wconf 80' lang='lat' dir='ltr'><strong>gradus</strong></span> <span class='ocrx_word' id='word_1_756' title='bbox 3970 3686 3971 3691; x_wconf 46' lang='grc' dir='ltr'><strong>η</strong></span> 
     </span>
    </p>
   </div>
   <div class='ocr_carea' id='block_1_95' title="bbox 2356 3708 3971 3793">
    <p class='ocr_par' dir='ltr' id='par_1_95' title="bbox 2356 3708 3971 3793">
     <span class='ocr_line' id='line_1_95' title="bbox 2356 3708 3971 3793; baseline 0.012 -28"><span class='ocrx_word' id='word_1_757' title='bbox 2356 3726 2515 3782; x_wconf 88' lang='lat' dir='ltr'><strong>supra</strong></span> <span class='ocrx_word' id='word_1_758' title='bbox 2560 3728 2696 3782; x_wconf 90' lang='lat' dir='ltr'><strong>quos</strong></span> <span class='ocrx_word' id='word_1_759' title='bbox 2742 3717 3092 3773; x_wconf 79' lang='lat' dir='ltr'><strong>exsilierunt?</strong></span> <span class='ocrx_word' id='word_1_760' title='bbox 3125 3719 3413 3791; x_wconf 87' lang='lat' dir='ltr'><strong>Oportebat</strong></span> <span class='ocrx_word' id='word_1_761' title='bbox 3463 3724 3695 3793; x_wconf 87' lang='lat' dir='ltr'><strong>primum</strong></span> <span class='ocrx_word' id='word_1_762' title='bbox 3735 3728 3933 3783; x_wconf 83' lang='lat' dir='ltr'><strong>discere</strong></span> <span class='ocrx_word' id='word_1_763' title='bbox 3970 3708 3971 3715; x_wconf 9' lang='grc' dir='ltr'>γ</span> 
     </span>
    </p>
   </div>
   <div class='ocr_carea' id='block_1_96' title="bbox 2356 3801 3931 3888">
    <p class='ocr_par' dir='ltr' id='par_1_96' title="bbox 2356 3801 3931 3888">
     <span class='ocr_line' id='line_1_96' title="bbox 2356 3801 3931 3888; baseline 0.013 -34"><span class='ocrx_word' id='word_1_764' title='bbox 2356 3801 2497 3870; x_wconf 85' lang='lat' dir='ltr'><strong>quod</strong></span> <span class='ocrx_word' id='word_1_765' title='bbox 2520 3802 2725 3874; x_wconf 80' lang='lat' dir='ltr'><strong>lapides</strong></span> <span class='ocrx_word' id='word_1_766' title='bbox 2753 3820 2860 3861; x_wconf 91' lang='lat' dir='ltr'><strong>non</strong></span> <span class='ocrx_word' id='word_1_767' title='bbox 2890 3808 2999 3863; x_wconf 89' lang='lat' dir='ltr'><strong>sint</strong></span> <span class='ocrx_word' id='word_1_768' title='bbox 3021 3808 3118 3877; x_wconf 89' lang='lat' dir='ltr'><strong>dii,</strong></span> <span class='ocrx_word' id='word_1_769' title='bbox 3149 3811 3387 3873; x_wconf 85' lang='lat' dir='ltr'><strong>secundo</strong></span> <span class='ocrx_word' id='word_1_770' title='bbox 3413 3823 3613 3878; x_wconf 86' lang='lat' dir='ltr'><strong>autem,</strong></span> <span class='ocrx_word' id='word_1_771' title='bbox 3647 3817 3797 3888; x_wconf 88' lang='lat' dir='ltr'><strong>quod</strong></span> <span class='ocrx_word' id='word_1_772' title='bbox 3838 3836 3931 3875; x_wconf 84' lang='lat' dir='ltr'><strong>nua</strong></span> 
     </span>
    </p>
   </div>
   <div class='ocr_carea' id='block_1_97' title="bbox 2356 3895 3929 3974">
    <p class='ocr_par' dir='ltr' id='par_1_97' title="bbox 2356 3895 3929 3974">
     <span class='ocr_line' id='line_1_97' title="bbox 2356 3895 3929 3974; baseline 0.013 -29"><span class='ocrx_word' id='word_1_773' title='bbox 2356 3895 2529 3949; x_wconf 87' lang='lat' dir='ltr'><strong>solum</strong></span> <span class='ocrx_word' id='word_1_774' title='bbox 2561 3910 2667 3951; x_wconf 92' lang='lat' dir='ltr'><strong>non</strong></span> <span class='ocrx_word' id='word_1_775' title='bbox 2702 3895 2808 3952; x_wconf 90' lang='lat' dir='ltr'><strong>sint</strong></span> <span class='ocrx_word' id='word_1_776' title='bbox 2848 3899 2947 3965; x_wconf 90' lang='lat' dir='ltr'><strong>dii,</strong></span> <span class='ocrx_word' id='word_1_777' title='bbox 2983 3902 3078 3955; x_wconf 87' lang='lat' dir='ltr'><strong>sed</strong></span> <span class='ocrx_word' id='word_1_778' title='bbox 3112 3903 3274 3957; x_wconf 87' lang='lat' dir='ltr'><strong>etiam</strong></span> <span class='ocrx_word' id='word_1_779' title='bbox 3307 3904 3545 3960; x_wconf 86' lang='lat' dir='ltr'><strong>minores</strong></span> <span class='ocrx_word' id='word_1_780' title='bbox 3587 3909 3929 3974; x_wconf 85' lang='lat' dir='ltr'><strong>hominibus;</strong></span> 
     </span>
    </p>
   </div>
   <div class='ocr_carea' id='block_1_98' title="bbox 2358 3986 3930 4072">
    <p class='ocr_par' dir='ltr' id='par_1_98' title="bbox 2358 3986 3930 4072">
     <span class='ocr_line' id='line_1_98' title="bbox 2358 3986 3930 4072; baseline 0.013 -35"><span class='ocrx_word' id='word_1_781' title='bbox 2358 3987 2536 4049; x_wconf 86' lang='lat' dir='ltr'><strong>tertio,</strong></span> <span class='ocrx_word' id='word_1_782' title='bbox 2564 3986 2705 4056; x_wconf 89' lang='lat' dir='ltr'><strong>quod</strong></span> <span class='ocrx_word' id='word_1_783' title='bbox 2733 3998 2785 4042; x_wconf 88' lang='lat' dir='ltr'><strong>et</strong></span> <span class='ocrx_word' id='word_1_784' title='bbox 2812 3989 2979 4044; x_wconf 90' lang='lat' dir='ltr'><strong>brutis</strong></span> <span class='ocrx_word' id='word_1_785' title='bbox 3006 3992 3281 4060; x_wconf 88' lang='lat' dir='ltr'><strong>minores;</strong></span> <span class='ocrx_word' id='word_1_786' title='bbox 3304 4006 3517 4065; x_wconf 88' lang='lat' dir='ltr'><strong>quarto,</strong></span> <span class='ocrx_word' id='word_1_787' title='bbox 3547 3999 3691 4068; x_wconf 88' lang='lat' dir='ltr'><strong>quod</strong></span> <span class='ocrx_word' id='word_1_788' title='bbox 3716 4010 3774 4055; x_wconf 90' lang='lat' dir='ltr'><strong>et</strong></span> <span class='ocrx_word' id='word_1_789' title='bbox 3793 4002 3930 4072; x_wconf 84' lang='lat' dir='ltr'><strong>plan-</strong></span> 
     </span>
    </p>
   </div>
   <div class='ocr_carea' id='block_1_99' title="bbox 2359 4074 3928 4161">
    <p class='ocr_par' dir='ltr' id='par_1_99' title="bbox 2359 4074 3928 4161">
     <span class='ocr_line' id='line_1_99' title="bbox 2359 4074 3928 4161; baseline 0.012 -34"><span class='ocrx_word' id='word_1_790' title='bbox 2359 4074 2690 4145; x_wconf 87' lang='lat' dir='ltr'><strong>tis;quinto,</strong></span> <span class='ocrx_word' id='word_1_791' title='bbox 2736 4078 3147 4146; x_wconf 80' lang='lat' dir='ltr'><strong>quodextrcma</strong></span> <span class='ocrx_word' id='word_1_792' title='bbox 3186 4083 3345 4138; x_wconf 88' lang='lat' dir='ltr'><strong>simul</strong></span> <span class='ocrx_word' id='word_1_793' title='bbox 3380 4084 3750 4155; x_wconf 84' lang='lat' dir='ltr'><strong>collegerunt;</strong></span> <span class='ocrx_word' id='word_1_794' title='bbox 3798 4093 3928 4161; x_wconf 88' lang='lat' dir='ltr'><strong>quod</strong></span> 
     </span>
    </p>
   </div>
   <div class='ocr_carea' id='block_1_100' title="bbox 2358 4167 3971 4249">
    <p class='ocr_par' dir='ltr' id='par_1_100' title="bbox 2358 4167 3971 4249">
     <span class='ocr_line' id='line_1_100' title="bbox 2358 4167 3971 4249; baseline 0.014 -32"><span class='ocrx_word' id='word_1_795' title='bbox 2358 4180 2463 4219; x_wconf 79' lang='lat' dir='ltr'><strong>non</strong></span> <span class='ocrx_word' id='word_1_796' title='bbox 2490 4167 2662 4220; x_wconf 86' lang='lat' dir='ltr'><strong>solum</strong></span> <span class='ocrx_word' id='word_1_797' title='bbox 2690 4167 2913 4237; x_wconf 84' lang='lat' dir='ltr'><strong>lapides,</strong></span> <span class='ocrx_word' id='word_1_798' title='bbox 2939 4171 3034 4225; x_wconf 90' lang='lat' dir='ltr'><strong>sed</strong></span> <span class='ocrx_word' id='word_1_799' title='bbox 3062 4188 3162 4227; x_wconf 91' lang='lat' dir='ltr'><strong>nec</strong></span> <span class='ocrx_word' id='word_1_800' title='bbox 3192 4183 3352 4238; x_wconf 88' lang='lat' dir='ltr'><strong>terra,</strong></span> <span class='ocrx_word' id='word_1_801' title='bbox 3382 4192 3482 4231; x_wconf 87' lang='lat' dir='ltr'><strong>nec</strong></span> <span class='ocrx_word' id='word_1_802' title='bbox 3508 4179 3824 4249; x_wconf 87' lang='lat' dir='ltr'><strong>animantia,</strong></span> <span class='ocrx_word' id='word_1_803' title='bbox 3846 4200 3929 4238; x_wconf 83' lang='lat' dir='ltr'><strong>ne-</strong></span> <span class='ocrx_word' id='word_1_804' title='bbox 3970 4236 3971 4239; x_wconf 44' lang='grc' dir='ltr'><strong>η</strong></span> 
     </span>
    </p>
   </div>
   <div class='ocr_carea' id='block_1_101' title="bbox 2355 4256 3927 4338">
    <p class='ocr_par' dir='ltr' id='par_1_101' title="bbox 2355 4256 3927 4338">
     <span class='ocr_line' id='line_1_101' title="bbox 2355 4256 3927 4338; baseline 0.012 -29"><span class='ocrx_word' id='word_1_805' title='bbox 2355 4270 2460 4325; x_wconf 90' lang='lat' dir='ltr'><strong>que</strong></span> <span class='ocrx_word' id='word_1_806' title='bbox 2487 4256 2699 4324; x_wconf 67' lang='lat' dir='ltr'><strong>planta),</strong></span> <span class='ocrx_word' id='word_1_807' title='bbox 2731 4273 2829 4312; x_wconf 90' lang='lat' dir='ltr'><strong>nec</strong></span> <span class='ocrx_word' id='word_1_808' title='bbox 2858 4261 3040 4326; x_wconf 88' lang='lat' dir='ltr'><strong>homo,</strong></span> <span class='ocrx_word' id='word_1_809' title='bbox 3069 4276 3168 4317; x_wconf 88' lang='lat' dir='ltr'><strong>nec</strong></span> <span class='ocrx_word' id='word_1_810' title='bbox 3204 4264 3392 4318; x_wconf 72' lang='lat' dir='ltr'><strong>emtum</strong></span> <span class='ocrx_word' id='word_1_811' title='bbox 3415 4282 3430 4331; x_wconf 90' lang='lat'><strong>;</strong></span> <span class='ocrx_word' id='word_1_812' title='bbox 3452 4268 3557 4333; x_wconf 80' lang='lat' dir='ltr'><strong>vel,</strong></span> <span class='ocrx_word' id='word_1_813' title='bbox 3580 4270 3726 4338; x_wconf 88' lang='lat' dir='ltr'><strong>quod</strong></span> <span class='ocrx_word' id='word_1_814' title='bbox 3757 4273 3927 4327; x_wconf 79' lang='lat' dir='ltr'><strong>excel-</strong></span> 
     </span>
    </p>
   </div>
   <div class='ocr_carea' id='block_1_102' title="bbox 2355 4346 3925 4430">
    <p class='ocr_par' dir='ltr' id='par_1_102' title="bbox 2355 4346 3925 4430">
     <span class='ocr_line' id='line_1_102' title="bbox 2355 4346 3925 4430; baseline 0.012 -32"><span class='ocrx_word' id='word_1_815' title='bbox 2355 4346 2468 4399; x_wconf 87' lang='lat' dir='ltr'><strong>sius</strong></span> <span class='ocrx_word' id='word_1_816' title='bbox 2488 4356 2588 4411; x_wconf 87' lang='lat' dir='ltr'><strong>est,</strong></span> <span class='ocrx_word' id='word_1_817' title='bbox 2608 4347 2747 4417; x_wconf 87' lang='lat' dir='ltr'><strong>quod</strong></span> <span class='ocrx_word' id='word_1_818' title='bbox 2772 4364 2873 4402; x_wconf 81' lang='lat' dir='ltr'><strong>non</strong></span> <span class='ocrx_word' id='word_1_819' title='bbox 2898 4351 3122 4421; x_wconf 83' lang='lat' dir='ltr'><strong>lapides,</strong></span> <span class='ocrx_word' id='word_1_820' title='bbox 3156 4368 3262 4407; x_wconf 89' lang='lat' dir='ltr'><strong>non</strong></span> <span class='ocrx_word' id='word_1_821' title='bbox 3286 4354 3556 4421; x_wconf 74' lang='lat' dir='ltr'><strong>animalia,</strong></span> <span class='ocrx_word' id='word_1_822' title='bbox 3585 4374 3692 4413; x_wconf 91' lang='lat' dir='ltr'><strong>non</strong></span> <span class='ocrx_word' id='word_1_823' title='bbox 3714 4362 3925 4430; x_wconf 55' lang='lat' dir='ltr'><strong>planae,</strong></span> 
     </span>
    </p>
   </div>
   <div class='ocr_carea' id='block_1_103' title="bbox 2357 4437 3922 4517">
    <p class='ocr_par' dir='ltr' id='par_1_103' title="bbox 2357 4437 3922 4517">
     <span class='ocr_line' id='line_1_103' title="bbox 2357 4437 3922 4517; baseline 0.01 -28"><span class='ocrx_word' id='word_1_824' title='bbox 2357 4452 2460 4489; x_wconf 89' lang='lat' dir='ltr'><strong>non</strong></span> <span class='ocrx_word' id='word_1_825' title='bbox 2490 4437 2771 4504; x_wconf 82' lang='lat' dir='ltr'><strong>elementa,</strong></span> <span class='ocrx_word' id='word_1_826' title='bbox 2798 4454 2904 4493; x_wconf 88' lang='lat' dir='ltr'><strong>non</strong></span> <span class='ocrx_word' id='word_1_827' title='bbox 2930 4454 3182 4510; x_wconf 88' lang='lat' dir='ltr'><strong>superna,</strong></span> <span class='ocrx_word' id='word_1_828' title='bbox 3212 4458 3317 4497; x_wconf 90' lang='lat' dir='ltr'><strong>non</strong></span> <span class='ocrx_word' id='word_1_829' title='bbox 3340 4443 3566 4509; x_wconf 76' lang='lat' dir='ltr'><strong>inferna,</strong></span> <span class='ocrx_word' id='word_1_830' title='bbox 3600 4462 3709 4503; x_wconf 87' lang='lat' dir='ltr'><strong>non</strong></span> <span class='ocrx_word' id='word_1_831' title='bbox 3752 4449 3922 4517; x_wconf 82' lang='lat' dir='ltr'><strong>homo,</strong></span> 
     </span>
    </p>
   </div>
   <div class='ocr_carea' id='block_1_104' title="bbox 2357 4525 3971 4605">
    <p class='ocr_par' dir='ltr' id='par_1_104' title="bbox 2357 4525 3971 4605">
     <span class='ocr_line' id='line_1_104' title="bbox 2357 4525 3971 4605; baseline 0.006 -25"><span class='ocrx_word' id='word_1_832' title='bbox 2357 4540 2461 4580; x_wconf 89' lang='lat' dir='ltr'><strong>non</strong></span> <span class='ocrx_word' id='word_1_833' title='bbox 2494 4525 2784 4592; x_wconf 60' lang='lat' dir='ltr'><strong>daemones,</strong></span> <span class='ocrx_word' id='word_1_834' title='bbox 2821 4543 2925 4582; x_wconf 90' lang='lat' dir='ltr'><strong>non</strong></span> <span class='ocrx_word' id='word_1_835' title='bbox 2964 4530 3161 4599; x_wconf 79' lang='lat' dir='ltr'><strong>angeli,</strong></span> <span class='ocrx_word' id='word_1_836' title='bbox 3195 4547 3303 4588; x_wconf 93' lang='lat' dir='ltr'><strong>non</strong></span> <span class='ocrx_word' id='word_1_837' title='bbox 3328 4532 3653 4605; x_wconf 83' lang='lat' dir='ltr'><strong>archangeli,</strong></span> <span class='ocrx_word' id='word_1_838' title='bbox 3692 4555 3804 4594; x_wconf 89' lang='lat' dir='ltr'><strong>non</strong></span> <span class='ocrx_word' id='word_1_839' title='bbox 3839 4542 3925 4593; x_wconf 81' lang='lat' dir='ltr'><strong>ali-</strong></span> <span class='ocrx_word' id='word_1_840' title='bbox 3970 4586 3971 4589; x_wconf 44' lang='grc' dir='ltr'><strong>η</strong></span> 
     </span>
    </p>
   </div>
   <div class='ocr_carea' id='block_1_105' title="bbox 2354 4616 3924 4690">
    <p class='ocr_par' dir='ltr' id='par_1_105' title="bbox 2354 4616 3924 4690">
     <span class='ocr_line' id='line_1_105' title="bbox 2354 4616 3924 4690; baseline 0.012 -25"><span class='ocrx_word' id='word_1_841' title='bbox 2354 4631 2454 4685; x_wconf 88' lang='lat' dir='ltr'><strong>qua</strong></span> <span class='ocrx_word' id='word_1_842' title='bbox 2483 4616 2585 4669; x_wconf 84' lang='lat' dir='ltr'><strong>alia</strong></span> <span class='ocrx_word' id='word_1_843' title='bbox 2611 4631 2673 4669; x_wconf 79' lang='lat' dir='ltr'><strong>cx</strong></span> <span class='ocrx_word' id='word_1_844' title='bbox 2701 4620 2943 4686; x_wconf 83' lang='lat' dir='ltr'><strong>supernis</strong></span> <span class='ocrx_word' id='word_1_845' title='bbox 2973 4618 3079 4675; x_wconf 89' lang='lat' dir='ltr'><strong>illis</strong></span> <span class='ocrx_word' id='word_1_846' title='bbox 3118 4620 3498 4690; x_wconf 87' lang='lat' dir='ltr'><strong>Potestatibus,</strong></span> <span class='ocrx_word' id='word_1_847' title='bbox 3541 4626 3700 4682; x_wconf 83' lang='lat' dir='ltr'><strong>debet</strong></span> <span class='ocrx_word' id='word_1_848' title='bbox 3729 4630 3834 4684; x_wconf 86' lang='lat' dir='ltr'><strong>coli</strong></span> <span class='ocrx_word' id='word_1_849' title='bbox 3865 4629 3924 4683; x_wconf 83' lang='lat' dir='ltr'><strong>ab</strong></span> 
     </span>
    </p>
   </div>
   <div class='ocr_carea' id='block_1_106' title="bbox 2355 4708 3921 4788">
    <p class='ocr_par' dir='ltr' id='par_1_106' title="bbox 2355 4708 3921 4788">
     <span class='ocr_line' id='line_1_106' title="bbox 2355 4708 3921 4788; baseline 0.01 -29"><span class='ocrx_word' id='word_1_850' title='bbox 2355 4708 2584 4760; x_wconf 85' lang='lat' dir='ltr'><strong>humana</strong></span> <span class='ocrx_word' id='word_1_851' title='bbox 2611 4718 2820 4763; x_wconf 88' lang='lat' dir='ltr'><strong>natura.</strong></span> <span class='ocrx_word' id='word_1_852' title='bbox 2859 4709 3150 4780; x_wconf 84' lang='lat' dir='ltr'><strong>Tamquam</strong></span> <span class='ocrx_word' id='word_1_853' title='bbox 3178 4729 3244 4768; x_wconf 80' lang='lat' dir='ltr'><strong>ex</strong></span> <span class='ocrx_word' id='word_1_854' title='bbox 3285 4715 3547 4782; x_wconf 78' lang='lat' dir='ltr'><strong>profundo</strong></span> <span class='ocrx_word' id='word_1_855' title='bbox 3581 4719 3770 4788; x_wconf 81' lang='lat' dir='ltr'><strong>aliquo</strong></span> <span class='ocrx_word' id='word_1_856' title='bbox 3799 4720 3921 4774; x_wconf 84' lang='lat' dir='ltr'><strong>hau-</strong></span> 
     </span>
    </p>
   </div>
   <div class='ocr_carea' id='block_1_107' title="bbox 2353 4798 3920 4877">
    <p class='ocr_par' dir='ltr' id='par_1_107' title="bbox 2353 4798 3920 4877">
     <span class='ocr_line' id='line_1_107' title="bbox 2353 4798 3920 4877; baseline 0.009 -24"><span class='ocrx_word' id='word_1_857' title='bbox 2353 4799 2551 4854; x_wconf 83' lang='lat' dir='ltr'><strong>rientes</strong></span> <span class='ocrx_word' id='word_1_858' title='bbox 2583 4800 2790 4856; x_wconf 86' lang='lat' dir='ltr'><strong>discere</strong></span> <span class='ocrx_word' id='word_1_859' title='bbox 2818 4804 3121 4872; x_wconf 84' lang='lat' dir='ltr'><strong>oportebat,</strong></span> <span class='ocrx_word' id='word_1_860' title='bbox 3150 4798 3291 4876; x_wconf 80' lang='lat' dir='ltr'><strong>quod</strong></span> <span class='ocrx_word' id='word_1_861' title='bbox 3323 4809 3413 4877; x_wconf 87' lang='lat' dir='ltr'><strong>qui</strong></span> <span class='ocrx_word' id='word_1_862' title='bbox 3446 4819 3529 4864; x_wconf 87' lang='lat' dir='ltr'><strong>cst</strong></span> <span class='ocrx_word' id='word_1_863' title='bbox 3555 4812 3798 4867; x_wconf 90' lang='lat' dir='ltr'><strong>omnium</strong></span> <span class='ocrx_word' id='word_1_864' title='bbox 3827 4814 3920 4867; x_wconf 84' lang='lat' dir='ltr'><strong>Do-</strong></span> 
     </span>
    </p>
   </div>
   <div class='ocr_carea' id='block_1_108' title="bbox 2354 4892 3920 4975">
    <p class='ocr_par' dir='ltr' id='par_1_108' title="bbox 2354 4892 3920 4975">
     <span class='ocr_line' id='line_1_108' title="bbox 2354 4892 3920 4975; baseline 0.008 -30"><span class='ocrx_word' id='word_1_865' title='bbox 2354 4892 2549 4957; x_wconf 88' lang='lat' dir='ltr'><strong>minus,</strong></span> <span class='ocrx_word' id='word_1_866' title='bbox 2582 4894 2626 4947; x_wconf 91' lang='lat' dir='ltr'><strong>is</strong></span> <span class='ocrx_word' id='word_1_867' title='bbox 2655 4905 2736 4948; x_wconf 90' lang='lat' dir='ltr'><strong>est</strong></span> <span class='ocrx_word' id='word_1_868' title='bbox 2764 4896 2902 4951; x_wconf 88' lang='lat' dir='ltr'><strong>Deus</strong></span> <span class='ocrx_word' id='word_1_869' title='bbox 2927 4913 2941 4962; x_wconf 91' lang='lat'><strong>;</strong></span> <span class='ocrx_word' id='word_1_870' title='bbox 2969 4897 3258 4975; x_wconf 79' lang='lat' dir='ltr'><strong>quodcum</strong></span> <span class='ocrx_word' id='word_1_871' title='bbox 3290 4901 3466 4956; x_wconf 90' lang='lat' dir='ltr'><strong>solum</strong></span> <span class='ocrx_word' id='word_1_872' title='bbox 3490 4912 3701 4972; x_wconf 83' lang='lat' dir='ltr'><strong>oportet</strong></span> <span class='ocrx_word' id='word_1_873' title='bbox 3728 4907 3920 4969; x_wconf 71' lang='lat' dir='ltr'><strong>colere,</strong></span> 
     </span>
    </p>
   </div>
   <div class='ocr_carea' id='block_1_109' title="bbox 2355 4980 3923 5051">
    <p class='ocr_par' dir='ltr' id='par_1_109' title="bbox 2355 4980 3923 5051">
     <span class='ocr_line' id='line_1_109' title="bbox 2355 4980 3923 5051; baseline 0.01 -18"><span class='ocrx_word' id='word_1_874' title='bbox 2355 4982 2496 5050; x_wconf 89' lang='lat' dir='ltr'><strong>quod</strong></span> <span class='ocrx_word' id='word_1_875' title='bbox 2527 4998 2610 5036; x_wconf 85' lang='lat' dir='ltr'><strong>res</strong></span> <span class='ocrx_word' id='word_1_876' title='bbox 2640 4982 2858 5051; x_wconf 84' lang='lat' dir='ltr'><strong>pulchra</strong></span> <span class='ocrx_word' id='word_1_877' title='bbox 2888 4995 2943 5040; x_wconf 89' lang='lat' dir='ltr'><strong>et</strong></span> <span class='ocrx_word' id='word_1_878' title='bbox 2972 4986 3110 5041; x_wconf 85' lang='lat' dir='ltr'><strong>bona</strong></span> <span class='ocrx_word' id='word_1_879' title='bbox 3135 4989 3206 5043; x_wconf 86' lang='lat' dir='ltr'><strong>sit</strong></span> <span class='ocrx_word' id='word_1_880' title='bbox 3230 4990 3537 5045; x_wconf 84' lang='lat' dir='ltr'><strong>admiranda</strong></span> <span class='ocrx_word' id='word_1_881' title='bbox 3565 4980 3687 5047; x_wconf 71' lang='lat' dir='ltr'><strong>vita:</strong></span> <span class='ocrx_word' id='word_1_882' title='bbox 3721 4994 3923 5049; x_wconf 82' lang='lat' dir='ltr'><strong>institu-</strong></span> 
     </span>
    </p>
   </div>
   <div class='ocr_carea' id='block_1_110' title="bbox 2357 5073 3918 5154">
    <p class='ocr_par' dir='ltr' id='par_1_110' title="bbox 2357 5073 3918 5154">
     <span class='ocr_line' id='line_1_110' title="bbox 2357 5073 3918 5154; baseline 0.008 -27"><span class='ocrx_word' id='word_1_883' title='bbox 2357 5074 2466 5137; x_wconf 90' lang='lat' dir='ltr'><strong>tio;</strong></span> <span class='ocrx_word' id='word_1_884' title='bbox 2498 5073 2638 5143; x_wconf 82' lang='lat' dir='ltr'><strong>qund</strong></span> <span class='ocrx_word' id='word_1_885' title='bbox 2670 5090 2814 5129; x_wconf 91' lang='lat' dir='ltr'><strong>mors</strong></span> <span class='ocrx_word' id='word_1_886' title='bbox 2840 5091 3073 5145; x_wconf 71' lang='lat' dir='ltr'><strong>prmsens</strong></span> <span class='ocrx_word' id='word_1_887' title='bbox 3099 5094 3204 5134; x_wconf 92' lang='lat' dir='ltr'><strong>non</strong></span> <span class='ocrx_word' id='word_1_888' title='bbox 3229 5082 3299 5135; x_wconf 90' lang='lat' dir='ltr'><strong>sit</strong></span> <span class='ocrx_word' id='word_1_889' title='bbox 3319 5096 3482 5146; x_wconf 88' lang='lat' dir='ltr'><strong>mors,</strong></span> <span class='ocrx_word' id='word_1_890' title='bbox 3516 5084 3659 5154; x_wconf 89' lang='lat' dir='ltr'><strong>quod</strong></span> <span class='ocrx_word' id='word_1_891' title='bbox 3688 5085 3797 5139; x_wconf 84' lang='lat' dir='ltr'><strong>vita</strong></span> <span class='ocrx_word' id='word_1_892' title='bbox 3825 5102 3918 5139; x_wconf 88' lang='lat' dir='ltr'><strong>non</strong></span> 
     </span>
    </p>
   </div>
   <div class='ocr_carea' id='block_1_111' title="bbox 2352 5162 3918 5243">
    <p class='ocr_par' dir='ltr' id='par_1_111' title="bbox 2352 5162 3918 5243">
     <span class='ocr_line' id='line_1_111' title="bbox 2352 5162 3918 5243; baseline 0.005 -25"><span class='ocrx_word' id='word_1_893' title='bbox 2352 5162 2495 5228; x_wconf 88' lang='lat' dir='ltr'><strong>vita;</strong></span> <span class='ocrx_word' id='word_1_894' title='bbox 2518 5164 2658 5234; x_wconf 91' lang='lat' dir='ltr'><strong>quod</strong></span> <span class='ocrx_word' id='word_1_895' title='bbox 2690 5180 2885 5234; x_wconf 91' lang='lat' dir='ltr'><strong>corpus</strong></span> <span class='ocrx_word' id='word_1_896' title='bbox 2913 5176 3172 5238; x_wconf 84' lang='lat' dir='ltr'><strong>resurgat,</strong></span> <span class='ocrx_word' id='word_1_897' title='bbox 3211 5170 3354 5237; x_wconf 90' lang='lat' dir='ltr'><strong>quod</strong></span> <span class='ocrx_word' id='word_1_898' title='bbox 3384 5170 3792 5243; x_wconf 89' lang='lat' dir='ltr'><strong>incorruptibile</strong></span> <span class='ocrx_word' id='word_1_899' title='bbox 3817 5175 3918 5241; x_wconf 75' lang='lat' dir='ltr'><strong>(ist,</strong></span> 
     </span>
    </p>
   </div>
   <div class='ocr_carea' id='block_1_112' title="bbox 2354 5254 3920 5331">
    <p class='ocr_par' dir='ltr' id='par_1_112' title="bbox 2354 5254 3920 5331">
     <span class='ocr_line' id='line_1_112' title="bbox 2354 5254 3920 5331; baseline 0.007 -24"><span class='ocrx_word' id='word_1_900' title='bbox 2354 5254 2496 5324; x_wconf 89' lang='lat' dir='ltr'><strong>quod</strong></span> <span class='ocrx_word' id='word_1_901' title='bbox 2521 5254 2775 5311; x_wconf 86' lang='lat' dir='ltr'><strong>ascendat</strong></span> <span class='ocrx_word' id='word_1_902' title='bbox 2801 5256 2852 5309; x_wconf 93' lang='lat' dir='ltr'><strong>in</strong></span> <span class='ocrx_word' id='word_1_903' title='bbox 2882 5257 3065 5324; x_wconf 66' lang='lat' dir='ltr'><strong>caelos,</strong></span> <span class='ocrx_word' id='word_1_904' title='bbox 3093 5258 3234 5328; x_wconf 88' lang='lat' dir='ltr'><strong>quod</strong></span> <span class='ocrx_word' id='word_1_905' title='bbox 3274 5271 3592 5331; x_wconf 82' lang='lat' dir='ltr'><strong>assequatur</strong></span> <span class='ocrx_word' id='word_1_906' title='bbox 3617 5262 3920 5319; x_wconf 80' lang='lat' dir='ltr'><strong>immortali-</strong></span> 
     </span>
    </p>
   </div>
   <div class='ocr_carea' id='block_1_113' title="bbox 2356 5348 3919 5423">
    <p class='ocr_par' dir='ltr' id='par_1_113' title="bbox 2356 5348 3919 5423">
     <span class='ocr_line' id='line_1_113' title="bbox 2356 5348 3919 5423; baseline 0.006 -24"><span class='ocrx_word' id='word_1_907' title='bbox 2356 5348 2536 5411; x_wconf 86' lang='lat' dir='ltr'><strong>tatem,</strong></span> <span class='ocrx_word' id='word_1_908' title='bbox 2576 5348 2719 5417; x_wconf 87' lang='lat' dir='ltr'><strong>quod</strong></span> <span class='ocrx_word' id='word_1_909' title='bbox 2757 5355 2862 5402; x_wconf 88' lang='lat' dir='ltr'><strong>stet</strong></span> <span class='ocrx_word' id='word_1_910' title='bbox 2890 5363 3011 5403; x_wconf 89' lang='lat' dir='ltr'><strong>cum</strong></span> <span class='ocrx_word' id='word_1_911' title='bbox 3041 5349 3264 5419; x_wconf 82' lang='lat' dir='ltr'><strong>angelis,</strong></span> <span class='ocrx_word' id='word_1_912' title='bbox 3307 5351 3449 5421; x_wconf 86' lang='lat' dir='ltr'><strong>quod</strong></span> <span class='ocrx_word' id='word_1_913' title='bbox 3477 5352 3602 5408; x_wconf 88' lang='lat' dir='ltr'><strong>illuc</strong></span> <span class='ocrx_word' id='word_1_914' title='bbox 3640 5354 3919 5423; x_wconf 78' lang='lat' dir='ltr'><strong>transfera-</strong></span> 
     </span>
    </p>
   </div>
   <div class='ocr_carea' id='block_1_114' title="bbox 2357 5436 3915 5508">
    <p class='ocr_par' dir='ltr' id='par_1_114' title="bbox 2357 5436 3915 5508">
     <span class='ocr_line' id='line_1_114' title="bbox 2357 5436 3915 5508; baseline 0.005 -19"><span class='ocrx_word' id='word_1_915' title='bbox 2357 5445 2459 5490; x_wconf 91' lang='lat' dir='ltr'><strong>tur.</strong></span> <span class='ocrx_word' id='word_1_916' title='bbox 2489 5436 2593 5491; x_wconf 90' lang='lat' dir='ltr'><strong>Scd</strong></span> <span class='ocrx_word' id='word_1_917' title='bbox 2624 5437 2765 5491; x_wconf 90' lang='lat' dir='ltr'><strong>hunc</strong></span> <span class='ocrx_word' id='word_1_918' title='bbox 2800 5438 2889 5507; x_wconf 89' lang='lat' dir='ltr'><strong>qui</strong></span> <span class='ocrx_word' id='word_1_919' title='bbox 2918 5438 3025 5492; x_wconf 92' lang='lat' dir='ltr'><strong>illic</strong></span> <span class='ocrx_word' id='word_1_920' title='bbox 3051 5450 3169 5494; x_wconf 86' lang='lat' dir='ltr'><strong>erat</strong></span> <span class='ocrx_word' id='word_1_921' title='bbox 3196 5440 3249 5494; x_wconf 92' lang='lat' dir='ltr'><strong>in</strong></span> <span class='ocrx_word' id='word_1_922' title='bbox 3280 5441 3410 5508; x_wconf 92' lang='lat' dir='ltr'><strong>imo,</strong></span> <span class='ocrx_word' id='word_1_923' title='bbox 3440 5456 3561 5495; x_wconf 91' lang='lat' dir='ltr'><strong>cum</strong></span> <span class='ocrx_word' id='word_1_924' title='bbox 3608 5442 3725 5499; x_wconf 67' lang='lat' dir='ltr'><strong>hcec</strong></span> <span class='ocrx_word' id='word_1_925' title='bbox 3751 5445 3915 5498; x_wconf 82' lang='lat' dir='ltr'><strong>omnia</strong></span> 
     </span>
    </p>
   </div>
   <div class='ocr_carea' id='block_1_115' title="bbox 2356 5528 3971 5600">
    <p class='ocr_par' dir='ltr' id='par_1_115' title="bbox 2356 5528 3971 5600">
     <span class='ocr_line' id='line_1_115' title="bbox 2356 5528 3971 5600; baseline 0.003 -21"><span class='ocrx_word' id='word_1_926' title='bbox 2356 5536 2662 5595; x_wconf 86' lang='lat' dir='ltr'><strong>superasset</strong></span> <span class='ocrx_word' id='word_1_927' title='bbox 2709 5535 2765 5581; x_wconf 92' lang='lat' dir='ltr'><strong>et</strong></span> <span class='ocrx_word' id='word_1_928' title='bbox 2816 5528 3188 5594; x_wconf 87' lang='lat' dir='ltr'><strong>transiliisset,</strong></span> <span class='ocrx_word' id='word_1_929' title='bbox 3240 5532 3488 5600; x_wconf 87' lang='lat' dir='ltr'><strong>superius</strong></span> <span class='ocrx_word' id='word_1_930' title='bbox 3537 5531 3822 5589; x_wconf 81' lang='lat' dir='ltr'><strong>collocavit</strong></span> <span class='ocrx_word' id='word_1_931' title='bbox 3870 5533 3914 5585; x_wconf 86' lang='lat' dir='ltr'><strong>in</strong></span> <span class='ocrx_word' id='word_1_932' title='bbox 3970 5558 3971 5567; x_wconf 61' lang='grc' dir='ltr'><strong>ι</strong></span> 
     </span>
    </p>
   </div>
   <div class='ocr_carea' id='block_1_116' title="bbox 2358 5617 3913 5691">
    <p class='ocr_par' dir='ltr' id='par_1_116' title="bbox 2358 5617 3913 5691">
     <span class='ocr_line' id='line_1_116' title="bbox 2358 5617 3913 5691; baseline 0.002 -20"><span class='ocrx_word' id='word_1_933' title='bbox 2358 5617 2554 5672; x_wconf 87' lang='lat' dir='ltr'><strong>throno</strong></span> <span class='ocrx_word' id='word_1_934' title='bbox 2588 5634 2601 5671; x_wconf 91' lang='lat'>:</span> <span class='ocrx_word' id='word_1_935' title='bbox 2632 5617 2779 5672; x_wconf 92' lang='lat' dir='ltr'><strong>illum</strong></span> <span class='ocrx_word' id='word_1_936' title='bbox 2806 5617 2893 5687; x_wconf 88' lang='lat' dir='ltr'><strong>qui</strong></span> <span class='ocrx_word' id='word_1_937' title='bbox 2922 5617 3200 5673; x_wconf 84' lang='lat' dir='ltr'><strong>eratinl‘ra</strong></span> <span class='ocrx_word' id='word_1_938' title='bbox 3228 5619 3453 5689; x_wconf 83' lang='lat' dir='ltr'><strong>lapides,</strong></span> <span class='ocrx_word' id='word_1_939' title='bbox 3484 5618 3913 5691; x_wconf 29' lang='lat' dir='ltr'><strong>eﬂecitsuperio.</strong></span> 
     </span>
    </p>
   </div>
   <div class='ocr_carea' id='block_1_117' title="bbox 2362 5708 3971 5782">
    <p class='ocr_par' dir='ltr' id='par_1_117' title="bbox 2362 5708 3971 5782">
     <span class='ocr_line' id='line_1_117' title="bbox 2362 5708 3971 5782; baseline -0.002 -14"><span class='ocrx_word' id='word_1_940' title='bbox 2362 5726 2475 5768; x_wconf 86' lang='lat' dir='ltr'><strong>rem</strong></span> <span class='ocrx_word' id='word_1_941' title='bbox 2502 5710 2704 5782; x_wconf 84' lang='lat' dir='ltr'><strong>angelis</strong></span> <span class='ocrx_word' id='word_1_942' title='bbox 2732 5719 2788 5766; x_wconf 87' lang='lat' dir='ltr'><strong>ct</strong></span> <span class='ocrx_word' id='word_1_943' title='bbox 2815 5708 3147 5781; x_wconf 76' lang='lat' dir='ltr'><strong>archangelis</strong></span> <span class='ocrx_word' id='word_1_944' title='bbox 3176 5718 3233 5767; x_wconf 87' lang='lat' dir='ltr'><strong>et</strong></span> <span class='ocrx_word' id='word_1_945' title='bbox 3258 5708 3491 5767; x_wconf 75' lang='lat' dir='ltr'><strong>Turonis</strong></span> <span class='ocrx_word' id='word_1_946' title='bbox 3514 5718 3572 5768; x_wconf 83' lang='lat' dir='ltr'><strong>et</strong></span> <span class='ocrx_word' id='word_1_947' title='bbox 3598 5709 3912 5768; x_wconf 64' lang='lat' dir='ltr'><strong>Dominatioo</strong></span> <span class='ocrx_word' id='word_1_948' title='bbox 3970 5768 3971 5771; x_wconf 34' lang='grc' dir='ltr'><strong>η</strong></span> 
     </span>
    </p>
   </div>
  </div>
