  <div class='ocr_page' id='page_1' title='image "/cluster/home/n/w/nwhite01/storage/ocr_20150623/62/pst.000005712625/340.png"; bbox 0 0 4050 6324; ppageno 0'>
   <div class='ocr_carea' id='block_1_1' title="bbox 86 414 188 468">
    <p class='ocr_par' dir='ltr' id='par_1_1' title="bbox 86 414 188 468">
     <span class='ocr_line' id='line_1_1' title="bbox 86 414 188 468; baseline 0 0"><span class='ocrx_word' id='word_1_1' title='bbox 86 414 188 468; x_wconf 73' lang='grc'><strong>333</strong></span> 
     </span>
    </p>
   </div>
   <div class='ocr_carea' id='block_1_2' title="bbox 87 498 1672 584">
    <p class='ocr_par' dir='ltr' id='par_1_2' title="bbox 87 498 1672 584">
     <span class='ocr_line' id='line_1_2' title="bbox 87 498 1672 584; baseline -0.02 0"><span class='ocrx_word' id='word_1_2' title='bbox 87 532 262 584; x_wconf 84' lang='lat' dir='ltr'><strong>nibus.</strong></span> <span class='ocrx_word' id='word_1_3' title='bbox 307 524 521 581; x_wconf 71' lang='lat' dir='ltr'><strong>Revera</strong></span> <span class='ocrx_word' id='word_1_4' title='bbox 560 518 697 576; x_wconf 88' lang='lat' dir='ltr'><strong>bene</strong></span> <span class='ocrx_word' id='word_1_5' title='bbox 743 513 902 577; x_wconf 84' lang='lat' dir='ltr'><strong>dixit,</strong></span> <span class='ocrx_word' id='word_1_6' title='bbox 957 513 1085 579; x_wconf 75' lang='grc' dir='ltr'><strong>ρκω</strong></span> <span class='ocrx_word' id='word_1_7' title='bbox 1130 511 1231 562; x_wconf 75' lang='lat' dir='ltr'><strong>sint</strong></span> <span class='ocrx_word' id='word_1_8' title='bbox 1267 504 1458 559; x_wconf 68' lang='lat' dir='ltr'><strong>divitiis</strong></span> <span class='ocrx_word' id='word_1_9' title='bbox 1491 498 1672 572; x_wconf 77' lang='lat' dir='ltr'><strong>glorior</strong></span> 
     </span>
    </p>
   </div>
   <div class='ocr_carea' id='block_1_3' title="bbox 88 593 1668 686">
    <p class='ocr_par' dir='ltr' id='par_1_3' title="bbox 88 593 1668 686">
     <span class='ocr_line' id='line_1_3' title="bbox 88 593 1668 686; baseline -0.02 -15"><span class='ocrx_word' id='word_1_10' title='bbox 88 619 234 686; x_wconf 73' lang='lat' dir='ltr'><strong>hujus</strong></span> <span class='ocrx_word' id='word_1_11' title='bbox 281 613 530 686; x_wconf 69' lang='lat' dir='ltr'><strong>mysterii.</strong></span> <span class='ocrx_word' id='word_1_12' title='bbox 573 610 648 664; x_wconf 81' lang='lat' dir='ltr'><strong>Ac</strong></span> <span class='ocrx_word' id='word_1_13' title='bbox 684 606 732 662; x_wconf 85' lang='lat' dir='ltr'><strong>si</strong></span> <span class='ocrx_word' id='word_1_14' title='bbox 774 605 895 676; x_wconf 89' lang='lat' dir='ltr'><strong>quis</strong></span> <span class='ocrx_word' id='word_1_15' title='bbox 940 599 1314 671; x_wconf 71' lang='lat' dir='ltr'><strong>philosophum</strong></span> <span class='ocrx_word' id='word_1_16' title='bbox 1361 593 1668 686; x_wconf 74' lang='lat' dir='ltr'><strong>quempiam</strong></span> 
     </span>
    </p>
   </div>
   <div class='ocr_carea' id='block_1_4' title="bbox 87 679 1668 764">
    <p class='ocr_par' dir='ltr' id='par_1_4' title="bbox 87 679 1668 764">
     <span class='ocr_line' id='line_1_4' title="bbox 87 679 1668 764; baseline -0.019 -1"><span class='ocrx_word' id='word_1_17' title='bbox 87 679 307 764; x_wconf 75' lang='lat' dir='ltr'><strong>stultum</strong></span> <span class='ocrx_word' id='word_1_18' title='bbox 333 679 459 760; x_wconf 71' lang='lat' dir='ltr'><strong>esse</strong></span> <span class='ocrx_word' id='word_1_19' title='bbox 495 701 675 757; x_wconf 83' lang='lat' dir='ltr'><strong>statim</strong></span> <span class='ocrx_word' id='word_1_20' title='bbox 713 695 1024 752; x_wconf 82' lang='lat' dir='ltr'><strong>ostenderet</strong></span> <span class='ocrx_word' id='word_1_21' title='bbox 1059 709 1073 745; x_wconf 91' lang='lat'><strong>:</strong></span> <span class='ocrx_word' id='word_1_22' title='bbox 1108 692 1220 744; x_wconf 89' lang='lat' dir='ltr'><strong>imo</strong></span> <span class='ocrx_word' id='word_1_23' title='bbox 1255 702 1386 742; x_wconf 88' lang='lat' dir='ltr'><strong>vero</strong></span> <span class='ocrx_word' id='word_1_24' title='bbox 1411 679 1668 754; x_wconf 90' lang='lat' dir='ltr'><strong>quidquid</strong></span> 
     </span>
    </p>
   </div>
   <div class='ocr_carea' id='block_1_5' title="bbox 87 773 1668 864">
    <p class='ocr_par' dir='ltr' id='par_1_5' title="bbox 87 773 1668 864">
     <span class='ocr_line' id='line_1_5' title="bbox 87 773 1668 864; baseline -0.02 -9"><span class='ocrx_word' id='word_1_25' title='bbox 87 801 303 864; x_wconf 67' lang='lat' dir='ltr'><strong>deeris,</strong></span> <span class='ocrx_word' id='word_1_26' title='bbox 335 795 471 851; x_wconf 80' lang='lat' dir='ltr'><strong><em>nihil</em></strong></span> <span class='ocrx_word' id='word_1_27' title='bbox 503 793 653 848; x_wconf 85' lang='lat' dir='ltr'><strong>dices</strong></span> <span class='ocrx_word' id='word_1_28' title='bbox 681 807 697 844; x_wconf 88' lang='lat'><strong>:</strong></span> <span class='ocrx_word' id='word_1_29' title='bbox 730 788 879 842; x_wconf 86' lang='lat' dir='ltr'><strong>Pauli</strong></span> <span class='ocrx_word' id='word_1_30' title='bbox 923 797 1154 863; x_wconf 79' lang='lat' dir='ltr'><strong>namque</strong></span> <span class='ocrx_word' id='word_1_31' title='bbox 1196 778 1356 833; x_wconf 80' lang='lat' dir='ltr'><strong>verba</strong></span> <span class='ocrx_word' id='word_1_32' title='bbox 1396 773 1668 864; x_wconf 86' lang='lat' dir='ltr'><strong>indellnita</strong></span> 
     </span>
    </p>
   </div>
   <div class='ocr_carea' id='block_1_6' title="bbox 89 862 1673 955">
    <p class='ocr_par' dir='ltr' id='par_1_6' title="bbox 89 862 1673 955">
     <span class='ocr_line' id='line_1_6' title="bbox 89 862 1673 955; baseline -0.023 -7"><span class='ocrx_word' id='word_1_33' title='bbox 89 904 248 948; x_wconf 81' lang='lat' dir='ltr'><strong>sunt:</strong></span> <span class='ocrx_word' id='word_1_34' title='bbox 287 862 416 955; x_wconf 63' lang='lat' dir='ltr'><strong>Quae</strong></span> <span class='ocrx_word' id='word_1_35' title='bbox 443 886 544 939; x_wconf 88' lang='lat' dir='ltr'><strong>sint</strong></span> <span class='ocrx_word' id='word_1_36' title='bbox 571 882 778 942; x_wconf 76' lang='lat' dir='ltr'><strong>diottite,</strong></span> <span class='ocrx_word' id='word_1_37' title='bbox 819 878 1008 946; x_wconf 90' lang='lat' dir='ltr'><strong>inquit,</strong></span> <span class='ocrx_word' id='word_1_38' title='bbox 1040 873 1218 944; x_wconf 74' lang='lat' dir='ltr'><strong>gloria:</strong></span> <span class='ocrx_word' id='word_1_39' title='bbox 1260 865 1483 938; x_wconf 79' lang='lat' dir='ltr'><strong>mysterii</strong></span> <span class='ocrx_word' id='word_1_40' title='bbox 1518 862 1673 930; x_wconf 86' lang='lat' dir='ltr'><strong>hujus</strong></span> 
     </span>
    </p>
   </div>
   <div class='ocr_carea' id='block_1_7' title="bbox 88 960 1671 1052">
    <p class='ocr_par' dir='ltr' id='par_1_7' title="bbox 88 960 1671 1052">
     <span class='ocr_line' id='line_1_7' title="bbox 88 960 1671 1052; baseline -0.02 -17"><span class='ocrx_word' id='word_1_41' title='bbox 88 985 136 1034; x_wconf 83' lang='lat' dir='ltr'><strong>in</strong></span> <span class='ocrx_word' id='word_1_42' title='bbox 166 979 415 1052; x_wconf 78' lang='lat' dir='ltr'><strong>gentibus,</strong></span> <span class='ocrx_word' id='word_1_43' title='bbox 446 973 584 1046; x_wconf 77' lang='lat' dir='ltr'><strong>quod</strong></span> <span class='ocrx_word' id='word_1_44' title='bbox 610 981 681 1026; x_wconf 89' lang='lat' dir='ltr'><strong>est</strong></span> <span class='ocrx_word' id='word_1_45' title='bbox 704 970 932 1024; x_wconf 85' lang='lat' dir='ltr'><strong>Christus</strong></span> <span class='ocrx_word' id='word_1_46' title='bbox 958 965 1010 1018; x_wconf 91' lang='lat' dir='ltr'><strong>in</strong></span> <span class='ocrx_word' id='word_1_47' title='bbox 1039 960 1427 1052; x_wconf 26' lang='lat' dir='ltr'><strong>vobistllursus</strong></span> <span class='ocrx_word' id='word_1_48' title='bbox 1450 960 1671 1052; x_wconf 31' lang='lat' dir='ltr'><strong>opertos</strong></span> 
     </span>
    </p>
   </div>
   <div class='ocr_carea' id='block_1_8' title="bbox 89 1045 1676 1134">
    <p class='ocr_par' dir='ltr' id='par_1_8' title="bbox 89 1045 1676 1134">
     <span class='ocr_line' id='line_1_8' title="bbox 89 1045 1676 1134; baseline -0.02 -7"><span class='ocrx_word' id='word_1_49' title='bbox 89 1045 186 1127; x_wconf 64' lang='lat' dir='ltr'><strong>luat</strong></span> <span class='ocrx_word' id='word_1_50' title='bbox 202 1069 367 1132; x_wconf 84' lang='lat' dir='ltr'><strong>scire,</strong></span> <span class='ocrx_word' id='word_1_51' title='bbox 412 1063 554 1134; x_wconf 91' lang='lat' dir='ltr'><strong>quod</strong></span> <span class='ocrx_word' id='word_1_52' title='bbox 583 1061 669 1129; x_wconf 93' lang='lat' dir='ltr'><strong>qui</strong></span> <span class='ocrx_word' id='word_1_53' title='bbox 699 1068 782 1113; x_wconf 87' lang='lat' dir='ltr'><strong>est</strong></span> <span class='ocrx_word' id='word_1_54' title='bbox 820 1056 1065 1125; x_wconf 77' lang='lat' dir='ltr'><strong>superior</strong></span> <span class='ocrx_word' id='word_1_55' title='bbox 1092 1051 1340 1106; x_wconf 89' lang='lat' dir='ltr'><strong>omnibus</strong></span> <span class='ocrx_word' id='word_1_56' title='bbox 1366 1055 1419 1102; x_wconf 89' lang='lat' dir='ltr'><strong>et</strong></span> <span class='ocrx_word' id='word_1_57' title='bbox 1450 1045 1676 1134; x_wconf 86' lang='lat' dir='ltr'><strong>imperat</strong></span> 
     </span>
    </p>
   </div>
   <div class='ocr_carea' id='block_1_9' title="bbox 87 1133 1676 1231">
    <p class='ocr_par' dir='ltr' id='par_1_9' title="bbox 87 1133 1676 1231">
     <span class='ocr_line' id='line_1_9' title="bbox 87 1133 1676 1231; baseline -0.019 -17"><span class='ocrx_word' id='word_1_58' title='bbox 87 1160 312 1231; x_wconf 80' lang='lat' dir='ltr'><strong>angelis,</strong></span> <span class='ocrx_word' id='word_1_59' title='bbox 339 1167 396 1212; x_wconf 86' lang='lat' dir='ltr'><strong>et</strong></span> <span class='ocrx_word' id='word_1_60' title='bbox 424 1133 478 1209; x_wconf 87' lang='lat' dir='ltr'><strong>in</strong></span> <span class='ocrx_word' id='word_1_61' title='bbox 504 1153 638 1208; x_wconf 86' lang='lat' dir='ltr'><strong>alias</strong></span> <span class='ocrx_word' id='word_1_62' title='bbox 665 1160 852 1204; x_wconf 83' lang='lat' dir='ltr'><strong>omnes</strong></span> <span class='ocrx_word' id='word_1_63' title='bbox 878 1152 1169 1216; x_wconf 89' lang='lat' dir='ltr'><strong>potestates</strong></span> <span class='ocrx_word' id='word_1_64' title='bbox 1194 1139 1402 1195; x_wconf 90' lang='lat' dir='ltr'><strong>obtinet</strong></span> <span class='ocrx_word' id='word_1_65' title='bbox 1433 1133 1676 1190; x_wconf 86' lang='lat' dir='ltr'><strong>domina-</strong></span> 
     </span>
    </p>
   </div>
   <div class='ocr_carea' id='block_1_10' title="bbox 89 1231 1676 1316">
    <p class='ocr_par' dir='ltr' id='par_1_10' title="bbox 89 1231 1676 1316">
     <span class='ocr_line' id='line_1_10' title="bbox 89 1231 1676 1316; baseline -0.02 -10"><span class='ocrx_word' id='word_1_66' title='bbox 89 1263 224 1316; x_wconf 87' lang='lat' dir='ltr'><strong>tum,</strong></span> <span class='ocrx_word' id='word_1_67' title='bbox 245 1244 528 1303; x_wconf 79' lang='lat' dir='ltr'><strong>descendit</strong></span> <span class='ocrx_word' id='word_1_68' title='bbox 567 1240 725 1304; x_wconf 79' lang='lat' dir='ltr'><strong>intra,</strong></span> <span class='ocrx_word' id='word_1_69' title='bbox 770 1244 827 1293; x_wconf 92' lang='lat' dir='ltr'><strong>et</strong></span> <span class='ocrx_word' id='word_1_70' title='bbox 854 1236 1023 1305; x_wconf 79' lang='lat' dir='ltr'><strong>tactus</strong></span> <span class='ocrx_word' id='word_1_71' title='bbox 1063 1243 1146 1288; x_wconf 91' lang='lat' dir='ltr'><strong>est</strong></span> <span class='ocrx_word' id='word_1_72' title='bbox 1190 1231 1373 1292; x_wconf 90' lang='lat' dir='ltr'><strong>homo,</strong></span> <span class='ocrx_word' id='word_1_73' title='bbox 1405 1234 1458 1278; x_wconf 90' lang='lat' dir='ltr'><strong>ct</strong></span> <span class='ocrx_word' id='word_1_74' title='bbox 1488 1235 1676 1291; x_wconf 87' lang='lat' dir='ltr'><strong>passus</strong></span> 
     </span>
    </p>
   </div>
   <div class='ocr_carea' id='block_1_11' title="bbox 89 1323 1566 1396">
    <p class='ocr_par' dir='ltr' id='par_1_11' title="bbox 89 1323 1566 1396">
     <span class='ocr_line' id='line_1_11' title="bbox 89 1323 1566 1396; baseline -0.021 0"><span class='ocrx_word' id='word_1_75' title='bbox 89 1352 170 1396; x_wconf 86' lang='lat' dir='ltr'><strong>est</strong></span> <span class='ocrx_word' id='word_1_76' title='bbox 198 1332 632 1396; x_wconf 80' lang='lat' dir='ltr'><strong>innumerabilia,</strong></span> <span class='ocrx_word' id='word_1_77' title='bbox 662 1339 714 1385; x_wconf 91' lang='lat' dir='ltr'><strong>et</strong></span> <span class='ocrx_word' id='word_1_78' title='bbox 743 1323 1036 1382; x_wconf 78' lang='lat' dir='ltr'><strong>resurrexit</strong></span> <span class='ocrx_word' id='word_1_79' title='bbox 1057 1331 1111 1376; x_wconf 89' lang='lat' dir='ltr'><strong>et</strong></span> <span class='ocrx_word' id='word_1_80' title='bbox 1135 1328 1216 1376; x_wconf 90' lang='lat' dir='ltr'><strong>est</strong></span> <span class='ocrx_word' id='word_1_81' title='bbox 1241 1327 1566 1383; x_wconf 81' lang='lat' dir='ltr'><strong>assumptus.</strong></span> 
     </span>
    </p>
   </div>
   <div class='ocr_carea' id='block_1_12' title="bbox 154 1401 1678 1485">
    <p class='ocr_par' dir='ltr' id='par_1_12' title="bbox 154 1401 1678 1485">
     <span class='ocr_line' id='line_1_12' title="bbox 154 1401 1678 1485; baseline -0.018 -3"><span class='ocrx_word' id='word_1_82' title='bbox 154 1428 210 1482; x_wconf 72' lang='lat'><strong>&#39;2.</strong></span> <span class='ocrx_word' id='word_1_83' title='bbox 254 1427 383 1481; x_wconf 63' lang='lat' dir='ltr'><strong>Haec</strong></span> <span class='ocrx_word' id='word_1_84' title='bbox 396 1423 575 1478; x_wconf 83' lang='lat' dir='ltr'><strong>omnia</strong></span> <span class='ocrx_word' id='word_1_85' title='bbox 591 1428 744 1476; x_wconf 89' lang='lat' dir='ltr'><strong>erant</strong></span> <span class='ocrx_word' id='word_1_86' title='bbox 761 1419 900 1474; x_wconf 89' lang='lat' dir='ltr'><strong>illius</strong></span> <span class='ocrx_word' id='word_1_87' title='bbox 924 1412 1160 1485; x_wconf 83' lang='lat' dir='ltr'><strong>mysterii</strong></span> <span class='ocrx_word' id='word_1_88' title='bbox 1187 1428 1200 1464; x_wconf 88' lang='lat'><strong>:</strong></span> <span class='ocrx_word' id='word_1_89' title='bbox 1221 1420 1410 1463; x_wconf 89' lang='lat' dir='ltr'><strong>etcum</strong></span> <span class='ocrx_word' id='word_1_90' title='bbox 1430 1401 1678 1460; x_wconf 89' lang='lat' dir='ltr'><strong>encomio</strong></span> 
     </span>
    </p>
   </div>
   <div class='ocr_carea' id='block_1_13' title="bbox 91 1497 1678 1587">
    <p class='ocr_par' dir='ltr' id='par_1_13' title="bbox 91 1497 1678 1587">
     <span class='ocr_line' id='line_1_13' title="bbox 91 1497 1678 1587; baseline -0.018 -15"><span class='ocrx_word' id='word_1_91' title='bbox 91 1519 140 1572; x_wconf 90' lang='lat' dir='ltr'><strong>id</strong></span> <span class='ocrx_word' id='word_1_92' title='bbox 157 1519 312 1587; x_wconf 87' lang='lat' dir='ltr'><strong>ponit</strong></span> <span class='ocrx_word' id='word_1_93' title='bbox 333 1515 543 1577; x_wconf 82' lang='lat' dir='ltr'><strong>dicens,</strong></span> <span class='ocrx_word' id='word_1_94' title='bbox 569 1510 719 1577; x_wconf 79' lang='lat' dir='ltr'><strong>Quod</strong></span> <span class='ocrx_word' id='word_1_95' title='bbox 737 1519 811 1564; x_wconf 77' lang='lat' dir='ltr'><strong>est</strong></span> <span class='ocrx_word' id='word_1_96' title='bbox 827 1506 1056 1561; x_wconf 86' lang='lat' dir='ltr'><strong>Christus</strong></span> <span class='ocrx_word' id='word_1_97' title='bbox 1076 1503 1127 1554; x_wconf 83' lang='lat' dir='ltr'><strong>in</strong></span> <span class='ocrx_word' id='word_1_98' title='bbox 1147 1499 1299 1554; x_wconf 79' lang='lat' dir='ltr'><strong>vobis.</strong></span> <span class='ocrx_word' id='word_1_99' title='bbox 1321 1497 1377 1587; x_wconf 86' lang='lat' dir='ltr'><strong>Si</strong></span> <span class='ocrx_word' id='word_1_100' title='bbox 1399 1503 1481 1550; x_wconf 80' lang='lat' dir='ltr'><strong>est</strong></span> <span class='ocrx_word' id='word_1_101' title='bbox 1501 1504 1678 1587; x_wconf 78' lang='lat' dir='ltr'><strong>autem</strong></span> 
     </span>
    </p>
   </div>
   <div class='ocr_carea' id='block_1_14' title="bbox 92 1584 1680 1672">
    <p class='ocr_par' dir='ltr' id='par_1_14' title="bbox 92 1584 1680 1672">
     <span class='ocr_line' id='line_1_14' title="bbox 92 1584 1680 1672; baseline -0.018 -10"><span class='ocrx_word' id='word_1_102' title='bbox 92 1609 143 1662; x_wconf 91' lang='lat' dir='ltr'><strong>in</strong></span> <span class='ocrx_word' id='word_1_103' title='bbox 159 1584 354 1672; x_wconf 59' lang='lat' dir='ltr'><strong>vobis,</strong></span> <span class='ocrx_word' id='word_1_104' title='bbox 378 1620 476 1659; x_wconf 92' lang='lat' dir='ltr'><strong>cur</strong></span> <span class='ocrx_word' id='word_1_105' title='bbox 501 1601 719 1671; x_wconf 88' lang='lat' dir='ltr'><strong>angelos</strong></span> <span class='ocrx_word' id='word_1_106' title='bbox 745 1596 985 1669; x_wconf 62' lang='lat' dir='ltr'><strong>quaeritis</strong></span> <span class='ocrx_word' id='word_1_107' title='bbox 1000 1588 1296 1648; x_wconf 78' lang='lat' dir='ltr'><strong>doctores?</strong></span> <span class='ocrx_word' id='word_1_108' title='bbox 1324 1584 1557 1656; x_wconf 80' lang='lat' dir='ltr'><strong>Mysterii</strong></span> <span class='ocrx_word' id='word_1_109' title='bbox 1583 1584 1680 1635; x_wconf 79' lang='lat' dir='ltr'><strong>hu-</strong></span> 
     </span>
    </p>
   </div>
   <div class='ocr_carea' id='block_1_15' title="bbox 83 1677 1686 1766">
    <p class='ocr_par' dir='ltr' id='par_1_15' title="bbox 83 1677 1686 1766">
     <span class='ocr_line' id='line_1_15' title="bbox 83 1677 1686 1766; baseline -0.019 -12"><span class='ocrx_word' id='word_1_110' title='bbox 83 1701 172 1766; x_wconf 82' lang='lat' dir='ltr'><strong>jus</strong></span> <span class='ocrx_word' id='word_1_111' title='bbox 188 1714 208 1752; x_wconf 91' lang='lat'><strong><em>:</em></strong></span> <span class='ocrx_word' id='word_1_112' title='bbox 225 1704 311 1752; x_wconf 86' lang='lat' dir='ltr'><strong>est</strong></span> <span class='ocrx_word' id='word_1_113' title='bbox 325 1694 468 1749; x_wconf 87' lang='lat' dir='ltr'><strong>enim</strong></span> <span class='ocrx_word' id='word_1_114' title='bbox 497 1691 640 1746; x_wconf 91' lang='lat' dir='ltr'><strong>aliud</strong></span> <span class='ocrx_word' id='word_1_115' title='bbox 654 1701 868 1760; x_wconf 88' lang='lat' dir='ltr'><strong>quoque</strong></span> <span class='ocrx_word' id='word_1_116' title='bbox 887 1684 1220 1755; x_wconf 81' lang='lat' dir='ltr'><strong>mysterium.</strong></span> <span class='ocrx_word' id='word_1_117' title='bbox 1238 1677 1342 1734; x_wconf 87' lang='lat' dir='ltr'><strong>Sed</strong></span> <span class='ocrx_word' id='word_1_118' title='bbox 1363 1678 1464 1730; x_wconf 91' lang='lat' dir='ltr'><strong>hoc</strong></span> <span class='ocrx_word' id='word_1_119' title='bbox 1492 1683 1686 1766; x_wconf 85' lang='lat' dir='ltr'><strong>est</strong></span> 
     </span>
    </p>
   </div>
   <div class='ocr_carea' id='block_1_16' title="bbox 91 1763 1680 1858">
    <p class='ocr_par' dir='ltr' id='par_1_16' title="bbox 91 1763 1680 1858">
     <span class='ocr_line' id='line_1_16' title="bbox 91 1763 1680 1858; baseline -0.014 -19"><span class='ocrx_word' id='word_1_120' title='bbox 91 1763 212 1842; x_wconf 75' lang='lat' dir='ltr'><strong>vera</strong></span> <span class='ocrx_word' id='word_1_121' title='bbox 229 1785 569 1858; x_wconf 80' lang='lat' dir='ltr'><strong>mysterium,</strong></span> <span class='ocrx_word' id='word_1_122' title='bbox 584 1779 726 1852; x_wconf 81' lang='lat' dir='ltr'><strong>quod</strong></span> <span class='ocrx_word' id='word_1_123' title='bbox 741 1792 897 1844; x_wconf 79' lang='lat' dir='ltr'><strong>nemo</strong></span> <span class='ocrx_word' id='word_1_124' title='bbox 914 1775 1080 1838; x_wconf 89' lang='lat' dir='ltr'><strong>novit,</strong></span> <span class='ocrx_word' id='word_1_125' title='bbox 1095 1771 1235 1842; x_wconf 90' lang='lat' dir='ltr'><strong>quod</strong></span> <span class='ocrx_word' id='word_1_126' title='bbox 1249 1780 1329 1825; x_wconf 87' lang='lat' dir='ltr'><strong>est</strong></span> <span class='ocrx_word' id='word_1_127' title='bbox 1344 1763 1680 1858; x_wconf 77' lang='lat' dir='ltr'><strong>admirabile,</strong></span> 
     </span>
    </p>
   </div>
   <div class='ocr_carea' id='block_1_17' title="bbox 93 1852 1683 1946">
    <p class='ocr_par' dir='ltr' id='par_1_17' title="bbox 93 1852 1683 1946">
     <span class='ocr_line' id='line_1_17' title="bbox 93 1852 1683 1946; baseline -0.017 -13"><span class='ocrx_word' id='word_1_128' title='bbox 93 1876 231 1946; x_wconf 81' lang='lat' dir='ltr'><strong>quod</strong></span> <span class='ocrx_word' id='word_1_129' title='bbox 251 1852 338 1931; x_wconf 75' lang='lat' dir='ltr'><strong>est</strong></span> <span class='ocrx_word' id='word_1_130' title='bbox 354 1881 551 1944; x_wconf 64' lang='lat' dir='ltr'><strong>praeter</strong></span> <span class='ocrx_word' id='word_1_131' title='bbox 565 1883 903 1926; x_wconf 80' lang='lat' dir='ltr'><strong>communem</strong></span> <span class='ocrx_word' id='word_1_132' title='bbox 926 1863 1398 1933; x_wconf 88' lang='lat' dir='ltr'><strong>exspectationem,</strong></span> <span class='ocrx_word' id='word_1_133' title='bbox 1421 1854 1564 1926; x_wconf 90' lang='lat' dir='ltr'><strong>quod</strong></span> <span class='ocrx_word' id='word_1_134' title='bbox 1586 1852 1683 1907; x_wconf 87' lang='lat' dir='ltr'><strong>ab-</strong></span> 
     </span>
    </p>
   </div>
   <div class='ocr_carea' id='block_1_18' title="bbox 93 1946 1686 2029">
    <p class='ocr_par' dir='ltr' id='par_1_18' title="bbox 93 1946 1686 2029">
     <span class='ocr_line' id='line_1_18' title="bbox 93 1946 1686 2029; baseline -0.014 -9"><span class='ocrx_word' id='word_1_135' title='bbox 93 1961 638 2029; x_wconf 73' lang='lat' dir='ltr'><strong>sc0ttdebatttr.Quod</strong></span> <span class='ocrx_word' id='word_1_136' title='bbox 654 1970 745 2025; x_wconf 78' lang='lat' dir='ltr'><strong>est,</strong></span> <span class='ocrx_word' id='word_1_137' title='bbox 766 1959 954 2028; x_wconf 86' lang='lat' dir='ltr'><strong>inquit,</strong></span> <span class='ocrx_word' id='word_1_138' title='bbox 973 1955 1200 2009; x_wconf 96' lang='lat' dir='ltr'><strong>Christus</strong></span> <span class='ocrx_word' id='word_1_139' title='bbox 1216 1952 1267 2004; x_wconf 88' lang='lat' dir='ltr'><strong>in</strong></span> <span class='ocrx_word' id='word_1_140' title='bbox 1285 1949 1558 2016; x_wconf 80' lang='lat' dir='ltr'><strong>vobis,spes</strong></span> <span class='ocrx_word' id='word_1_141' title='bbox 1575 1946 1686 2015; x_wconf 89' lang='lat' dir='ltr'><strong>glo-</strong></span> 
     </span>
    </p>
   </div>
   <div class='ocr_carea' id='block_1_19' title="bbox 95 2039 1676 2125">
    <p class='ocr_par' dir='ltr' id='par_1_19' title="bbox 95 2039 1676 2125">
     <span class='ocr_line' id='line_1_19' title="bbox 95 2039 1676 2125; baseline -0.013 -14"><span class='ocrx_word' id='word_1_142' title='bbox 95 2060 202 2122; x_wconf 73' lang='lat' dir='ltr'><strong>rior,</strong></span> <span class='ocrx_word' id='word_1_143' title='bbox 231 2072 380 2125; x_wconf 82' lang='lat' dir='ltr'><strong>quem</strong></span> <span class='ocrx_word' id='word_1_144' title='bbox 407 2070 499 2107; x_wconf 85' lang='lat' dir='ltr'><strong>nos</strong></span> <span class='ocrx_word' id='word_1_145' title='bbox 536 2052 915 2113; x_wconf 87' lang='lat' dir='ltr'><strong>annuntiamus,</strong></span> <span class='ocrx_word' id='word_1_146' title='bbox 948 2063 976 2100; x_wconf 88' lang='lat' dir='ltr'><strong>a</strong></span> <span class='ocrx_word' id='word_1_147' title='bbox 1006 2043 1215 2115; x_wconf 85' lang='lat' dir='ltr'><strong>superis</strong></span> <span class='ocrx_word' id='word_1_148' title='bbox 1241 2057 1363 2096; x_wconf 88' lang='lat' dir='ltr'><strong>eum</strong></span> <span class='ocrx_word' id='word_1_149' title='bbox 1397 2039 1631 2093; x_wconf 84' lang='lat' dir='ltr'><strong>ferentes</strong></span> <span class='ocrx_word' id='word_1_150' title='bbox 1663 2053 1676 2090; x_wconf 91' lang='lat'><strong>:</strong></span> 
     </span>
    </p>
   </div>
   <div class='ocr_carea' id='block_1_20' title="bbox 102 2131 1682 2214">
    <p class='ocr_par' dir='ltr' id='par_1_20' title="bbox 102 2131 1682 2214">
     <span class='ocr_line' id='line_1_20' title="bbox 102 2131 1682 2214; baseline -0.009 -20"><span class='ocrx_word' id='word_1_151' title='bbox 102 2161 261 2214; x_wconf 85' lang='lat' dir='ltr'><strong>quem</strong></span> <span class='ocrx_word' id='word_1_152' title='bbox 309 2159 429 2209; x_wconf 88' lang='lat' dir='ltr'><strong>nos,</strong></span> <span class='ocrx_word' id='word_1_153' title='bbox 473 2157 580 2196; x_wconf 92' lang='lat' dir='ltr'><strong>non</strong></span> <span class='ocrx_word' id='word_1_154' title='bbox 607 2140 781 2210; x_wconf 80' lang='lat' dir='ltr'><strong>angeli</strong></span> <span class='ocrx_word' id='word_1_155' title='bbox 812 2156 823 2190; x_wconf 91' lang='lat'>:</span> <span class='ocrx_word' id='word_1_156' title='bbox 858 2139 1093 2190; x_wconf 84' lang='lat' dir='ltr'><strong>docentes</strong></span> <span class='ocrx_word' id='word_1_157' title='bbox 1118 2143 1164 2186; x_wconf 85' lang='lat' dir='ltr'><strong>et</strong></span> <span class='ocrx_word' id='word_1_158' title='bbox 1193 2131 1541 2199; x_wconf 75' lang='lat' dir='ltr'><strong>corripientes,</strong></span> <span class='ocrx_word' id='word_1_159' title='bbox 1579 2141 1682 2182; x_wconf 91' lang='lat' dir='ltr'><strong>non</strong></span> 
     </span>
    </p>
   </div>
   <div class='ocr_carea' id='block_1_21' title="bbox 100 2223 1686 2306">
    <p class='ocr_par' dir='ltr' id='par_1_21' title="bbox 100 2223 1686 2306">
     <span class='ocr_line' id='line_1_21' title="bbox 100 2223 1686 2306; baseline -0.01 -16"><span class='ocrx_word' id='word_1_160' title='bbox 100 2237 438 2306; x_wconf 87' lang='lat' dir='ltr'><strong>imperando,</strong></span> <span class='ocrx_word' id='word_1_161' title='bbox 466 2248 639 2302; x_wconf 88' lang='lat' dir='ltr'><strong>neque</strong></span> <span class='ocrx_word' id='word_1_162' title='bbox 663 2247 784 2286; x_wconf 91' lang='lat' dir='ltr'><strong>cum</strong></span> <span class='ocrx_word' id='word_1_163' title='bbox 813 2229 1129 2285; x_wconf 82' lang='lat' dir='ltr'><strong>necessitate</strong></span> <span class='ocrx_word' id='word_1_164' title='bbox 1158 2244 1170 2280; x_wconf 95' lang='lat'>:</span> <span class='ocrx_word' id='word_1_165' title='bbox 1197 2241 1320 2280; x_wconf 87' lang='lat' dir='ltr'><strong>nam</strong></span> <span class='ocrx_word' id='word_1_166' title='bbox 1347 2223 1450 2278; x_wconf 86' lang='lat' dir='ltr'><strong>hoc</strong></span> <span class='ocrx_word' id='word_1_167' title='bbox 1473 2236 1686 2291; x_wconf 89' lang='lat' dir='ltr'><strong>quoque</strong></span> 
     </span>
    </p>
   </div>
   <div class='ocr_carea' id='block_1_22' title="bbox 98 2313 1686 2395">
    <p class='ocr_par' dir='ltr' id='par_1_22' title="bbox 98 2313 1686 2395">
     <span class='ocr_line' id='line_1_22' title="bbox 98 2313 1686 2395; baseline -0.009 -14"><span class='ocrx_word' id='word_1_168' title='bbox 98 2339 178 2381; x_wconf 81' lang='lat' dir='ltr'><strong>est</strong></span> <span class='ocrx_word' id='word_1_169' title='bbox 209 2328 306 2382; x_wconf 88' lang='lat' dir='ltr'><strong>Dei</strong></span> <span class='ocrx_word' id='word_1_170' title='bbox 339 2325 702 2395; x_wconf 79' lang='lat' dir='ltr'><strong>benignitatis,</strong></span> <span class='ocrx_word' id='word_1_171' title='bbox 744 2338 849 2377; x_wconf 90' lang='lat' dir='ltr'><strong>non</strong></span> <span class='ocrx_word' id='word_1_172' title='bbox 877 2319 1067 2374; x_wconf 84' lang='lat' dir='ltr'><strong>adduci</strong></span> <span class='ocrx_word' id='word_1_173' title='bbox 1094 2317 1388 2388; x_wconf 85' lang='lat' dir='ltr'><strong>tyrannice.</strong></span> <span class='ocrx_word' id='word_1_174' title='bbox 1424 2313 1686 2381; x_wconf 84' lang='lat' dir='ltr'><strong>Quoniam</strong></span> 
     </span>
    </p>
   </div>
   <div class='ocr_carea' id='block_1_23' title="bbox 101 2405 1684 2486">
    <p class='ocr_par' dir='ltr' id='par_1_23' title="bbox 101 2405 1684 2486">
     <span class='ocr_line' id='line_1_23' title="bbox 101 2405 1684 2486; baseline -0.011 -16"><span class='ocrx_word' id='word_1_175' title='bbox 101 2416 252 2482; x_wconf 89' lang='lat' dir='ltr'><strong>illud,</strong></span> <span class='ocrx_word' id='word_1_176' title='bbox 285 2415 550 2478; x_wconf 83' lang='lat' dir='ltr'><strong>Docentes,</strong></span> <span class='ocrx_word' id='word_1_177' title='bbox 574 2423 975 2482; x_wconf 85' lang='lat' dir='ltr'><strong>eratmagnum,</strong></span> <span class='ocrx_word' id='word_1_178' title='bbox 1001 2408 1294 2486; x_wconf 73' lang='lat' dir='ltr'><strong>subiunxit,</strong></span> <span class='ocrx_word' id='word_1_179' title='bbox 1327 2405 1684 2473; x_wconf 82' lang='lat' dir='ltr'><strong>Corripientes,</strong></span> 
     </span>
    </p>
   </div>
   <div class='ocr_carea' id='block_1_24' title="bbox 100 2496 1685 2576">
    <p class='ocr_par' dir='ltr' id='par_1_24' title="bbox 100 2496 1685 2576">
     <span class='ocr_line' id='line_1_24' title="bbox 100 2496 1685 2576; baseline -0.004 -21"><span class='ocrx_word' id='word_1_180' title='bbox 100 2505 240 2573; x_wconf 87' lang='lat' dir='ltr'><strong>quod</strong></span> <span class='ocrx_word' id='word_1_181' title='bbox 285 2505 455 2576; x_wconf 89' lang='lat' dir='ltr'><strong>magis</strong></span> <span class='ocrx_word' id='word_1_182' title='bbox 497 2511 614 2558; x_wconf 87' lang='lat' dir='ltr'><strong>erat</strong></span> <span class='ocrx_word' id='word_1_183' title='bbox 653 2503 817 2572; x_wconf 84' lang='lat' dir='ltr'><strong>patris</strong></span> <span class='ocrx_word' id='word_1_184' title='bbox 846 2515 1005 2570; x_wconf 90' lang='lat' dir='ltr'><strong>quam</strong></span> <span class='ocrx_word' id='word_1_185' title='bbox 1052 2499 1287 2552; x_wconf 77' lang='lat' dir='ltr'><strong>doctoris</strong></span> <span class='ocrx_word' id='word_1_186' title='bbox 1325 2507 1380 2550; x_wconf 90' lang='lat' dir='ltr'><strong>et</strong></span> <span class='ocrx_word' id='word_1_187' title='bbox 1424 2496 1685 2564; x_wconf 83' lang='lat' dir='ltr'><strong>magistri.</strong></span> 
     </span>
    </p>
   </div>
   <div class='ocr_carea' id='block_1_25' title="bbox 104 2589 1689 2662">
    <p class='ocr_par' dir='ltr' id='par_1_25' title="bbox 104 2589 1689 2662">
     <span class='ocr_line' id='line_1_25' title="bbox 104 2589 1689 2662; baseline -0.006 -16"><span class='ocrx_word' id='word_1_188' title='bbox 104 2599 264 2659; x_wconf 79' lang='lat' dir='ltr'><strong>Quem</strong></span> <span class='ocrx_word' id='word_1_189' title='bbox 291 2612 404 2659; x_wconf 85' lang='lat' dir='ltr'><strong>nos,</strong></span> <span class='ocrx_word' id='word_1_190' title='bbox 454 2593 646 2662; x_wconf 87' lang='lat' dir='ltr'><strong>inquit,</strong></span> <span class='ocrx_word' id='word_1_191' title='bbox 692 2593 1076 2653; x_wconf 87' lang='lat' dir='ltr'><strong>annuntiamus,</strong></span> <span class='ocrx_word' id='word_1_192' title='bbox 1118 2589 1446 2656; x_wconf 73' lang='lat' dir='ltr'><strong>corripientes</strong></span> <span class='ocrx_word' id='word_1_193' title='bbox 1492 2602 1689 2639; x_wconf 85' lang='lat' dir='ltr'><strong>omnem</strong></span> 
     </span>
    </p>
   </div>
   <div class='ocr_carea' id='block_1_26' title="bbox 103 2679 1690 2750">
    <p class='ocr_par' dir='ltr' id='par_1_26' title="bbox 103 2679 1690 2750">
     <span class='ocr_line' id='line_1_26' title="bbox 103 2679 1690 2750; baseline -0.008 -10"><span class='ocrx_word' id='word_1_194' title='bbox 103 2689 376 2750; x_wconf 82' lang='lat' dir='ltr'><strong>hominem,</strong></span> <span class='ocrx_word' id='word_1_195' title='bbox 409 2697 454 2739; x_wconf 89' lang='lat' dir='ltr'><strong>et</strong></span> <span class='ocrx_word' id='word_1_196' title='bbox 477 2686 710 2739; x_wconf 76' lang='lat' dir='ltr'><strong>docentes</strong></span> <span class='ocrx_word' id='word_1_197' title='bbox 737 2699 935 2736; x_wconf 83' lang='lat' dir='ltr'><strong>omnem</strong></span> <span class='ocrx_word' id='word_1_198' title='bbox 966 2680 1218 2734; x_wconf 82' lang='lat' dir='ltr'><strong>hominem</strong></span> <span class='ocrx_word' id='word_1_199' title='bbox 1248 2679 1299 2731; x_wconf 86' lang='lat' dir='ltr'><strong>in</strong></span> <span class='ocrx_word' id='word_1_200' title='bbox 1329 2679 1690 2744; x_wconf 62' lang='lat' dir='ltr'><strong>omnisapien-</strong></span> 
     </span>
    </p>
   </div>
   <div class='ocr_carea' id='block_1_27' title="bbox 104 2767 1691 2845">
    <p class='ocr_par' dir='ltr' id='par_1_27' title="bbox 104 2767 1691 2845">
     <span class='ocr_line' id='line_1_27' title="bbox 104 2767 1691 2845; baseline -0.008 -13"><span class='ocrx_word' id='word_1_201' title='bbox 104 2784 172 2833; x_wconf 84' lang='lat' dir='ltr'><strong>tia</strong></span> <span class='ocrx_word' id='word_1_202' title='bbox 200 2797 220 2834; x_wconf 92' lang='lat'><strong><em>:</em></strong></span> <span class='ocrx_word' id='word_1_203' title='bbox 251 2779 307 2834; x_wconf 91' lang='lat' dir='ltr'><strong>id</strong></span> <span class='ocrx_word' id='word_1_204' title='bbox 350 2787 454 2845; x_wconf 90' lang='lat' dir='ltr'><strong>est,</strong></span> <span class='ocrx_word' id='word_1_205' title='bbox 492 2792 614 2832; x_wconf 91' lang='lat' dir='ltr'><strong>cum</strong></span> <span class='ocrx_word' id='word_1_206' title='bbox 653 2775 796 2830; x_wconf 91' lang='lat' dir='ltr'><strong>omni</strong></span> <span class='ocrx_word' id='word_1_207' title='bbox 842 2772 1102 2842; x_wconf 83' lang='lat' dir='ltr'><strong>sapientia</strong></span> <span class='ocrx_word' id='word_1_208' title='bbox 1138 2781 1192 2827; x_wconf 92' lang='lat' dir='ltr'><strong>et</strong></span> <span class='ocrx_word' id='word_1_209' title='bbox 1242 2769 1519 2840; x_wconf 81' lang='lat' dir='ltr'><strong>prudentia</strong></span> <span class='ocrx_word' id='word_1_210' title='bbox 1550 2784 1565 2830; x_wconf 92' lang='lat'><strong>;</strong></span> <span class='ocrx_word' id='word_1_211' title='bbox 1609 2767 1691 2821; x_wconf 91' lang='lat' dir='ltr'><strong>vel</strong></span> 
     </span>
    </p>
   </div>
   <div class='ocr_carea' id='block_1_28' title="bbox 103 2857 1691 2936">
    <p class='ocr_par' dir='ltr' id='par_1_28' title="bbox 103 2857 1691 2936">
     <span class='ocr_line' id='line_1_28' title="bbox 103 2857 1691 2936; baseline -0.009 -12"><span class='ocrx_word' id='word_1_212' title='bbox 103 2870 284 2924; x_wconf 84' lang='lat' dir='ltr'><strong>omnia</strong></span> <span class='ocrx_word' id='word_1_213' title='bbox 315 2871 370 2923; x_wconf 91' lang='lat' dir='ltr'><strong>in</strong></span> <span class='ocrx_word' id='word_1_214' title='bbox 399 2867 659 2936; x_wconf 80' lang='lat' dir='ltr'><strong>sapientia</strong></span> <span class='ocrx_word' id='word_1_215' title='bbox 705 2865 965 2920; x_wconf 88' lang='lat' dir='ltr'><strong>dicentes.</strong></span> <span class='ocrx_word' id='word_1_216' title='bbox 1017 2863 1199 2929; x_wconf 89' lang='lat' dir='ltr'><strong>itaque</strong></span> <span class='ocrx_word' id='word_1_217' title='bbox 1239 2859 1386 2914; x_wconf 91' lang='lat' dir='ltr'><strong>omni</strong></span> <span class='ocrx_word' id='word_1_218' title='bbox 1433 2857 1691 2926; x_wconf 86' lang='lat' dir='ltr'><strong>sapientia</strong></span> 
     </span>
    </p>
   </div>
   <div class='ocr_carea' id='block_1_29' title="bbox 105 2953 1693 3029">
    <p class='ocr_par' dir='ltr' id='par_1_29' title="bbox 105 2953 1693 3029">
     <span class='ocr_line' id='line_1_29' title="bbox 105 2953 1693 3029; baseline -0.008 -14"><span class='ocrx_word' id='word_1_219' title='bbox 105 2971 186 3014; x_wconf 87' lang='lat' dir='ltr'><strong>est</strong></span> <span class='ocrx_word' id='word_1_220' title='bbox 211 2976 353 3029; x_wconf 88' lang='lat' dir='ltr'><strong>opus</strong></span> <span class='ocrx_word' id='word_1_221' title='bbox 383 2974 398 3011; x_wconf 90' lang='lat'><strong>:</strong></span> <span class='ocrx_word' id='word_1_222' title='bbox 430 2958 555 3012; x_wconf 85' lang='lat' dir='ltr'><strong>talia</strong></span> <span class='ocrx_word' id='word_1_223' title='bbox 587 2957 728 3011; x_wconf 90' lang='lat' dir='ltr'><strong>enim</strong></span> <span class='ocrx_word' id='word_1_224' title='bbox 760 2970 918 3025; x_wconf 90' lang='lat' dir='ltr'><strong>posse</strong></span> <span class='ocrx_word' id='word_1_225' title='bbox 946 2953 1155 3008; x_wconf 87' lang='lat' dir='ltr'><strong>discere</strong></span> <span class='ocrx_word' id='word_1_226' title='bbox 1185 2968 1290 3006; x_wconf 91' lang='lat' dir='ltr'><strong>non</strong></span> <span class='ocrx_word' id='word_1_227' title='bbox 1321 2959 1404 3005; x_wconf 91' lang='lat' dir='ltr'><strong>est</strong></span> <span class='ocrx_word' id='word_1_228' title='bbox 1438 2963 1693 3019; x_wconf 86' lang='lat' dir='ltr'><strong>quorum-</strong></span> 
     </span>
    </p>
   </div>
   <div class='ocr_carea' id='block_1_30' title="bbox 106 3041 1695 3115">
    <p class='ocr_par' dir='ltr' id='par_1_30' title="bbox 106 3041 1695 3115">
     <span class='ocr_line' id='line_1_30' title="bbox 106 3041 1695 3115; baseline -0.008 -10"><span class='ocrx_word' id='word_1_229' title='bbox 106 3056 204 3107; x_wconf 86' lang='lat' dir='ltr'><strong>vis.</strong></span> <span class='ocrx_word' id='word_1_230' title='bbox 237 3051 306 3107; x_wconf 85' lang='lat' dir='ltr'><strong>Ut</strong></span> <span class='ocrx_word' id='word_1_231' title='bbox 328 3050 649 3104; x_wconf 66' lang='lat' dir='ltr'><strong>exhibeamus</strong></span> <span class='ocrx_word' id='word_1_232' title='bbox 674 3063 869 3101; x_wconf 86' lang='lat' dir='ltr'><strong>onmem</strong></span> <span class='ocrx_word' id='word_1_233' title='bbox 899 3045 1150 3099; x_wconf 83' lang='lat' dir='ltr'><strong>hominem</strong></span> <span class='ocrx_word' id='word_1_234' title='bbox 1181 3047 1455 3115; x_wconf 78' lang='lat' dir='ltr'><strong>perfectum</strong></span> <span class='ocrx_word' id='word_1_235' title='bbox 1475 3043 1526 3094; x_wconf 87' lang='lat' dir='ltr'><strong>in</strong></span> <span class='ocrx_word' id='word_1_236' title='bbox 1547 3041 1695 3095; x_wconf 85' lang='lat' dir='ltr'><strong>Chri-</strong></span> 
     </span>
    </p>
   </div>
   <div class='ocr_carea' id='block_1_31' title="bbox 105 3133 1692 3207">
    <p class='ocr_par' dir='ltr' id='par_1_31' title="bbox 105 3133 1692 3207">
     <span class='ocr_line' id='line_1_31' title="bbox 105 3133 1692 3207; baseline -0.007 -11"><span class='ocrx_word' id='word_1_237' title='bbox 105 3154 180 3196; x_wconf 83' lang='lat' dir='ltr'><strong>sto</strong></span> <span class='ocrx_word' id='word_1_238' title='bbox 206 3143 360 3196; x_wconf 70' lang='lat' dir='ltr'><strong>Iesu.</strong></span> <span class='ocrx_word' id='word_1_239' title='bbox 388 3139 524 3207; x_wconf 88' lang='lat' dir='ltr'><strong>Quid</strong></span> <span class='ocrx_word' id='word_1_240' title='bbox 553 3139 709 3204; x_wconf 88' lang='lat' dir='ltr'><strong>dicis,</strong></span> <span class='ocrx_word' id='word_1_241' title='bbox 744 3137 955 3192; x_wconf 81' lang='lat' dir='ltr'><strong>Omnem</strong></span> <span class='ocrx_word' id='word_1_242' title='bbox 979 3137 1225 3189; x_wconf 83' lang='lat' dir='ltr'><strong>hominem</strong></span> <span class='ocrx_word' id='word_1_243' title='bbox 1243 3136 1268 3187; x_wconf 64' lang='grc' dir='ltr'><em>ἵ</em></span> <span class='ocrx_word' id='word_1_244' title='bbox 1296 3136 1470 3197; x_wconf 88' lang='lat' dir='ltr'><strong>Certe,</strong></span> <span class='ocrx_word' id='word_1_245' title='bbox 1503 3133 1692 3203; x_wconf 82' lang='lat' dir='ltr'><strong>inquit,</strong></span> 
     </span>
    </p>
   </div>
   <div class='ocr_carea' id='block_1_32' title="bbox 108 3225 1694 3298">
    <p class='ocr_par' dir='ltr' id='par_1_32' title="bbox 108 3225 1694 3298">
     <span class='ocr_line' id='line_1_32' title="bbox 108 3225 1694 3298; baseline -0.006 -10"><span class='ocrx_word' id='word_1_246' title='bbox 108 3245 355 3290; x_wconf 86' lang='lat' dir='ltr'><strong>nostrum</strong></span> <span class='ocrx_word' id='word_1_247' title='bbox 385 3232 618 3287; x_wconf 89' lang='lat' dir='ltr'><strong>studium</strong></span> <span class='ocrx_word' id='word_1_248' title='bbox 645 3233 696 3284; x_wconf 92' lang='lat' dir='ltr'><strong>in</strong></span> <span class='ocrx_word' id='word_1_249' title='bbox 722 3244 788 3285; x_wconf 91' lang='lat' dir='ltr'><strong>eo</strong></span> <span class='ocrx_word' id='word_1_250' title='bbox 815 3229 1081 3298; x_wconf 89' lang='lat' dir='ltr'><strong>ponimus.</strong></span> <span class='ocrx_word' id='word_1_251' title='bbox 1109 3225 1242 3292; x_wconf 86' lang='lat' dir='ltr'><strong>Quid</strong></span> <span class='ocrx_word' id='word_1_252' title='bbox 1274 3225 1694 3298; x_wconf 60' lang='lat' dir='ltr'><strong>enimietiamsi</strong></span> 
     </span>
    </p>
   </div>
   <div class='ocr_carea' id='block_1_33' title="bbox 108 3305 1694 3390">
    <p class='ocr_par' dir='ltr' id='par_1_33' title="bbox 108 3305 1694 3390">
     <span class='ocr_line' id='line_1_33' title="bbox 108 3305 1694 3390; baseline -0.009 -9"><span class='ocrx_word' id='word_1_253' title='bbox 108 3329 211 3382; x_wconf 90' lang='lat' dir='ltr'><strong>hoc</strong></span> <span class='ocrx_word' id='word_1_254' title='bbox 239 3342 348 3381; x_wconf 91' lang='lat' dir='ltr'><strong>non</strong></span> <span class='ocrx_word' id='word_1_255' title='bbox 373 3327 481 3390; x_wconf 76' lang='lat' dir='ltr'><strong>ﬁat,</strong></span> <span class='ocrx_word' id='word_1_256' title='bbox 515 3323 716 3379; x_wconf 85' lang='lat' dir='ltr'><strong>studuit</strong></span> <span class='ocrx_word' id='word_1_257' title='bbox 744 3331 921 3376; x_wconf 89' lang='lat' dir='ltr'><strong>tamen</strong></span> <span class='ocrx_word' id='word_1_258' title='bbox 961 3321 1146 3374; x_wconf 88' lang='lat' dir='ltr'><strong>beatus</strong></span> <span class='ocrx_word' id='word_1_259' title='bbox 1176 3318 1370 3372; x_wconf 82' lang='lat' dir='ltr'><strong>Paulus</strong></span> <span class='ocrx_word' id='word_1_260' title='bbox 1401 3305 1694 3383; x_wconf 76' lang='lat' dir='ltr'><strong>perlectum</strong></span> 
     </span>
    </p>
   </div>
   <div class='ocr_carea' id='block_1_34' title="bbox 111 3409 1698 3488">
    <p class='ocr_par' dir='ltr' id='par_1_34' title="bbox 111 3409 1698 3488">
     <span class='ocr_line' id='line_1_34' title="bbox 111 3409 1698 3488; baseline -0.01 -15"><span class='ocrx_word' id='word_1_261' title='bbox 111 3421 310 3474; x_wconf 72' lang='lat' dir='ltr'><strong>facere.</strong></span> <span class='ocrx_word' id='word_1_262' title='bbox 353 3416 515 3488; x_wconf 89' lang='lat' dir='ltr'><strong>Igitur</strong></span> <span class='ocrx_word' id='word_1_263' title='bbox 540 3415 643 3471; x_wconf 88' lang='lat' dir='ltr'><strong>hoc</strong></span> <span class='ocrx_word' id='word_1_264' title='bbox 680 3424 762 3468; x_wconf 89' lang='lat' dir='ltr'><strong>est</strong></span> <span class='ocrx_word' id='word_1_265' title='bbox 803 3413 1096 3483; x_wconf 82' lang='lat' dir='ltr'><strong>perfectio;</strong></span> <span class='ocrx_word' id='word_1_266' title='bbox 1133 3409 1260 3464; x_wconf 89' lang='lat' dir='ltr'><strong>illud</strong></span> <span class='ocrx_word' id='word_1_267' title='bbox 1291 3419 1470 3461; x_wconf 88' lang='lat' dir='ltr'><strong>autem</strong></span> <span class='ocrx_word' id='word_1_268' title='bbox 1504 3421 1590 3460; x_wconf 86' lang='lat' dir='ltr'><strong>res</strong></span> <span class='ocrx_word' id='word_1_269' title='bbox 1614 3416 1698 3458; x_wconf 88' lang='lat' dir='ltr'><strong>est</strong></span> 
     </span>
    </p>
   </div>
   <div class='ocr_carea' id='block_1_35' title="bbox 112 3497 1697 3577">
    <p class='ocr_par' dir='ltr' id='par_1_35' title="bbox 112 3497 1697 3577">
     <span class='ocr_line' id='line_1_35' title="bbox 112 3497 1697 3577; baseline -0.008 -15"><span class='ocrx_word' id='word_1_270' title='bbox 112 3508 466 3577; x_wconf 87' lang='lat' dir='ltr'><strong>imperfecta:</strong></span> <span class='ocrx_word' id='word_1_271' title='bbox 499 3519 607 3576; x_wconf 92' lang='lat' dir='ltr'><strong>quo</strong></span> <span class='ocrx_word' id='word_1_272' title='bbox 645 3503 703 3558; x_wconf 88' lang='lat' dir='ltr'><strong>lit</strong></span> <span class='ocrx_word' id='word_1_273' title='bbox 749 3514 806 3556; x_wconf 90' lang='lat' dir='ltr'><strong>ut</strong></span> <span class='ocrx_word' id='word_1_274' title='bbox 853 3504 896 3556; x_wconf 89' lang='lat' dir='ltr'><strong>si</strong></span> <span class='ocrx_word' id='word_1_275' title='bbox 942 3503 1060 3572; x_wconf 80' lang='lat' dir='ltr'><strong>quis</strong></span> <span class='ocrx_word' id='word_1_276' title='bbox 1107 3518 1211 3554; x_wconf 90' lang='lat' dir='ltr'><strong>non</strong></span> <span class='ocrx_word' id='word_1_277' title='bbox 1243 3515 1459 3552; x_wconf 86' lang='lat' dir='ltr'><strong>omnem</strong></span> <span class='ocrx_word' id='word_1_278' title='bbox 1506 3497 1697 3551; x_wconf 88' lang='lat' dir='ltr'><strong>habeat</strong></span> 
     </span>
    </p>
   </div>
   <div class='ocr_carea' id='block_1_36' title="bbox 111 3588 1696 3667">
    <p class='ocr_par' dir='ltr' id='par_1_36' title="bbox 111 3588 1696 3667">
     <span class='ocr_line' id='line_1_36' title="bbox 111 3588 1696 3667; baseline -0.006 -17"><span class='ocrx_word' id='word_1_279' title='bbox 111 3599 452 3667; x_wconf 82' lang='lat' dir='ltr'><strong>sapientiam,</strong></span> <span class='ocrx_word' id='word_1_280' title='bbox 497 3597 565 3650; x_wconf 88' lang='lat' dir='ltr'><strong>sit</strong></span> <span class='ocrx_word' id='word_1_281' title='bbox 593 3610 678 3649; x_wconf 85' lang='lat' dir='ltr'><strong>res</strong></span> <span class='ocrx_word' id='word_1_282' title='bbox 709 3591 1038 3661; x_wconf 79' lang='lat' dir='ltr'><strong>imperfecta.</strong></span> <span class='ocrx_word' id='word_1_283' title='bbox 1073 3591 1364 3660; x_wconf 74' lang='lat' dir='ltr'><strong>Perfectum</strong></span> <span class='ocrx_word' id='word_1_284' title='bbox 1405 3590 1456 3641; x_wconf 89' lang='lat' dir='ltr'><strong>in</strong></span> <span class='ocrx_word' id='word_1_285' title='bbox 1498 3588 1696 3641; x_wconf 82' lang='lat' dir='ltr'><strong>Christo</strong></span> 
     </span>
    </p>
   </div>
   <div class='ocr_carea' id='block_1_37' title="bbox 111 3679 1696 3752">
    <p class='ocr_par' dir='ltr' id='par_1_37' title="bbox 111 3679 1696 3752">
     <span class='ocr_line' id='line_1_37' title="bbox 111 3679 1696 3752; baseline -0.006 -12"><span class='ocrx_word' id='word_1_286' title='bbox 111 3688 260 3741; x_wconf 84' lang='lat' dir='ltr'><strong>Jesu.</strong></span> <span class='ocrx_word' id='word_1_287' title='bbox 293 3687 411 3741; x_wconf 73' lang='lat' dir='ltr'><strong>Non</strong></span> <span class='ocrx_word' id='word_1_288' title='bbox 441 3686 493 3738; x_wconf 91' lang='lat' dir='ltr'><strong>in</strong></span> <span class='ocrx_word' id='word_1_289' title='bbox 521 3685 659 3752; x_wconf 85' lang='lat' dir='ltr'><strong>lege.</strong></span> <span class='ocrx_word' id='word_1_290' title='bbox 687 3699 860 3752; x_wconf 87' lang='lat' dir='ltr'><strong>neque</strong></span> <span class='ocrx_word' id='word_1_291' title='bbox 902 3683 954 3735; x_wconf 90' lang='lat' dir='ltr'><strong>in</strong></span> <span class='ocrx_word' id='word_1_292' title='bbox 985 3682 1188 3750; x_wconf 81' lang='lat' dir='ltr'><strong>angelis</strong></span> <span class='ocrx_word' id='word_1_293' title='bbox 1217 3699 1228 3732; x_wconf 91' lang='lat'><strong>:</strong></span> <span class='ocrx_word' id='word_1_294' title='bbox 1259 3679 1384 3732; x_wconf 88' lang='lat' dir='ltr'><strong>illud</strong></span> <span class='ocrx_word' id='word_1_295' title='bbox 1417 3680 1558 3732; x_wconf 86' lang='lat' dir='ltr'><strong>enim</strong></span> <span class='ocrx_word' id='word_1_296' title='bbox 1587 3694 1696 3730; x_wconf 88' lang='lat' dir='ltr'><strong>non</strong></span> 
     </span>
    </p>
   </div>
   <div class='ocr_carea' id='block_1_38' title="bbox 113 3769 1694 3847">
    <p class='ocr_par' dir='ltr' id='par_1_38' title="bbox 113 3769 1694 3847">
     <span class='ocr_line' id='line_1_38' title="bbox 113 3769 1694 3847; baseline -0.008 -13"><span class='ocrx_word' id='word_1_297' title='bbox 113 3780 433 3847; x_wconf 84' lang='lat' dir='ltr'><strong>perfectum.</strong></span> <span class='ocrx_word' id='word_1_298' title='bbox 468 3776 535 3831; x_wconf 87' lang='lat' dir='ltr'><strong>In</strong></span> <span class='ocrx_word' id='word_1_299' title='bbox 556 3776 795 3838; x_wconf 83' lang='lat' dir='ltr'><strong>Christo;</strong></span> <span class='ocrx_word' id='word_1_300' title='bbox 822 3774 921 3826; x_wconf 91' lang='lat' dir='ltr'><strong>hoc</strong></span> <span class='ocrx_word' id='word_1_301' title='bbox 943 3784 1044 3834; x_wconf 86' lang='lat' dir='ltr'><strong>est,</strong></span> <span class='ocrx_word' id='word_1_302' title='bbox 1077 3774 1126 3826; x_wconf 91' lang='lat' dir='ltr'><strong>in</strong></span> <span class='ocrx_word' id='word_1_303' title='bbox 1150 3771 1455 3841; x_wconf 84' lang='lat' dir='ltr'><strong>cognitione</strong></span> <span class='ocrx_word' id='word_1_304' title='bbox 1475 3769 1694 3823; x_wconf 85' lang='lat' dir='ltr'><strong>Christi.</strong></span> 
     </span>
    </p>
   </div>
   <div class='ocr_carea' id='block_1_39' title="bbox 113 3853 1694 3942">
    <p class='ocr_par' dir='ltr' id='par_1_39' title="bbox 113 3853 1694 3942">
     <span class='ocr_line' id='line_1_39' title="bbox 113 3853 1694 3942; baseline -0.004 -15"><span class='ocrx_word' id='word_1_305' title='bbox 113 3876 210 3939; x_wconf 86' lang='lat' dir='ltr'><strong>Qui</strong></span> <span class='ocrx_word' id='word_1_306' title='bbox 234 3875 342 3929; x_wconf 87' lang='lat' dir='ltr'><strong>scit</strong></span> <span class='ocrx_word' id='word_1_307' title='bbox 366 3872 491 3942; x_wconf 87' lang='lat' dir='ltr'><strong>quid</strong></span> <span class='ocrx_word' id='word_1_308' title='bbox 515 3853 761 3930; x_wconf 82' lang='lat' dir='ltr'><strong>Christus</strong></span> <span class='ocrx_word' id='word_1_309' title='bbox 788 3869 995 3933; x_wconf 87' lang='lat' dir='ltr'><strong>fecerit,</strong></span> <span class='ocrx_word' id='word_1_310' title='bbox 1019 3868 1138 3936; x_wconf 90' lang='lat' dir='ltr'><strong>plus</strong></span> <span class='ocrx_word' id='word_1_311' title='bbox 1160 3869 1298 3936; x_wconf 87' lang='lat' dir='ltr'><strong>sapit</strong></span> <span class='ocrx_word' id='word_1_312' title='bbox 1319 3883 1476 3936; x_wconf 65' lang='lat' dir='ltr'><strong>tinam</strong></span> <span class='ocrx_word' id='word_1_313' title='bbox 1500 3867 1694 3934; x_wconf 82' lang='lat' dir='ltr'><strong>angeli.</strong></span> 
     </span>
    </p>
   </div>
   <div class='ocr_carea' id='block_1_40' title="bbox 116 3958 1697 4031">
    <p class='ocr_par' dir='ltr' id='par_1_40' title="bbox 116 3958 1697 4031">
     <span class='ocr_line' id='line_1_40' title="bbox 116 3958 1697 4031; baseline -0.001 -15"><span class='ocrx_word' id='word_1_314' title='bbox 116 3965 180 4019; x_wconf 86' lang='lat' dir='ltr'><strong>In</strong></span> <span class='ocrx_word' id='word_1_315' title='bbox 207 3966 414 4021; x_wconf 83' lang='lat' dir='ltr'><strong>Christo</strong></span> <span class='ocrx_word' id='word_1_316' title='bbox 455 3961 626 4027; x_wconf 75' lang='lat' dir='ltr'><strong>Iesu;</strong></span> <span class='ocrx_word' id='word_1_317' title='bbox 661 3960 752 4017; x_wconf 65' lang='lat'><strong>‘39.</strong></span> <span class='ocrx_word' id='word_1_318' title='bbox 781 3962 831 4014; x_wconf 88' lang='lat' dir='ltr'><strong>in</strong></span> <span class='ocrx_word' id='word_1_319' title='bbox 861 3977 958 4031; x_wconf 86' lang='lat' dir='ltr'><strong>quo</strong></span> <span class='ocrx_word' id='word_1_320' title='bbox 985 3971 1032 4018; x_wconf 83' lang='lat' dir='ltr'><strong>et</strong></span> <span class='ocrx_word' id='word_1_321' title='bbox 1073 3959 1246 4013; x_wconf 88' lang='lat' dir='ltr'><strong>laboro</strong></span> <span class='ocrx_word' id='word_1_322' title='bbox 1289 3958 1548 4012; x_wconf 86' lang='lat' dir='ltr'><strong>certando.</strong></span> <span class='ocrx_word' id='word_1_323' title='bbox 1582 3959 1697 4014; x_wconf 86' lang='lat' dir='ltr'><strong>Non</strong></span> 
     </span>
    </p>
   </div>
   <div class='ocr_carea' id='block_1_41' title="bbox 116 4049 1695 4123">
    <p class='ocr_par' dir='ltr' id='par_1_41' title="bbox 116 4049 1695 4123">
     <span class='ocr_line' id='line_1_41' title="bbox 116 4049 1695 4123; baseline -0.003 -15"><span class='ocrx_word' id='word_1_324' title='bbox 116 4057 304 4110; x_wconf 70' lang='lat' dir='ltr'><strong>leviter</strong></span> <span class='ocrx_word' id='word_1_325' title='bbox 354 4069 452 4109; x_wconf 91' lang='lat' dir='ltr'><strong>nec</strong></span> <span class='ocrx_word' id='word_1_326' title='bbox 498 4049 1019 4123; x_wconf 82' lang='lat' dir='ltr'><strong>quomodocumque,</strong></span> <span class='ocrx_word' id='word_1_327' title='bbox 1072 4051 1276 4120; x_wconf 89' lang='lat' dir='ltr'><strong>inquit,</strong></span> <span class='ocrx_word' id='word_1_328' title='bbox 1315 4049 1537 4112; x_wconf 85' lang='lat' dir='ltr'><strong>studeo,</strong></span> <span class='ocrx_word' id='word_1_329' title='bbox 1579 4050 1695 4115; x_wconf 84' lang='lat' dir='ltr'><strong>sed,</strong></span> 
     </span>
    </p>
   </div>
   <div class='ocr_carea' id='block_1_42' title="bbox 117 4139 1698 4206">
    <p class='ocr_par' dir='ltr' id='par_1_42' title="bbox 117 4139 1698 4206">
     <span class='ocr_line' id='line_1_42' title="bbox 117 4139 1698 4206; baseline -0.004 -8"><span class='ocrx_word' id='word_1_330' title='bbox 117 4146 314 4200; x_wconf 79' lang='lat' dir='ltr'><strong>Laboro</strong></span> <span class='ocrx_word' id='word_1_331' title='bbox 341 4143 603 4206; x_wconf 87' lang='lat' dir='ltr'><strong>certando,</strong></span> <span class='ocrx_word' id='word_1_332' title='bbox 631 4157 751 4197; x_wconf 90' lang='lat' dir='ltr'><strong>cum</strong></span> <span class='ocrx_word' id='word_1_333' title='bbox 785 4143 951 4196; x_wconf 90' lang='lat' dir='ltr'><strong>multo</strong></span> <span class='ocrx_word' id='word_1_334' title='bbox 980 4139 1180 4204; x_wconf 90' lang='lat' dir='ltr'><strong>studio,</strong></span> <span class='ocrx_word' id='word_1_335' title='bbox 1214 4140 1264 4192; x_wconf 91' lang='lat' dir='ltr'><strong>id</strong></span> <span class='ocrx_word' id='word_1_336' title='bbox 1294 4150 1394 4202; x_wconf 89' lang='lat' dir='ltr'><strong>est,</strong></span> <span class='ocrx_word' id='word_1_337' title='bbox 1427 4155 1548 4192; x_wconf 90' lang='lat' dir='ltr'><strong>cum</strong></span> <span class='ocrx_word' id='word_1_338' title='bbox 1572 4139 1698 4192; x_wconf 89' lang='lat' dir='ltr'><strong>mul-</strong></span> 
     </span>
    </p>
   </div>
   <div class='ocr_carea' id='block_1_43' title="bbox 119 4229 1700 4306">
    <p class='ocr_par' dir='ltr' id='par_1_43' title="bbox 119 4229 1700 4306">
     <span class='ocr_line' id='line_1_43' title="bbox 119 4229 1700 4306; baseline -0.004 -18"><span class='ocrx_word' id='word_1_339' title='bbox 119 4238 180 4289; x_wconf 86' lang='lat' dir='ltr'><strong>tis</strong></span> <span class='ocrx_word' id='word_1_340' title='bbox 209 4235 430 4306; x_wconf 76' lang='lat' dir='ltr'><strong>vigiliis.</strong></span> <span class='ocrx_word' id='word_1_341' title='bbox 453 4233 510 4289; x_wconf 87' lang='lat' dir='ltr'><strong>Si</strong></span> <span class='ocrx_word' id='word_1_342' title='bbox 537 4247 637 4302; x_wconf 89' lang='lat' dir='ltr'><strong>ego</strong></span> <span class='ocrx_word' id='word_1_343' title='bbox 662 4247 760 4303; x_wconf 88' lang='lat' dir='ltr'><strong>pro</strong></span> <span class='ocrx_word' id='word_1_344' title='bbox 780 4232 973 4285; x_wconf 83' lang='lat' dir='ltr'><strong>vestris</strong></span> <span class='ocrx_word' id='word_1_345' title='bbox 1001 4231 1155 4285; x_wconf 90' lang='lat' dir='ltr'><strong>bonis</strong></span> <span class='ocrx_word' id='word_1_346' title='bbox 1174 4229 1308 4283; x_wconf 88' lang='lat' dir='ltr'><strong>adeo</strong></span> <span class='ocrx_word' id='word_1_347' title='bbox 1330 4230 1508 4298; x_wconf 85' lang='lat' dir='ltr'><strong>vigilo,</strong></span> <span class='ocrx_word' id='word_1_348' title='bbox 1534 4230 1700 4283; x_wconf 90' lang='lat' dir='ltr'><strong>multo</strong></span> 
     </span>
    </p>
   </div>
   <div class='ocr_carea' id='block_1_44' title="bbox 118 4319 1699 4394">
    <p class='ocr_par' dir='ltr' id='par_1_44' title="bbox 118 4319 1699 4394">
     <span class='ocr_line' id='line_1_44' title="bbox 118 4319 1699 4394; baseline -0.001 -19"><span class='ocrx_word' id='word_1_349' title='bbox 118 4326 284 4394; x_wconf 80' lang='lat' dir='ltr'><strong>magis</strong></span> <span class='ocrx_word' id='word_1_350' title='bbox 325 4338 420 4377; x_wconf 86' lang='lat' dir='ltr'><strong>vos</strong></span> <span class='ocrx_word' id='word_1_351' title='bbox 450 4322 676 4377; x_wconf 85' lang='lat' dir='ltr'><strong>debetis.</strong></span> <span class='ocrx_word' id='word_1_352' title='bbox 723 4320 922 4375; x_wconf 85' lang='lat' dir='ltr'><strong>Deinde</strong></span> <span class='ocrx_word' id='word_1_353' title='bbox 958 4335 1143 4374; x_wconf 86' lang='lat' dir='ltr'><strong>rursus</strong></span> <span class='ocrx_word' id='word_1_354' title='bbox 1172 4319 1406 4374; x_wconf 89' lang='lat' dir='ltr'><strong>ostendit</strong></span> <span class='ocrx_word' id='word_1_355' title='bbox 1433 4335 1545 4373; x_wconf 90' lang='lat' dir='ltr'><strong>rem</strong></span> <span class='ocrx_word' id='word_1_356' title='bbox 1582 4334 1699 4373; x_wconf 90' lang='lat' dir='ltr'><strong>esse</strong></span> 
     </span>
    </p>
   </div>
   <div class='ocr_carea' id='block_1_45' title="bbox 116 4411 1701 4480">
    <p class='ocr_par' dir='ltr' id='par_1_45' title="bbox 116 4411 1701 4480">
     <span class='ocr_line' id='line_1_45' title="bbox 116 4411 1701 4480; baseline -0.001 -17"><span class='ocrx_word' id='word_1_357' title='bbox 116 4413 352 4467; x_wconf 68' lang='lat' dir='ltr'><strong>divinam</strong></span> <span class='ocrx_word' id='word_1_358' title='bbox 387 4430 401 4466; x_wconf 88' lang='lat'><strong>:</strong></span> <span class='ocrx_word' id='word_1_359' title='bbox 434 4411 725 4466; x_wconf 87' lang='lat' dir='ltr'><strong>Secundum</strong></span> <span class='ocrx_word' id='word_1_360' title='bbox 763 4412 1103 4480; x_wconf 77' lang='lat' dir='ltr'><strong>Operationent</strong></span> <span class='ocrx_word' id='word_1_361' title='bbox 1144 4411 1274 4480; x_wconf 86' lang='lat' dir='ltr'><strong>ejus,</strong></span> <span class='ocrx_word' id='word_1_362' title='bbox 1312 4425 1423 4478; x_wconf 73' lang='lat' dir='ltr'><strong>qua:</strong></span> <span class='ocrx_word' id='word_1_363' title='bbox 1463 4419 1701 4479; x_wconf 84' lang='lat' dir='ltr'><strong>operatur</strong></span> 
     </span>
    </p>
   </div>
   <div class='ocr_carea' id='block_1_46' title="bbox 118 4500 1700 4571">
    <p class='ocr_par' dir='ltr' id='par_1_46' title="bbox 118 4500 1700 4571">
     <span class='ocr_line' id='line_1_46' title="bbox 118 4500 1700 4571; baseline 0.001 -18"><span class='ocrx_word' id='word_1_364' title='bbox 118 4503 166 4553; x_wconf 84' lang='lat' dir='ltr'><strong>iu</strong></span> <span class='ocrx_word' id='word_1_365' title='bbox 189 4520 266 4556; x_wconf 87' lang='lat' dir='ltr'><strong>me</strong></span> <span class='ocrx_word' id='word_1_366' title='bbox 290 4505 346 4556; x_wconf 89' lang='lat' dir='ltr'><strong>in</strong></span> <span class='ocrx_word' id='word_1_367' title='bbox 373 4503 570 4556; x_wconf 74' lang='lat' dir='ltr'><strong>virtute.</strong></span> <span class='ocrx_word' id='word_1_368' title='bbox 599 4501 843 4556; x_wconf 88' lang='lat' dir='ltr'><strong>Ostendit</strong></span> <span class='ocrx_word' id='word_1_369' title='bbox 871 4500 972 4554; x_wconf 92' lang='lat' dir='ltr'><strong>hoc</strong></span> <span class='ocrx_word' id='word_1_370' title='bbox 995 4515 1112 4554; x_wconf 89' lang='lat' dir='ltr'><strong>esse</strong></span> <span class='ocrx_word' id='word_1_371' title='bbox 1135 4516 1268 4571; x_wconf 89' lang='lat' dir='ltr'><strong>opus</strong></span> <span class='ocrx_word' id='word_1_372' title='bbox 1298 4501 1410 4554; x_wconf 92' lang='lat' dir='ltr'><strong>Dei.</strong></span> <span class='ocrx_word' id='word_1_373' title='bbox 1440 4501 1538 4568; x_wconf 88' lang='lat' dir='ltr'><strong>Qui</strong></span> <span class='ocrx_word' id='word_1_374' title='bbox 1571 4516 1700 4570; x_wconf 85' lang='lat' dir='ltr'><strong>ergo</strong></span> 
     </span>
    </p>
   </div>
   <div class='ocr_carea' id='block_1_47' title="bbox 121 4591 1698 4661">
    <p class='ocr_par' dir='ltr' id='par_1_47' title="bbox 121 4591 1698 4661">
     <span class='ocr_line' id='line_1_47' title="bbox 121 4591 1698 4661; baseline 0 -15"><span class='ocrx_word' id='word_1_375' title='bbox 121 4611 202 4648; x_wconf 88' lang='lat' dir='ltr'><strong>tne</strong></span> <span class='ocrx_word' id='word_1_376' title='bbox 225 4595 290 4650; x_wconf 88' lang='lat' dir='ltr'><strong>ad</strong></span> <span class='ocrx_word' id='word_1_377' title='bbox 327 4594 429 4648; x_wconf 90' lang='lat' dir='ltr'><strong>hoc</strong></span> <span class='ocrx_word' id='word_1_378' title='bbox 455 4592 577 4647; x_wconf 75' lang='lat' dir='ltr'><strong>facit</strong></span> <span class='ocrx_word' id='word_1_379' title='bbox 607 4593 795 4647; x_wconf 89' lang='lat' dir='ltr'><strong>fortem</strong></span> <span class='ocrx_word' id='word_1_380' title='bbox 825 4603 879 4646; x_wconf 89' lang='lat' dir='ltr'><strong>et</strong></span> <span class='ocrx_word' id='word_1_381' title='bbox 907 4593 1206 4656; x_wconf 83' lang='lat' dir='ltr'><strong>robustum,</strong></span> <span class='ocrx_word' id='word_1_382' title='bbox 1238 4591 1412 4660; x_wconf 88' lang='lat' dir='ltr'><strong>palam</strong></span> <span class='ocrx_word' id='word_1_383' title='bbox 1441 4600 1523 4646; x_wconf 89' lang='lat' dir='ltr'><strong>est</strong></span> <span class='ocrx_word' id='word_1_384' title='bbox 1559 4592 1698 4661; x_wconf 90' lang='lat' dir='ltr'><strong>quod</strong></span> 
     </span>
    </p>
   </div>
   <div class='ocr_carea' id='block_1_48' title="bbox 127 4679 1695 4743">
    <p class='ocr_par' dir='ltr' id='par_1_48' title="bbox 127 4679 1695 4743">
     <span class='ocr_line' id='line_1_48' title="bbox 127 4679 1695 4743; baseline -0.003 -6"><span class='ocrx_word' id='word_1_385' title='bbox 127 4683 224 4737; x_wconf 87' lang='lat' dir='ltr'><strong>hoc</strong></span> <span class='ocrx_word' id='word_1_386' title='bbox 251 4684 400 4738; x_wconf 84' lang='lat' dir='ltr'><strong>velit.</strong></span> <span class='ocrx_word' id='word_1_387' title='bbox 443 4682 511 4736; x_wconf 84' lang='lat' dir='ltr'><strong>Et</strong></span> <span class='ocrx_word' id='word_1_388' title='bbox 552 4682 672 4736; x_wconf 88' lang='lat' dir='ltr'><strong>ideo</strong></span> <span class='ocrx_word' id='word_1_389' title='bbox 711 4681 838 4736; x_wconf 83' lang='lat' dir='ltr'><strong>dicit</strong></span> <span class='ocrx_word' id='word_1_390' title='bbox 883 4679 1054 4743; x_wconf 90' lang='lat' dir='ltr'><strong>initio,</strong></span> <span class='ocrx_word' id='word_1_391' title='bbox 1104 4679 1204 4733; x_wconf 85' lang='lat' dir='ltr'><strong>Per</strong></span> <span class='ocrx_word' id='word_1_392' title='bbox 1243 4679 1548 4733; x_wconf 83' lang='lat' dir='ltr'><strong>voluntatem</strong></span> <span class='ocrx_word' id='word_1_393' title='bbox 1581 4679 1695 4733; x_wconf 88' lang='lat' dir='ltr'><strong>Dei.</strong></span> 
     </span>
    </p>
   </div>
   <div class='ocr_carea' id='block_1_49' title="bbox 122 4769 1697 4840">
    <p class='ocr_par' dir='ltr' id='par_1_49' title="bbox 122 4769 1697 4840">
     <span class='ocr_line' id='line_1_49' title="bbox 122 4769 1697 4840; baseline 0 -17"><span class='ocrx_word' id='word_1_394' title='bbox 122 4773 481 4837; x_wconf 82' lang='lat' dir='ltr'><strong>Quamobrem</strong></span> <span class='ocrx_word' id='word_1_395' title='bbox 513 4787 616 4825; x_wconf 92' lang='lat' dir='ltr'><strong>non</strong></span> <span class='ocrx_word' id='word_1_396' title='bbox 647 4772 817 4824; x_wconf 92' lang='lat' dir='ltr'><strong>solum</strong></span> <span class='ocrx_word' id='word_1_397' title='bbox 864 4770 965 4824; x_wconf 88' lang='lat' dir='ltr'><strong>hoc</strong></span> <span class='ocrx_word' id='word_1_398' title='bbox 1012 4771 1188 4840; x_wconf 90' lang='lat' dir='ltr'><strong>posuit</strong></span> <span class='ocrx_word' id='word_1_399' title='bbox 1229 4778 1386 4823; x_wconf 88' lang='lat' dir='ltr'><strong>utens</strong></span> <span class='ocrx_word' id='word_1_400' title='bbox 1417 4769 1697 4836; x_wconf 89' lang='lat' dir='ltr'><strong>modestia,</strong></span> 
     </span>
    </p>
   </div>
   <div class='ocr_carea' id='block_1_50' title="bbox 120 4859 1703 4926">
    <p class='ocr_par' dir='ltr' id='par_1_50' title="bbox 120 4859 1703 4926">
     <span class='ocr_line' id='line_1_50' title="bbox 120 4859 1703 4926; baseline 0 -12"><span class='ocrx_word' id='word_1_401' title='bbox 120 4863 294 4918; x_wconf 81' lang='lat' dir='ltr'><strong>sedet</strong></span> <span class='ocrx_word' id='word_1_402' title='bbox 333 4877 458 4916; x_wconf 88' lang='lat' dir='ltr'><strong>vere</strong></span> <span class='ocrx_word' id='word_1_403' title='bbox 485 4862 692 4926; x_wconf 87' lang='lat' dir='ltr'><strong>dicens,</strong></span> <span class='ocrx_word' id='word_1_404' title='bbox 736 4860 1010 4916; x_wconf 86' lang='lat' dir='ltr'><strong>Certando.</strong></span> <span class='ocrx_word' id='word_1_405' title='bbox 1057 4861 1168 4916; x_wconf 89' lang='lat' dir='ltr'><strong>lloc</strong></span> <span class='ocrx_word' id='word_1_406' title='bbox 1215 4860 1421 4924; x_wconf 86' lang='lat' dir='ltr'><strong>dicens,</strong></span> <span class='ocrx_word' id='word_1_407' title='bbox 1464 4859 1703 4915; x_wconf 89' lang='lat' dir='ltr'><strong>ostendit</strong></span> 
     </span>
    </p>
   </div>
   <div class='ocr_carea' id='block_1_51' title="bbox 121 4951 1699 5022">
    <p class='ocr_par' dir='ltr' id='par_1_51' title="bbox 121 4951 1699 5022">
     <span class='ocr_line' id='line_1_51' title="bbox 121 4951 1699 5022; baseline -0.001 -17"><span class='ocrx_word' id='word_1_408' title='bbox 121 4970 234 5008; x_wconf 84' lang='lat' dir='ltr'><strong>esse</strong></span> <span class='ocrx_word' id='word_1_409' title='bbox 261 4955 465 5008; x_wconf 90' lang='lat' dir='ltr'><strong>multos</strong></span> <span class='ocrx_word' id='word_1_410' title='bbox 489 4953 578 5022; x_wconf 90' lang='lat' dir='ltr'><strong>qui</strong></span> <span class='ocrx_word' id='word_1_411' title='bbox 608 4968 729 5008; x_wconf 90' lang='lat' dir='ltr'><strong>cum</strong></span> <span class='ocrx_word' id='word_1_412' title='bbox 757 4968 823 5008; x_wconf 87' lang='lat' dir='ltr'><strong>eo</strong></span> <span class='ocrx_word' id='word_1_413' title='bbox 850 4962 1104 5021; x_wconf 84' lang='lat' dir='ltr'><strong>pugnant.</strong></span> <span class='ocrx_word' id='word_1_414' title='bbox 1139 4951 1340 5005; x_wconf 89' lang='lat' dir='ltr'><strong>Deinde</strong></span> <span class='ocrx_word' id='word_1_415' title='bbox 1375 4967 1699 5005; x_wconf 89' lang='lat' dir='ltr'><strong>rursusma-</strong></span> 
     </span>
    </p>
   </div>
   <div class='ocr_carea' id='block_1_52' title="bbox 121 5027 1705 5116">
    <p class='ocr_par' dir='ltr' id='par_1_52' title="bbox 121 5027 1705 5116">
     <span class='ocr_line' id='line_1_52' title="bbox 121 5027 1705 5116; baseline 0.001 -21"><span class='ocrx_word' id='word_1_416' title='bbox 121 5061 213 5112; x_wconf 81' lang='lat' dir='ltr'><strong>gna</strong></span> <span class='ocrx_word' id='word_1_417' title='bbox 236 5055 329 5100; x_wconf 79' lang='lat' dir='ltr'><strong>est</strong></span> <span class='ocrx_word' id='word_1_418' title='bbox 347 5027 725 5099; x_wconf 76' lang='lat' dir='ltr'><strong>benevolentia</strong></span> <span class='ocrx_word' id='word_1_419' title='bbox 755 5062 770 5097; x_wconf 88' lang='lat'><strong>:</strong></span> <span class='ocrx_word' id='word_1_420' title='bbox 805 5043 955 5116; x_wconf 87' lang='lat' dir='ltr'><strong>(Cap.</strong></span> <span class='ocrx_word' id='word_1_421' title='bbox 989 5038 1066 5106; x_wconf 64' lang='grc' dir='ltr'><strong>Ξ.)</strong></span> <span class='ocrx_word' id='word_1_422' title='bbox 1083 5045 1130 5099; x_wconf 86' lang='grc' dir='ltr'><strong>ι.</strong></span> <span class='ocrx_word' id='word_1_423' title='bbox 1157 5041 1284 5097; x_wconf 86' lang='lat' dir='ltr'><strong>Volo</strong></span> <span class='ocrx_word' id='word_1_424' title='bbox 1308 5044 1438 5096; x_wconf 89' lang='lat' dir='ltr'><strong>enim</strong></span> <span class='ocrx_word' id='word_1_425' title='bbox 1466 5061 1551 5096; x_wconf 75' lang='lat' dir='ltr'><strong>vos</strong></span> <span class='ocrx_word' id='word_1_426' title='bbox 1577 5045 1705 5097; x_wconf 87' lang='lat' dir='ltr'><strong>scire</strong></span> 
     </span>
    </p>
   </div>
   <div class='ocr_carea' id='block_1_53' title="bbox 122 5135 1702 5206">
    <p class='ocr_par' dir='ltr' id='par_1_53' title="bbox 122 5135 1702 5206">
     <span class='ocr_line' id='line_1_53' title="bbox 122 5135 1702 5206; baseline 0.002 -21"><span class='ocrx_word' id='word_1_427' title='bbox 122 5137 320 5201; x_wconf 82' lang='lat' dir='ltr'><strong>qualem</strong></span> <span class='ocrx_word' id='word_1_428' title='bbox 349 5137 741 5190; x_wconf 76' lang='lat' dir='ltr'><strong>sollicitudinem</strong></span> <span class='ocrx_word' id='word_1_429' title='bbox 766 5136 979 5190; x_wconf 86' lang='lat' dir='ltr'><strong>habeam</strong></span> <span class='ocrx_word' id='word_1_430' title='bbox 1011 5152 1107 5206; x_wconf 87' lang='lat' dir='ltr'><strong>pro</strong></span> <span class='ocrx_word' id='word_1_431' title='bbox 1152 5135 1304 5196; x_wconf 80' lang='lat' dir='ltr'><strong>vobis,</strong></span> <span class='ocrx_word' id='word_1_432' title='bbox 1337 5145 1385 5188; x_wconf 90' lang='lat' dir='ltr'><strong>et</strong></span> <span class='ocrx_word' id='word_1_433' title='bbox 1411 5151 1503 5202; x_wconf 91' lang='lat' dir='ltr'><strong>pro</strong></span> <span class='ocrx_word' id='word_1_434' title='bbox 1529 5135 1590 5187; x_wconf 88' lang='lat' dir='ltr'><strong>iis</strong></span> <span class='ocrx_word' id='word_1_435' title='bbox 1617 5136 1702 5204; x_wconf 87' lang='lat' dir='ltr'><strong>qui</strong></span> 
     </span>
    </p>
   </div>
   <div class='ocr_carea' id='block_1_54' title="bbox 123 5225 1700 5292">
    <p class='ocr_par' dir='ltr' id='par_1_54' title="bbox 123 5225 1700 5292">
     <span class='ocr_line' id='line_1_54' title="bbox 123 5225 1700 5292; baseline 0.003 -16"><span class='ocrx_word' id='word_1_436' title='bbox 123 5236 229 5279; x_wconf 80' lang='lat' dir='ltr'><strong>sunt</strong></span> <span class='ocrx_word' id='word_1_437' title='bbox 255 5226 546 5281; x_wconf 65' lang='lat' dir='ltr'><strong>Laodiceae.</strong></span> <span class='ocrx_word' id='word_1_438' title='bbox 589 5225 808 5292; x_wconf 90' lang='lat' dir='ltr'><strong>Deinde,</strong></span> <span class='ocrx_word' id='word_1_439' title='bbox 853 5241 920 5280; x_wconf 91' lang='lat' dir='ltr'><strong>ne</strong></span> <span class='ocrx_word' id='word_1_440' title='bbox 962 5225 1064 5280; x_wconf 86' lang='lat' dir='ltr'><strong>hoc</strong></span> <span class='ocrx_word' id='word_1_441' title='bbox 1101 5225 1344 5280; x_wconf 88' lang='lat' dir='ltr'><strong>videatur</strong></span> <span class='ocrx_word' id='word_1_442' title='bbox 1370 5241 1491 5279; x_wconf 86' lang='lat' dir='ltr'><strong>esse</strong></span> <span class='ocrx_word' id='word_1_443' title='bbox 1516 5241 1700 5281; x_wconf 84' lang='lat' dir='ltr'><strong>corum</strong></span> 
     </span>
    </p>
   </div>
   <div class='ocr_carea' id='block_1_55' title="bbox 123 5314 1702 5384">
    <p class='ocr_par' dir='ltr' id='par_1_55' title="bbox 123 5314 1702 5384">
     <span class='ocr_line' id='line_1_55' title="bbox 123 5314 1702 5384; baseline 0.003 -18"><span class='ocrx_word' id='word_1_444' title='bbox 123 5315 520 5380; x_wconf 82' lang='lat' dir='ltr'><strong>imbecillitatis,</strong></span> <span class='ocrx_word' id='word_1_445' title='bbox 544 5315 821 5384; x_wconf 82' lang='lat' dir='ltr'><strong>conjunxit</strong></span> <span class='ocrx_word' id='word_1_446' title='bbox 852 5315 1012 5369; x_wconf 89' lang='lat' dir='ltr'><strong>etiam</strong></span> <span class='ocrx_word' id='word_1_447' title='bbox 1055 5314 1211 5380; x_wconf 85' lang='lat' dir='ltr'><strong>alios,</strong></span> <span class='ocrx_word' id='word_1_448' title='bbox 1255 5323 1309 5367; x_wconf 91' lang='lat' dir='ltr'><strong>et</strong></span> <span class='ocrx_word' id='word_1_449' title='bbox 1348 5314 1581 5368; x_wconf 91' lang='lat' dir='ltr'><strong>nondum</strong></span> <span class='ocrx_word' id='word_1_450' title='bbox 1613 5331 1702 5371; x_wconf 90' lang='lat' dir='ltr'><strong>re-</strong></span> 
     </span>
    </p>
   </div>
   <div class='ocr_carea' id='block_1_56' title="bbox 124 5403 1703 5475">
    <p class='ocr_par' dir='ltr' id='par_1_56' title="bbox 124 5403 1703 5475">
     <span class='ocr_line' id='line_1_56' title="bbox 124 5403 1703 5475; baseline 0.003 -20"><span class='ocrx_word' id='word_1_451' title='bbox 124 5404 426 5470; x_wconf 85' lang='lat' dir='ltr'><strong>prehendit.</strong></span> <span class='ocrx_word' id='word_1_452' title='bbox 462 5403 524 5458; x_wconf 83' lang='lat' dir='ltr'><strong>Et</strong></span> <span class='ocrx_word' id='word_1_453' title='bbox 547 5405 846 5474; x_wconf 84' lang='lat' dir='ltr'><strong>quicumque</strong></span> <span class='ocrx_word' id='word_1_454' title='bbox 870 5421 972 5458; x_wconf 85' lang='lat' dir='ltr'><strong>non</strong></span> <span class='ocrx_word' id='word_1_455' title='bbox 994 5404 1226 5459; x_wconf 79' lang='lat' dir='ltr'><strong>siderant</strong></span> <span class='ocrx_word' id='word_1_456' title='bbox 1247 5405 1428 5475; x_wconf 80' lang='lat' dir='ltr'><strong>faciem</strong></span> <span class='ocrx_word' id='word_1_457' title='bbox 1459 5422 1620 5458; x_wconf 88' lang='lat' dir='ltr'><strong>meam</strong></span> <span class='ocrx_word' id='word_1_458' title='bbox 1651 5407 1703 5460; x_wconf 86' lang='lat' dir='ltr'><strong>in</strong></span> 
     </span>
    </p>
   </div>
   <div class='ocr_carea' id='block_1_57' title="bbox 125 5492 1702 5550">
    <p class='ocr_par' dir='ltr' id='par_1_57' title="bbox 125 5492 1702 5550">
     <span class='ocr_line' id='line_1_57' title="bbox 125 5492 1702 5550; baseline 0.004 -7"><span class='ocrx_word' id='word_1_459' title='bbox 125 5506 288 5547; x_wconf 83' lang='lat' dir='ltr'><strong>carne.</strong></span> <span class='ocrx_word' id='word_1_460' title='bbox 323 5493 512 5548; x_wconf 77' lang='lat' dir='ltr'><strong>Divine</strong></span> <span class='ocrx_word' id='word_1_461' title='bbox 553 5492 642 5547; x_wconf 89' lang='lat' dir='ltr'><strong>hic</strong></span> <span class='ocrx_word' id='word_1_462' title='bbox 681 5493 912 5547; x_wconf 89' lang='lat' dir='ltr'><strong>ostendit</strong></span> <span class='ocrx_word' id='word_1_463' title='bbox 949 5507 1009 5549; x_wconf 86' lang='lat' dir='ltr'><strong>se</strong></span> <span class='ocrx_word' id='word_1_464' title='bbox 1048 5509 1142 5548; x_wconf 88' lang='lat' dir='ltr'><strong>eos</strong></span> <span class='ocrx_word' id='word_1_465' title='bbox 1186 5493 1398 5548; x_wconf 88' lang='lat' dir='ltr'><strong>assidue</strong></span> <span class='ocrx_word' id='word_1_466' title='bbox 1437 5494 1618 5549; x_wconf 85' lang='lat' dir='ltr'><strong>videre</strong></span> <span class='ocrx_word' id='word_1_467' title='bbox 1647 5496 1702 5550; x_wconf 88' lang='lat' dir='ltr'><strong>in</strong></span> 
     </span>
    </p>
   </div>
   <div class='ocr_carea' id='block_1_58' title="bbox 127 5579 1701 5649">
    <p class='ocr_par' dir='ltr' id='par_1_58' title="bbox 127 5579 1701 5649">
     <span class='ocr_line' id='line_1_58' title="bbox 127 5579 1701 5649; baseline 0.006 -16"><span class='ocrx_word' id='word_1_468' title='bbox 127 5583 326 5649; x_wconf 85' lang='lat' dir='ltr'><strong>spiritu.</strong></span> <span class='ocrx_word' id='word_1_469' title='bbox 356 5582 472 5639; x_wconf 89' lang='lat' dir='ltr'><strong>Suo</strong></span> <span class='ocrx_word' id='word_1_470' title='bbox 497 5591 676 5637; x_wconf 88' lang='lat' dir='ltr'><strong>autem</strong></span> <span class='ocrx_word' id='word_1_471' title='bbox 708 5583 1015 5638; x_wconf 88' lang='lat' dir='ltr'><strong>testimonio</strong></span> <span class='ocrx_word' id='word_1_472' title='bbox 1044 5584 1123 5639; x_wconf 88' lang='lat' dir='ltr'><strong>eis</strong></span> <span class='ocrx_word' id='word_1_473' title='bbox 1151 5584 1334 5638; x_wconf 90' lang='lat' dir='ltr'><strong>tribuit</strong></span> <span class='ocrx_word' id='word_1_474' title='bbox 1372 5585 1590 5640; x_wconf 89' lang='lat' dir='ltr'><strong>multam</strong></span> <span class='ocrx_word' id='word_1_475' title='bbox 1607 5579 1701 5642; x_wconf 65' lang='lat' dir='ltr'><strong>ili-</strong></span> 
     </span>
    </p>
   </div>
   <div class='ocr_carea' id='block_1_59' title="bbox 127 5670 1701 5742">
    <p class='ocr_par' dir='ltr' id='par_1_59' title="bbox 127 5670 1701 5742">
     <span class='ocr_line' id='line_1_59' title="bbox 127 5670 1701 5742; baseline 0.006 -19"><span class='ocrx_word' id='word_1_476' title='bbox 127 5670 444 5736; x_wconf 83' lang='lat' dir='ltr'><strong>lectionem;</strong></span> <span class='ocrx_word' id='word_1_477' title='bbox 473 5671 700 5742; x_wconf 85' lang='lat' dir='ltr'><strong>ideoque</strong></span> <span class='ocrx_word' id='word_1_478' title='bbox 741 5672 902 5727; x_wconf 82' lang='lat' dir='ltr'><strong>infert</strong></span> <span class='ocrx_word' id='word_1_479' title='bbox 932 5690 946 5726; x_wconf 90' lang='lat'><strong>:</strong></span> <span class='ocrx_word' id='word_1_480' title='bbox 975 5674 1032 5728; x_wconf 71' lang='lat'><strong>2.</strong></span> <span class='ocrx_word' id='word_1_481' title='bbox 1077 5673 1146 5729; x_wconf 87' lang='lat' dir='ltr'><strong>Ut</strong></span> <span class='ocrx_word' id='word_1_482' title='bbox 1185 5675 1505 5729; x_wconf 75' lang='lat' dir='ltr'><strong>consolentur</strong></span> <span class='ocrx_word' id='word_1_483' title='bbox 1547 5678 1701 5733; x_wconf 87' lang='lat' dir='ltr'><strong>corda</strong></span> 
     </span>
    </p>
   </div>
   <div class='ocr_carea' id='block_1_60' title="bbox 130 5759 1699 5839">
    <p class='ocr_par' dir='ltr' id='par_1_60' title="bbox 130 5759 1699 5839">
     <span class='ocr_line' id='line_1_60' title="bbox 130 5759 1699 5839; baseline 0.008 -27"><span class='ocrx_word' id='word_1_484' title='bbox 130 5759 371 5832; x_wconf 71' lang='lat' dir='ltr'><strong>ipsorum,</strong></span> <span class='ocrx_word' id='word_1_485' title='bbox 409 5762 641 5818; x_wconf 83' lang='lat' dir='ltr'><strong>instructi</strong></span> <span class='ocrx_word' id='word_1_486' title='bbox 667 5763 718 5819; x_wconf 87' lang='lat' dir='ltr'><strong>iu</strong></span> <span class='ocrx_word' id='word_1_487' title='bbox 744 5765 972 5833; x_wconf 83' lang='lat' dir='ltr'><strong>caritate,</strong></span> <span class='ocrx_word' id='word_1_488' title='bbox 1013 5773 1058 5819; x_wconf 87' lang='lat' dir='ltr'><strong>et</strong></span> <span class='ocrx_word' id='word_1_489' title='bbox 1084 5765 1136 5820; x_wconf 89' lang='lat' dir='ltr'><strong>in</strong></span> <span class='ocrx_word' id='word_1_490' title='bbox 1167 5781 1338 5822; x_wconf 77' lang='lat' dir='ltr'><strong>omnes</strong></span> <span class='ocrx_word' id='word_1_491' title='bbox 1362 5767 1562 5822; x_wconf 73' lang='lat' dir='ltr'><strong>divitias</strong></span> <span class='ocrx_word' id='word_1_492' title='bbox 1586 5769 1699 5839; x_wconf 84' lang='lat' dir='ltr'><strong>plc-</strong></span> 
     </span>
    </p>
   </div>
   <div class='ocr_carea' id='block_1_61' title="bbox 1004 367 2459 452">
    <p class='ocr_par' dir='ltr' id='par_1_61' title="bbox 1004 367 2459 452">
     <span class='ocr_line' id='line_1_61' title="bbox 1004 367 2459 452; baseline -0.009 1"><span class='ocrx_word' id='word_1_493' title='bbox 1004 394 1070 452; x_wconf 78' lang='lat' dir='ltr'><strong>IN</strong></span> <span class='ocrx_word' id='word_1_494' title='bbox 1107 390 1324 452; x_wconf 76' lang='lat' dir='ltr'><strong>setsr.</strong></span> <span class='ocrx_word' id='word_1_495' title='bbox 1365 389 1458 445; x_wconf 76' lang='lat' dir='ltr'><strong>so</strong></span> <span class='ocrx_word' id='word_1_496' title='bbox 1495 367 1772 444; x_wconf 82' lang='lat' dir='ltr'><strong>OOLOSS.</strong></span> <span class='ocrx_word' id='word_1_497' title='bbox 1812 380 1966 438; x_wconf 62' lang='lat' dir='ltr'><strong>car.</strong></span> <span class='ocrx_word' id='word_1_498' title='bbox 2009 380 2074 440; x_wconf 87' lang='grc' dir='ltr'><strong>ιι.</strong></span> <span class='ocrx_word' id='word_1_499' title='bbox 2117 381 2353 440; x_wconf 84' lang='lat' dir='ltr'><strong>uoutL.</strong></span> <span class='ocrx_word' id='word_1_500' title='bbox 2393 383 2459 440; x_wconf 87' lang='lat' dir='ltr'><strong>v.</strong></span> 
     </span>
    </p>
   </div>
   <div class='ocr_carea' id='block_1_62' title="bbox 3256 390 3363 446">
    <p class='ocr_par' dir='ltr' id='par_1_62' title="bbox 3256 390 3363 446">
     <span class='ocr_line' id='line_1_62' title="bbox 3256 390 3363 446; baseline -0.009 0"><span class='ocrx_word' id='word_1_501' title='bbox 3256 390 3363 446; x_wconf 59' lang='grc' dir='ltr'><strong>εει</strong></span> 
     </span>
    </p>
   </div>
   <div class='ocr_carea' id='block_1_63' title="bbox 1776 495 3368 568">
    <p class='ocr_par' dir='ltr' id='par_1_63' title="bbox 1776 495 3368 568">
     <span class='ocr_line' id='line_1_63' title="bbox 1776 495 3368 568; baseline 0.003 -18"><span class='ocrx_word' id='word_1_502' title='bbox 1776 497 2025 550; x_wconf 80' lang='lat' dir='ltr'><strong>nitudinis</strong></span> <span class='ocrx_word' id='word_1_503' title='bbox 2051 498 2336 552; x_wconf 79' lang='lat' dir='ltr'><strong>intellectus</strong></span> <span class='ocrx_word' id='word_1_504' title='bbox 2375 498 2427 551; x_wconf 88' lang='lat' dir='ltr'><strong>itt</strong></span> <span class='ocrx_word' id='word_1_505' title='bbox 2453 496 2713 567; x_wconf 81' lang='lat' dir='ltr'><strong>agnitione</strong></span> <span class='ocrx_word' id='word_1_506' title='bbox 2738 497 2964 568; x_wconf 72' lang='lat' dir='ltr'><strong>mysterii</strong></span> <span class='ocrx_word' id='word_1_507' title='bbox 2989 495 3090 554; x_wconf 85' lang='lat' dir='ltr'><strong>Dei</strong></span> <span class='ocrx_word' id='word_1_508' title='bbox 3119 499 3292 554; x_wconf 80' lang='lat' dir='ltr'><strong>Patris</strong></span> <span class='ocrx_word' id='word_1_509' title='bbox 3319 519 3368 557; x_wconf 88' lang='lat' dir='ltr'><strong>e.</strong></span> 
     </span>
    </p>
   </div>
   <div class='ocr_carea' id='block_1_64' title="bbox 1776 586 3370 661">
    <p class='ocr_par' dir='ltr' id='par_1_64' title="bbox 1776 586 3370 661">
     <span class='ocr_line' id='line_1_64' title="bbox 1776 586 3370 661; baseline 0.002 -19"><span class='ocrx_word' id='word_1_510' title='bbox 1776 586 1965 642; x_wconf 80' lang='lat' dir='ltr'><strong>Christi</strong></span> <span class='ocrx_word' id='word_1_511' title='bbox 1989 587 2113 642; x_wconf 84' lang='lat' dir='ltr'><strong>Jesu</strong></span> <span class='ocrx_word' id='word_1_512' title='bbox 2139 604 2159 642; x_wconf 92' lang='lat'><strong><em>:</em></strong></span> <span class='ocrx_word' id='word_1_513' title='bbox 2189 589 2243 643; x_wconf 80' lang='lat'><strong>3.</strong></span> <span class='ocrx_word' id='word_1_514' title='bbox 2274 587 2327 641; x_wconf 83' lang='lat' dir='ltr'><strong>in</strong></span> <span class='ocrx_word' id='word_1_515' title='bbox 2370 604 2469 657; x_wconf 89' lang='lat' dir='ltr'><strong>quo</strong></span> <span class='ocrx_word' id='word_1_516' title='bbox 2508 598 2628 642; x_wconf 84' lang='lat' dir='ltr'><strong>sunt</strong></span> <span class='ocrx_word' id='word_1_517' title='bbox 2654 602 2826 642; x_wconf 78' lang='lat' dir='ltr'><strong>omnes</strong></span> <span class='ocrx_word' id='word_1_518' title='bbox 2853 587 3079 642; x_wconf 83' lang='lat' dir='ltr'><strong>thesauri</strong></span> <span class='ocrx_word' id='word_1_519' title='bbox 3103 591 3370 661; x_wconf 72' lang='lat' dir='ltr'><strong>sapientia</strong></span> 
     </span>
    </p>
   </div>
   <div class='ocr_carea' id='block_1_65' title="bbox 1773 675 3368 748">
    <p class='ocr_par' dir='ltr' id='par_1_65' title="bbox 1773 675 3368 748">
     <span class='ocr_line' id='line_1_65' title="bbox 1773 675 3368 748; baseline 0.005 -20"><span class='ocrx_word' id='word_1_520' title='bbox 1773 684 1822 728; x_wconf 93' lang='lat' dir='ltr'><strong>et</strong></span> <span class='ocrx_word' id='word_1_521' title='bbox 1851 675 2074 729; x_wconf 81' lang='lat' dir='ltr'><strong>scientia.-</strong></span> <span class='ocrx_word' id='word_1_522' title='bbox 2110 676 2411 730; x_wconf 86' lang='lat' dir='ltr'><strong>absconditi.</strong></span> <span class='ocrx_word' id='word_1_523' title='bbox 2453 675 2573 730; x_wconf 90' lang='lat' dir='ltr'><strong>.lam</strong></span> <span class='ocrx_word' id='word_1_524' title='bbox 2614 675 2804 747; x_wconf 79' lang='lat' dir='ltr'><strong>dogma</strong></span> <span class='ocrx_word' id='word_1_525' title='bbox 2843 678 3059 748; x_wconf 84' lang='lat' dir='ltr'><strong>aggredi</strong></span> <span class='ocrx_word' id='word_1_526' title='bbox 3087 682 3368 737; x_wconf 88' lang='lat' dir='ltr'><strong>contendit</strong></span> 
     </span>
    </p>
   </div>
   <div class='ocr_carea' id='block_1_66' title="bbox 1774 765 3367 835">
    <p class='ocr_par' dir='ltr' id='par_1_66' title="bbox 1774 765 3367 835">
     <span class='ocr_line' id='line_1_66' title="bbox 1774 765 3367 835; baseline 0.004 -16"><span class='ocrx_word' id='word_1_527' title='bbox 1774 774 1829 819; x_wconf 90' lang='lat' dir='ltr'><strong>et</strong></span> <span class='ocrx_word' id='word_1_528' title='bbox 1858 765 2111 829; x_wconf 87' lang='lat' dir='ltr'><strong>enititur;</strong></span> <span class='ocrx_word' id='word_1_529' title='bbox 2144 781 2319 834; x_wconf 90' lang='lat' dir='ltr'><strong>neque</strong></span> <span class='ocrx_word' id='word_1_530' title='bbox 2363 781 2643 827; x_wconf 81' lang='lat' dir='ltr'><strong>accusans.</strong></span> <span class='ocrx_word' id='word_1_531' title='bbox 2691 782 2862 835; x_wconf 82' lang='lat' dir='ltr'><strong>neque</strong></span> <span class='ocrx_word' id='word_1_532' title='bbox 2891 783 2987 824; x_wconf 88' lang='lat' dir='ltr'><strong>eos</strong></span> <span class='ocrx_word' id='word_1_533' title='bbox 3017 769 3254 824; x_wconf 87' lang='lat' dir='ltr'><strong>liberans</strong></span> <span class='ocrx_word' id='word_1_534' title='bbox 3299 771 3367 825; x_wconf 87' lang='lat' dir='ltr'><strong>ab</strong></span> 
     </span>
    </p>
   </div>
   <div class='ocr_carea' id='block_1_67' title="bbox 1777 842 3369 924">
    <p class='ocr_par' dir='ltr' id='par_1_67' title="bbox 1777 842 3369 924">
     <span class='ocr_line' id='line_1_67' title="bbox 1777 842 3369 924; baseline 0.003 -15"><span class='ocrx_word' id='word_1_535' title='bbox 1777 856 2138 910; x_wconf 80' lang='lat' dir='ltr'><strong>accusatione.</strong></span> <span class='ocrx_word' id='word_1_536' title='bbox 2170 855 2479 919; x_wconf 77' lang='lat' dir='ltr'><strong>Certamen,</strong></span> <span class='ocrx_word' id='word_1_537' title='bbox 2514 856 2705 924; x_wconf 91' lang='lat' dir='ltr'><strong>inquit,</strong></span> <span class='ocrx_word' id='word_1_538' title='bbox 2739 856 2930 922; x_wconf 84' lang='lat' dir='ltr'><strong>habeo,</strong></span> <span class='ocrx_word' id='word_1_539' title='bbox 2963 872 3058 913; x_wconf 88' lang='lat' dir='ltr'><strong>seu</strong></span> <span class='ocrx_word' id='word_1_540' title='bbox 3098 842 3369 915; x_wconf 78' lang='lat' dir='ltr'><strong>contendo</strong></span> 
     </span>
    </p>
   </div>
   <div class='ocr_carea' id='block_1_68' title="bbox 1777 945 3367 1020">
    <p class='ocr_par' dir='ltr' id='par_1_68' title="bbox 1777 945 3367 1020">
     <span class='ocr_line' id='line_1_68' title="bbox 1777 945 3367 1020; baseline 0.004 -20"><span class='ocrx_word' id='word_1_541' title='bbox 1777 953 1832 1000; x_wconf 88' lang='lat' dir='ltr'><strong>et</strong></span> <span class='ocrx_word' id='word_1_542' title='bbox 1863 945 2065 999; x_wconf 87' lang='lat' dir='ltr'><strong>laboro.</strong></span> <span class='ocrx_word' id='word_1_543' title='bbox 2115 947 2332 1014; x_wconf 82' lang='lat' dir='ltr'><strong>Quare?</strong></span> <span class='ocrx_word' id='word_1_544' title='bbox 2381 946 2447 1002; x_wconf 88' lang='lat' dir='ltr'><strong>Ut</strong></span> <span class='ocrx_word' id='word_1_545' title='bbox 2484 947 2593 1003; x_wconf 88' lang='lat' dir='ltr'><strong>sint</strong></span> <span class='ocrx_word' id='word_1_546' title='bbox 2620 950 2905 1019; x_wconf 74' lang='lat' dir='ltr'><strong>compacti.</strong></span> <span class='ocrx_word' id='word_1_547' title='bbox 2955 950 3066 1007; x_wconf 92' lang='lat' dir='ltr'><strong>lloc</strong></span> <span class='ocrx_word' id='word_1_548' title='bbox 3104 961 3189 1007; x_wconf 89' lang='lat' dir='ltr'><strong>est</strong></span> <span class='ocrx_word' id='word_1_549' title='bbox 3224 952 3367 1020; x_wconf 88' lang='lat' dir='ltr'><strong>quod</strong></span> 
     </span>
    </p>
   </div>
   <div class='ocr_carea' id='block_1_69' title="bbox 1778 1035 3370 1099">
    <p class='ocr_par' dir='ltr' id='par_1_69' title="bbox 1778 1035 3370 1099">
     <span class='ocr_line' id='line_1_69' title="bbox 1778 1035 3370 1099; baseline 0.006 -9"><span class='ocrx_word' id='word_1_550' title='bbox 1778 1035 1908 1091; x_wconf 87' lang='lat' dir='ltr'><strong>dicit</strong></span> <span class='ocrx_word' id='word_1_551' title='bbox 1942 1055 1956 1090; x_wconf 89' lang='lat'><strong>:</strong></span> <span class='ocrx_word' id='word_1_552' title='bbox 1989 1047 2046 1092; x_wconf 89' lang='lat' dir='ltr'><strong>ttt</strong></span> <span class='ocrx_word' id='word_1_553' title='bbox 2074 1047 2215 1091; x_wconf 81' lang='lat' dir='ltr'><strong>stent</strong></span> <span class='ocrx_word' id='word_1_554' title='bbox 2247 1037 2382 1092; x_wconf 80' lang='lat' dir='ltr'><strong>firmi</strong></span> <span class='ocrx_word' id='word_1_555' title='bbox 2415 1048 2468 1094; x_wconf 90' lang='lat' dir='ltr'><strong>et</strong></span> <span class='ocrx_word' id='word_1_556' title='bbox 2492 1040 2713 1097; x_wconf 84' lang='lat' dir='ltr'><strong>stabiles</strong></span> <span class='ocrx_word' id='word_1_557' title='bbox 2751 1043 2802 1098; x_wconf 75' lang='lat' dir='ltr'><strong>ia</strong></span> <span class='ocrx_word' id='word_1_558' title='bbox 2841 1041 2964 1096; x_wconf 86' lang='lat' dir='ltr'><strong>fide.</strong></span> <span class='ocrx_word' id='word_1_559' title='bbox 3011 1041 3116 1097; x_wconf 86' lang='lat' dir='ltr'><strong>Sed</strong></span> <span class='ocrx_word' id='word_1_560' title='bbox 3156 1058 3262 1097; x_wconf 90' lang='lat' dir='ltr'><strong>non</strong></span> <span class='ocrx_word' id='word_1_561' title='bbox 3292 1046 3370 1099; x_wconf 88' lang='lat' dir='ltr'><strong>sic</strong></span> 
     </span>
    </p>
   </div>
   <div class='ocr_carea' id='block_1_70' title="bbox 1782 1131 3364 1202">
    <p class='ocr_par' dir='ltr' id='par_1_70' title="bbox 1782 1131 3364 1202">
     <span class='ocr_line' id='line_1_70' title="bbox 1782 1131 3364 1202; baseline 0.005 -20"><span class='ocrx_word' id='word_1_562' title='bbox 1782 1131 1954 1200; x_wconf 86' lang='lat' dir='ltr'><strong>ponit.</strong></span> <span class='ocrx_word' id='word_1_563' title='bbox 1985 1146 2170 1185; x_wconf 90' lang='lat' dir='ltr'><strong>verum</strong></span> <span class='ocrx_word' id='word_1_564' title='bbox 2197 1142 2403 1186; x_wconf 84' lang='lat' dir='ltr'><strong>resecat</strong></span> <span class='ocrx_word' id='word_1_565' title='bbox 2425 1147 2545 1202; x_wconf 71' lang='lat' dir='ltr'><strong>quae</strong></span> <span class='ocrx_word' id='word_1_566' title='bbox 2566 1142 2689 1187; x_wconf 89' lang='lat' dir='ltr'><strong>sunt</strong></span> <span class='ocrx_word' id='word_1_567' title='bbox 2714 1135 3104 1196; x_wconf 66' lang='lat' dir='ltr'><strong>aansationis;</strong></span> <span class='ocrx_word' id='word_1_568' title='bbox 3132 1135 3234 1191; x_wconf 90' lang='lat' dir='ltr'><strong>hoc</strong></span> <span class='ocrx_word' id='word_1_569' title='bbox 3263 1145 3364 1201; x_wconf 89' lang='lat' dir='ltr'><strong>est,</strong></span> 
     </span>
    </p>
   </div>
   <div class='ocr_carea' id='block_1_71' title="bbox 1783 1214 3368 1295">
    <p class='ocr_par' dir='ltr' id='par_1_71' title="bbox 1783 1214 3368 1295">
     <span class='ocr_line' id='line_1_71' title="bbox 1783 1214 3368 1295; baseline 0.004 -20"><span class='ocrx_word' id='word_1_570' title='bbox 1783 1228 1841 1275; x_wconf 89' lang='lat' dir='ltr'><strong>ut</strong></span> <span class='ocrx_word' id='word_1_571' title='bbox 1865 1214 2146 1276; x_wconf 41' lang='lat' dir='ltr'><strong>siut&#39;uniti</strong></span> <span class='ocrx_word' id='word_1_572' title='bbox 2177 1236 2298 1275; x_wconf 90' lang='lat' dir='ltr'><strong>cum</strong></span> <span class='ocrx_word' id='word_1_573' title='bbox 2341 1225 2600 1287; x_wconf 83' lang='lat' dir='ltr'><strong>caritate;</strong></span> <span class='ocrx_word' id='word_1_574' title='bbox 2647 1239 2820 1295; x_wconf 82' lang='lat' dir='ltr'><strong>neque</strong></span> <span class='ocrx_word' id='word_1_575' title='bbox 2857 1241 2980 1279; x_wconf 93' lang='lat' dir='ltr'><strong>cum</strong></span> <span class='ocrx_word' id='word_1_576' title='bbox 3027 1229 3368 1294; x_wconf 79' lang='lat' dir='ltr'><strong>necessitate,</strong></span> 
     </span>
    </p>
   </div>
   <div class='ocr_carea' id='block_1_72' title="bbox 1783 1314 3371 1386">
    <p class='ocr_par' dir='ltr' id='par_1_72' title="bbox 1783 1314 3371 1386">
     <span class='ocr_line' id='line_1_72' title="bbox 1783 1314 3371 1386; baseline 0.006 -20"><span class='ocrx_word' id='word_1_577' title='bbox 1783 1328 1955 1382; x_wconf 87' lang='lat' dir='ltr'><strong>neque</strong></span> <span class='ocrx_word' id='word_1_578' title='bbox 1979 1329 2100 1368; x_wconf 88' lang='lat' dir='ltr'><strong>cum</strong></span> <span class='ocrx_word' id='word_1_579' title='bbox 2122 1314 2396 1369; x_wconf 82' lang='lat' dir='ltr'><strong>violentia.</strong></span> <span class='ocrx_word' id='word_1_580' title='bbox 2421 1314 2554 1369; x_wconf 83' lang='lat' dir='ltr'><strong>Nam</strong></span> <span class='ocrx_word' id='word_1_581' title='bbox 2578 1317 2717 1370; x_wconf 87' lang='lat' dir='ltr'><strong>sicut</strong></span> <span class='ocrx_word' id='word_1_582' title='bbox 2741 1317 2871 1380; x_wconf 89' lang='lat' dir='ltr'><strong>dixi,</strong></span> <span class='ocrx_word' id='word_1_583' title='bbox 2895 1318 3099 1386; x_wconf 85' lang='lat' dir='ltr'><strong>absque</strong></span> <span class='ocrx_word' id='word_1_584' title='bbox 3125 1321 3371 1376; x_wconf 88' lang='lat' dir='ltr'><strong>molestia</strong></span> 
     </span>
    </p>
   </div>
   <div class='ocr_carea' id='block_1_73' title="bbox 1784 1405 3368 1480">
    <p class='ocr_par' dir='ltr' id='par_1_73' title="bbox 1784 1405 3368 1480">
     <span class='ocr_line' id='line_1_73' title="bbox 1784 1405 3368 1480; baseline 0.004 -21"><span class='ocrx_word' id='word_1_585' title='bbox 1784 1405 1904 1460; x_wconf 88' lang='lat' dir='ltr'><strong>illos</strong></span> <span class='ocrx_word' id='word_1_586' title='bbox 1947 1421 2162 1475; x_wconf 87' lang='lat' dir='ltr'><strong>semper</strong></span> <span class='ocrx_word' id='word_1_587' title='bbox 2207 1407 2488 1471; x_wconf 89' lang='lat' dir='ltr'><strong>hortatur;</strong></span> <span class='ocrx_word' id='word_1_588' title='bbox 2532 1418 2586 1462; x_wconf 90' lang='lat' dir='ltr'><strong>et</strong></span> <span class='ocrx_word' id='word_1_589' title='bbox 2630 1418 2912 1478; x_wconf 79' lang='lat' dir='ltr'><strong>propterea</strong></span> <span class='ocrx_word' id='word_1_590' title='bbox 2955 1409 3129 1465; x_wconf 87' lang='lat' dir='ltr'><strong>dicit:</strong></span> <span class='ocrx_word' id='word_1_591' title='bbox 3165 1413 3368 1480; x_wconf 81' lang='lat' dir='ltr'><strong>Angor,</strong></span> 
     </span>
    </p>
   </div>
   <div class='ocr_carea' id='block_1_74' title="bbox 1783 1495 3369 1567">
    <p class='ocr_par' dir='ltr' id='par_1_74' title="bbox 1783 1495 3369 1567">
     <span class='ocr_line' id='line_1_74' title="bbox 1783 1495 3369 1567; baseline 0.005 -19"><span class='ocrx_word' id='word_1_592' title='bbox 1783 1495 1906 1564; x_wconf 89' lang='lat' dir='ltr'><strong>quia</strong></span> <span class='ocrx_word' id='word_1_593' title='bbox 1955 1510 2078 1549; x_wconf 91' lang='lat' dir='ltr'><strong>cum</strong></span> <span class='ocrx_word' id='word_1_594' title='bbox 2132 1495 2442 1562; x_wconf 84' lang='lat' dir='ltr'><strong>dilectione,</strong></span> <span class='ocrx_word' id='word_1_595' title='bbox 2476 1505 2532 1551; x_wconf 89' lang='lat' dir='ltr'><strong>et</strong></span> <span class='ocrx_word' id='word_1_596' title='bbox 2582 1496 2828 1551; x_wconf 76' lang='lat' dir='ltr'><strong>lubenus</strong></span> <span class='ocrx_word' id='word_1_597' title='bbox 2866 1515 3027 1567; x_wconf 84' lang='lat' dir='ltr'><strong>agere</strong></span> <span class='ocrx_word' id='word_1_598' title='bbox 3076 1501 3217 1553; x_wconf 87' lang='lat' dir='ltr'><strong>volo.</strong></span> <span class='ocrx_word' id='word_1_599' title='bbox 3253 1501 3369 1556; x_wconf 83' lang='lat' dir='ltr'><strong>Non</strong></span> 
     </span>
    </p>
   </div>
   <div class='ocr_carea' id='block_1_75' title="bbox 1784 1587 3371 1658">
    <p class='ocr_par' dir='ltr' id='par_1_75' title="bbox 1784 1587 3371 1658">
     <span class='ocr_line' id='line_1_75' title="bbox 1784 1587 3371 1658; baseline 0.005 -18"><span class='ocrx_word' id='word_1_600' title='bbox 1784 1600 1880 1642; x_wconf 88' lang='lat' dir='ltr'><strong>ore</strong></span> <span class='ocrx_word' id='word_1_601' title='bbox 1924 1587 2138 1652; x_wconf 87' lang='lat' dir='ltr'><strong>solum,‘</strong></span> <span class='ocrx_word' id='word_1_602' title='bbox 2161 1604 2333 1658; x_wconf 87' lang='lat' dir='ltr'><strong>neque</strong></span> <span class='ocrx_word' id='word_1_603' title='bbox 2361 1597 2562 1644; x_wconf 87' lang='lat' dir='ltr'><strong>temere</strong></span> <span class='ocrx_word' id='word_1_604' title='bbox 2587 1599 2641 1643; x_wconf 89' lang='lat' dir='ltr'><strong>et</strong></span> <span class='ocrx_word' id='word_1_605' title='bbox 2671 1590 3060 1647; x_wconf 81' lang='lat' dir='ltr'><strong>inconsiderate</strong></span> <span class='ocrx_word' id='word_1_606' title='bbox 3100 1593 3214 1648; x_wconf 86' lang='lat' dir='ltr'><strong>fleri</strong></span> <span class='ocrx_word' id='word_1_607' title='bbox 3250 1597 3371 1648; x_wconf 87' lang='lat' dir='ltr'><strong>volo</strong></span> 
     </span>
    </p>
   </div>
   <div class='ocr_carea' id='block_1_76' title="bbox 1785 1677 3373 1751">
    <p class='ocr_par' dir='ltr' id='par_1_76' title="bbox 1785 1677 3373 1751">
     <span class='ocr_line' id='line_1_76' title="bbox 1785 1677 3373 1751; baseline 0.004 -21"><span class='ocrx_word' id='word_1_608' title='bbox 1785 1677 2276 1745; x_wconf 85' lang='lat' dir='ltr'><strong>congregationem,</strong></span> <span class='ocrx_word' id='word_1_609' title='bbox 2309 1680 2402 1732; x_wconf 88' lang='lat' dir='ltr'><strong>sed</strong></span> <span class='ocrx_word' id='word_1_610' title='bbox 2437 1688 2494 1731; x_wconf 92' lang='lat' dir='ltr'><strong>ut</strong></span> <span class='ocrx_word' id='word_1_611' title='bbox 2519 1680 2693 1744; x_wconf 86' lang='lat' dir='ltr'><strong>corda</strong></span> <span class='ocrx_word' id='word_1_612' title='bbox 2729 1695 2910 1734; x_wconf 86' lang='lat' dir='ltr'><strong>eorum</strong></span> <span class='ocrx_word' id='word_1_613' title='bbox 2946 1681 3209 1751; x_wconf 87' lang='lat' dir='ltr'><strong>accipiant</strong></span> <span class='ocrx_word' id='word_1_614' title='bbox 3237 1698 3373 1737; x_wconf 85' lang='lat' dir='ltr'><strong>con-</strong></span> 
     </span>
    </p>
   </div>
   <div class='ocr_carea' id='block_1_77' title="bbox 1787 1765 3371 1824">
    <p class='ocr_par' dir='ltr' id='par_1_77' title="bbox 1787 1765 3371 1824">
     <span class='ocr_line' id='line_1_77' title="bbox 1787 1765 3371 1824; baseline 0.004 -5"><span class='ocrx_word' id='word_1_615' title='bbox 1787 1765 2104 1820; x_wconf 72' lang='lat' dir='ltr'><strong>solutionem</strong></span> <span class='ocrx_word' id='word_1_616' title='bbox 2139 1783 2151 1818; x_wconf 93' lang='lat'><strong>:</strong></span> <span class='ocrx_word' id='word_1_617' title='bbox 2182 1765 2553 1819; x_wconf 87' lang='lat' dir='ltr'><strong>lnstructorum</strong></span> <span class='ocrx_word' id='word_1_618' title='bbox 2606 1767 2659 1821; x_wconf 88' lang='lat' dir='ltr'><strong>in</strong></span> <span class='ocrx_word' id='word_1_619' title='bbox 2712 1770 2919 1823; x_wconf 81' lang='lat' dir='ltr'><strong>caritate</strong></span> <span class='ocrx_word' id='word_1_620' title='bbox 2970 1771 3021 1823; x_wconf 91' lang='lat' dir='ltr'><strong>in</strong></span> <span class='ocrx_word' id='word_1_621' title='bbox 3071 1786 3242 1824; x_wconf 88' lang='lat' dir='ltr'><strong>omnes</strong></span> <span class='ocrx_word' id='word_1_622' title='bbox 3287 1772 3371 1824; x_wconf 88' lang='lat' dir='ltr'><strong>di-</strong></span> 
     </span>
    </p>
   </div>
   <div class='ocr_carea' id='block_1_78' title="bbox 1787 1856 3372 1926">
    <p class='ocr_par' dir='ltr' id='par_1_78' title="bbox 1787 1856 3372 1926">
     <span class='ocr_line' id='line_1_78' title="bbox 1787 1856 3372 1926; baseline 0.004 -17"><span class='ocrx_word' id='word_1_623' title='bbox 1787 1856 1934 1910; x_wconf 72' lang='lat' dir='ltr'><strong>vitias</strong></span> <span class='ocrx_word' id='word_1_624' title='bbox 1964 1856 2297 1926; x_wconf 82' lang='lat' dir='ltr'><strong>plenitudinis</strong></span> <span class='ocrx_word' id='word_1_625' title='bbox 2323 1857 2628 1911; x_wconf 84' lang='lat' dir='ltr'><strong>intellectus.</strong></span> <span class='ocrx_word' id='word_1_626' title='bbox 2658 1858 2770 1912; x_wconf 83' lang='lat' dir='ltr'><strong>Hoc</strong></span> <span class='ocrx_word' id='word_1_627' title='bbox 2795 1868 2896 1923; x_wconf 81' lang='lat' dir='ltr'><strong>est,</strong></span> <span class='ocrx_word' id='word_1_628' title='bbox 2939 1870 2994 1913; x_wconf 92' lang='lat' dir='ltr'><strong>ut</strong></span> <span class='ocrx_word' id='word_1_629' title='bbox 3021 1876 3126 1914; x_wconf 89' lang='lat' dir='ltr'><strong>non</strong></span> <span class='ocrx_word' id='word_1_630' title='bbox 3166 1861 3233 1915; x_wconf 88' lang='lat' dir='ltr'><strong>de</strong></span> <span class='ocrx_word' id='word_1_631' title='bbox 3269 1861 3372 1915; x_wconf 87' lang='lat' dir='ltr'><strong>ulla</strong></span> 
     </span>
    </p>
   </div>
   <div class='ocr_carea' id='block_1_79' title="bbox 1789 1947 3370 2020">
    <p class='ocr_par' dir='ltr' id='par_1_79' title="bbox 1789 1947 3370 2020">
     <span class='ocr_line' id='line_1_79' title="bbox 1789 1947 3370 2020; baseline 0.002 -18"><span class='ocrx_word' id='word_1_632' title='bbox 1789 1963 1848 2002; x_wconf 88' lang='lat' dir='ltr'><strong>re</strong></span> <span class='ocrx_word' id='word_1_633' title='bbox 1868 1947 2130 2013; x_wconf 88' lang='lat' dir='ltr'><strong>dubitent,</strong></span> <span class='ocrx_word' id='word_1_634' title='bbox 2167 1957 2224 2003; x_wconf 91' lang='lat' dir='ltr'><strong>ut</strong></span> <span class='ocrx_word' id='word_1_635' title='bbox 2247 1949 2315 2003; x_wconf 90' lang='lat' dir='ltr'><strong>de</strong></span> <span class='ocrx_word' id='word_1_636' title='bbox 2344 1949 2591 2003; x_wconf 89' lang='lat' dir='ltr'><strong>omnibus</strong></span> <span class='ocrx_word' id='word_1_637' title='bbox 2622 1949 2725 2002; x_wconf 91' lang='lat' dir='ltr'><strong>sint</strong></span> <span class='ocrx_word' id='word_1_638' title='bbox 2768 1950 2917 2019; x_wconf 87' lang='lat' dir='ltr'><strong>plene</strong></span> <span class='ocrx_word' id='word_1_639' title='bbox 2956 1952 3216 2020; x_wconf 85' lang='lat' dir='ltr'><strong>persuasi.</strong></span> <span class='ocrx_word' id='word_1_640' title='bbox 3252 1952 3370 2006; x_wconf 81' lang='lat' dir='ltr'><strong>Ple-</strong></span> 
     </span>
    </p>
   </div>
   <div class='ocr_carea' id='block_1_80' title="bbox 1789 2039 3372 2110">
    <p class='ocr_par' dir='ltr' id='par_1_80' title="bbox 1789 2039 3372 2110">
     <span class='ocr_line' id='line_1_80' title="bbox 1789 2039 3372 2110; baseline 0.002 -17"><span class='ocrx_word' id='word_1_641' title='bbox 1789 2039 2084 2095; x_wconf 91' lang='lat' dir='ltr'><strong>nitudinem</strong></span> <span class='ocrx_word' id='word_1_642' title='bbox 2129 2048 2306 2094; x_wconf 84' lang='lat' dir='ltr'><strong>autem</strong></span> <span class='ocrx_word' id='word_1_643' title='bbox 2335 2040 2467 2094; x_wconf 85' lang='lat' dir='ltr'><strong>dixit</strong></span> <span class='ocrx_word' id='word_1_644' title='bbox 2497 2055 2614 2095; x_wconf 90' lang='lat' dir='ltr'><strong>eam</strong></span> <span class='ocrx_word' id='word_1_645' title='bbox 2655 2055 2774 2110; x_wconf 68' lang='lat' dir='ltr'><strong>quae</strong></span> <span class='ocrx_word' id='word_1_646' title='bbox 2813 2050 2888 2095; x_wconf 69' lang='lat' dir='ltr'><strong>est</strong></span> <span class='ocrx_word' id='word_1_647' title='bbox 2927 2057 3021 2110; x_wconf 80' lang='lat' dir='ltr'><strong>per</strong></span> <span class='ocrx_word' id='word_1_648' title='bbox 3061 2041 3217 2095; x_wconf 80' lang='lat' dir='ltr'><strong>tidem</strong></span> <span class='ocrx_word' id='word_1_649' title='bbox 3245 2060 3259 2095; x_wconf 87' lang='lat'><strong>:</strong></span> <span class='ocrx_word' id='word_1_650' title='bbox 3289 2051 3372 2097; x_wconf 91' lang='lat' dir='ltr'><strong>est</strong></span> 
     </span>
    </p>
   </div>
   <div class='ocr_carea' id='block_1_81' title="bbox 1790 2132 3376 2201">
    <p class='ocr_par' dir='ltr' id='par_1_81' title="bbox 1790 2132 3376 2201">
     <span class='ocr_line' id='line_1_81' title="bbox 1790 2132 3376 2201; baseline 0.002 -15"><span class='ocrx_word' id='word_1_651' title='bbox 1790 2132 1933 2186; x_wconf 90' lang='lat' dir='ltr'><strong>enim</strong></span> <span class='ocrx_word' id='word_1_652' title='bbox 1966 2133 2124 2185; x_wconf 87' lang='lat' dir='ltr'><strong>etiam</strong></span> <span class='ocrx_word' id='word_1_653' title='bbox 2171 2132 2447 2201; x_wconf 83' lang='lat' dir='ltr'><strong>persuasio</strong></span> <span class='ocrx_word' id='word_1_654' title='bbox 2486 2147 2581 2201; x_wconf 90' lang='lat' dir='ltr'><strong>per</strong></span> <span class='ocrx_word' id='word_1_655' title='bbox 2624 2132 2918 2198; x_wconf 84' lang='lat' dir='ltr'><strong>ratiocinia,</strong></span> <span class='ocrx_word' id='word_1_656' title='bbox 2965 2134 3058 2188; x_wconf 85' lang='lat' dir='ltr'><strong>sed</strong></span> <span class='ocrx_word' id='word_1_657' title='bbox 3105 2135 3192 2190; x_wconf 87' lang='lat' dir='ltr'><strong>illa</strong></span> <span class='ocrx_word' id='word_1_658' title='bbox 3224 2135 3376 2189; x_wconf 90' lang='lat' dir='ltr'><strong>nihili</strong></span> 
     </span>
    </p>
   </div>
   <div class='ocr_carea' id='block_1_82' title="bbox 1792 2222 3378 2289">
    <p class='ocr_par' dir='ltr' id='par_1_82' title="bbox 1792 2222 3378 2289">
     <span class='ocr_line' id='line_1_82' title="bbox 1792 2222 3378 2289; baseline 0.001 -9"><span class='ocrx_word' id='word_1_659' title='bbox 1792 2234 1874 2280; x_wconf 86' lang='lat' dir='ltr'><strong>est</strong></span> <span class='ocrx_word' id='word_1_660' title='bbox 1905 2225 2239 2278; x_wconf 57' lang='lat' dir='ltr'><strong>existimanda.</strong></span> <span class='ocrx_word' id='word_1_661' title='bbox 2287 2222 2411 2280; x_wconf 90' lang='lat' dir='ltr'><strong>Scio</strong></span> <span class='ocrx_word' id='word_1_662' title='bbox 2441 2242 2534 2278; x_wconf 87' lang='lat' dir='ltr'><strong>vos</strong></span> <span class='ocrx_word' id='word_1_663' title='bbox 2560 2225 2805 2289; x_wconf 87' lang='lat' dir='ltr'><strong>credere,</strong></span> <span class='ocrx_word' id='word_1_664' title='bbox 2845 2225 2939 2280; x_wconf 86' lang='lat' dir='ltr'><strong>sed</strong></span> <span class='ocrx_word' id='word_1_665' title='bbox 2973 2226 3094 2280; x_wconf 80' lang='lat' dir='ltr'><strong>volo</strong></span> <span class='ocrx_word' id='word_1_666' title='bbox 3134 2243 3226 2280; x_wconf 72' lang='lat' dir='ltr'><strong>vos</strong></span> <span class='ocrx_word' id='word_1_667' title='bbox 3256 2243 3378 2282; x_wconf 89' lang='lat' dir='ltr'><strong>csse</strong></span> 
     </span>
    </p>
   </div>
   <div class='ocr_carea' id='block_1_83' title="bbox 1746 2303 3411 2385">
    <p class='ocr_par' dir='ltr' id='par_1_83' title="bbox 1746 2303 3411 2385">
     <span class='ocr_line' id='line_1_83' title="bbox 1746 2303 3411 2385; baseline 0.002 -18"><span class='ocrx_word' id='word_1_668' title='bbox 1746 2315 1950 2384; x_wconf 61' lang='lat' dir='ltr'><strong>J&#39;plene</strong></span> <span class='ocrx_word' id='word_1_669' title='bbox 1977 2331 2262 2385; x_wconf 83' lang='lat' dir='ltr'><strong>persnasos</strong></span> <span class='ocrx_word' id='word_1_670' title='bbox 2287 2332 2301 2381; x_wconf 91' lang='lat'><strong>;</strong></span> <span class='ocrx_word' id='word_1_671' title='bbox 2335 2333 2441 2370; x_wconf 89' lang='lat' dir='ltr'><strong>non</strong></span> <span class='ocrx_word' id='word_1_672' title='bbox 2475 2317 2526 2369; x_wconf 88' lang='lat' dir='ltr'><strong>in</strong></span> <span class='ocrx_word' id='word_1_673' title='bbox 2555 2316 2766 2370; x_wconf 82' lang='lat' dir='ltr'><strong>divitias</strong></span> <span class='ocrx_word' id='word_1_674' title='bbox 2791 2316 2984 2382; x_wconf 64' lang='lat' dir='ltr'><strong>Solum,</strong></span> <span class='ocrx_word' id='word_1_675' title='bbox 3020 2318 3136 2384; x_wconf 85' lang='lat' dir='ltr'><strong>sed,</strong></span> <span class='ocrx_word' id='word_1_676' title='bbox 3166 2317 3230 2371; x_wconf 86' lang='lat' dir='ltr'><strong>In</strong></span> <span class='ocrx_word' id='word_1_677' title='bbox 3265 2337 3378 2372; x_wconf 91' lang='lat' dir='ltr'><strong>om-</strong></span> <span class='ocrx_word' id='word_1_678' title='bbox 3404 2303 3411 2308; x_wconf 48' lang='grc'><strong>’</strong></span> 
     </span>
    </p>
   </div>
   <div class='ocr_carea' id='block_1_84' title="bbox 1794 2393 3378 2478">
    <p class='ocr_par' dir='ltr' id='par_1_84' title="bbox 1794 2393 3378 2478">
     <span class='ocr_line' id='line_1_84' title="bbox 1794 2393 3378 2478; baseline 0.003 -19"><span class='ocrx_word' id='word_1_679' title='bbox 1794 2421 1881 2459; x_wconf 86' lang='lat' dir='ltr'><strong>nes</strong></span> <span class='ocrx_word' id='word_1_680' title='bbox 1906 2393 2108 2459; x_wconf 82' lang='lat' dir='ltr'><strong>divitias</strong></span> <span class='ocrx_word' id='word_1_681' title='bbox 2131 2421 2152 2470; x_wconf 87' lang='grc'><em>;</em></span> <span class='ocrx_word' id='word_1_682' title='bbox 2197 2416 2252 2459; x_wconf 92' lang='lat' dir='ltr'><strong>ut</strong></span> <span class='ocrx_word' id='word_1_683' title='bbox 2290 2408 2408 2461; x_wconf 83' lang='lat' dir='ltr'><strong>sitis</strong></span> <span class='ocrx_word' id='word_1_684' title='bbox 2448 2407 2500 2461; x_wconf 91' lang='lat' dir='ltr'><strong>in</strong></span> <span class='ocrx_word' id='word_1_685' title='bbox 2545 2408 2794 2461; x_wconf 90' lang='lat' dir='ltr'><strong>omnibus</strong></span> <span class='ocrx_word' id='word_1_686' title='bbox 2841 2417 2889 2462; x_wconf 77' lang='lat' dir='ltr'><strong>et</strong></span> <span class='ocrx_word' id='word_1_687' title='bbox 2930 2410 3086 2478; x_wconf 82' lang='lat' dir='ltr'><strong>plene</strong></span> <span class='ocrx_word' id='word_1_688' title='bbox 3117 2411 3378 2477; x_wconf 86' lang='lat' dir='ltr'><strong>persuasi.</strong></span> 
     </span>
    </p>
   </div>
   <div class='ocr_carea' id='block_1_85' title="bbox 1795 2494 3380 2568">
    <p class='ocr_par' dir='ltr' id='par_1_85' title="bbox 1795 2494 3380 2568">
     <span class='ocr_line' id='line_1_85' title="bbox 1795 2494 3380 2568; baseline 0.004 -20"><span class='ocrx_word' id='word_1_689' title='bbox 1795 2494 1930 2550; x_wconf 82' lang='lat' dir='ltr'><strong>Vide</strong></span> <span class='ocrx_word' id='word_1_690' title='bbox 1960 2506 2134 2550; x_wconf 88' lang='lat' dir='ltr'><strong>autem</strong></span> <span class='ocrx_word' id='word_1_691' title='bbox 2167 2497 2306 2551; x_wconf 88' lang='lat' dir='ltr'><strong>beati</strong></span> <span class='ocrx_word' id='word_1_692' title='bbox 2341 2497 2496 2566; x_wconf 89' lang='lat' dir='ltr'><strong>hujus</strong></span> <span class='ocrx_word' id='word_1_693' title='bbox 2525 2499 2882 2568; x_wconf 87' lang='lat' dir='ltr'><strong>prudentiam.</strong></span> <span class='ocrx_word' id='word_1_694' title='bbox 2905 2498 3020 2553; x_wconf 80' lang='lat' dir='ltr'><strong>Non</strong></span> <span class='ocrx_word' id='word_1_695' title='bbox 3053 2499 3206 2564; x_wconf 84' lang='lat' dir='ltr'><strong>dixit,</strong></span> <span class='ocrx_word' id='word_1_696' title='bbox 3245 2499 3380 2554; x_wconf 82' lang='lat' dir='ltr'><strong>Male</strong></span> 
     </span>
    </p>
   </div>
   <div class='ocr_carea' id='block_1_86' title="bbox 1795 2587 3382 2660">
    <p class='ocr_par' dir='ltr' id='par_1_86' title="bbox 1795 2587 3382 2660">
     <span class='ocr_line' id='line_1_86' title="bbox 1795 2587 3382 2660; baseline 0.004 -20"><span class='ocrx_word' id='word_1_697' title='bbox 1795 2587 1968 2642; x_wconf 87' lang='lat' dir='ltr'><strong>facitis</strong></span> <span class='ocrx_word' id='word_1_698' title='bbox 1999 2589 2140 2658; x_wconf 91' lang='lat' dir='ltr'><strong>quod</strong></span> <span class='ocrx_word' id='word_1_699' title='bbox 2173 2605 2277 2642; x_wconf 91' lang='lat' dir='ltr'><strong>non</strong></span> <span class='ocrx_word' id='word_1_700' title='bbox 2307 2590 2520 2658; x_wconf 77' lang='lat' dir='ltr'><strong>plenam</strong></span> <span class='ocrx_word' id='word_1_701' title='bbox 2569 2589 2776 2643; x_wconf 77' lang='lat' dir='ltr'><strong>habetis</strong></span> <span class='ocrx_word' id='word_1_702' title='bbox 2815 2592 3238 2660; x_wconf 63' lang='lat' dir='ltr'><strong>ptrsuasionem‘,</strong></span> <span class='ocrx_word' id='word_1_703' title='bbox 3282 2607 3382 2647; x_wconf 83' lang='lat' dir='ltr'><strong>nec</strong></span> 
     </span>
    </p>
   </div>
   <div class='ocr_carea' id='block_1_87' title="bbox 1796 2678 3383 2748">
    <p class='ocr_par' dir='ltr' id='par_1_87' title="bbox 1796 2678 3383 2748">
     <span class='ocr_line' id='line_1_87' title="bbox 1796 2678 3383 2748; baseline 0.003 -17"><span class='ocrx_word' id='word_1_704' title='bbox 1796 2691 1892 2731; x_wconf 86' lang='lat' dir='ltr'><strong>eos</strong></span> <span class='ocrx_word' id='word_1_705' title='bbox 1919 2678 2227 2743; x_wconf 71' lang='lat' dir='ltr'><strong>accusavit;</strong></span> <span class='ocrx_word' id='word_1_706' title='bbox 2271 2679 2388 2742; x_wconf 90' lang='lat' dir='ltr'><strong>sed,</strong></span> <span class='ocrx_word' id='word_1_707' title='bbox 2431 2678 2659 2732; x_wconf 80' lang='lat' dir='ltr'><strong>Nescitis</strong></span> <span class='ocrx_word' id='word_1_708' title='bbox 2708 2681 2973 2748; x_wconf 85' lang='lat' dir='ltr'><strong>quomodo</strong></span> <span class='ocrx_word' id='word_1_709' title='bbox 3012 2681 3275 2743; x_wconf 87' lang='lat' dir='ltr'><strong>studeam,</strong></span> <span class='ocrx_word' id='word_1_710' title='bbox 3324 2690 3383 2736; x_wconf 88' lang='lat' dir='ltr'><strong>ut</strong></span> 
     </span>
    </p>
   </div>
   <div class='ocr_carea' id='block_1_88' title="bbox 1796 2766 3380 2838">
    <p class='ocr_par' dir='ltr' id='par_1_88' title="bbox 1796 2766 3380 2838">
     <span class='ocr_line' id='line_1_88' title="bbox 1796 2766 3380 2838; baseline 0.004 -18"><span class='ocrx_word' id='word_1_711' title='bbox 1796 2766 1954 2836; x_wconf 89' lang='lat' dir='ltr'><strong>plene</strong></span> <span class='ocrx_word' id='word_1_712' title='bbox 1981 2783 2295 2838; x_wconf 88' lang='lat' dir='ltr'><strong>persuasum</strong></span> <span class='ocrx_word' id='word_1_713' title='bbox 2331 2769 2570 2823; x_wconf 88' lang='lat' dir='ltr'><strong>habeatis</strong></span> <span class='ocrx_word' id='word_1_714' title='bbox 2609 2784 2730 2823; x_wconf 89' lang='lat' dir='ltr'><strong>cum</strong></span> <span class='ocrx_word' id='word_1_715' title='bbox 2759 2770 3123 2838; x_wconf 60' lang='lat' dir='ltr'><strong>intelligentia,</strong></span> <span class='ocrx_word' id='word_1_716' title='bbox 3155 2787 3260 2825; x_wconf 92' lang='lat' dir='ltr'><strong>non</strong></span> <span class='ocrx_word' id='word_1_717' title='bbox 3299 2781 3380 2826; x_wconf 93' lang='lat' dir='ltr'><strong>te-</strong></span> 
     </span>
    </p>
   </div>
   <div class='ocr_carea' id='block_1_89' title="bbox 1797 2858 3383 2928">
    <p class='ocr_par' dir='ltr' id='par_1_89' title="bbox 1797 2858 3383 2928">
     <span class='ocr_line' id='line_1_89' title="bbox 1797 2858 3383 2928; baseline 0.003 -17"><span class='ocrx_word' id='word_1_718' title='bbox 1797 2873 1947 2912; x_wconf 87' lang='lat' dir='ltr'><strong>mere</strong></span> <span class='ocrx_word' id='word_1_719' title='bbox 1977 2874 2076 2913; x_wconf 92' lang='lat' dir='ltr'><strong>nec</strong></span> <span class='ocrx_word' id='word_1_720' title='bbox 2103 2859 2313 2914; x_wconf 86' lang='lat' dir='ltr'><strong>leviter.</strong></span> <span class='ocrx_word' id='word_1_721' title='bbox 2347 2858 2479 2913; x_wconf 85' lang='lat' dir='ltr'><strong>Nam</strong></span> <span class='ocrx_word' id='word_1_722' title='bbox 2512 2860 2762 2928; x_wconf 90' lang='lat' dir='ltr'><strong>quoniam</strong></span> <span class='ocrx_word' id='word_1_723' title='bbox 2794 2861 2922 2914; x_wconf 81' lang='lat' dir='ltr'><strong>dixit</strong></span> <span class='ocrx_word' id='word_1_724' title='bbox 2959 2861 3135 2926; x_wconf 84' lang='lat' dir='ltr'><strong>ﬁdem,</strong></span> <span class='ocrx_word' id='word_1_725' title='bbox 3168 2861 3244 2916; x_wconf 86' lang='lat' dir='ltr'><strong>Ne</strong></span> <span class='ocrx_word' id='word_1_726' title='bbox 3267 2862 3383 2916; x_wconf 86' lang='lat' dir='ltr'><strong>exi-</strong></span> 
     </span>
    </p>
   </div>
   <div class='ocr_carea' id='block_1_90' title="bbox 1795 2951 3380 3021">
    <p class='ocr_par' dir='ltr' id='par_1_90' title="bbox 1795 2951 3380 3021">
     <span class='ocr_line' id='line_1_90' title="bbox 1795 2951 3380 3021; baseline 0.001 -15"><span class='ocrx_word' id='word_1_727' title='bbox 1795 2951 2046 3015; x_wconf 89' lang='lat' dir='ltr'><strong>stimetis,</strong></span> <span class='ocrx_word' id='word_1_728' title='bbox 2098 2953 2287 3021; x_wconf 89' lang='lat' dir='ltr'><strong>inquit,</strong></span> <span class='ocrx_word' id='word_1_729' title='bbox 2319 2953 2460 3021; x_wconf 90' lang='lat' dir='ltr'><strong>quod</strong></span> <span class='ocrx_word' id='word_1_730' title='bbox 2506 2961 2706 3007; x_wconf 90' lang='lat' dir='ltr'><strong>temere</strong></span> <span class='ocrx_word' id='word_1_731' title='bbox 2738 2952 2960 3008; x_wconf 89' lang='lat' dir='ltr'><strong>dixerim</strong></span> <span class='ocrx_word' id='word_1_732' title='bbox 3003 2964 3055 3007; x_wconf 89' lang='lat' dir='ltr'><strong>et</strong></span> <span class='ocrx_word' id='word_1_733' title='bbox 3101 2954 3380 3021; x_wconf 90' lang='lat' dir='ltr'><strong>inutiliter,</strong></span> 
     </span>
    </p>
   </div>
   <div class='ocr_carea' id='block_1_91' title="bbox 1799 3039 3385 3116">
    <p class='ocr_par' dir='ltr' id='par_1_91' title="bbox 1799 3039 3385 3116">
     <span class='ocr_line' id='line_1_91' title="bbox 1799 3039 3385 3116; baseline 0.001 -22"><span class='ocrx_word' id='word_1_734' title='bbox 1799 3039 1894 3094; x_wconf 86' lang='lat' dir='ltr'><strong>sed</strong></span> <span class='ocrx_word' id='word_1_735' title='bbox 1924 3056 2045 3094; x_wconf 89' lang='lat' dir='ltr'><strong>cum</strong></span> <span class='ocrx_word' id='word_1_736' title='bbox 2077 3043 2449 3110; x_wconf 84' lang='lat' dir='ltr'><strong>intelligentia,</strong></span> <span class='ocrx_word' id='word_1_737' title='bbox 2485 3060 2605 3096; x_wconf 91' lang='lat' dir='ltr'><strong>cum</strong></span> <span class='ocrx_word' id='word_1_738' title='bbox 2633 3045 2875 3098; x_wconf 87' lang='lat' dir='ltr'><strong>caritate.</strong></span> <span class='ocrx_word' id='word_1_739' title='bbox 2905 3042 2963 3097; x_wconf 80' lang='lat' dir='ltr'><strong>In</strong></span> <span class='ocrx_word' id='word_1_740' title='bbox 2992 3045 3246 3114; x_wconf 86' lang='lat' dir='ltr'><strong>agnitione</strong></span> <span class='ocrx_word' id='word_1_741' title='bbox 3275 3063 3385 3116; x_wconf 80' lang='lat' dir='ltr'><strong>my-</strong></span> 
     </span>
    </p>
   </div>
   <div class='ocr_carea' id='block_1_92' title="bbox 1798 3131 3385 3199">
    <p class='ocr_par' dir='ltr' id='par_1_92' title="bbox 1798 3131 3385 3199">
     <span class='ocr_line' id='line_1_92' title="bbox 1798 3131 3385 3199; baseline 0.004 -15"><span class='ocrx_word' id='word_1_742' title='bbox 1798 3132 1939 3184; x_wconf 85' lang='lat' dir='ltr'><strong>sterii</strong></span> <span class='ocrx_word' id='word_1_743' title='bbox 1972 3131 2064 3184; x_wconf 89' lang='lat' dir='ltr'><strong>Dei</strong></span> <span class='ocrx_word' id='word_1_744' title='bbox 2101 3132 2270 3186; x_wconf 82' lang='lat' dir='ltr'><strong>Patris</strong></span> <span class='ocrx_word' id='word_1_745' title='bbox 2298 3143 2342 3185; x_wconf 85' lang='lat' dir='ltr'><strong>et</strong></span> <span class='ocrx_word' id='word_1_746' title='bbox 2374 3132 2579 3188; x_wconf 86' lang='lat' dir='ltr'><strong>Christi.</strong></span> <span class='ocrx_word' id='word_1_747' title='bbox 2628 3133 2982 3199; x_wconf 71' lang='lat' dir='ltr'><strong>Quamobrem</strong></span> <span class='ocrx_word' id='word_1_748' title='bbox 3028 3134 3126 3186; x_wconf 88' lang='lat' dir='ltr'><strong>hoc</strong></span> <span class='ocrx_word' id='word_1_749' title='bbox 3168 3143 3250 3188; x_wconf 88' lang='lat' dir='ltr'><strong>est</strong></span> <span class='ocrx_word' id='word_1_750' title='bbox 3293 3136 3385 3190; x_wconf 87' lang='lat' dir='ltr'><strong>Dei</strong></span> 
     </span>
    </p>
   </div>
   <div class='ocr_carea' id='block_1_93' title="bbox 1800 3224 3385 3295">
    <p class='ocr_par' dir='ltr' id='par_1_93' title="bbox 1800 3224 3385 3295">
     <span class='ocr_line' id='line_1_93' title="bbox 1800 3224 3385 3295; baseline 0.002 -18"><span class='ocrx_word' id='word_1_751' title='bbox 1800 3225 2136 3294; x_wconf 87' lang='lat' dir='ltr'><strong>mysterium,</strong></span> <span class='ocrx_word' id='word_1_752' title='bbox 2172 3241 2263 3294; x_wconf 89' lang='lat' dir='ltr'><strong>per</strong></span> <span class='ocrx_word' id='word_1_753' title='bbox 2293 3226 2484 3279; x_wconf 85' lang='lat' dir='ltr'><strong>Filium</strong></span> <span class='ocrx_word' id='word_1_754' title='bbox 2515 3225 2725 3279; x_wconf 85' lang='lat' dir='ltr'><strong>adduci.</strong></span> <span class='ocrx_word' id='word_1_755' title='bbox 2762 3226 2827 3280; x_wconf 82' lang='lat' dir='ltr'><strong>Et</strong></span> <span class='ocrx_word' id='word_1_756' title='bbox 2848 3224 3050 3286; x_wconf 82' lang='lat' dir='ltr'><strong>Christi,</strong></span> <span class='ocrx_word' id='word_1_757' title='bbox 3070 3228 3121 3279; x_wconf 89' lang='lat' dir='ltr'><strong>in</strong></span> <span class='ocrx_word' id='word_1_758' title='bbox 3147 3243 3244 3295; x_wconf 87' lang='lat' dir='ltr'><strong>quo</strong></span> <span class='ocrx_word' id='word_1_759' title='bbox 3266 3237 3385 3280; x_wconf 87' lang='lat' dir='ltr'><strong>sunt</strong></span> 
     </span>
    </p>
   </div>
   <div class='ocr_carea' id='block_1_94' title="bbox 1799 3315 3387 3384">
    <p class='ocr_par' dir='ltr' id='par_1_94' title="bbox 1799 3315 3387 3384">
     <span class='ocr_line' id='line_1_94' title="bbox 1799 3315 3387 3384; baseline 0.002 -18"><span class='ocrx_word' id='word_1_760' title='bbox 1799 3331 1970 3366; x_wconf 87' lang='lat' dir='ltr'><strong>omnes</strong></span> <span class='ocrx_word' id='word_1_761' title='bbox 2000 3315 2222 3367; x_wconf 83' lang='lat' dir='ltr'><strong>thesauri</strong></span> <span class='ocrx_word' id='word_1_762' title='bbox 2261 3317 2522 3384; x_wconf 76' lang='lat' dir='ltr'><strong>sapientia:</strong></span> <span class='ocrx_word' id='word_1_763' title='bbox 2560 3326 2607 3368; x_wconf 88' lang='lat' dir='ltr'><strong>et</strong></span> <span class='ocrx_word' id='word_1_764' title='bbox 2633 3317 2856 3369; x_wconf 75' lang='lat' dir='ltr'><strong>scientiae</strong></span> <span class='ocrx_word' id='word_1_765' title='bbox 2883 3316 3178 3370; x_wconf 81' lang='lat' dir='ltr'><strong>absconditi.</strong></span> <span class='ocrx_word' id='word_1_766' title='bbox 3210 3318 3263 3370; x_wconf 88' lang='lat' dir='ltr'><strong>Si</strong></span> <span class='ocrx_word' id='word_1_767' title='bbox 3294 3333 3387 3369; x_wconf 68' lang='lat' dir='ltr'><strong>auo</strong></span> 
     </span>
    </p>
   </div>
   <div class='ocr_carea' id='block_1_95' title="bbox 1803 3404 3385 3474">
    <p class='ocr_par' dir='ltr' id='par_1_95' title="bbox 1803 3404 3385 3474">
     <span class='ocr_line' id='line_1_95' title="bbox 1803 3404 3385 3474; baseline 0.005 -19"><span class='ocrx_word' id='word_1_768' title='bbox 1803 3411 1908 3456; x_wconf 92' lang='lat' dir='ltr'><strong>tem</strong></span> <span class='ocrx_word' id='word_1_769' title='bbox 1953 3414 2077 3457; x_wconf 88' lang='lat' dir='ltr'><strong>sunt</strong></span> <span class='ocrx_word' id='word_1_770' title='bbox 2119 3404 2169 3456; x_wconf 92' lang='lat' dir='ltr'><strong>in</strong></span> <span class='ocrx_word' id='word_1_771' title='bbox 2213 3405 2348 3472; x_wconf 89' lang='lat' dir='ltr'><strong>ipso,</strong></span> <span class='ocrx_word' id='word_1_772' title='bbox 2373 3406 2644 3473; x_wconf 84' lang='lat' dir='ltr'><strong>sapienter</strong></span> <span class='ocrx_word' id='word_1_773' title='bbox 2685 3420 2896 3474; x_wconf 90' lang='lat' dir='ltr'><strong>quoque</strong></span> <span class='ocrx_word' id='word_1_774' title='bbox 2924 3421 3058 3459; x_wconf 88' lang='lat' dir='ltr'><strong>nunc</strong></span> <span class='ocrx_word' id='word_1_775' title='bbox 3087 3409 3246 3460; x_wconf 77' lang='lat' dir='ltr'><strong>venit.</strong></span> <span class='ocrx_word' id='word_1_776' title='bbox 3277 3408 3385 3463; x_wconf 90' lang='lat' dir='ltr'><strong>Cur</strong></span> 
     </span>
    </p>
   </div>
   <div class='ocr_carea' id='block_1_96' title="bbox 1801 3494 3384 3566">
    <p class='ocr_par' dir='ltr' id='par_1_96' title="bbox 1801 3494 3384 3566">
     <span class='ocr_line' id='line_1_96' title="bbox 1801 3494 3384 3566; baseline 0.002 -18"><span class='ocrx_word' id='word_1_777' title='bbox 1801 3508 1930 3562; x_wconf 86' lang='lat' dir='ltr'><strong>ergo</strong></span> <span class='ocrx_word' id='word_1_778' title='bbox 1974 3495 2120 3548; x_wconf 90' lang='lat' dir='ltr'><strong>stulti</strong></span> <span class='ocrx_word' id='word_1_779' title='bbox 2163 3494 2378 3562; x_wconf 86' lang='lat' dir='ltr'><strong>quidam</strong></span> <span class='ocrx_word' id='word_1_780' title='bbox 2410 3495 2806 3548; x_wconf 81' lang='lat' dir='ltr'><strong>Criminantur?</strong></span> <span class='ocrx_word' id='word_1_781' title='bbox 2846 3495 2971 3548; x_wconf 83' lang='lat' dir='ltr'><strong>Vide</strong></span> <span class='ocrx_word' id='word_1_782' title='bbox 3000 3497 3268 3566; x_wconf 87' lang='lat' dir='ltr'><strong>quomodo</strong></span> <span class='ocrx_word' id='word_1_783' title='bbox 3308 3500 3384 3551; x_wconf 84' lang='lat' dir='ltr'><strong>lo-</strong></span> 
     </span>
    </p>
   </div>
   <div class='ocr_carea' id='block_1_97' title="bbox 1801 3574 3384 3654">
    <p class='ocr_par' dir='ltr' id='par_1_97' title="bbox 1801 3574 3384 3654">
     <span class='ocr_line' id='line_1_97' title="bbox 1801 3574 3384 3654; baseline 0.004 -17"><span class='ocrx_word' id='word_1_784' title='bbox 1801 3585 1983 3654; x_wconf 90' lang='lat' dir='ltr'><strong>quitur</strong></span> <span class='ocrx_word' id='word_1_785' title='bbox 2021 3601 2142 3639; x_wconf 91' lang='lat' dir='ltr'><strong>cum</strong></span> <span class='ocrx_word' id='word_1_786' title='bbox 2186 3574 2599 3652; x_wconf 72' lang='lat' dir='ltr'><strong>simplicioribus</strong></span> <span class='ocrx_word' id='word_1_787' title='bbox 2636 3604 2647 3637; x_wconf 88' lang='lat'>:</span> <span class='ocrx_word' id='word_1_788' title='bbox 2679 3584 2744 3637; x_wconf 90' lang='lat' dir='ltr'><strong>In</strong></span> <span class='ocrx_word' id='word_1_789' title='bbox 2780 3603 2877 3654; x_wconf 88' lang='lat' dir='ltr'><strong>quo</strong></span> <span class='ocrx_word' id='word_1_790' title='bbox 2919 3598 3033 3640; x_wconf 85' lang='lat' dir='ltr'><strong>sunt</strong></span> <span class='ocrx_word' id='word_1_791' title='bbox 3061 3607 3228 3643; x_wconf 86' lang='lat' dir='ltr'><strong>omnes</strong></span> <span class='ocrx_word' id='word_1_792' title='bbox 3273 3593 3384 3644; x_wconf 82' lang='lat' dir='ltr'><strong>the-</strong></span> 
     </span>
    </p>
   </div>
   <div class='ocr_carea' id='block_1_98' title="bbox 1802 3679 3387 3752">
    <p class='ocr_par' dir='ltr' id='par_1_98' title="bbox 1802 3679 3387 3752">
     <span class='ocr_line' id='line_1_98' title="bbox 1802 3679 3387 3752; baseline 0.005 -21"><span class='ocrx_word' id='word_1_793' title='bbox 1802 3680 1961 3734; x_wconf 87' lang='lat' dir='ltr'><strong>sauri.</strong></span> <span class='ocrx_word' id='word_1_794' title='bbox 1994 3679 2110 3748; x_wconf 87' lang='lat' dir='ltr'><strong>ipse</strong></span> <span class='ocrx_word' id='word_1_795' title='bbox 2141 3679 2506 3733; x_wconf 82' lang='lat' dir='ltr'><strong>nmilomnia.</strong></span> <span class='ocrx_word' id='word_1_796' title='bbox 2537 3680 2846 3734; x_wconf 76' lang='lat' dir='ltr'><strong>Absconditi.</strong></span> <span class='ocrx_word' id='word_1_797' title='bbox 2879 3681 3004 3735; x_wconf 80' lang='lat' dir='ltr'><strong>Nam</strong></span> <span class='ocrx_word' id='word_1_798' title='bbox 3037 3698 3103 3737; x_wconf 86' lang='lat' dir='ltr'><strong>ne</strong></span> <span class='ocrx_word' id='word_1_799' title='bbox 3128 3684 3235 3752; x_wconf 72' lang='lat' dir='ltr'><strong>jam</strong></span> <span class='ocrx_word' id='word_1_800' title='bbox 3274 3687 3387 3738; x_wconf 72' lang='lat' dir='ltr'><strong>cxi-</strong></span> 
     </span>
    </p>
   </div>
   <div class='ocr_carea' id='block_1_99' title="bbox 1802 3770 3385 3830">
    <p class='ocr_par' dir='ltr' id='par_1_99' title="bbox 1802 3770 3385 3830">
     <span class='ocr_line' id='line_1_99' title="bbox 1802 3770 3385 3830; baseline 0.004 -7"><span class='ocrx_word' id='word_1_801' title='bbox 1802 3771 2033 3824; x_wconf 87' lang='lat' dir='ltr'><strong>stimetis</strong></span> <span class='ocrx_word' id='word_1_802' title='bbox 2065 3786 2158 3822; x_wconf 83' lang='lat' dir='ltr'><strong>vos</strong></span> <span class='ocrx_word' id='word_1_803' title='bbox 2188 3770 2385 3823; x_wconf 85' lang='lat' dir='ltr'><strong>habere</strong></span> <span class='ocrx_word' id='word_1_804' title='bbox 2410 3770 2715 3824; x_wconf 86' lang='lat' dir='ltr'><strong>universum</strong></span> <span class='ocrx_word' id='word_1_805' title='bbox 2743 3788 2756 3823; x_wconf 88' lang='lat'><strong>:</strong></span> <span class='ocrx_word' id='word_1_806' title='bbox 2783 3781 2905 3824; x_wconf 91' lang='lat' dir='ltr'><strong>sunt</strong></span> <span class='ocrx_word' id='word_1_807' title='bbox 2927 3772 3063 3826; x_wconf 89' lang='lat' dir='ltr'><strong>enim</strong></span> <span class='ocrx_word' id='word_1_808' title='bbox 3087 3774 3385 3830; x_wconf 80' lang='lat' dir='ltr'><strong>absconditi</strong></span> 
     </span>
    </p>
   </div>
   <div class='ocr_carea' id='block_1_100' title="bbox 1803 3861 3383 3931">
    <p class='ocr_par' dir='ltr' id='par_1_100' title="bbox 1803 3861 3383 3931">
     <span class='ocr_line' id='line_1_100' title="bbox 1803 3861 3383 3931; baseline 0.002 -16"><span class='ocrx_word' id='word_1_809' title='bbox 1803 3861 1962 3915; x_wconf 77' lang='lat' dir='ltr'><strong>etiam</strong></span> <span class='ocrx_word' id='word_1_810' title='bbox 2004 3862 2072 3914; x_wconf 88' lang='lat' dir='ltr'><strong>ab</strong></span> <span class='ocrx_word' id='word_1_811' title='bbox 2119 3861 2347 3929; x_wconf 86' lang='lat' dir='ltr'><strong>angelis,</strong></span> <span class='ocrx_word' id='word_1_812' title='bbox 2397 3876 2502 3914; x_wconf 89' lang='lat' dir='ltr'><strong>non</strong></span> <span class='ocrx_word' id='word_1_813' title='bbox 2547 3877 2576 3913; x_wconf 89' lang='lat' dir='ltr'><strong>a</strong></span> <span class='ocrx_word' id='word_1_814' title='bbox 2628 3863 2780 3915; x_wconf 88' lang='lat' dir='ltr'><strong>vobis</strong></span> <span class='ocrx_word' id='word_1_815' title='bbox 2823 3861 2998 3915; x_wconf 88' lang='lat' dir='ltr'><strong>solis:</strong></span> <span class='ocrx_word' id='word_1_816' title='bbox 3034 3865 3383 3931; x_wconf 82' lang='lat' dir='ltr'><strong>quamobrem</strong></span> 
     </span>
    </p>
   </div>
   <div class='ocr_carea' id='block_1_101' title="bbox 1803 3953 3386 4024">
    <p class='ocr_par' dir='ltr' id='par_1_101' title="bbox 1803 3953 3386 4024">
     <span class='ocr_line' id='line_1_101' title="bbox 1803 3953 3386 4024; baseline 0.003 -17"><span class='ocrx_word' id='word_1_817' title='bbox 1803 3962 1929 4008; x_wconf 82' lang='lat' dir='ltr'><strong>sunt</strong></span> <span class='ocrx_word' id='word_1_818' title='bbox 1969 3953 2037 4006; x_wconf 90' lang='lat' dir='ltr'><strong>ab</strong></span> <span class='ocrx_word' id='word_1_819' title='bbox 2077 3968 2142 4006; x_wconf 90' lang='lat' dir='ltr'><strong>eo</strong></span> <span class='ocrx_word' id='word_1_820' title='bbox 2184 3954 2359 4006; x_wconf 88' lang='lat' dir='ltr'><strong>omnia</strong></span> <span class='ocrx_word' id='word_1_821' title='bbox 2399 3953 2628 4023; x_wconf 85' lang='lat' dir='ltr'><strong>petenda</strong></span> <span class='ocrx_word' id='word_1_822' title='bbox 2662 3972 2674 4005; x_wconf 88' lang='lat'><strong>:</strong></span> <span class='ocrx_word' id='word_1_823' title='bbox 2706 3955 2820 4022; x_wconf 83' lang='lat' dir='ltr'><strong>ipse</strong></span> <span class='ocrx_word' id='word_1_824' title='bbox 2864 3955 2954 4008; x_wconf 88' lang='lat' dir='ltr'><strong>dat</strong></span> <span class='ocrx_word' id='word_1_825' title='bbox 2992 3958 3301 4024; x_wconf 73' lang='lat' dir='ltr'><strong>sapientiam</strong></span> <span class='ocrx_word' id='word_1_826' title='bbox 3331 3969 3386 4013; x_wconf 89' lang='lat' dir='ltr'><strong>et</strong></span> 
     </span>
    </p>
   </div>
   <div class='ocr_carea' id='block_1_102' title="bbox 1802 4042 3383 4112">
    <p class='ocr_par' dir='ltr' id='par_1_102' title="bbox 1802 4042 3383 4112">
     <span class='ocr_line' id='line_1_102' title="bbox 1802 4042 3383 4112; baseline 0.004 -16"><span class='ocrx_word' id='word_1_827' title='bbox 1802 4042 2184 4112; x_wconf 86' lang='lat' dir='ltr'><strong>cognitionem.</strong></span> <span class='ocrx_word' id='word_1_828' title='bbox 2221 4044 2455 4097; x_wconf 89' lang='lat' dir='ltr'><strong>Dicendo</strong></span> <span class='ocrx_word' id='word_1_829' title='bbox 2479 4059 2626 4112; x_wconf 86' lang='lat' dir='ltr'><strong>ergo,</strong></span> <span class='ocrx_word' id='word_1_830' title='bbox 2659 4043 2962 4111; x_wconf 86' lang='lat' dir='ltr'><strong>Thesauros,</strong></span> <span class='ocrx_word' id='word_1_831' title='bbox 2991 4047 3217 4101; x_wconf 69' lang='lat' dir='ltr'><strong>ostendit</strong></span> <span class='ocrx_word' id='word_1_832' title='bbox 3243 4050 3383 4102; x_wconf 85' lang='lat' dir='ltr'><strong>tnui-</strong></span> 
     </span>
    </p>
   </div>
   <div class='ocr_carea' id='block_1_103' title="bbox 1805 4133 3372 4208">
    <p class='ocr_par' dir='ltr' id='par_1_103' title="bbox 1805 4133 3372 4208">
     <span class='ocr_line' id='line_1_103' title="bbox 1805 4133 3372 4208; baseline 0.005 -22"><span class='ocrx_word' id='word_1_833' title='bbox 1805 4133 2124 4197; x_wconf 91' lang='lat' dir='ltr'><strong>litudinem;</strong></span> <span class='ocrx_word' id='word_1_834' title='bbox 2174 4133 2402 4188; x_wconf 89' lang='lat' dir='ltr'><strong>dicendo</strong></span> <span class='ocrx_word' id='word_1_835' title='bbox 2447 4149 2596 4196; x_wconf 86' lang='lat' dir='ltr'><strong>vero,</strong></span> <span class='ocrx_word' id='word_1_836' title='bbox 2642 4135 2846 4190; x_wconf 79' lang='lat' dir='ltr'><strong>Omnes.</strong></span> <span class='ocrx_word' id='word_1_837' title='bbox 2891 4151 3014 4190; x_wconf 88' lang='lat' dir='ltr'><strong>eum</strong></span> <span class='ocrx_word' id='word_1_838' title='bbox 3052 4137 3186 4192; x_wconf 88' lang='lat' dir='ltr'><strong>nihil</strong></span> <span class='ocrx_word' id='word_1_839' title='bbox 3237 4140 3372 4208; x_wconf 87' lang='lat' dir='ltr'><strong>igno-</strong></span> 
     </span>
    </p>
   </div>
   <div class='ocr_carea' id='block_1_104' title="bbox 1804 4225 3382 4297">
    <p class='ocr_par' dir='ltr' id='par_1_104' title="bbox 1804 4225 3382 4297">
     <span class='ocr_line' id='line_1_104' title="bbox 1804 4225 3382 4297; baseline 0.003 -18"><span class='ocrx_word' id='word_1_840' title='bbox 1804 4240 1963 4289; x_wconf 88' lang='lat' dir='ltr'><strong>rare;</strong></span> <span class='ocrx_word' id='word_1_841' title='bbox 2006 4225 2234 4279; x_wconf 89' lang='lat' dir='ltr'><strong>dicendo</strong></span> <span class='ocrx_word' id='word_1_842' title='bbox 2275 4235 2475 4290; x_wconf 89' lang='lat' dir='ltr'><strong>autem,</strong></span> <span class='ocrx_word' id='word_1_843' title='bbox 2519 4226 2830 4291; x_wconf 80' lang='lat' dir='ltr'><strong>Absconditi,</strong></span> <span class='ocrx_word' id='word_1_844' title='bbox 2874 4227 3014 4297; x_wconf 91' lang='lat' dir='ltr'><strong>quod</strong></span> <span class='ocrx_word' id='word_1_845' title='bbox 3050 4232 3197 4283; x_wconf 88' lang='lat' dir='ltr'><strong>solus</strong></span> <span class='ocrx_word' id='word_1_846' title='bbox 3228 4232 3382 4286; x_wconf 83' lang='lat' dir='ltr'><strong>sciat.</strong></span> 
     </span>
    </p>
   </div>
   <div class='ocr_carea' id='block_1_105' title="bbox 1803 4315 3385 4388">
    <p class='ocr_par' dir='ltr' id='par_1_105' title="bbox 1803 4315 3385 4388">
     <span class='ocr_line' id='line_1_105' title="bbox 1803 4315 3385 4388; baseline 0.003 -17"><span class='ocrx_word' id='word_1_847' title='bbox 1803 4317 1858 4371; x_wconf 74' lang='grc'><strong>4.</strong></span> <span class='ocrx_word' id='word_1_848' title='bbox 1897 4315 2009 4369; x_wconf 83' lang='lat' dir='ltr'><strong>Hoc</strong></span> <span class='ocrx_word' id='word_1_849' title='bbox 2036 4325 2205 4368; x_wconf 88' lang='lat' dir='ltr'><strong>autent</strong></span> <span class='ocrx_word' id='word_1_850' title='bbox 2232 4316 2367 4382; x_wconf 88' lang='lat' dir='ltr'><strong>dico,</strong></span> <span class='ocrx_word' id='word_1_851' title='bbox 2396 4325 2449 4369; x_wconf 87' lang='lat' dir='ltr'><strong>ut</strong></span> <span class='ocrx_word' id='word_1_852' title='bbox 2487 4334 2629 4371; x_wconf 89' lang='lat' dir='ltr'><strong>nemo</strong></span> <span class='ocrx_word' id='word_1_853' title='bbox 2654 4332 2739 4371; x_wconf 82' lang='lat' dir='ltr'><strong>vos</strong></span> <span class='ocrx_word' id='word_1_854' title='bbox 2768 4318 2986 4388; x_wconf 84' lang='lat' dir='ltr'><strong>decipiat</strong></span> <span class='ocrx_word' id='word_1_855' title='bbox 3012 4320 3061 4372; x_wconf 79' lang='lat' dir='ltr'><strong>in</strong></span> <span class='ocrx_word' id='word_1_856' title='bbox 3084 4319 3385 4376; x_wconf 81' lang='lat' dir='ltr'><strong>sublimitate</strong></span> 
     </span>
    </p>
   </div>
   <div class='ocr_carea' id='block_1_106' title="bbox 1804 4414 2903 4462">
    <p class='ocr_par' dir='ltr' id='par_1_106' title="bbox 1804 4414 2903 4462">
     <span class='ocr_line' id='line_1_106' title="bbox 1804 4414 2903 4462; baseline 0 -2"><span class='ocrx_word' id='word_1_857' title='bbox 1804 4424 2109 4462; x_wconf 74' lang='lat' dir='ltr'><strong>sermonum.</strong></span> <span class='ocrx_word' id='word_1_858' title='bbox 2894 4414 2903 4423; x_wconf 88' lang='lat'>&#39;</span> 
     </span>
    </p>
   </div>
   <div class='ocr_carea' id='block_1_107' title="bbox 1879 4498 3385 4574">
    <p class='ocr_par' dir='ltr' id='par_1_107' title="bbox 1879 4498 3385 4574">
     <span class='ocr_line' id='line_1_107' title="bbox 1879 4498 3385 4574; baseline 0.005 -22"><span class='ocrx_word' id='word_1_859' title='bbox 1879 4500 1931 4553; x_wconf 81' lang='grc'><strong>5.</strong></span> <span class='ocrx_word' id='word_1_860' title='bbox 1979 4498 2173 4564; x_wconf 86' lang='lat' dir='ltr'><strong>Vides,</strong></span> <span class='ocrx_word' id='word_1_861' title='bbox 2209 4498 2418 4568; x_wconf 90' lang='lat' dir='ltr'><strong>inquit,</strong></span> <span class='ocrx_word' id='word_1_862' title='bbox 2451 4515 2536 4554; x_wconf 91' lang='lat' dir='ltr'><strong>me</strong></span> <span class='ocrx_word' id='word_1_863' title='bbox 2585 4498 2701 4554; x_wconf 66' lang='lat' dir='ltr'><strong>haec</strong></span> <span class='ocrx_word' id='word_1_864' title='bbox 2752 4498 2971 4564; x_wconf 88' lang='lat' dir='ltr'><strong>dixisse,</strong></span> <span class='ocrx_word' id='word_1_865' title='bbox 3017 4516 3082 4556; x_wconf 86' lang='lat' dir='ltr'><strong>ne</strong></span> <span class='ocrx_word' id='word_1_866' title='bbox 3133 4504 3385 4574; x_wconf 69' lang='lat' dir='ltr'><strong>quaeratis</strong></span> 
     </span>
    </p>
   </div>
   <div class='ocr_carea' id='block_1_108' title="bbox 1807 4589 3385 4661">
    <p class='ocr_par' dir='ltr' id='par_1_108' title="bbox 1807 4589 3385 4661">
     <span class='ocr_line' id='line_1_108' title="bbox 1807 4589 3385 4661; baseline 0.003 -18"><span class='ocrx_word' id='word_1_867' title='bbox 1807 4589 1874 4643; x_wconf 88' lang='lat' dir='ltr'><strong>ab</strong></span> <span class='ocrx_word' id='word_1_868' title='bbox 1897 4589 2221 4644; x_wconf 88' lang='lat' dir='ltr'><strong>hominibus.</strong></span> <span class='ocrx_word' id='word_1_869' title='bbox 2254 4590 2506 4660; x_wconf 85' lang='lat' dir='ltr'><strong>Decipiat,</strong></span> <span class='ocrx_word' id='word_1_870' title='bbox 2538 4591 2729 4661; x_wconf 91' lang='lat' dir='ltr'><strong>inquit,</strong></span> <span class='ocrx_word' id='word_1_871' title='bbox 2760 4592 2814 4645; x_wconf 89' lang='lat' dir='ltr'><strong>in</strong></span> <span class='ocrx_word' id='word_1_872' title='bbox 2852 4592 3149 4647; x_wconf 77' lang='lat' dir='ltr'><strong>sublimitate</strong></span> <span class='ocrx_word' id='word_1_873' title='bbox 3189 4610 3385 4647; x_wconf 83' lang='lat' dir='ltr'><strong>sermo-</strong></span> 
     </span>
    </p>
   </div>
   <div class='ocr_carea' id='block_1_109' title="bbox 1808 4679 3386 4753">
    <p class='ocr_par' dir='ltr' id='par_1_109' title="bbox 1808 4679 3386 4753">
     <span class='ocr_line' id='line_1_109' title="bbox 1808 4679 3386 4753; baseline 0.004 -21"><span class='ocrx_word' id='word_1_874' title='bbox 1808 4681 1906 4734; x_wconf 86' lang='lat' dir='ltr'><strong>nis.</strong></span> <span class='ocrx_word' id='word_1_875' title='bbox 1938 4679 2074 4746; x_wconf 88' lang='lat' dir='ltr'><strong>Quid</strong></span> <span class='ocrx_word' id='word_1_876' title='bbox 2109 4690 2216 4734; x_wconf 87' lang='lat' dir='ltr'><strong>tum</strong></span> <span class='ocrx_word' id='word_1_877' title='bbox 2245 4683 2410 4745; x_wconf 90' lang='lat' dir='ltr'><strong>enim,</strong></span> <span class='ocrx_word' id='word_1_878' title='bbox 2442 4682 2485 4735; x_wconf 89' lang='lat' dir='ltr'><strong>si</strong></span> <span class='ocrx_word' id='word_1_879' title='bbox 2524 4681 2653 4736; x_wconf 89' lang='lat' dir='ltr'><strong>dicit</strong></span> <span class='ocrx_word' id='word_1_880' title='bbox 2680 4682 3067 4753; x_wconf 80' lang='lat' dir='ltr'><strong>probabiliter?</strong></span> <span class='ocrx_word' id='word_1_881' title='bbox 3096 4684 3142 4737; x_wconf 73' lang='lat'><strong>5.</strong></span> <span class='ocrx_word' id='word_1_882' title='bbox 3175 4683 3312 4738; x_wconf 86' lang='lat' dir='ltr'><strong>Nam</strong></span> <span class='ocrx_word' id='word_1_883' title='bbox 3339 4695 3386 4740; x_wconf 86' lang='lat' dir='ltr'><strong>et</strong></span> 
     </span>
    </p>
   </div>
   <div class='ocr_carea' id='block_1_110' title="bbox 1807 4770 3386 4842">
    <p class='ocr_par' dir='ltr' id='par_1_110' title="bbox 1807 4770 3386 4842">
     <span class='ocr_line' id='line_1_110' title="bbox 1807 4770 3386 4842; baseline 0.003 -18"><span class='ocrx_word' id='word_1_884' title='bbox 1807 4771 1852 4824; x_wconf 88' lang='lat' dir='ltr'><strong>si</strong></span> <span class='ocrx_word' id='word_1_885' title='bbox 1891 4771 1943 4823; x_wconf 90' lang='lat' dir='ltr'><strong>in</strong></span> <span class='ocrx_word' id='word_1_886' title='bbox 1970 4787 2180 4840; x_wconf 85' lang='lat' dir='ltr'><strong>corpore</strong></span> <span class='ocrx_word' id='word_1_887' title='bbox 2223 4770 2403 4826; x_wconf 88' lang='lat' dir='ltr'><strong>absens</strong></span> <span class='ocrx_word' id='word_1_888' title='bbox 2447 4789 2578 4836; x_wconf 86' lang='lat' dir='ltr'><strong>sum,</strong></span> <span class='ocrx_word' id='word_1_889' title='bbox 2608 4772 2698 4827; x_wconf 89' lang='lat' dir='ltr'><strong>sed</strong></span> <span class='ocrx_word' id='word_1_890' title='bbox 2744 4774 2926 4842; x_wconf 88' lang='lat' dir='ltr'><strong>spiritu</strong></span> <span class='ocrx_word' id='word_1_891' title='bbox 2967 4773 3213 4828; x_wconf 80' lang='lat' dir='ltr'><strong>vobiscum</strong></span> <span class='ocrx_word' id='word_1_892' title='bbox 3250 4793 3386 4830; x_wconf 87' lang='lat' dir='ltr'><strong>sum.</strong></span> 
     </span>
    </p>
   </div>
   <div class='ocr_carea' id='block_1_111' title="bbox 1808 4861 3388 4934">
    <p class='ocr_par' dir='ltr' id='par_1_111' title="bbox 1808 4861 3388 4934">
     <span class='ocr_line' id='line_1_111' title="bbox 1808 4861 3388 4934; baseline 0.004 -17"><span class='ocrx_word' id='word_1_893' title='bbox 1808 4861 2155 4934; x_wconf 89' lang='lat' dir='ltr'><strong>Consequens</strong></span> <span class='ocrx_word' id='word_1_894' title='bbox 2182 4874 2298 4918; x_wconf 90' lang='lat' dir='ltr'><strong>erat</strong></span> <span class='ocrx_word' id='word_1_895' title='bbox 2327 4865 2507 4920; x_wconf 88' lang='lat' dir='ltr'><strong>dicere</strong></span> <span class='ocrx_word' id='word_1_896' title='bbox 2540 4884 2553 4919; x_wconf 91' lang='lat'><strong>:</strong></span> <span class='ocrx_word' id='word_1_897' title='bbox 2582 4865 2714 4919; x_wconf 88' lang='lat' dir='ltr'><strong>Nam</strong></span> <span class='ocrx_word' id='word_1_898' title='bbox 2742 4865 2787 4918; x_wconf 90' lang='lat' dir='ltr'><strong>si</strong></span> <span class='ocrx_word' id='word_1_899' title='bbox 2817 4882 2978 4921; x_wconf 91' lang='lat' dir='ltr'><strong>carne</strong></span> <span class='ocrx_word' id='word_1_900' title='bbox 3027 4867 3230 4928; x_wconf 75' lang='lat' dir='ltr'><strong>absum.</strong></span> <span class='ocrx_word' id='word_1_901' title='bbox 3265 4870 3388 4923; x_wconf 87' lang='lat' dir='ltr'><strong>novi</strong></span> 
     </span>
    </p>
   </div>
   <div class='ocr_carea' id='block_1_112' title="bbox 1809 4955 3386 5024">
    <p class='ocr_par' dir='ltr' id='par_1_112' title="bbox 1809 4955 3386 5024">
     <span class='ocr_line' id='line_1_112' title="bbox 1809 4955 3386 5024; baseline 0.005 -18"><span class='ocrx_word' id='word_1_902' title='bbox 1809 4963 1988 5009; x_wconf 90' lang='lat' dir='ltr'><strong>tamen</strong></span> <span class='ocrx_word' id='word_1_903' title='bbox 2013 4955 2366 5024; x_wconf 86' lang='lat' dir='ltr'><strong>deccptores;</strong></span> <span class='ocrx_word' id='word_1_904' title='bbox 2400 4971 2540 5011; x_wconf 90' lang='lat' dir='ltr'><strong>nunc</strong></span> <span class='ocrx_word' id='word_1_905' title='bbox 2578 4965 2755 5011; x_wconf 90' lang='lat' dir='ltr'><strong>autem</strong></span> <span class='ocrx_word' id='word_1_906' title='bbox 2784 4956 2944 5012; x_wconf 90' lang='lat' dir='ltr'><strong>desiit.</strong></span> <span class='ocrx_word' id='word_1_907' title='bbox 2984 4959 3036 5012; x_wconf 91' lang='lat' dir='ltr'><strong>in</strong></span> <span class='ocrx_word' id='word_1_908' title='bbox 3067 4961 3386 5015; x_wconf 85' lang='lat' dir='ltr'><strong>encomium.</strong></span> 
     </span>
    </p>
   </div>
   <div class='ocr_carea' id='block_1_113' title="bbox 1810 5043 3391 5115">
    <p class='ocr_par' dir='ltr' id='par_1_113' title="bbox 1810 5043 3391 5115">
     <span class='ocr_line' id='line_1_113' title="bbox 1810 5043 3391 5115; baseline 0.003 -17"><span class='ocrx_word' id='word_1_909' title='bbox 1810 5043 2048 5098; x_wconf 80' lang='lat' dir='ltr'><strong>Gaudeas</strong></span> <span class='ocrx_word' id='word_1_910' title='bbox 2075 5055 2122 5098; x_wconf 91' lang='lat' dir='ltr'><strong>et</strong></span> <span class='ocrx_word' id='word_1_911' title='bbox 2150 5047 2322 5099; x_wconf 83' lang='lat' dir='ltr'><strong>videns</strong></span> <span class='ocrx_word' id='word_1_912' title='bbox 2363 5047 2589 5099; x_wconf 86' lang='lat' dir='ltr'><strong>ordinem</strong></span> <span class='ocrx_word' id='word_1_913' title='bbox 2637 5057 2875 5112; x_wconf 78' lang='lat' dir='ltr'><strong>uestrum,</strong></span> <span class='ocrx_word' id='word_1_914' title='bbox 2925 5058 2972 5101; x_wconf 86' lang='lat' dir='ltr'><strong>et</strong></span> <span class='ocrx_word' id='word_1_915' title='bbox 3023 5049 3391 5115; x_wconf 80' lang='lat' dir='ltr'><strong>ﬁrmamentum</strong></span> 
     </span>
    </p>
   </div>
   <div class='ocr_carea' id='block_1_114' title="bbox 1809 5136 3393 5205">
    <p class='ocr_par' dir='ltr' id='par_1_114' title="bbox 1809 5136 3393 5205">
     <span class='ocr_line' id='line_1_114' title="bbox 1809 5136 3393 5205; baseline 0.004 -17"><span class='ocrx_word' id='word_1_916' title='bbox 1809 5136 1938 5204; x_wconf 85' lang='lat' dir='ltr'><strong>ejus,</strong></span> <span class='ocrx_word' id='word_1_917' title='bbox 1966 5152 2081 5205; x_wconf 81' lang='lat' dir='ltr'><strong>qute</strong></span> <span class='ocrx_word' id='word_1_918' title='bbox 2122 5137 2173 5190; x_wconf 89' lang='lat' dir='ltr'><strong>in</strong></span> <span class='ocrx_word' id='word_1_919' title='bbox 2203 5136 2402 5190; x_wconf 88' lang='lat' dir='ltr'><strong>Christo</strong></span> <span class='ocrx_word' id='word_1_920' title='bbox 2431 5148 2522 5197; x_wconf 81' lang='lat' dir='ltr'><strong>est,</strong></span> <span class='ocrx_word' id='word_1_921' title='bbox 2556 5138 2677 5205; x_wconf 79' lang='lat' dir='ltr'><strong>ﬁdei</strong></span> <span class='ocrx_word' id='word_1_922' title='bbox 2715 5147 2906 5190; x_wconf 63' lang='lat' dir='ltr'><strong>uestras.</strong></span> <span class='ocrx_word' id='word_1_923' title='bbox 2949 5137 3221 5205; x_wconf 84' lang='lat' dir='ltr'><strong>Ordinem,</strong></span> <span class='ocrx_word' id='word_1_924' title='bbox 3256 5140 3393 5194; x_wconf 88' lang='lat' dir='ltr'><strong>bene</strong></span> 
     </span>
    </p>
   </div>
   <div class='ocr_carea' id='block_1_115' title="bbox 1809 5228 3394 5301">
    <p class='ocr_par' dir='ltr' id='par_1_115' title="bbox 1809 5228 3394 5301">
     <span class='ocr_line' id='line_1_115' title="bbox 1809 5228 3394 5301; baseline 0.003 -19"><span class='ocrx_word' id='word_1_925' title='bbox 1809 5230 2160 5282; x_wconf 86' lang='lat' dir='ltr'><strong>constitutum</strong></span> <span class='ocrx_word' id='word_1_926' title='bbox 2187 5229 2315 5283; x_wconf 89' lang='lat' dir='ltr'><strong>dicit</strong></span> <span class='ocrx_word' id='word_1_927' title='bbox 2341 5228 2605 5283; x_wconf 89' lang='lat' dir='ltr'><strong>ordinem.</strong></span> <span class='ocrx_word' id='word_1_928' title='bbox 2640 5229 2704 5282; x_wconf 84' lang='lat' dir='ltr'><strong>Et</strong></span> <span class='ocrx_word' id='word_1_929' title='bbox 2731 5230 3104 5296; x_wconf 79' lang='lat' dir='ltr'><strong>ﬁrmamentum</strong></span> <span class='ocrx_word' id='word_1_930' title='bbox 3121 5232 3257 5298; x_wconf 81' lang='lat' dir='ltr'><strong>ﬁdei.</strong></span> <span class='ocrx_word' id='word_1_931' title='bbox 3280 5247 3394 5301; x_wconf 78' lang='lat' dir='ltr'><strong>qua&#39;</strong></span> 
     </span>
    </p>
   </div>
   <div class='ocr_carea' id='block_1_116' title="bbox 1808 5317 3390 5390">
    <p class='ocr_par' dir='ltr' id='par_1_116' title="bbox 1808 5317 3390 5390">
     <span class='ocr_line' id='line_1_116' title="bbox 1808 5317 3390 5390; baseline 0.003 -19"><span class='ocrx_word' id='word_1_932' title='bbox 1808 5320 1861 5371; x_wconf 89' lang='lat' dir='ltr'><strong>in</strong></span> <span class='ocrx_word' id='word_1_933' title='bbox 1892 5317 2092 5372; x_wconf 89' lang='lat' dir='ltr'><strong>Christo</strong></span> <span class='ocrx_word' id='word_1_934' title='bbox 2115 5328 2206 5373; x_wconf 84' lang='lat' dir='ltr'><strong>est.</strong></span> <span class='ocrx_word' id='word_1_935' title='bbox 2240 5319 2368 5373; x_wconf 66' lang='lat' dir='ltr'><strong>llatc</strong></span> <span class='ocrx_word' id='word_1_936' title='bbox 2394 5320 2562 5388; x_wconf 87' lang='lat' dir='ltr'><strong>magis</strong></span> <span class='ocrx_word' id='word_1_937' title='bbox 2589 5329 2713 5373; x_wconf 90' lang='lat' dir='ltr'><strong>sunt</strong></span> <span class='ocrx_word' id='word_1_938' title='bbox 2744 5320 2915 5374; x_wconf 88' lang='lat' dir='ltr'><strong>laudis</strong></span> <span class='ocrx_word' id='word_1_939' title='bbox 2944 5338 2957 5374; x_wconf 89' lang='lat'><strong>:</strong></span> <span class='ocrx_word' id='word_1_940' title='bbox 2982 5331 3035 5375; x_wconf 91' lang='lat' dir='ltr'><strong>et</strong></span> <span class='ocrx_word' id='word_1_941' title='bbox 3082 5337 3186 5376; x_wconf 92' lang='lat' dir='ltr'><strong>non</strong></span> <span class='ocrx_word' id='word_1_942' title='bbox 3213 5323 3344 5378; x_wconf 81' lang='lat' dir='ltr'><strong>dixit</strong></span> <span class='ocrx_word' id='word_1_943' title='bbox 3373 5362 3390 5390; x_wconf 89' lang='lat'><strong>,</strong></span> 
     </span>
    </p>
   </div>
   <div class='ocr_carea' id='block_1_117' title="bbox 1811 5407 3388 5480">
    <p class='ocr_par' dir='ltr' id='par_1_117' title="bbox 1811 5407 3388 5480">
     <span class='ocr_line' id='line_1_117' title="bbox 1811 5407 3388 5480; baseline 0.004 -18"><span class='ocrx_word' id='word_1_944' title='bbox 1811 5407 2021 5473; x_wconf 84' lang='lat' dir='ltr'><strong>Fidem,</strong></span> <span class='ocrx_word' id='word_1_945' title='bbox 2054 5410 2170 5473; x_wconf 86' lang='lat' dir='ltr'><strong>sed,</strong></span> <span class='ocrx_word' id='word_1_946' title='bbox 2201 5409 2627 5477; x_wconf 85' lang='lat' dir='ltr'><strong>Firmamentum,</strong></span> <span class='ocrx_word' id='word_1_947' title='bbox 2653 5419 2922 5480; x_wconf 89' lang='lat' dir='ltr'><strong>tamquam</strong></span> <span class='ocrx_word' id='word_1_948' title='bbox 2957 5413 3213 5470; x_wconf 90' lang='lat' dir='ltr'><strong>militibus</strong></span> <span class='ocrx_word' id='word_1_949' title='bbox 3235 5416 3388 5469; x_wconf 86' lang='lat' dir='ltr'><strong>ordi-</strong></span> 
     </span>
    </p>
   </div>
   <div class='ocr_carea' id='block_1_118' title="bbox 1809 5498 3393 5568">
    <p class='ocr_par' dir='ltr' id='par_1_118' title="bbox 1809 5498 3393 5568">
     <span class='ocr_line' id='line_1_118' title="bbox 1809 5498 3393 5568; baseline 0.004 -17"><span class='ocrx_word' id='word_1_950' title='bbox 1809 5507 1933 5552; x_wconf 89' lang='lat' dir='ltr'><strong>nate</strong></span> <span class='ocrx_word' id='word_1_951' title='bbox 1964 5498 2291 5568; x_wconf 87' lang='lat' dir='ltr'><strong>lirmiterque</strong></span> <span class='ocrx_word' id='word_1_952' title='bbox 2321 5499 2618 5562; x_wconf 63' lang='lat' dir='ltr'><strong>stantibus,</strong></span> <span class='ocrx_word' id='word_1_953' title='bbox 2637 5499 2788 5564; x_wconf 89' lang='lat' dir='ltr'><strong>Quod</strong></span> <span class='ocrx_word' id='word_1_954' title='bbox 2810 5510 2893 5555; x_wconf 89' lang='lat' dir='ltr'><strong>est</strong></span> <span class='ocrx_word' id='word_1_955' title='bbox 2934 5500 3146 5556; x_wconf 85' lang='lat' dir='ltr'><strong>firmum</strong></span> <span class='ocrx_word' id='word_1_956' title='bbox 3176 5518 3238 5557; x_wconf 89' lang='lat' dir='ltr'><strong>ac</strong></span> <span class='ocrx_word' id='word_1_957' title='bbox 3257 5505 3393 5559; x_wconf 84' lang='lat' dir='ltr'><strong>soli-</strong></span> 
     </span>
    </p>
   </div>
   <div class='ocr_carea' id='block_1_119' title="bbox 1809 5586 3391 5658">
    <p class='ocr_par' dir='ltr' id='par_1_119' title="bbox 1809 5586 3391 5658">
     <span class='ocr_line' id='line_1_119' title="bbox 1809 5586 3391 5658; baseline 0.004 -19"><span class='ocrx_word' id='word_1_958' title='bbox 1809 5586 1937 5640; x_wconf 89' lang='lat' dir='ltr'><strong>dum</strong></span> <span class='ocrx_word' id='word_1_959' title='bbox 1961 5601 2065 5641; x_wconf 91' lang='lat' dir='ltr'><strong>non</strong></span> <span class='ocrx_word' id='word_1_960' title='bbox 2096 5587 2252 5643; x_wconf 89' lang='lat' dir='ltr'><strong>dolus</strong></span> <span class='ocrx_word' id='word_1_961' title='bbox 2281 5587 2582 5652; x_wconf 79' lang='lat' dir='ltr'><strong>labefactat,</strong></span> <span class='ocrx_word' id='word_1_962' title='bbox 2631 5605 2735 5643; x_wconf 92' lang='lat' dir='ltr'><strong>non</strong></span> <span class='ocrx_word' id='word_1_963' title='bbox 2765 5595 3007 5646; x_wconf 84' lang='lat' dir='ltr'><strong>tentatto.</strong></span> <span class='ocrx_word' id='word_1_964' title='bbox 3039 5590 3155 5646; x_wconf 83' lang='lat' dir='ltr'><strong>Non</strong></span> <span class='ocrx_word' id='word_1_965' title='bbox 3197 5592 3391 5658; x_wconf 89' lang='lat' dir='ltr'><strong>solum,</strong></span> 
     </span>
    </p>
   </div>
   <div class='ocr_carea' id='block_1_120' title="bbox 1811 5678 3394 5749">
    <p class='ocr_par' dir='ltr' id='par_1_120' title="bbox 1811 5678 3394 5749">
     <span class='ocr_line' id='line_1_120' title="bbox 1811 5678 3394 5749; baseline -0.002 -15"><span class='ocrx_word' id='word_1_966' title='bbox 1811 5678 2000 5749; x_wconf 89' lang='lat' dir='ltr'><strong>inquit,</strong></span> <span class='ocrx_word' id='word_1_967' title='bbox 2035 5694 2142 5734; x_wconf 88' lang='lat' dir='ltr'><strong>non</strong></span> <span class='ocrx_word' id='word_1_968' title='bbox 2173 5678 2462 5742; x_wconf 87' lang='lat' dir='ltr'><strong>cecidistis,</strong></span> <span class='ocrx_word' id='word_1_969' title='bbox 2495 5679 2589 5734; x_wconf 89' lang='lat' dir='ltr'><strong>sed</strong></span> <span class='ocrx_word' id='word_1_970' title='bbox 2615 5695 2712 5735; x_wconf 91' lang='lat' dir='ltr'><strong>nec</strong></span> <span class='ocrx_word' id='word_1_971' title='bbox 2735 5681 2977 5735; x_wconf 88' lang='lat' dir='ltr'><strong>ordinem</strong></span> <span class='ocrx_word' id='word_1_972' title='bbox 3002 5689 3236 5737; x_wconf 83' lang='lat' dir='ltr'><strong>vestrum</strong></span> <span class='ocrx_word' id='word_1_973' title='bbox 3271 5695 3394 5738; x_wconf 83' lang='lat' dir='ltr'><strong>oon-</strong></span> 
     </span>
    </p>
   </div>
   <div class='ocr_carea' id='block_1_121' title="bbox 1813 5767 3392 5841">
    <p class='ocr_par' dir='ltr' id='par_1_121' title="bbox 1813 5767 3392 5841">
     <span class='ocr_line' id='line_1_121' title="bbox 1813 5767 3392 5841; baseline 0.003 -15"><span class='ocrx_word' id='word_1_974' title='bbox 1813 5767 1949 5827; x_wconf 84' lang='lat' dir='ltr'><strong>ludit</strong></span> <span class='ocrx_word' id='word_1_975' title='bbox 1976 5768 2185 5841; x_wconf 89' lang='lat' dir='ltr'><strong>aliquis.</strong></span> <span class='ocrx_word' id='word_1_976' title='bbox 2219 5768 2288 5826; x_wconf 84' lang='lat' dir='ltr'><strong>Se</strong></span> <span class='ocrx_word' id='word_1_977' title='bbox 2321 5769 2448 5840; x_wconf 88' lang='lat' dir='ltr'><strong>ipsis</strong></span> <span class='ocrx_word' id='word_1_978' title='bbox 2478 5768 2610 5826; x_wconf 83' lang='lat' dir='ltr'><strong>stitit</strong></span> <span class='ocrx_word' id='word_1_979' title='bbox 2635 5778 2688 5826; x_wconf 86' lang='lat' dir='ltr'><strong>et</strong></span> <span class='ocrx_word' id='word_1_980' title='bbox 2728 5769 2973 5826; x_wconf 89' lang='lat' dir='ltr'><strong>exhibuit</strong></span> <span class='ocrx_word' id='word_1_981' title='bbox 2997 5811 3013 5840; x_wconf 91' lang='lat'><strong>,</strong></span> <span class='ocrx_word' id='word_1_982' title='bbox 3046 5781 3103 5827; x_wconf 89' lang='lat' dir='ltr'><strong>ut</strong></span> <span class='ocrx_word' id='word_1_983' title='bbox 3143 5772 3392 5831; x_wconf 77' lang='lat' dir='ltr'><strong>timerent</strong></span> 
     </span>
    </p>
   </div>
  </div>
