4050 6324
725 372 828 428 335

725 492 992 552 tamquam
1038 485 1500 552 praesentiannie
1546 484 1687 540 enim
1731 495 1975 540 servatur
2017 482 2172 536 ordo.
2220 481 2297 537 Ex

726 577 1059 628 tirmamento
1079 575 1319 644 sequitur
1343 574 1600 632 densitas.
1632 575 1723 630 Sic
1750 577 1892 630 enim
1920 575 1980 629 ﬁt
2007 574 2301 628 ﬁrmamen-

725 672 858 724 tum,
886 661 1098 732 quando
1140 664 1306 717 multa
1348 672 1532 719 coacta
1579 679 1642 719 ac
1688 673 2013 734 congregata
2048 660 2216 714 dense
2243 666 2298 712 et

711 751 984 807 .indivulse
1011 752 1483 822 conglutinaveris.
1525 765 1585 809 ut
1615 753 1673 807 ﬁt
1695 753 1755 808 in
1777 767 1949 807 muro.
1978 751 2091 807 llos
2117 759 2296 804 autem

717 851 805 896 est
826 857 962 911 opus
975 841 1213 898 caritatis
1239 859 1255 897 :
1284 857 1378 900 eos
1395 845 1536 899 enim
1556 844 1645 913 qui
1671 843 1810 910 apud
1837 858 1897 897 se
1923 851 2064 904 sunt,
2083 839 2297 910 quando

719 941 913 988 exacte
941 933 1320 1002 conglutinarit
1341 947 1405 988 ac
1431 933 1783 1001 conjunxerit,
1815 931 1980 985 fortes
2023 928 2199 984 reddit
2231 941 2295 981 ae

721 1023 948 1078 solidos.
974 1023 1130 1078 Fides
1152 1037 1366 1094 quoque
1393 1038 1576 1078 rursus
1605 1022 1706 1077 hoc
1725 1022 1896 1092 ipsum
1919 1020 2064 1085 facit,
2083 1015 2295 1088 quando

720 1127 830 1165 non
859 1111 986 1166 sinit
1013 1112 1218 1182 ingredi
1245 1111 1544 1166 ratiocinia.
1579 1111 1710 1166 Nam
1747 1111 1884 1164 sicut
1904 1108 2181 1163 ratiocinia
2205 1104 2292 1160 di—

717 1200 902 1255 vidunt
927 1210 981 1255 et
1007 1202 1342 1264 concutiunt,
1376 1201 1447 1256 ita
1477 1200 1776 1256 consolidat
1803 1199 1933 1253 ﬁdes
1967 1207 2022 1253 et
2049 1195 2290 1253 conden-

713 1302 816 1346 εειι.
845 1293 980 1360 Quia
1008 1295 1152 1349 enim
1184 1295 1324 1348 Deus
1345 1309 1444 1347 nos
1466 1291 1756 1360 majoribus
1781 1290 1957 1344 alfecit
1995 1287 2294 1350 beneﬁciis,

712 1397 873 1449 quam
894 1398 1012 1452 quae
1037 1383 1203 1451 possit
1226 1382 1455 1436 humana
1486 1382 1624 1435 ratio
1654 1380 1888 1449 assequi,
1914 1377 2104 1431 merito
2131 1376 2288 1430 ﬁdem

713 1472 1028 1526 introduxit.
1062 1473 1202 1527 Fieri
1224 1474 1368 1527 enim
1399 1487 1504 1526 non
1535 1478 1706 1539 potest
1727 1481 1782 1523 ut
1802 1470 1871 1522 sit
1909 1469 2090 1521 ﬁrmus
2115 1480 2177 1519 ac
2197 1479 2288 1518 so-

713 1561 873 1624 lidus,
905 1561 994 1630 qui
1021 1562 1183 1631 exigit
1209 1559 1468 1616 rationes.
1503 1560 1638 1613 Ecce
1665 1558 1805 1612 enim
1825 1571 1944 1625 qua:
1971 1555 2211 1624 graviora
2236 1563 2292 1610 et

711 1666 764 1702 tu
783 1650 914 1717 ujora
943 1661 1066 1703 sunt
1110 1650 1254 1719 apud
1283 1664 1399 1714 nos,
1429 1645 1717 1701 ratiociniis
1763 1660 1928 1699 vacua
1957 1645 2056 1699 soli
2093 1644 2291 1698 adhar-

710 1751 829 1794 rent
880 1739 1044 1794 ﬁdei:
1075 1740 1345 1808 Nusquam
1381 1748 1462 1792 εει
1504 1740 1663 1802 Deus,
1693 1746 1748 1791 et
1785 1745 1868 1790 est
1913 1735 2126 1804 ubique.
2151 1735 2287 1801 Quid

704 1841 793 1883 est
824 1833 924 1886 hoc
953 1831 1121 1900 magis
1145 1846 1175 1882 a
1202 1830 1410 1884 ratione
1433 1829 1665 1882 alienum
1690 1827 1714 1880 τ
1740 1825 2162 1895 Unumquodque
2189 1840 2288 1894 per

707 1937 767 1974 se
808 1931 895 1977 est
933 1922 1250 1990 perplexum
1287 1929 1343 1972 et
1383 1919 1641 1974 refertum
1685 1917 2035 1971 hmsitatione.
2062 1914 2178 1968 Non
2204 1922 2289 1970 est

668 2061 673 2066 .
705 2014 849 2066 enim
874 2013 927 2066 in
950 2013 1098 2077 loco;
1126 2024 1302 2080 neque
1315 2019 1398 2064 est
1416 2011 1551 2064 ullus
1579 2011 1629 2062 in
1654 2022 1760 2078 quo
1787 2007 1856 2061 sit
1882 2006 2047 2060 locus.
2069 2005 2184 2060 Non
2206 2016 2290 2062 est

707 2104 937 2171 genitus,
963 2118 1068 2157 non
1097 2103 1335 2170 sensum
1363 2101 1509 2166 fecit,
1541 2116 1646 2155 non
1675 2101 1836 2168 cmpit
1861 2114 1999 2154 che.
2033 2099 2293 2164 Quaenam-

707 2195 846 2249 ratio
872 2195 985 2247 haec
1012 2193 1333 2261 susceperit,
1363 2195 1407 2246 si
1440 2209 1545 2249 non
1572 2194 1640 2246 sit
1665 2191 1834 2245 ﬁdes?
1872 2206 2048 2243 annon
2080 2191 2289 2244 videtur

703 2298 828 2339 esse
849 2282 1148 2346 ridiculum,
1176 2289 1235 2337 ut
1279 2282 1481 2336 nullum
1513 2282 1710 2336 habere
1740 2281 1897 2333 linem
1933 2279 2102 2348 magis
2125 2289 2284 2346 quam

705 2375 970 2444 aenigma?
997 2376 1167 2443 Atque
1199 2374 1342 2442 quod
1371 2373 1440 2426 sit
1475 2372 1590 2426 sine
1635 2367 1902 2441 principio
1940 2377 1994 2423 et
2023 2369 2286 2438 ingenitus

705 2477 758 2519 et
799 2464 1293 2532 incircumscriptus
1335 2472 1390 2517 et
1432 2463 1709 2524 inﬁnitus,
1755 2461 1826 2514 ita
1855 2468 1937 2514 est
1982 2458 2200 2513 dubium
2233 2467 2288 2514 et

708 2556 1021 2625 perplexum
1049 2553 1232 2624 :quzid
1276 2554 1346 2608 sit
1390 2562 1569 2606 autem
1615 2551 1981 2620 incorporeus,
2013 2549 2288 2605 videamus

706 2664 832 2701 num
847 2648 1112 2716 possimus
1129 2646 1158 2699 i:
1171 2646 1386 2713 tdagare
1410 2644 1638 2697 ratione.
1667 2643 1806 2694 Deus
1819 2649 1902 2695 est
1917 2641 2286 2708 incorporeus.

704 2738 845 2805 Quid
868 2746 952 2791 est
980 2738 1331 2805 incorporeus
1349 2736 1374 2788 ’ἔ
1410 2733 1593 2788 Solum
1618 2733 1836 2786 verbum
1861 2730 2062 2783 nudum
2093 2746 2106 2782 :
2137 2745 2288 2784 mens

706 2832 849 2884 enim
882 2828 1014 2883 nihil
1044 2828 1301 2895 suscepit,
1335 2838 1506 2894 neque
1557 2823 1656 2877 sibi
1705 2823 1923 2892 ﬁguram
1970 2820 2236 2890 impressit
2269 2838 2283 2872 :

709 2935 831 2973 nam
861 2919 906 2972 si
934 2917 1162 2988 ﬁgurant
1191 2914 1543 2986 impresserit,
1583 2913 1730 2966 venit
1756 2912 1820 2966 ad
1848 2921 2114 2970 naturam,
2143 2921 2196 2963 et
2224 2924 2289 2963 ea

708 3027 826 3081 qum
859 3009 1199 3064 constituunt
1239 3020 1454 3074 corpus.
1501 3003 1860 3070 Quamobrem
1901 3002 2029 3056 dicit
2073 3001 2288 3070 quidem

709 3117 823 3166 ore,
851 3098 944 3155 sed
974 3097 1098 3169 quid
1129 3096 1273 3152 dicat
1315 3111 1422 3149 non
1471 3095 1621 3148 novit
1659 3094 1937 3163 cogitatio,
1980 3091 2081 3146 nisi
2126 3106 2290 3146 unum

709 3191 905 3250 solum,
928 3203 1126 3257 nempe
1149 3185 1291 3256 quod
1314 3201 1418 3240 non
1445 3186 1514 3238 sit
1541 3198 1760 3253 corpus,
1791 3183 1894 3237 hoc
1922 3185 2094 3237 solum
2119 3182 2292 3236 novit.

711 3283 781 3337 Et
826 3279 954 3350 quid
995 3279 1123 3334 dicti
1152 3278 1220 3332 de
1249 3276 1399 3332 Deo?
1444 3276 1495 3328 in
1525 3276 1699 3328 anima
1733 3275 1875 3328 enim
1923 3274 2049 3344 quid
2076 3283 2158 3328 est
2204 3273 2290 3327 in-

711 3363 1054 3440 corporeum,
1083 3383 1208 3440 qua:
1234 3377 1314 3422 est
1344 3366 1504 3430 facta,
1531 3381 1648 3435 quae
1674 3365 1898 3429 inclusa,
1928 3381 2047 3433 qum
2072 3365 2295 3418 circurn-

711 3459 1002 3514 seritiitur?
1037 3457 1162 3522 die,
1199 3454 1438 3510 ostende.
1481 3454 1586 3508 Sed
1631 3469 1736 3506 non
1787 3461 1957 3522 potes.
2025 3453 2122 3507 Est
2161 3453 2292 3507 aer?

708 3548 816 3604 Sed
865 3564 958 3604 aer
997 3554 1081 3601 est
1133 3561 1348 3614 corpus,
1401 3543 1606 3597 etiamsi
1655 3559 1760 3597 non
1802 3542 2029 3596 solidum
2057 3583 2073 3606 ,
2127 3552 2183 3596 et
2224 3557 2290 3596 ex

712 3643 894 3696 multis
914 3648 1125 3694 constat
1151 3639 1289 3708 quod
1313 3638 1383 3692 sit
1407 3650 1600 3704 corpus
1630 3635 1823 3690 laxum.
1870 3634 2009 3703 Ignis
2034 3632 2155 3688 est?
2187 3632 2293 3687 Sed

712 3733 848 3803 ignis
888 3740 971 3787 est
1019 3727 1517 3799 carpus,operatio
1558 3733 1732 3816 autem
1775 3724 1965 3816 animus
2009 3733 2089 3816 est
2115 3722 2290 3776 incor-

712 3839 894 3892 porea.
927 3822 1156 3887 Quare?
1198 3818 1470 3887 Siquidem
1501 3812 1676 3869 omnia
1717 3813 1976 3884 pervadit.
2029 3812 2084 3867 Si
2115 3823 2291 3866 autem

715 3916 831 3983 ipsa
851 3923 934 3968 est
963 3926 1186 3981 corpus,
1227 3912 1278 3964 in
1321 3909 1441 3963 loco
1465 3914 1547 3962 est
1588 3908 1961 3974 incorporeum
1989 3921 2002 3956 :
2035 3919 2162 3973 ergo
2186 3903 2296 3956 cir-

714 4002 1130 4065 cumscribitur;
1161 3998 1302 4067 quod
1333 4007 1507 4050 autem
1545 3995 2016 4057 circumscribitur,
2039 4003 2116 4048 est
2148 3995 2198 4047 in
2229 3993 2292 4047 ﬁ-

713 4111 872 4166 gnra;
905 4094 1090 4162 ﬁgltt’a‘
1121 4101 1297 4146 autem
1327 4090 1558 4142 cx‘linea
1583 4105 1599 4152 ;
1630 4088 1786 4143 linea:
1811 4095 1987 4140 autem
2017 4094 2140 4139 sunt
2169 4100 2293 4139 cor-

716 4199 921 4252 porum.
965 4183 1176 4237 Rursus
1218 4180 1356 4253 quod
1395 4187 1481 4233 est
1522 4193 1715 4245 expers
1757 4179 1960 4245 ﬁgurae,
2008 4189 2292 4244 quamnam

716 4274 873 4328 habet
911 4269 1228 4327 notionem?
1256 4268 1368 4322 Non
1414 4267 1572 4321 habet
1615 4266 1859 4336 ﬁguram,
1898 4281 2004 4319 non
2044 4265 2292 4326 formam,

715 4381 820 4419 non
867 4365 1070 4418 locum.
1116 4359 1278 4415 Vides
1318 4357 1586 4428 quomodo
1620 4372 1770 4410 meus
1819 4355 2052 4424 caligat?
2091 4355 2295 4409 Rursus

715 4466 901 4508 natura
927 4452 1020 4507 illa
1053 4466 1156 4505 non
1179 4460 1261 4504 est
1279 4463 1442 4516 capax
1462 4447 1720 4502 malorum
1751 4462 1766 4498 :
1796 4445 1888 4500 sed
1914 4454 1968 4500 et
1994 4460 2087 4499 sua
2105 4455 2295 4514 sponte

714 4525 985 4616 quispiam
1013 4552 1098 4600 est
1118 4545 1288 4596 bonus
1315 4559 1329 4594 :
1358 4556 1487 4610 ergo
1509 4548 1592 4594 est
1616 4554 1803 4607 capax.
1825 4537 1929 4592 Sed
1962 4538 2064 4592 dici
2089 4554 2190 4591 non
2212 4554 2298 4604 po-

714 4629 854 4698 test;
882 4636 1049 4689 alsit.
1077 4634 1281 4687 Rursus
1306 4630 1372 4684 ad
1402 4631 1501 4683 hoc
1542 4638 1600 4683 ut
1628 4637 1790 4690 esset,
1824 4630 2008 4681 volens
2037 4627 2295 4682 deductus

711 4734 817 4789 est,
846 4741 912 4776 an
947 4722 1176 4779 nolens?
1205 4722 1308 4778 Sed
1338 4735 1437 4776 nec
1474 4719 1574 4774 hoc
1598 4719 1699 4773 dici
1733 4727 1927 4788 potest.
1961 4719 2164 4772 Rursus
2193 4718 2296 4771 cir-

712 4816 1031 4870 cumscribit
1050 4815 1232 4868 orbem
1255 4821 1433 4876 terrm,
1451 4827 1625 4864 annon
1643 4811 1666 4863 ?
1684 4810 1737 4864 Si
1759 4827 1862 4863 non
1886 4810 2296 4874 circumscribit,

715 4907 830 4974 ipse
857 4905 1323 4962 circumscribitur
1354 4923 1366 4954 :
1394 4904 1437 4958 si
1465 4913 1640 4957 autem
1673 4903 2079 4966 circumscribit,
2104 4913 2182 4956 est
2213 4904 2295 4955 in-

715 4994 906 5050 ﬁnitus;
958 5003 1166 5048 natura.
1228 4993 1434 5046 Rursus
1478 4993 1868 5046 circumscribit
1920 4994 2191 5060 scipsum?
2242 4993 2296 5046 Si

713 5083 1116 5141 circumscribit
1142 5085 1399 5154 seipsum,
1428 5099 1532 5137 non
1561 5092 1640 5137 est
1665 5099 1790 5152 ergo
1819 5083 1914 5136 sibi
1964 5085 2080 5136 sine
2111 5084 2299 5152 princi-

715 5173 826 5242 pio.
865 5175 960 5230 sed
991 5173 1143 5228 nobis
1172 5189 1186 5225 :
1219 5190 1324 5228 non
1349 5181 1431 5228 est
1477 5187 1607 5243 ergo
1655 5183 1841 5226 natura
1869 5173 1985 5225 sine
2015 5174 2296 5241 prlncipiu.

717 5260 814 5316 Ubi
847 5279 936 5336 lue
969 5271 1180 5333 oportet
1207 5261 1336 5321 dare
1364 5263 1650 5316 contraria.
1690 5262 1846 5316 Vides
1874 5272 2065 5331 quanta
2098 5263 2168 5316 sit
2205 5279 2297 5317 ca-

717 5351 820 5418 ligo
839 5393 858 5419 ,
885 5362 939 5409 et
963 5353 1103 5421 quod
1133 5353 1329 5422 ubique
1357 5367 1488 5420 opus
1521 5354 1589 5406 sit
1629 5352 1772 5406 title?
1799 5353 1914 5421 ipsa
1950 5362 2032 5406 est
2061 5354 2209 5406 lirma
2240 5369 2302 5408 ac

716 5441 795 5492 σοι
817 5442 921 5498 ida.
951 5442 1056 5497 Sed
1077 5444 1123 5498 si
1146 5444 1326 5506 vultis,
1361 5442 1634 5496 veniamus
1663 5441 1727 5495 ad
1762 5443 1842 5494 his
1867 5443 2095 5496 minora.
2133 5442 2303 5497 llabet

715 5545 780 5598 uti
801 5523 1093 5589 et'ationem
1117 5533 1206 5587 illa
1234 5532 1489 5586 essentia.
1516 5529 1581 5584 Et
1601 5531 1723 5600 quid
1748 5541 1832 5586 est
1860 5531 1912 5585 in
1945 5546 2008 5586 eo
2026 5533 2303 5600 operatio?

717 5635 748 5672 II
785 5633 978 5680 Otusne
1025 5621 1251 5692 aliquis?
1299 5620 1412 5676 Non
1458 5630 1541 5676 est
1586 5637 1715 5688 ergo
1758 5620 2102 5675 immutabilis
2137 5638 2149 5673 :
2182 5636 2302 5675 nam

715 5715 870 5788 Quod
903 5724 1163 5778 movetur,
1210 5728 1315 5769 non
1341 5722 1422 5768 cst
1464 5712 1791 5768 immutabile
1822 5729 1832 5764 :
1867 5728 1986 5766 nam
2015 5729 2076 5767 ex
2109 5713 2299 5768 immo-

1427 372 1485 428 S.
1522 372 1798 430 ιυΑΝιιιε
1833 369 2292 428 CllRYSOS‘l'OMl

2397 369 2648 424 l‘tCllIEP.
2685 372 3206 436 CONSTAN'I'INOP.
3871 393 3970 449 331'»

2404 479 2608 537 bilitate
2651 495 2911 540 movetur.
2955 489 3060 544 Sed
3103 502 3276 548 tamen
3303 506 3561 564 movetur,
3588 509 3644 555 et
3683 518 3972 572 numquam

2402 578 2524 623 stat.
2573 572 2812 639 Quonam
2857 587 3034 633 autem
3067 591 3238 648 ntotu,
3279 585 3816 659 dic,quteso?~apud
3869 612 3960 650 nos

2399 659 2540 712 enim
2573 670 2698 715 sunt
2739 673 2966 733 septem,
2999 683 3249 737 sursum,
3286 671 3557 742 deorsum,
3598 678 3756 744 intra,
3799 682 3957 746 foras,

2399 749 2608 804 sinistra
2631 791 2648 816 ,
2672 752 2879 821 dextra,
2910 758 3234 816 circulariter
3258 773 3387 818 :‘aut
3426 767 3471 820 si
3521 783 3627 824 non
3670 768 3788 838 hoc,
3840 789 3958 844 aug-

2398 849 2634 895 mentum
2658 883 2675 908 ,
2705 843 2987 901 diminutio
3004 889 3020 912 ,
3046 861 3196 905 ortus
3216 893 3230 916 ,
3261 853 3501 910 interitus
3525 899 3542 922 ,
3568 859 3828 916 alteratio.
3857 843 3968 920 Sed.

2397 928 2543 982 nullo
2568 929 2779 996 horum,
2811 950 2995 990 verum
3038 953 3105 993 eo
3139 950 3286 996 motu
3327 958 3433 1013 quo
3475 962 3647 1015 mens,
3674 957 3956 1008 movetur?

2397 1014 2503 1070 Sed
2548 1032 2649 1073 nec
2673 1017 2776 1075 hoc
2817 1023 3069 1092 quidem;
3100 1028 3274 1084 absit:
3309 1032 3361 1085 in
3401 1035 3585 1090 multis
3622 1014 3761 1092 enim
3797 1042 3954 1096 etiam

2394 1105 2620 1163 absurde
2641 1126 2796 1166 mens
2815 1127 3077 1172 movetur.
3106 1116 3257 1173 Velle
3276 1130 3361 1175 est
3377 1131 3584 1192 operari
3602 1127 3834 1185 ?‘omnes
3866 1149 3958 1186 au-

2396 1202 2500 1249 tem
2542 1197 2784 1254 homines
2812 1204 2925 1256 vult
2964 1218 3086 1260 esse
3133 1206 3301 1263 bonos
3347 1222 3402 1267 et
3439 1215 3970 1289 salvos-:quomodo

2395 1301 2499 1338 non
2518 1288 2585 1341 ﬁt
2608 1289 2757 1345 ?Sed
2787 1293 2929 1348 aliud
2949 1305 3032 1349 est
3056 1289 3210 1365 velle,
3229 1300 3371 1356 aliud
3394 1308 3647 1372 operari?
3672 1288 3752 1366 Ad
3773 1328 3955 1382 opera.

2394 1375 2591 1458 tionem
2620 1394 2746 1448 ergo
2773 1397 2879 1436 non
2904 1384 3100 1440 sufﬁcit
3144 1389 3280 1444 velle
3312 1391 3650 1458 :-Quomodov
3679 1375 3954 1470 ergo-dicit

2393 1465 2684 1536 Scriptura,
2717 1471 2900 1526 Omnia
2927 1491 3246 1544 quacumque
3271 1480 3425 1534 coluit
3453 1484 3572 1551 fecit
3601 1485 3621 1557 (
3649 1465 3792 1543 Psai.
3838 1493 3950 1547 “5.

2397 1556 2453 1609 Η
2478 1557 2533 1625 )3
2558 1568 2612 1612 et
2658 1576 2841 1616 rursus
2871 1564 3116 1633 leprosus
3136 1568 3265 1623 dicit
3291 1571 3520 1638 Christo,
3555 1556 3629 1631 Si.
3653 1581 3800 1646 erlis,
3819 1593 3953 1652 potes

2392 1663 2470 1738 me
2497 1651 2740 1705 mundare
2756 1651 2963 1720 (Matth.
2991 1658 3044 1711 8.
3069 1658 3128 1727 9)
3148 1658 3172 1711 ?
3191 1660 3358 1716 Vultis
3376 1664 3515 1719 aliud
3537 1683 3744 1738 quoque
3762 1651 3952 1726 dicant?

2391 1735 2668 1800 Quatnodo
2686 1754 2752 1794 ea
2778 1742 2843 1794 iis
2862 1759 2979 1811 quae
3009 1760 3114 1799 non
3140 1759 3312 1813 erant,
3342 1751 3476 1806 facta
3507 1735 3626 1808 sunt
3653 1735 3772 1827 quae
3795 1764 3953 1814 sunt?

2390 1829 2658 1894 quomodo
2682 1834 2732 1884 in
2764 1833 2986 1888 nihilum
3014 1836 3418 1897 dissolvuntur?
3443 1844 3579 1912 Quid
3608 1859 3688 1902 est
3728 1852 3858 1905 cmlo
3882 1854 3952 1906 al-

2392 1917 2539 1972 tius?
2569 1917 2660 1974 illo
2674 1930 2874 2013 ‘autem
2917 1926 3080 1983 altius
3102 1930 3271 1998 quid?
3296 1940 3350 1986 et
3397 1935 3490 1989 illo
3518 1938 3689 2006 quid?
3731 1951 3788 1995 et
3832 1945 3948 2013 quid

2391 2017 2508 2077 post
2529 1995 2700 2065 illud?
2725 2012 2900 2069 ethoc
2921 2017 2975 2070 in
3004 1995 3288 2074 inﬁnitum.
3312 2023 3446 2090 Quid
3466 1995 3601 2080 inira
3628 1995 3951 2085 terram

2391 2114 2539 2154 mare
2567 2116 2592 2152 :.
2607 2108 2664 2155 et
2683 2113 2801 2169 post
2823 2104 2993 2174 ipsum
3024 2109 3149 2177 quid
3169 2111 3192 2163 ?
3231 2122 3284 2166 et
3311 2129 3494 2169 rursus
3519 2126 3648 2185 post
3664 2119 3791 2175 illud
3811 2122 3834 2173 ?
3854 2121 3947 2177 Sed

2390 2187 2443 2241 in
2485 2189 2717 2246 dexteris
2746 2202 2807 2246 et
2847 2195 3076 2252 sinistris
3105 2216 3284 2258 nonne
3331 2207 3516 2262 eadem
3555 2220 3637 2264 est
3661 2211 3962 2269 dubitatio?

2458 2285 2508 2335 ι.
2553 2281 2668 2337 Sed.
2701 2283 2817 2339 hzcc
2863 2288 3078 2356 quidem
3127 2293 3228 2346 sub
3275 2307 3547 2365 aspectum
3597 2304 3946 2360 noncadunt.

2391 2369 2562 2425 Vultis
2587 2373 2639 2426 in
2667 2373 2733 2428 iis
2777 2390 2896 2445 qum
2931 2389 3222 2435 cernuntur
3245 2384 3573 2442 deducamus
3612 2392 3905 2448 orationem
3930 2397 3959 2446 τ·

2389 2460 2442 2514 in
2468 2461 2533 2516 iis
2551 2478 2671 2533 quae
2692 2464 2800 2532 jam
2829 2471 3170 2524 evenerunt?
3193 2472 3285 2527 Dic
3324 2476 3751 2548 mihi,quomodo
3789 2483 3948 2538 bellua

2390 2550 2577 2605 Jonam
2601 2553 2827 2609 habebat
2869 2558 2922 2610 in
2954 2569 3160 2626 ventre,
3186 2571 3248 2617 et-
3288 2565 3333 2619 is
3372 2567 3479 2620 n'on
3512 2569 3950 2636 peribat?‘anuou

2393 2639 2445 2694 id
2475 2656 2666 2711 expers
2692 2653 2773 2699 est
2802 2647 3063 2701 rationis?
3091 2665 3268 2705 annon
3301 2660 3502 2711 temere
3522 2661 3802 2713 movetur?
3829 2678 3950 2729 quo-

2391 2731 2551 2784 modo
2576 2731 2721 2801 justo
2743 2738 3021 2804 pepercit?
3049 2740 3324 2808 quomodo
3345 2744 3496 2797 calon
3511 2760 3616 2799 non
3643 2761 3763 2800 eum
3793 2750 3950 2803 ευπο-

2390 2822 2568 2876 cavit?
2596 2825 2864 2892 quomodo
2894 2843 3001 2882 non
3040 2829 3356 2898 putrefecit?
3389 2833 3520 2888 Nam
3550 2837 3595 2889 si
3626 2838 3952 2908 iuprol‘uudo

2393 2913 2562 2966 solum
2601 2929 2741 2976 esse,
2771 2917 3128 2984 periculosum
3176 2929 3297 2988 est;
3328 2938 3448 2979 esse
3477 2927 3636 2980 etiam
3665 2928 3715 2981 in
3745 2929 3950 2984 visceri-

2393 3002 2513 3065 bus,
2539 3003 2674 3057 etin
2714 3005 2806 3057 illo
2843 3007 3047 3073 calore,
3079 3009 3235 3079 longe
3276 3013 3650 3080 periculosius.
3684 3017 3951 3084 Quomodo

2394 3089 2541 3145 illinc
2565 3092 2797 3162 spirabat
2825 3098 3050 3151 aerem?
3085 3099 3356 3167 quomodo
3378 3102 3590 3158 duobus
3610 3108 3954 3163 animantibus

2392 3179 2690 3236 sufﬁciebat
2725 3185 3048 3252 respiratio?
3068 3189 3338 3255 quomodo
3363 3200 3550 3246 autem
3581 3207 3704 3248 eum
3732 3198 3963 3250 evomuit

2395 3269 2617 3323 illaesum
2638 3271 2663 3325 ?
2687 3274 2956 3340 quomodo
2987 3285 3041 3329 et
3071 3276 3431 3345 loquebatur?
3457 3283 3725 3349 quomodo
3751 3294 3803 3339 et
3824 3287 3950 3355 apud

2394 3373 2454 3414 se
2478 3370 2591 3414 erat
2618 3372 2670 3415 et
2697 3363 3052 3430 precabatur?
3071 3383 3249 3421 annon
3285 3380 3408 3424 sunt
3451 3370 3564 3426 ba‘c
3594 3374 3954 3430 incredibilia?

2395 3451 2750 3517 Incredibilia,
2779 3455 2822 3509 si
2867 3457 3071 3511 ratione
3116 3459 3495 3528 exquiramus;
3534 3463 3577 3516 si
3612 3474 3785 3518 autem
3834 3467 3949 3527 ﬁde,

2395 3543 2548 3597 valde
2591 3544 2891 3599 credibilia.
2944 3547 3127 3601 Dicam
3158 3558 3214 3602 et
3261 3551 3402 3618 quod
3446 3562 3529 3606 est
3567 3554 3668 3610 hoc
3709 3557 3959 3627 amplius?

2397 3631 2743 3688 Frumentum
2774 3635 2825 3689 in
2857 3636 2975 3691 sinu
3006 3647 3164 3693 terra:
3209 3643 3570 3714 corrumpitur
3614 3655 3673 3699 et
3712 3650 3948 3717 resurgit.

2397 3723 2526 3778 Vide
2558 3725 2810 3780 miracula
2854 3729 3141 3794 contraria,
3185 3738 3239 3784 et
3272 3747 3390 3801 quae
3432 3735 3657 3790 alterum
3696 3738 3762 3791 ab
3798 3739 3966 3793 altero

2397 3815 2680 3869 vincuntur
2707 3835 2720 3870 :
2750 3827 2833 3870 est
2874 3818 3173 3893 mirandum
3218 3822 3357 3890 quod
3389 3841 3493 3877 non
3523 3828 3849 3895 putruerint;
3882 3840 3962 3883 est

2399 3903 2699 3958 mirandum
2726 3908 2866 3974 quod
2898 3907 3187 3974 putrefacta
3221 3916 3636 3970 resurrcxerint.

2467 3991 2654 4046 Contra
2678 4011 2762 4048 eos
2789 3996 2875 4064 qui
2895 3999 3305 4052 resurrectionem
3335 4003 3599 4070 negabant.
3631 4034 3700 4044 —
3723 4005 3826 4061 Ubi
3844 4017 3965 4061 sunt

2398 4085 2485 4157 qui
2532 4098 2637 4139 non
2682 4085 2906 4140 credunt
2952 4089 3350 4156 resurrectioui,
3401 4105 3455 4146 et
3501 4093 3722 4148 dicunt:
3753 4096 3862 4151 Hoc
3901 4113 3952 4150 os

2400 4176 2666 4243 quomodo
2707 4176 2828 4231 huic
2867 4178 3301 4246 conglutinatur?
3342 4191 3395 4236 et
3435 4183 3695 4250 ejusmodi
3732 4185 3951 4240 fabulosa

2402 4264 2765 4318 introducunt.
2805 4266 2895 4319 Dic
2939 4268 3089 4331 mihi,
3135 4267 3281 4324 Elius
3318 4273 3588 4340 quomodo
3633 4276 3862 4330 ascendit
3908 4276 3950 4329 iu

2399 4369 2557 4409 curru
2599 4355 2734 4425 ignis.
2765 4355 2858 4425 (ιι.
2882 4356 3011 4424 Reg.
3050 4357 3106 4410 9..
3137 4359 3195 4413 Η
3233 4357 3300 4428 )‘P
3329 4360 3467 4430 lguis
3490 4367 3627 4417 solet
3658 4380 3826 4429 urere,
3858 4380 3949 4417 non

2401 4461 2608 4499 sursum
2648 4447 2854 4500 tollere.
2894 4448 3173 4513 Quomodo
3217 4451 3341 4506 vivit
3383 4461 3583 4507 tantum
3618 4456 3880 4526 tempus?
3906 4455 3960 4508 in.

2400 4550 2504 4602 quo
2546 4541 2628 4588 est
2665 4535 2824 4588 loco?
2853 4551 3015 4604 quare
3065 4537 3166 4592 hoc
3206 4538 3403 4593 factum
3443 4542 3568 4595 est?
3625 4543 3736 4610 Qun
3783 4551 3944 4596 autem

2403 4626 2686 4678 translatus
2714 4635 2795 4681 est
2823 4627 3050 4680 Enoch?
3093 4644 3226 4684 eone
3269 4631 3387 4685 cibo
3423 4634 3654 4687 vescitur
3682 4649 3783 4702 quo
3821 4634 3954 4686 nos?

2403 4729 2456 4770 ct
2481 4717 2605 4786 quid
2637 4729 2775 4772 vetat
2801 4721 3086 4787 quominus
3115 4721 3183 4774 sit
3208 4721 3292 4776 hic
3308 4723 3348 4776 ?..
3381 4724 3450 4776 At
3496 4741 3599 4777 ιιυιι
3632 4723 3882 4777 vescitur?
3910 4732 3952 4773 cl

2405 4823 2498 4860 cur
2529 4807 2626 4860 fuit
2673 4810 3004 4861 translatus?
3046 4810 3172 4865 Vide
3207 4812 3368 4864 Deum
3416 4813 3666 4881 paulatim
3709 4829 3799 4866 nos
3842 4827 3950 4864 eru-

2405 4900 2658 4953 dientem.
2697 4899 2984 4952 Transtulit
3031 4900 3209 4955 Enocb
3239 4919 3248 4950 :
3281 4902 3380 4955 hoc
3424 4897 3529 4954 non
3575 4911 3658 4955 est
3704 4916 3948 4969 magnum.

2407 4989 2516 5042 lloc
2541 5003 2639 5042 nos
2666 4988 2847 5042 docuit
2884 4989 2934 5041 in
2980 4990 3104 5042 Elia:
3137 4991 3190 5042 in
3222 4990 3385 5042 aitum
3416 4991 3711 5044 evectione.
3742 4991 3949 5042 Rursum

2407 5082 2616 5135 inclusit
2645 5082 2756 5136 Noe
2781 5082 2831 5134 in
2863 5097 2984 5134 arca
3015 5098 3221 5153 :neque
3243 5085 3342 5137 hoc
3370 5095 3452 5138 est
3477 5085 3546 5139 ita
3569 5098 3826 5154 magnum.
3856 5079 3950 5132 iloc

2407 5187 2504 5224 nos
2532 5172 2708 5225 docuit
2734 5172 2785 5223 in
2812 5174 3082 5240 prophetm
3106 5173 3403 5228 inclusione
3429 5174 3480 5226 in
3507 5183 3649 5228 ceto.
3679 5174 3764 5228 Sic
3787 5183 3947 5224 vetera

2408 5276 2615 5329 quoque
2665 5262 3086 5328 prmcursoribus
3128 5277 3261 5330 opus
3312 5263 3614 5315 habui-runt
3663 5273 3717 5314 et
3767 5260 3945 5326 ﬁguris.

2407 5349 2553 5402 Sicut
2573 5350 2714 5403 enim
2746 5349 2796 5402 iu
2820 5350 2978 5403 scalis
3010 5351 3213 5418 primus
3232 5350 3430 5419 gradus
3457 5349 3761 5404 transmittit
3784 5346 3846 5399 ad
3873 5361 3946 5397 se-

2408 5441 2670 5503 cundum;
2698 5455 2727 5493 a
2758 5441 2928 5508 primo
2967 5452 3142 5495 autem
3173 5456 3277 5495 non
3321 5441 3446 5495 licet
3495 5441 3677 5494 venire
3709 5438 3770 5492 ad
3810 5451 3947 5508 quar-

2409 5540 2543 5596 tum,
2568 5539 2622 5584 et
2647 5531 2745 5584 iste
2771 5530 2835 5584 ad
2867 5531 3040 5595 illum,
3075 5539 3135 5585 ut
3162 5532 3250 5585 ille
3279 5531 3344 5584 ad
3373 5531 3530 5584 istum
3569 5531 3638 5584 sit
3662 5530 3773 5591 via;
3796 5540 3946 5594 neque

2411 5629 2531 5676 ante
2562 5621 2786 5690 primum
2829 5620 2939 5676 ﬁeri
2987 5632 3159 5692 potest
3191 5632 3247 5675 ut
3273 5621 3513 5676 veniatur
3543 5621 3608 5675 ad
3637 5619 3906 5676 secundum
3933 5634 3940 5663 :

2414 5713 2481 5766 ita
2503 5712 2589 5766 hic
2616 5726 2841 5781 quoque.
2877 5711 2939 5767 Et
2981 5713 3101 5767 vide
3145 5713 3290 5784 signa
3332 5713 3602 5784 signorum
3638 5729 3652 5768 :
3682 5722 3733 5766 ct
3770 5708 3943 5764 ι’ὶάώις
