4050 6324
140 499 248 554 hoc
272 497 324 553 in
347 495 487 552 scala
517 507 677 566 quam
699 489 830 546 vidit
858 487 1062 544 Iacob:
1094 488 1352 557 Superius
1373 485 1611 557 quidem,
1636 486 1720 540 in-

141 588 278 658 quit,
307 588 495 640 ﬁrmus
519 593 579 640 et
602 583 806 638 stabilis
827 579 1001 634 stabat
1035 579 1326 643 Dominus;
1357 577 1582 632 inferius
1623 591 1723 630 au-

143 688 254 731 tem
283 677 456 744 angeli
483 671 844 729 ascendebant
869 680 924 724 et
961 667 1378 723 descendebant.
1409 666 1726 736 Prophetice

143 767 493 822 nuntiabatur
517 764 656 834 quod
705 762 902 818 Filium
947 760 1171 813 haberet
1219 757 1416 812 Pater:
1447 757 1728 826 oportebat

142 859 253 914 hoc
280 857 447 912 credi.
484 855 758 911 Undenam
805 854 886 906 vis
921 851 1202 904 ostendam
1249 849 1392 903 illius
1434 848 1620 918 signa!
1658 847 1729 902 ab

139 947 254 1000 alto
287 947 446 1008 infra,
474 947 545 999 ab
583 947 689 999 imo
741 941 938 1011 supra?
975 937 1380 994 Ostendendum
1425 946 1541 992 erat
1584 935 1728 1006 quod

137 1042 324 1105 gignat
355 1034 717 1104 impatibiliter
750 1051 763 1086 :
791 1040 1074 1102 propterea
1102 1029 1280 1098 genuit
1309 1028 1537 1096 printum
1568 1025 1729 1080 steri-

140 1129 229 1180 lis.
262 1127 372 1180 lmo
401 1142 527 1181 vero
565 1127 634 1180 ab
671 1125 782 1178 alto
822 1123 1042 1193 petitum
1095 1121 1350 1175 ducamus
1376 1133 1729 1174 sermonem:

137 1219 290 1272 credi
320 1219 625 1287 oportebat.
657 1215 798 1285 quod
821 1230 894 1270 es
926 1217 1042 1284 ipso
1069 1232 1088 1268 τ
1117 1213 1242 1282 quid
1287 1211 1455 1281 ergo?
1503 1211 1612 1265 lloc
1649 1211 1726 1274 fit,

140 1310 238 1363 sed
269 1309 518 1371 obscure,
551 1317 732 1377 utpote
776 1307 827 1358 in
858 1305 1044 1359 umbra
1085 1313 1142 1358 et
1180 1303 1382 1373 ﬁgura;
1419 1300 1515 1355 sed
1546 1302 1604 1354 fit
1632 1318 1649 1355 :
1677 1309 1733 1354 et

143 1399 486 1468 procedendo
513 1400 572 1452 fit
599 1396 994 1466 quodammodo
1021 1396 1374 1451 manifestius.
1407 1394 1482 1448 Es
1517 1393 1733 1446 homine

141 1492 264 1544 solo
287 1503 372 1545 est
412 1492 624 1554 mulier,
655 1499 709 1543 et
735 1489 823 1543 ille
871 1497 1050 1542 manet
1090 1489 1314 1556 integer.
1350 1486 1552 1540 Rursus
1598 1499 1733 1537 con-

143 1583 413 1651 ceptionis
440 1599 505 1636 es
536 1579 752 1651 Virgine
778 1581 1063 1648 oportebat
1104 1595 1223 1633 esse
1254 1577 1468 1646 aliquod
1497 1577 1727 1646 signum.

142 1672 292 1726 Parit
315 1673 536 1737 sterilis,
567 1688 670 1726 non
702 1672 890 1735 semel,
927 1671 1020 1725 sed
1063 1671 1142 1723 bis
1164 1679 1218 1724 et
1243 1679 1323 1724 ter
1351 1680 1402 1724 et
1428 1684 1591 1736 satpe.
1621 1666 1732 1722 Ge-

140 1765 440 1817 nerationis
463 1779 592 1833 ergo
619 1779 683 1817 es
716 1762 933 1831 Virgine
953 1763 1156 1816 sterilis
1183 1761 1280 1814 fuit
1307 1759 1525 1831 quidem
1549 1770 1730 1829 typus,

139 1864 195 1905 et
241 1854 333 1907 illa
390 1865 622 1908 mentem
681 1854 993 1907 transmittit
1037 1851 1102 1907 ad
1161 1853 1341 1906 ﬁdem.
1399 1852 1508 1904 lloc
1548 1865 1734 1904 rursus

141 1944 241 1997 fuit
297 1954 459 2013 typus
507 1943 648 2012 quod
689 1944 836 1998 solus
875 1943 1010 1997 Dens
1046 1943 1213 2011 possit
1243 1943 1479 2010 gignere.
1506 1941 1560 1996 Si
1590 1941 1732 1994 enim

141 2033 285 2103 quod
317 2044 401 2089 est
429 2034 767 2104 pra-stantius
798 2034 976 2096 homo,
1003 2033 1163 2086 etiam
1187 2032 1388 2099 absque
1404 2046 1470 2084 eo
1496 2031 1732 2100 paritur;

143 2124 318 2177 multo
356 2124 522 2192 magis
549 2125 835 2191 generatur
860 2139 924 2176 ex
952 2137 1022 2176 eo
1060 2120 1201 2190 quod
1231 2131 1312 2174 est
1341 2121 1434 2173 illo
1476 2128 1737 2190 prarstau-

150 2213 435 2278 tius.-Est
488 2213 589 2265 alia
653 2227 865 2282 quoque
927 2213 1202 2281 generatio
1249 2221 1407 2281 typus
1459 2209 1734 2270 veritatis;

143 2318 342 2371 nempe
383 2312 563 2356 nostra
617 2318 683 2356 es
726 2301 950 2371 Spiritu.
999 2301 1165 2370 llujus
1214 2316 1400 2355 rursus
1453 2311 1608 2370 typus
1656 2307 1738 2352 est

143 2397 366 2460 sterilis,
394 2396 646 2464 quoniam
676 2410 780 2449 non
811 2411 876 2449 ex
911 2395 1258 2462 sanguinibus
1290 2410 1304 2446 :
1336 2392 1450 2446 hare
1486 2406 1736 2460 superna:

143 2489 510 2559 generationis
557 2499 711 2558 typus
749 2497 854 2542 est.
897 2489 1071 2557 Atque
1112 2487 1198 2539 illa
1239 2485 1456 2552 quidem
1502 2483 1740 2538 ostendit

145 2580 266 2646 ejns
295 2579 786 2646 impatibilitatem;
816 2577 931 2630 btec
959 2591 1088 2631 vero
1114 2590 1179 2630 ex
1215 2575 1332 2629 solo
1375 2589 1534 2644 posse
1573 2589 1738 2643 gene-

147 2670 276 2724 rari.
330 2669 427 2723 Est
477 2669 722 2723 Christus
771 2683 1004 2737 superne
1061 2668 1111 2722 in
1160 2680 1352 2721 omnes
1407 2665 1739 2720 dominatum

146 2763 398 2815 obtinens
431 2781 446 2817 :
475 2763 759 2830 Oportebat
810 2761 911 2815 hoc
951 2761 1118 2815 credi.
1151 2760 1235 2814 Fit
1279 2759 1382 2813 hoc
1427 2758 1480 2812 in
1514 2769 1654 2812 terra
1687 2757 1740 2812 in

149 2854 367 2908 homine
398 2872 410 2908 :
447 2853 721 2906 Faciamus
747 2852 1022 2917 hominem,
1057 2852 1249 2920 inquit,
1287 2850 1356 2902 ad
1390 2851 1656 2920 imaginem
1692 2857 1740 2901 et

147 2949 528 3002 similitudinem
558 2955 778 2999 nostram
802 2944 953 3013 (Gen.
989 2946 1040 2997 1.
1065 2944 1183 3011 26),
1207 2954 1262 2996 ιιι
1294 2944 1467 2997 hrutis
1491 2943 1739 2996 omnibus

151 3043 402 3110 imperet.
433 3039 505 3093 lta
537 3052 638 3090 non
667 3035 866 3098 verbis,
897 3035 988 3088 sed
1016 3034 1175 3088 rebus
1202 3034 1363 3087 etiam
1404 3049 1501 3086 nos
1528 3032 1731 3086 docuit.

150 3130 786 3198 Natnrre-separationem
818 3125 1080 3194 significat
1106 3123 1406 3194 paradisus,
1432 3134 1485 3178 et
1502 3123 1738 3177 omnium

1025 373 1090 431 IN
1124 372 1342 430 EPIST.
1385 373 1476 428 AD
1509 371 1786 430 COLOSS.
1824 371 1980 430 CAP.
2021 371 2085 430 Il.
2127 372 2356 429 llOlllL.
2401 371 2483 430 Vl.

3301 377 3405 434 338

1824 486 2084 556 optimum
2111 497 2164 542 et
2185 487 2678 557 praestantissimum
2695 502 2815 544 esse
2836 487 3130 546 hominem.
3162 490 3407 550 Christus

1826 588 1946 634 erat
1991 590 2412 636 resurrecturus.
2461 580 2594 635 Vide
2636 581 2745 650 jam
2791 589 2923 652 quot
2942 582 3092 652 signa
3133 600 3148 638 :
3199 583 3403 646 Enoch,

1829 671 1992 734 Elias,
2020 671 2206 732 Jonas.
2227 687 2348 741 quae
2375 671 2508 726 facta
2535 682 2658 726 sunt
2676 674 2728 726 in
2757 671 2990 738 fornace,
3025 688 3144 742 qua:
3168 683 3409 743 tempore

1829 761 1942 816 Noe
1983 760 2119 815 facta
2147 769 2230 815 est
2273 761 2568 825 inundatio.
2602 762 2829 828 semina,
2859 764 3073 832 plantte,
3101 775 3280 817 nostra
3355 774 3410 818 et

1829 853 2067 906 omnium
2095 853 2403 905 animalium
2435 853 2732 921 generatio.
2766 852 2897 906 Nam
2922 852 3175 921 quoniam
3221 854 3274 907 in
3307 852 3411 908 hoc

1829 944 2010 998 omnia
2039 942 2515 1012 periclitabantur,
2549 945 2651 998 hoc
2677 943 2910 997 maxime
2947 943 3187 996 omnium
3219 945 3413 1003 multas

1835 1035 2017 1088 habuit
2040 1033 2257 1103 ﬁguras.
2283 1032 2432 1099 Quod
2461 1034 2636 1086 omnia
2663 1048 2770 1086 non
2798 1034 2915 1085 sine
2939 1032 3275 1099 providentia
3315 1050 3410 1102 ge—

1833 1133 2038 1187 rantur,
2068 1139 2133 1177 es
2165 1124 2229 1177 iis
2249 1139 2461 1194 quoque
2482 1139 2601 1192 quas
2625 1123 2764 1192 apud
2794 1136 2893 1177 nos
2920 1123 3052 1176 ﬁunt
3077 1132 3257 1191 potest
3280 1140 3413 1176 con-

1828 1216 1922 1285 jici
1946 1232 1960 1268 :
1991 1215 2194 1269 nullum
2215 1215 2358 1269 enim
2383 1229 2568 1268 eorum
2599 1213 2718 1268 sine
2733 1212 3062 1283 providentia
3089 1213 3412 1276 manet..Sed

1833 1315 1888 1361 et
1912 1321 2122 1377 greges,
2150 1314 2202 1360 et
2227 1306 2329 1359 alia
2355 1305 2535 1358 omnia
2568 1320 2705 1374 opus
2736 1303 2934 1357 habent
2960 1314 3011 1356 ut
3039 1314 3312 1371 regantur.
3352 1305 3415 1356 Et

1833 1398 1975 1468 quod
2006 1412 2134 1451 casu
2181 1411 2286 1450 non
2326 1398 2462 1450 facta
2509 1397 2615 1450 sint
2644 1397 2844 1460 omnia,
2867 1395 3101 1450 ostendit
3147 1397 3414 1464 gehenna,

1834 1487 2066 1542 ostendit
2087 1487 2246 1540 etiam
2265 1486 2520 1540 diluvium
2547 1487 2689 1554 quod
2720 1487 2814 1540 fuit
2842 1496 3082 1556 tempore
3104 1487 3234 1552 Noe,
3258 1487 3414 1556 ignis,

1836 1579 2106 1632 demersio
2133 1579 2531 1650 Egyptiorum,
2562 1595 2681 1648 quae
2731 1577 2868 1633 facta
2912 1587 3036 1632 sunt
3079 1579 3131 1632 in
3179 1579 3413 1632 deserto.

1835 1667 2125 1737 Oportebat
2150 1667 2538 1738 etbaptismum
2569 1670 2734 1723 multa
2755 1667 3062 1738 praecedere
3094 1685 3108 1721 :
3141 1667 3274 1720 facta
3293 1677 3420 1721 sunt

1836 1761 1949 1827 illa,
1991 1775 2337 1830 qutecumque
2383 1761 2434 1814 in
2461 1777 2592 1830 aqua
2615 1803 2628 1826 ,
2659 1770 2819 1830 atque
2845 1759 2950 1813 alia
2981 1759 3415 1824 innumerabilia,

1839 1862 1896 1908 ut
1925 1869 2044 1921 qum
2069 1853 2205 1908 facta
2224 1863 2346 1907 sunt
2366 1853 2418 1906 in
2445 1851 2645 1919 Veteri,
2677 1869 2796 1924 qua-
2820 1853 2871 1906 in
2897 1853 3131 1922 piscina;
3161 1851 3302 1918 quod
3328 1852 3417 1921 qui

1838 1952 2000 1998 sanus
2016 1960 2120 1998 non
2146 1953 2260 1999 erat
2283 1944 2651 2011 mundaretnr,
2667 1933 2838 2014 ipsum
2861 1943 3138 2009 diluvium,
3159 1943 3418 2012 baptisma

1838 2033 2079 2089 Joannis.
2111 2036 2405 2104 Oportebat
2452 2037 2619 2099 credi,
2659 2035 2798 2104 quod
2846 2034 3036 2088 Filium
3067 2048 3222 2088 suum
3249 2034 3423 2087 tradat

1843 2126 1982 2179 Deus
2011 2142 2024 2178 :
2056 2124 2154 2178 hoc
2186 2126 2332 2195 prius
2359 2124 2486 2179 fecit
2515 2126 2697 2179 homo.
2721 2125 2853 2192 Quis
2879 2125 3007 2179 ille?
3034 2124 3301 2178 Abraham
3331 2141 3422 2193 pa-

1843 2214 2097 2269 triarcha.
2130 2214 2330 2268 llortnn
2362 2231 2493 2285 ergo
2514 2217 2754 2269 omnium
2786 2227 2965 2287 typos,
2997 2217 3040 2268 si
3067 2216 3312 2279 velimus,
3342 2217 3426 2268 in-

1843 2308 2135 2369 veniemus.
2160 2307 2203 2360 si
2236 2323 2536 2375 quarramus
2557 2309 2610 2361 in
2632 2306 2924 2376 Scriptura.
2947 2306 3050 2361 Sed
3079 2323 3146 2361 ne
3167 2306 3425 2376 defatige-

1844 2413 1986 2461 mur,
2009 2414 2191 2451 verum
2220 2398 2272 2451 in
2305 2397 2387 2452 his
2413 2414 2512 2452 nos
2537 2411 2944 2466 componamus.
2973 2396 3207 2450 Firmani
3237 2407 3290 2450 et
3312 2406 3426 2451 sta-

1844 2488 2008 2543 bilem
2060 2487 2350 2542 habeamus
2413 2488 2571 2543 ﬁdetn
2621 2504 2635 2540 :
2685 2499 2926 2542 exactam
3000 2495 3055 2541 et
3119 2495 3425 2540 accuratam

1845 2577 2190 2632 ostendamus
2218 2579 2340 2632 vita:
2390 2588 2586 2632 nostra:
2633 2577 3070 2640 institutionem;
3104 2584 3163 2629 ut
3189 2591 3309 2630 cum
3336 2591 3430 2644 per

1845 2669 2026 2723 omnia
2056 2669 2165 2723 Deo
2202 2671 2398 2738 gratias
2425 2671 2714 2739 egerimus,
2743 2669 3023 2738 promissis
3051 2671 3214 2724 etiam
3247 2669 3312 2721 iis
3337 2668 3429 2737 qui

1845 2761 2069 2830 diligunt
2117 2777 2237 2815 eum
2278 2761 2561 2831 dignemur
2589 2762 2762 2826 bonis,
2803 2761 2972 2831 gratia
3011 2770 3066 2814 et
3105 2760 3431 2828 benignitate

1849 2854 2061 2908 Domini
2084 2854 2252 2908 nostri
2274 2853 2401 2908 Jesn
2423 2853 2643 2917 Christi,
2674 2868 2796 2908 eum
2827 2867 2932 2922 quo
2973 2853 3138 2919 Patri,
3166 2851 3432 2919 simulque

1848 2957 2033 3001 sancto
2057 2945 2275 3014 Spiritui
2298 2947 2485 3015 gloria,
2509 2956 2766 3015 potestas,
2799 2945 2992 3012 honor,
3027 2959 3166 3000 nunc
3204 2954 3258 2999 et
3285 2957 3433 2998 scm-

1850 3050 1966 3105 per,
1999 3035 2124 3089 etin
2151 3035 2343 3090 saecula
2369 3036 2708 3090 szeculorum.
2730 3038 2924 3091 Amen.

1482 3344 1827 3408 HOMILIA
1872 3347 1979 3411 VI.

150 3499 281 3554 Car.
310 3497 364 3551 2.
396 3512 448 3549 ν.
471 3495 524 3550 6.
559 3494 706 3550 Sicut
725 3510 844 3564 ergo
870 3492 1133 3562 accepistis
1153 3490 1329 3544 Iesum
1351 3489 1608 3544 Christum
1630 3487 1743 3542 Do-

224 3589 420 3642 minum
467 3597 716 3650 nostrum,
762 3585 814 3638 in
857 3585 969 3653 ipso
1013 3581 1286 3646 ambulate,
1336 3581 1390 3633 7.
1443 3580 1656 3632 radicati
1696 3589 1742 3633 et

224 3678 624 3746 supertcdiﬁcati
665 3677 717 3729 in
747 3677 880 3745 ipso,
913 3684 959 3727 et
989 3673 1279 3742 conﬁrmati
1305 3673 1358 3724 in
1385 3671 1508 3740 ﬁde,
1541 3673 1669 3724 sicut
1697 3679 1744 3724 et

225 3771 498 3832 didicistis,
527 3767 838 3820 abundantes
869 3766 920 3817 in
951 3763 1043 3817 illa
1069 3765 1120 3815 in
1146 3763 1424 3832 gratiarum
1450 3766 1669 3814 actione.

227 3861 280 3914 1.
327 3859 479 3913 Prius
503 3859 622 3912 illos
645 3857 860 3927 proprio
887 3856 1149 3925 prtevenit
1180 3853 1510 3916 testimonio,
1534 3853 1742 3918 dicens,

159 3951 306 4005 Sicut
332 3951 618 4019 accepistis.
641 3948 785 4004 Nihil
812 3949 1066 4012 alienum,
1096 3947 1286 4016 inquit,
1318 3945 1741 4010 introducimus;

155 4059 287 4114 ergo
329 4059 501 4110 neque
541 4057 656 4096 vos.
697 4039 766 4094 In
795 4057 853 4094 eo
877 4025 1175 4093 ambulate:
1206 4039 1318 4107 ipse
1343 4039 1488 4091 enim
1537 4045 1620 4090 est
1660 4036 1745 4089 via

158 4150 276 4203 qnze
303 4135 522 4187 adducit
550 4131 614 4185 ad
663 4131 872 4185 Patrem
907 4146 1050 4185 :non
1094 4131 1145 4182 in
1188 4129 1419 4199 angelis;
1463 4144 1569 4182 non
1619 4127 1746 4181 illuc

160 4228 307 4281 dncit
339 4225 452 4279 haec
473 4225 576 4278 via.
611 4223 876 4282 Radicati;
901 4221 1005 4276 hoc
1031 4231 1134 4285 est,
1168 4221 1254 4274 ﬁxi
1275 4235 1338 4275 ac
1364 4222 1604 4286 stabiles,
1638 4237 1744 4274 non

160 4314 448 4386 aliquando
491 4313 706 4382 quidem
756 4312 915 4377 hanc,
962 4310 1247 4380 aliquando
1285 4326 1412 4364 vero
1449 4310 1615 4376 illaut,
1648 4309 1742 4364 sed

162 4405 384 4460 radicati
407 4421 420 4456 :
449 4402 592 4472 quod
619 4413 704 4457 est
733 4411 910 4455 autem
939 4401 1232 4455 radicatnm
1255 4416 1350 4454 seu
1377 4400 1518 4470 quod
1543 4400 1748 4455 radices

163 4496 292 4564 egit,
319 4509 425 4547 non
448 4491 640 4561 poterit
664 4484 1040 4545 transmoveri.
1081 4488 1212 4544 Vide
1240 4505 1399 4559 quam
1426 4490 1670 4558 pr0prias
1696 4499 1750 4542 et

164 4584 438 4652 appositas
467 4581 617 4651 ponit
659 4580 946 4635 dictiones.
983 4579 1047 4632 Et
1073 4579 1486 4647 superardiﬁcati,
1545 4578 1748 4647 inquit;

166 4675 267 4728 hoc
294 4680 398 4732 est.
432 4681 611 4726 mente
631 4671 697 4725 ad
727 4672 900 4740 ipsum
934 4672 1316 4739 pertingentes.
1361 4669 1430 4722 Et
1461 4671 1750 4738 conﬁrmati
1816 4689 1822 4694 ·

163 4765 218 4818 in
249 4765 396 4832 ipso;
429 4761 530 4817 hoc
574 4772 677 4826 est,
724 4762 896 4831 ipsum
950 4771 1212 4825 tenentes,
1271 4771 1540 4829 tamquam
1590 4776 1753 4830 super

169 4853 498 4909 fundament'
528 4869 575 4907 ἰι
613 4853 878 4907 tedifieati.
911 4853 1157 4907 Ostendit
1181 4868 1276 4907 eos
1300 4852 1562 4907 cecidisse
1594 4870 1608 4906 :
1653 4853 1754 4907 hoc

171 4947 313 5000 enim
349 4945 541 4998 indica°
572 4943 720 5010 illttd,
747 4943 1038 5011 aidiﬁcati.
1067 4944 1269 4998 Revera
1298 4944 1439 4997 enim
1471 4943 1753 4997 :ediﬁcium

175 5044 253 5088 est
282 5034 452 5088 ﬁdes:
483 5045 536 5087 et
555 5048 691 5102 opus
770 5042 801 5082 ιι
830 5033 952 5087 forti
993 5033 1364 5100 fundamento,
1391 5033 1673 5104 stabilique
1702 5043 1756 5089 et

176 5135 284 5179 tuta
313 5124 690 5180 aediﬁcatione.
717 5127 846 5179 bam
878 5125 922 5178 si
949 5125 1069 5195 quis
1095 5125 1146 5178 iu
1177 5135 1288 5178 tuto
1320 5140 1424 5179 non
1451 5125 1756 5179 aediﬁcave-

177 5218 261 5279 rit,
293 5217 546 5280 labascit;
573 5226 626 5270 et
669 5217 712 5270 si
754 5216 805 5268 in
847 5224 981 5279 tuto,
1008 5224 1062 5269 et
1088 5231 1192 5269 non
1221 5217 1482 5277 firmetur.
1516 5231 1622 5269 non
1653 5223 1759 5269 stat

177 5306 432 5376 amplius.
464 5303 611 5359 Sicut
650 5313 694 5358 et
721 5305 990 5358 didicistis.
1023 5304 1250 5368 Rursus,
1294 5303 1461 5369 Sicut,
1496 5303 1758 5373 signiﬁcat

181 5397 305 5448 nihil
335 5409 530 5449 novum
558 5394 682 5448 dici.
711 5395 1059 5461 Abundantes,
1089 5395 1278 5465 inquit,
1307 5396 1359 5448 in
1386 5396 1476 5449 illa
1497 5395 1547 5448 in
1569 5396 1759 5466 gratia-

183 5505 292 5540 rum
322 5489 538 5541 actione.
584 5486 692 5540 lloc.
719 5496 800 5540 est
827 5487 968 5540 enim
998 5502 1187 5541 eorum
1223 5487 1312 5554 qui
1341 5496 1465 5540 sunt
1496 5501 1763 5540 memores

186 5579 428 5634 beneficii
465 5601 479 5631 :
514 5593 617 5632 non
659 5578 856 5644 solum,
907 5578 1143 5646 inquam,
1189 5577 1386 5647 gratias
1433 5591 1612 5646 agere,
1667 5575 1763 5628 sed

187 5683 304 5724 cum
334 5683 525 5740 magna
555 5668 895 5733 abundantia,
929 5668 1047 5739 plus
1083 5683 1240 5738 quam
1265 5669 1548 5735 didicistis,
1575 5669 1618 5721 si
1649 5667 1763 5721 ﬁeri

191 5771 381 5832 potest,
415 5773 541 5815 cum
573 5773 759 5831 magna
797 5760 962 5816 animi
1005 5759 1370 5818 contentione.
1403 5759 1456 5817 8.
1497 5757 1671 5815 Videte
1702 5773 1763 5814 ne

1852 3495 1965 3560 quis
1995 3512 2079 3550 vos
2109 3497 2346 3566 decipiat.
2379 3498 2539 3554 Vides
2569 3499 2840 3568 quomodo
2868 3495 3163 3552 ostenderit
3200 3510 3319 3550 e~se
3348 3493 3433 3549 fn-

1852 3601 1986 3650 retn,
2022 3598 2075 3640 et
2099 3588 2353 3654 alienum,
2381 3599 2435 3643 ct
2462 3591 2658 3644 sensim
2706 3589 3129 3659 ingredientem?
3153 3589 3261 3656 jam
3290 3589 3432 3641 enim

1851 3679 2035 3730 statuit
2052 3678 2220 3746 ipsutn
2250 3679 2654 3749 ingredientem.
2677 3681 2738 3734 Et
2760 3680 2980 3750 pulchre
2996 3679 3433 3742 άὶκίισυὶανωοιῶν.

1852 3769 2223 3823 suﬂ'urantem.
2249 3769 2319 3825 Ut
2346 3771 2391 3825 si
2421 3772 2684 3840 quispiam
2725 3786 2974 3841 aggerem
3026 3769 3235 3822 inferne
3265 3769 3432 3821 suffn-

1852 3857 2027 3922 d;ens,
2059 3860 2136 3912 sui
2160 3874 2376 3913 sensum
2418 3877 2521 3913 non
2556 3862 2809 3930 praebeat,
2863 3859 2991 3913 illud
3034 3875 3161 3913 vero
3190 3857 3432 3912 labatur:

1853 3950 1933 4003 sic
1955 3949 2040 4003 ille
2073 3949 2216 4003 facit.
2249 3950 2432 4006 Videte
2457 3967 2620 4020 ergo:
2653 3951 2735 4005 ha:
2769 3960 2889 4004 sunt
2921 3951 3062 4005 enim
3091 3949 3230 4002 illius
3260 3960 3436 4017 partes

1853 4057 1921 4095 ne
1950 4056 2164 4096 sensum
2195 4042 2408 4111 quidem
2453 4045 2533 4096 sui
2586 4044 2846 4111 prtebere.
2885 4041 2987 4095 Per
3029 4041 3431 4110 philosophiam.

1856 4133 2080 4196 Deinde,
2099 4135 2348 4201 quoniam
2379 4133 2680 4187 veneranda
2710 4133 2917 4185 videtur
2935 4146 3053 4185 esse
3078 4130 3434 4199 philoSophia,

1856 4225 2094 4284 addidit;
2126 4224 2190 4277 Et
2215 4226 2418 4278 inanem
2440 4224 2720 4295 fallaciam.
2753 4222 2849 4277 Est
2880 4224 3024 4276 enim
3056 4222 3193 4275 bona
3224 4234 3438 4290 quoquo

1854 4315 2102 4384 dect-ptio
2124 4323 2177 4368 et
2205 4315 2377 4369 bonus
2396 4315 2567 4379 dolus,
2588 4330 2695 4383 quo
2713 4313 2860 4366 tuulti
2883 4321 3007 4366 sunt
3025 4311 3256 4379 decepti,
3275 4326 3436 4380 quem

1858 4424 1962 4462 non
1995 4408 2254 4461 fallaciam
2284 4407 2498 4475 quidem
2544 4413 2636 4460 aut
2683 4403 3058 4472 deceptionem
3089 4410 3302 4470 oportet
3339 4416 3436 4454 vo-

1857 4513 2015 4553 care:
2045 4499 2111 4552 de
2150 4514 2253 4567 qua
2304 4498 2432 4551 dicit
2476 4496 2758 4558 Jeremias,
2791 4493 3040 4561 Decepisti
3071 4509 3168 4556 me,
3198 4490 3437 4556 Domine,

1860 4578 1904 4645 ἐι
1929 4593 2165 4661 deceptus
2192 4608 2301 4644 snm
2337 4588 2468 4658 (λεν.
2501 4588 2590 4643 20.
2619 4588 2696 4658 7).
2724 4587 2853 4641 Nam
2882 4585 3024 4655 quod
3051 4596 3134 4640 est
3160 4585 3440 4654 hujusmu—

1857 4683 1935 4745 di,
1959 4699 2025 4738 ne
2053 4682 2298 4752 deceptio
2323 4682 2534 4753 quidem
2560 4680 2843 4736 dicendum
2867 4687 2969 4734 est.
2991 4678 3122 4732 Nam
3150 4689 3204 4732 et
3234 4687 3439 4747 patrem

1860 4788 2013 4826 suum
2042 4772 2255 4843 decepit
2292 4772 2478 4836 Jacob,
2513 4771 2606 4826 sed
2638 4785 2743 4825 non
2776 4778 2892 4823 erat
2933 4767 3202 4838 deccptio,
3251 4783 3438 4822 verunt

1861 4865 2210 4932 dispensatio.
2246 4863 2347 4916 Per
2367 4862 2762 4933 philosophiam,
2789 4861 2980 4929 inquit,
2999 4868 3044 4913 et
3065 4860 3268 4912 inanem
3288 4858 3446 4928 [alla-

1861 4956 2014 5016 ciam,
2042 4953 2317 5007 secundant
2347 4954 2670 5007 traditionem
2715 4951 2998 5013 hominum,
3038 4949 3314 5003 secundum
3343 4949 3446 5002 elc-

1865 5054 2032 5099 utenta
2053 5044 2251 5110 mundi,
2275 5053 2320 5097 et
2344 5060 2443 5096 non
2469 5041 2744 5096 secundant
2772 5041 3046 5094 Christum.

1939 5135 2318 5189 Observationes
2345 5134 2558 5188 dierum.
2583 5162 2657 5173 —
2677 5131 2796 5187 Jam
2827 5132 3041 5200 attingit
3069 5129 3445 5200 reprehensio-

1867 5242 1992 5281 nem
2017 5227 2227 5282 dierum
2252 5224 2640 5280 observationis
2659 5223 2756 5292 (a),
2777 5222 3043 5276 elementa
3062 5221 3245 5275 mundi
3262 5219 3450 5274 dicens

1868 5319 2038 5372 solem
2069 5328 2123 5372 et
2151 5317 2366 5371 lunam:
2408 5316 2548 5369 sicut
2588 5313 2748 5368 etiam
2789 5311 3002 5366 dicebat
3021 5311 3084 5364 in
3114 5309 3351 5381 Epistola
3377 5309 3447 5365 ad

1870 5405 2114 5462 Galatas:
2141 5404 2404 5471 Quomodo
2450 5402 2800 5457 convertimini
2842 5400 2912 5454 ad
2957 5399 3163 5467 inﬁrma
3198 5408 3246 5454 et
3290 5415 3446 5469 egena

1935 5583 2108 5654 («me
2128 5584 2317 5654 dim
2338 5580 2776 5654 ριιειδτνειίουίδυεη
2793 5558 3116 5654 sua
3132 5573 3458 5654 retonent

1872 5633 2110 5714 ρβὶδὶίιίον
2132 5646 2264 5714 et.“
2279 5643 2447 5714 ,Ξιιιιιιξει
2476 5656 2630 5714 “se!”
2664 5633 2853 5714 δεξιτέιιέ.
2873 5633 3457 5714 ντέἒξίῖφὶιέἱενηὲιὲἓὲἓ

1869 5695 1999 5754 dicta
2035 5695 2150 5754 sunt
2186 5707 2235 5754 in
2278 5705 2344 5753 Su
2363 5695 2628 5766 iplemento
2652 5703 2709 5752 ad
2744 5695 3090 5763 Antiquitatem
3116 5695 3453 5762 ermotum:

1872 5781 1982 5816 uuae
2004 5767 2144 5816 adeat
2176 5769 2260 5816 aui
2285 5722 2508 5816 voiuerit.

1872 5781 1982 5831 quae
2004 5779 2144 5816 adeat
2176 5779 2260 5831 qut
2285 5779 2508 5817 νυιιιιεηι.
