4050 6324
675 371 779 428 339

677 485 850 538 mundi
869 485 1108 538 elementa
1130 483 1270 554 (Cal.
1295 486 1348 539 ι.
1375 483 1474 552 9)?
1503 483 1569 538 Et
1590 499 1695 538 non
1722 483 1871 548 dixit,
1903 483 2115 540 Dierum
2140 482 2237 536 ob-

675 574 1020 640 seﬂationes,
1045 574 1142 628 sed
1167 574 1386 627 omnino
1414 573 1595 627 mundi
1635 572 1928 643 pauentis,
1963 579 2020 624 nt
2048 581 2235 625 oston.

673 665 764 718 dat
787 679 944 732 quam
975 665 1044 717 sit
1067 680 1152 718 res
1180 665 1297 718 vilis
1317 682 1330 716 :
1349 680 1470 717 nam
1489 665 1532 716 si
1552 664 1779 716 mundus
1799 663 2044 725 nihilost,
2071 661 2239 714 multo

673 755 839 822 magis
864 757 1144 807 elementa.
1177 754 1309 809 Cum
1337 769 1466 823 ergo
1503 754 1820 807 Ostettdisset
1861 767 2017 818 quam
2061 749 2239 804 multis

671 845 843 899 affecti
889 845 1083 898 fuerint
1122 846 1428 908 beneﬂciis,
1474 855 1598 897 tunc
1641 843 1791 896 all‘ort
1820 839 2235 904 accusationem,

673 942 734 987 ut
762 934 1014 1002 majorem
1041 936 1306 993 ostendat,
1339 943 1390 986 et
1421 943 1602 1001 arguat
1629 931 1916 984 auditores.
1948 931 2056 983 lloc
2076 931 2236 982 etiam

673 1040 885 1088 semper
912 1022 1112 1078 l'acinnt
1143 1025 1447 1091 prophetze:
1476 1024 1620 1090 prius
1645 1021 1929 1074 o~tendnnt
1959 1020 2232 1082 beneﬁcia,

670 1122 724 1165 et
747 1123 869 1165 tunc
896 1125 1094 1180 augent
1119 1116 1486 1174 accusatione;
1521 1115 1658 1165 sicut
1700 1113 1827 1164 dicit
1859 1110 2039 1174 Isaias,
2075 1109 2237 1162 Filios

670 1203 819 1271 genui
847 1212 892 1254 ct
916 1203 1158 1265 exaltari,
1186 1204 1284 1270 ipsi
1313 1199 1427 1254 'vero
1460 1220 1535 1254 me
1563 1213 1851 1268 spreverunt
1883 1201 2036 1272 (lsai.
2071 1202 2119 1253 l.
2139 1199 2194 1266 2)
2219 1216 2234 1263 ;

670 1301 726 1345 et
751 1308 953 1355 rursus,
1001 1292 1199 1360 Popule
1228 1309 1388 1357 meus,
1429 1293 1550 1361 quid
1589 1293 1684 1358 feci
1729 1292 1836 1356 tibi,
1868 1301 1956 1343 aut
1985 1291 2036 1343 in
2066 1306 2161 1358 quo
2193 1299 2240 1342 te

671 1383 843 1434 dolore
861 1381 1028 1448 τίθει-ἱ,
1061 1393 1104 1436 et
1132 1385 1219 1435 tibi
1250 1385 1485 1436 molestus
1511 1385 1585 1451 {ui
1612 1381 1795 1452 (Hich.
1828 1383 1877 1436 6.
1911 1381 2012 1451 3)?
2046 1390 2101 1434 et
2129 1381 2235 1432 Da—

673 1471 758 1522 vid
786 1483 838 1522 tu
874 1486 974 1537 qua
1015 1472 1085 1524 tlo
1109 1471 1259 1534 dicit,
1291 1472 1540 1524 Exaudivi
1566 1482 1612 1523 te
1631 1473 1684 1522 in
1724 1471 2013 1523 abscondito
2042 1479 2236 1536 tempe-

670 1560 813 1611 statis
843 1557 1012 1623 (I’sal.
1045 1559 1132 1612 80.
1166 1562 1252 1627 8);
1282 1569 1334 1613 et
1365 1575 1570 1623 rursus,
1611 1560 1760 1624 Aperi
1787 1575 1841 1610 os
1875 1569 2033 1622 tuum,
2063 1568 2107 1609 et
2136 1558 2234 1608 int-

674 1651 818 1717 plebo
838 1645 982 1700 illud.
1019 1636 1086 1701 Et
1115 1651 1307 1717 tibique
1349 1650 1429 1703 sic
1456 1649 1713 1702 invenies.
1746 1647 1885 1717 Ergo
1915 1647 2118 1701 etiamsi
2151 1645 2226 1698 illi

617 1776 622 1781 .
649 1739 958 1806 quidquam
987 1738 1246 1802 dicerem,
1281 1753 1388 1792 non
1421 1737 1729 1808 persuaderi
1763 1745 2064 1807 oporteret;
2096 1749 2237 1788 nunc

669 1839 866 1892 autem,
915 1831 1073 1880 etiant
1116 1829 1317 1896 absque
1365 1829 1657 1892 beneticiis,
1689 1828 1774 1882 illa
1800 1836 2008 1896 oportet
2033 1826 2234 1893 lugere.

672 1918 735 1971 Et
764 1937 862 1972 non
890 1921 1167 1974 secundum
1186 1920 1461 1974 Christum.
1494 1919 1624 1974 Nam
1654 1920 1753 1974 etsi
1776 1921 1845 1973 ita
1868 1933 1955 1972 res
1979 1932 2038 1972 se
2067 1916 2235 1970 babe-

669 2019 750 2063 ret
771 2021 826 2063 ut
854 2013 1080 2079 possetis
1105 2021 1154 2065 et
1189 2011 1310 2065 huic
1348 2024 1400 2066 et
1443 2012 1516 2065 illi
1556 2011 1778 2074 servire,
1821 2025 1886 2064 ne
1915 2011 1992 2062 sic
2018 2007 2233 2077 quidem

669 2111 972 2169 oporteret:
999 2118 1136 2156 nunc
1178 2113 1357 2156 autem
1388 2118 1491 2154 non
1537 2103 1718 2154 sinunt
1753 2100 1841 2154 illa
1876 2113 1972 2153 vos
1998 2112 2118 2153 esse
2144 2113 2234 2152 se-

667 2190 898 2244 cundum
927 2192 1193 2245 Christum
1218 2210 1232 2244 :
1263 2208 1323 2244 ea
1352 2206 1446 2244 vos
1476 2191 1598 2245 inde
1623 2190 1910 2245 abducunt.
1929 2189 2060 2244 Cum
2089 2187 2238 2256 prius

668 2281 878 2334 Cra-cas
907 2282 1270 2336 labelactasset
1289 2282 1709 2341 observationes.
1743 2289 1867 2332 tunc
1892 2278 2052 2332 etiam
2081 2290 2238 2331 ever-

670 2372 733 2424 tit
760 2369 1018 2424 iudaicas.
1051 2370 1182 2424 Nam
1211 2383 1266 2425 et
1293 2370 1467 2425 Graeci
1498 2379 1550 2423 et
1575 2369 1741 2422 «Ιυάιεί
1788 2369 1934 2436 plura
1975 2368 2234 2419 observa-

669 2458 825 2522 bant;
858 2460 948 2511 sed
979 2459 1052 2512 illi
1079 2459 1292 2527 quidem
1321 2474 1385 2512 ex
1417 2457 1769 2526 philosophia,
1791 2456 1846 2510 hi
1865 2470 2072 2510 veroex
2095 2456 2234 2524 lege.

669 2548 824 2602 Prius
853 2564 978 2618 ergo
1017 2548 1222 2600 accedit
1260 2548 1325 2601 ad
1364 2563 1478 2610 eos,
1522 2548 1659 2614 apud
1697 2561 1832 2614 quos
1860 2546 2056 2613 majora
2083 2552 2237 2598 erant

668 2639 984 2692 accusanda.
1035 2638 1332 2705 Quomodo,
1386 2637 1505 2690 Non
1551 2639 1821 2689 secundum
1862 2634 2153 2689 Christum!
2179 2634 2234 2688 9.

672 2727 805 2792 Quia
833 2729 884 2781 in
911 2730 1019 2794 ipso
1048 2728 1235 2780 habitat
1263 2727 1424 2780 omnis
1455 2727 1710 2794 plenitudo
1753 2725 2024 2777 divinitatis
2061 2740 2238 2793 corpo~

671 2819 880 2883 raliter;
912 2818 998 2872 {0.
1039 2829 1087 2871 et
1121 2819 1237 2870 estis
1265 2817 1315 2869 in
1342 2817 1431 2870 illo
1455 2815 1649 2885 repleti,
1696 2817 1780 2884 qui
1808 2825 1876 2867 est
1899 2824 2047 2890 caput
2076 2813 2238 2866 omnis

672 2912 985 2981 principatus
1014 2919 1062 2963 et
1088 2908 1362 2976 potestatis.

739 3001 794 3056 2.
836 2999 968 3053 Vide
989 2997 1263 3068 quomodo
1284 2999 1336 3051 in
1366 3011 1553 3051 eorum
1582 2996 1925 3050 accusatione
1951 2993 2080 3046 illud
2104 3007 2238 3047 con-

674 3090 823 3154 fodit,
859 3090 1003 3158 prius
1044 3103 1248 3158 ponens
1273 3087 1613 3148 solutionem,
1636 3097 1684 3138 et
1711 3095 1832 3138 tunc
1862 3084 2234 3151 objectionem.

673 3178 888 3232 Minime
917 3177 1057 3229 enim
1089 3185 1332 3244 suspecta
1364 3183 1446 3226 est
1473 3174 1587 3226 haec
1620 3173 1832 3232 solutio,
1863 3182 1917 3224 et
1947 3177 2112 3240 magis
2140 3172 2234 3224 ad-

673 3268 832 3322 mittit
853 3265 1084 3328 anditor,
1114 3274 1294 3332 utpote
1335 3277 1456 3316 cum
1498 3263 1586 3331 qui
1631 3262 1783 3323 d:cit,
1818 3277 1920 3313 non
1951 3261 2016 3313 ad
2050 3261 2100 3312 id
2128 3270 2239 3312 stu-

673 3357 819 3410 dium
847 3353 1104 3409 conferat.
1135 3353 1264 3406 Nam
1292 3353 1398 3406 illic
1419 3353 1632 3420 quidem
1663 3353 1824 3404 etiam
1858 3349 2131 3403 contendit
2172 3362 2240 3402 ne

676 3446 948 3507 vitientur;
980 3444 1063 3496 hic
1089 3453 1262 3496 autem
1294 3443 1530 3493 minime.
1554 3440 1682 3504 Quia
1699 3439 1749 3490 in
1770 3441 1878 3506 ipso
1900 3439 2106 3489 habitat.
2130 3436 2240 3489 Hoc

673 3545 775 3598 est,
800 3533 922 3603 quia
955 3535 1090 3586 Dens
1116 3533 1167 3585 in
1199 3532 1314 3599 ipso
1343 3530 1566 3583 habitat.
1595 3528 1698 3582 Sed
1725 3544 1791 3582 ne
1819 3527 2093 3580 existimes
2115 3542 2236 3579 eum

675 3640 794 3678 esse
836 3624 1146 3676 conclusum
1174 3632 1442 3688 tamquam
1492 3621 1543 3672 itt
1591 3634 1833 3686 corpore,
1863 3618 2027 3671 dicit:
2061 3618 2237 3671 Omnis

677 3713 935 3782 plenitudo
963 3711 1235 3763 divinitatis
1257 3709 1616 3776 corporaliter;
1638 3718 1684 3759 et
1709 3709 1824 3759 estis
1850 3708 1900 3759 in
1923 3706 2012 3758 illo
2041 3707 2238 3775 repleti.

676 3803 780 3858 Alii
805 3803 951 3855 aiunt
971 3816 1091 3853 eunt
1113 3799 1291 3853 dicere
1322 3797 1612 3851 Ecclesium
1631 3796 1697 3849 ab
1711 3796 1826 3864 ejus
1855 3796 2132 3848 divinitate
2158 3812 2243 3848 re-

678 3894 895 3962 pletam,
926 3891 1066 3942 sicut
1093 3889 1216 3941 alibi
1245 3887 1392 3948 dicit,
1426 3887 1523 3949 Qui
1543 3868 1710 3938 onuiia
1738 3886 1907 3953 intplet
1935 3885 1986 3935 in
2015 3885 2242 3936 omnibus

678 3985 895 4054 (Ephes.
927 3983 977 4035 l.
1008 3980 1133 4047 23);
1155 3977 1506 4047 c0rporaltter
1532 3984 1731 4037 autem,
1759 3985 2020 4042 tamquam
2046 3989 2243 4040 corpus

679 4075 732 4128 in
752 4073 943 4141 capite.
977 4067 1256 4135 Quomodo
1284 4080 1410 4135 ergo
1433 4080 1537 4118 non
1564 4064 1854 4131 subjttnsit,
1878 4063 2005 4130 Qu:e
2035 4073 2115 4115 est
2139 4061 2246 4115 Ec-

677 4160 872 4216 clesia?
897 4157 1123 4224 Quidam
1152 4155 1300 4208 aiunt
1328 4170 1448 4208 eum
1478 4154 1543 4207 de
1564 4152 1717 4206 Patre
1732 4152 1932 4216 dicere,
1955 4151 2244 4205 divinitatis

671 4249 1062 4319 plenitudinem
1085 4247 1136 4298 in
1153 4245 1270 4311 ipso
1293 4245 1557 4306 habitare;
1580 4243 1672 4295 sed
1695 4257 1988 4310 perperam.
2011 4241 2243 4294 Primum

681 4340 914 4410 quidem.
949 4337 1068 4405 quia
1103 4335 1344 4387 habitare
1374 4349 1478 4386 non
1511 4334 1724 4401 proprie
1753 4333 1945 4384 dicitur
1982 4331 2050 4384 de
2096 4334 2242 4386 Deo:

683 4428 918 4486 secundo
942 4427 1061 4497 quia
1094 4425 1364 4496 plenitudo
1391 4439 1493 4478 non
1524 4432 1604 4477 est
1631 4439 1748 4492 qua:
1784 4423 2098 4491 suscipitur;
2124 4437 2245 4476 nam

647 4517 661 4531 '
686 4519 891 4573 Domini
915 4526 986 4571 est
1017 4527 1172 4580 terra,
1213 4524 1260 4568 et
1301 4514 1558 4576 plenitudo
1595 4516 1704 4582 ejus
1733 4512 1901 4582 (Psal.
1942 4513 2033 4567 23.
2069 4515 2159 4582 l);
2191 4523 2246 4576 et

685 4621 871 4664 rursus
903 4605 1207 4673 Apostolus,
1239 4601 1408 4657 Donec
1437 4604 1696 4673 plenitudo
1736 4604 1959 4672 gentium
1997 4606 2248 4657 advenerit

684 4697 857 4768 (Rom.
890 4698 977 4751 ll.
1007 4695 1124 4766 25).
1153 4694 1344 4749 Totum
1373 4693 1569 4747 dicitur
1591 4693 1880 4764 plenitudo.
1905 4693 2102 4748 Deinde
2119 4694 2246 4763 quid

683 4789 786 4843 sibi
812 4789 926 4842 vult
953 4787 1103 4850 illud,
1131 4785 1510 4857 Corporaliter.’
1534 4785 1681 4838 Sicut
1708 4786 1759 4837 in
1788 4785 1982 4853 capite.
2018 4785 2127 4839 Cur
2151 4802 2248 4840 au-

686 4888 793 4932 tem
820 4891 1003 4931 rursus
1032 4876 1169 4930 idem
1219 4876 1368 4939 dicit,
1402 4874 1466 4926 Et
1505 4875 1620 4926 estis
1655 4874 1706 4926 in
1734 4874 1822 4926 illo
1850 4874 2067 4941 repleti?
2108 4875 2246 4941 Quid

684 4981 814 5036 ergo
843 4965 971 5021 illud
1012 4966 1127 5019 est?
1154 4965 1285 5032 Quia
1315 4964 1443 5016 nihil
1474 4964 1648 5016 minus
1681 4964 1882 5018 habetis
1921 4980 2076 5034 quam
2120 4967 2246 5020 ille:

686 5049 822 5110 sicut
857 5056 909 5109 in
942 5056 1032 5108 illo
1079 5054 1360 5114 habitavit,
1409 5054 1478 5105 ita
1527 5052 1686 5106 etiam
1731 5053 1782 5105 in
1824 5053 1991 5107 vobis.
2023 5053 2248 5123 Semper

687 5146 828 5199 enim
857 5141 1357 5196 contendit‘Panlus
1387 5149 1444 5192 ut
1487 5155 1582 5192 nos
1611 5140 1836 5193 adducat
1878 5155 2046 5210 proltc
2085 5143 2246 5196 Chri-

685 5244 862 5288 stum:
893 5241 948 5284 ut
973 5231 1186 5298 quando
1222 5229 1368 5294 dicit,
1413 5228 1848 5294 Conresuscitavit,
1893 5241 1941 5283 et
1979 5232 2247 5285 consedere

689 5326 805 5393 fecit
831 5322 1040 5393 (Ephes.
1064 5321 1119 5374 2.
1145 5322 1232 5390 ti);
1263 5329 1338 5383 et,
1383 5320 1442 5374 Si
1471 5321 1872 5386 sustinuerimus,
1901 5330 1948 5373 et
1972 5338 2248 5391 conregna-

689 5415 851 5465 bitntts
889 5411 962 5481 (2.
1015 5409 1145 5464 Tim.
1189 5410 1245 5463 2.
1278 5409 1395 5476 l2);
1424 5421 1496 5472 et,
1531 5411 1793 5478 Quomodo
1837 5427 1937 5464 non
1965 5412 2112 5464 etiam
2136 5428 2250 5464 cum

685 5505 800 5570 ipso
829 5501 996 5552 omnia
1024 5499 1164 5552 nobis
1191 5501 1394 5552 donabit
1420 5498 1591 5567 (Rom.
1617 5501 1670 5554 8.
1714 5499 1804 5568 52)
1824 5507 1851 5563 ;'
1869 5515 2061 5554 vocans
2084 5501 2244 5554 etiam

691 5589 1004 5656 coheredes.
1031 5589 1229 5644 Deinde
1246 5588 1315 5644 de
1337 5589 1625 5668 dignitate:
1651 5588 1716 5642 Et
1735 5593 1841 5659 ipse
1867 5601 1936 5644 est
1965 5601 2114 5659 caput
2138 5606 2245 5643 ont-

693 5682 772 5733 uis
789 5682 1099 5750 principatus
1116 5691 1167 5735 et
1185 5683 1438 5750 potestatis
1458 5680 1506 5754 (l
1514 5681 1616 5734 bid.
1651 5697 1699 5734 ν.
1727 5683 1835 5753 l7).
1856 5683 1954 5748 Qui
1975 5693 2056 5738 est
2081 5698 2238 5749 snpe-

1407 372 1460 426 S.
1497 369 1766 426 JOANNIS
1790 366 2256 425 CIIRYSOSTOMI
2296 366 2606 422 ARCIIIEP.
2649 368 3172 427 CONSTANTINOP.

3811 381 3904 437 330

2345 481 2454 534 rior
2473 480 2737 545 omnibus,
2757 491 2809 533 ct
2824 496 2981 534 causa
3001 483 3176 536 omnis
3198 484 3524 553 principatus
3543 497 3599 542 et
3617 493 3899 561 potestatis,

2300 583 2518 621 .annon
2569 578 2657 641 est
2697 569 3165 624 consttbstantialis
3194 571 3220 624 τ
3275 572 3478 627 Deinde
3530 576 3902 635 adutirabilner

2342 642 2612 722 sultjtm‘iit
2640 656 2980 719 beneﬁcium,
3011 667 3068 711 et
3093 660 3260 714 multo
3283 660 3650 720 admirabilius
3678 683 3832 738 quam
3857 674 3900 724 in

2345 744 2574 810 Epistula
2603 747 2668 799 ad
2699 748 2986 801 Romanos.
3019 748 3150 802 Nam
3201 751 3313 806 illic
3362 753 3578 823 quidem
3625 759 3772 821 dicit,
3800 761 3898 811 (fir-

2343 839 2580 890 cumcisio
2608 839 2773 890 cordis
2821 839 2874 891 in
2919 840 3123 906 spiritu,
3170 857 3271 894 non
3317 843 3458 896 litera
3492 844 3664 914 (Rom.
3696 846 3749 901 2.
3779 847 3899 912 29;;

2344 926 2429 978 ltic
2454 937 2648 987 autem.
2695 927 2759 979 In
2803 928 3019 982 Christo.
3068 931 3156 985 Η.
3199 930 3264 984 In
3293 949 3390 1000 quo
3416 945 3463 986 et
3491 937 3770 990 circumcisi
3796 948 3901 991 estis

2342 1017 2713 1070 circumcisione
2738 1035 2837 1071 non
2864 1035 3013 1071 manu
3039 1019 3196 1086 facta,
3229 1022 3280 1073 in
3304 1023 3668 1090 exspoliatione
3690 1032 3901 1096 corporis

2345 1115 2656 1168 peccatorum
2681 1110 2869 1171 carnis,
2899 1110 2986 1162 sed
3023 1111 3076 1161 in
3118 1111 3495 1165 circumcisione
3532 1113 3734 1168 Christi.
3783 1118 3902 1171 \‘ide

2342 1197 2608 1263 quomodo
2629 1197 2869 1263 proxime
2890 1198 2955 1250 ad
2982 1213 3095 1251 rem
3121 1200 3346 1253 accedit.
3382 1201 3536 1265 Dicit,
3563 1201 3628 1256 In
3654 1206 3899 1272 “spolia-

2344 1286 2509 1348 tione;
2543 1300 2644 1337 nou
2672 1287 2823 1348 dixit,
2851 1288 2906 1340 In
2937 1290 3276 1356 spoliatione.
3304 1289 3543 1360 Corporis
3570 1305 3898 1362 peccatorum:

2344 1386 2576 1429 veterem
2599 1376 2727 1428 dicit
2753 1377 2936 1430 vitam.
2974 1377 3168 1430 Eadem
3212 1377 3426 1434 assidue
3453 1388 3507 1434 et
3535 1384 3682 1436 varie
3707 1395 3896 1447 versat,

2342 1466 2477 1517 sicut
2501 1467 2741 1535 superius
2765 1465 3008 1519 dicebat:
3035 1467 3133 1531 Qui
3157 1469 3340 1536 eripuit
3371 1486 3460 1523 nos
3487 1486 3521 1522 a
3558 1480 3793 1539 potestate
3819 1483 3890 1525 lc-

2342 1555 2628 1617 nebrarnnt,
2655 1566 2702 1609 et
2725 1558 3036 1610 abalienatos
3064 1559 3400 1611 reconciliauit
3427 1568 3480 1612 ut
3507 1576 3724 1616 essemus
3748 1565 3899 1617 εωιαί

2341 1654 2387 1696 et
2412 1645 2652 1712 inculpati
2682 1645 2817 1712 (Col.
2851 1647 2903 1700 1.
2933 1648 3046 1713 l3).
3076 1646 3189 1700 Non
3219 1649 3467 1716 amplius,
3498 1650 3688 1720 inquit,
3719 1656 3767 1705 itt
3790 1654 3897 1722 gla-

2339 1734 2430 1788 dio
2455 1745 2535 1788 est
2558 1736 2913 1800 circumcisio,
2959 1736 3052 1790 sed
3100 1738 3152 1790 in
3195 1737 3311 1805 ipso
3342 1738 3599 1793 Christo:
3633 1756 3736 1794 non
3765 1746 3897 1794 enim

2341 1840 2527 1880 manus
2554 1825 2734 1892 infert,
2776 1828 2914 1880 sicut
2941 1827 3069 1891 illic,
3118 1826 3258 1881 hanc
3301 1827 3781 1894 circumcisionem,
3811 1834 3897 1886 sed

2339 1915 2588 1984 spiritus:
2621 1930 2725 1968 non
2753 1925 2982 1983 partem,
3009 1915 3102 1969 sed
3130 1925 3299 1969 totum
3331 1916 3600 1972 hominem
3625 1920 3899 1974 circumci-

2340 2006 2438 2058 dit.
2467 2004 2670 2073 Corpus
2698 2014 2782 2059 est
2808 2015 2861 2059 et
2891 2005 3014 2071 hoc,
3049 2017 3104 2060 et
3131 2019 3328 2074 corpus
3353 2015 3438 2060 est
3465 2007 3624 2073 illud;
3657 2010 3747 2065 sed
3779 2010 3898 2063 illud

2339 2095 2552 2164 quidem
2579 2109 2762 2156 carne,
2802 2094 2904 2147 hoc
2931 2109 3059 2148 vero
3103 2095 3455 2168 spiritualiter
3490 2097 3898 2165 circumciditur,

2339 2183 2432 2236 sed
2462 2199 2566 2237 non
2596 2184 2733 2236 sicut
2759 2182 2926 2236 Judaei
2954 2199 2968 2237 :
2992 2198 3095 2237 non
3128 2184 3268 2237 enim
3299 2200 3538 2250 carnem,
3564 2187 3658 2241 sed
3691 2200 3896 2256 peccat:-

2339 2272 2584 2326 esuistis.
2607 2272 2830 2338 Quando
2849 2280 2904 2326 et
2922 2272 3225 2341 quomodo’
3243 2273 3298 2326 ln
3324 2273 3659 2341 baptismate.
3689 2275 3897 2343 thnod

2341 2372 2495 2414 vocat
2523 2363 3008 2423 circumcisionem,
3036 2371 3190 2416 vocat
3231 2363 3391 2416 etiam
3431 2364 3754 2430 sepulcrum.
3778 2365 3900 2418 Vide

2341 2452 2608 2520 quomodo
2635 2467 2820 2505 rursus
2851 2453 3043 2506 transit
3083 2452 3148 2506 ad
3187 2453 3613 2520 iustiﬁcationes.
3668 2455 3900 2509 l’cccato-

2340 2560 2474 2610 runt,
2498 2544 2689 2612 inquit,
2713 2545 2903 2607 carnis,
2925 2560 3044 2614 qua:
3072 2543 3313 2598 fecerunt
3341 2544 3392 2597 itt
3419 2559 3603 2600 carne.
3636 2545 3772 2600 Dicit
3796 2564 3901 2600 na-

2339 2635 2428 2705 jus
2454 2634 2892 2689 circumcisione:
2925 2648 3032 2686 non
3073 2633 3215 2688 enim
3254 2634 3502 2701 jecerunt
3547 2635 3599 2688 id
3645 2636 3784 2704 quod
3825 2647 3902 2689 ist

2341 2727 2755 2786 circumcisum.
2814 2724 2907 2778 sed
2961 2725 3342 2794 perdiderunt,
3394 2725 3488 2778 sed
3537 2741 3898 2796 corruperunt.

2343 2815 2431 2868 η.
2489 2814 2779 2880 Consepulti
2827 2815 2893 2878 ei,
2941 2815 3130 2882 inquit,
3180 2814 3232 2867 in
3276 2815 3558 2884 baptismo,
3609 2817 3666 2870 in
3719 2834 3812 2885 quo
3861 2829 3902 2870 ct

2346 2904 2726 2959 ronsurrexistis
2775 2919 2866 2971 per
2916 2902 3068 2965 ﬁdem
3109 2905 3414 2973 operationis
3451 2904 3564 2969 Dei,
3591 2907 3679 2975 qui
3701 2909 3904 2960 suscita-

2342 2995 2410 3047 vit
2450 2995 2643 3045 illuma
2671 2995 2900 3045 mortuis.
2944 2993 3048 3047 Sed
3078 3009 3180 3046 non
3226 3004 3309 3048 est
3349 2996 3521 3049 solum
3561 2998 3901 3066 sepulcrum:

2342 3084 2463 3136 vide
2490 3083 2630 3136 enim
2659 3083 2782 3153 quid
2825 3083 2987 3146 dicat,
3020 3082 3086 3134 In
3113 3099 3213 3147 quo
3240 3094 3286 3136 et
3312 3087 3697 3139 consurrexistis
3727 3104 3815 3156 per
3841 3092 3903 3150 li-

2342 3174 2454 3227 dem
2480 3175 2781 3241 operationis
2811 3171 2922 3236 Dei,
2953 3174 3311 3242 quisuscitaeit
3341 3175 3483 3228 illaut
3503 3193 3536 3228 a
3554 3179 3783 3232 mortuis.
3805 3178 3904 3231 Re-

2342 3276 2427 3317 cte
2447 3265 2573 3316 dixit
2596 3279 2611 3326 ;
2642 3273 2807 3316 totum
2831 3266 2972 3317 enim
2994 3275 3080 3317 est
3103 3265 3246 3317 ﬁdei.
3271 3265 3584 3320 Credidistis
3607 3270 3749 3336 quod
3775 3271 3906 3323 Deos

2347 3363 2518 3420 potest
2547 3355 2840 3417 suscitare;
2870 3365 2918 3405 et
2949 3353 3017 3405 ita
3045 3355 3284 3406 suscitati
3304 3355 3452 3406 estis.
3478 3356 3682 3411 Deinde
3706 3361 3904 3427 etquod

2344 3453 2424 3496 est
2453 3442 2554 3494 fide
2581 3441 2797 3510 dignum
2824 3456 2838 3497 :
2870 3440 2968 3504 Qui
2992 3442 3268 3499 suscitat-it.
3319 3444 3505 3511 inquit,
3553 3446 3699 3498 illunt
3718 3466 3749 3498 α
3777 3465 3906 3500 mor-

2344 3535 2460 3584 tuis.
2485 3532 2600 3585 Jant
2645 3531 2876 3583 ostendit
2921 3531 3360 3585 resmrectionem
3396 3551 3411 3586 :
3449 3534 3532 3588 l5.
3568 3533 3633 3586 Et
3682 3552 3766 3588 vos
3798 3553 3905 3589 cum

2344 3622 2529 3674 mortui
2561 3622 2734 3673 essetis
2759 3623 2811 3672 in
2837 3621 3032 3672 delictis
3056 3631 3103 3672 et
3126 3622 3375 3690 prwputio
3396 3624 3566 3677 carnis
3589 3635 3782 3691 restria,
3801 3643 3907 3679 con-

2344 3711 2608 3776 viviﬁeavit
2638 3725 2750 3760 cum
2776 3709 2882 3760 illa.
2912 3709 3087 3762 Eratis
3124 3710 3266 3762 enim
3298 3713 3453 3764 morti
3483 3712 3717 3778 obnoxii,
3763 3716 3904 3782 Quod

2345 3799 2388 3853 si
2417 3801 2575 3851 etiam
2605 3799 2800 3851 mortui
2851 3800 3065 3863 essetis,
3098 3813 3202 3853 non
3232 3799 3447 3867 frustra,
3477 3801 3571 3854 sed
3600 3802 3711 3856 utili
3741 3814 3907 3858 morte

2347 3889 2536 3941 essetis
2566 3889 2778 3939 mortui.
2828 3886 2961 3940 \‘ide
2986 3887 3254 3955 quomodo
3291 3903 3480 3943 rursus
3507 3893 3741 3944 ostendit
3765 3910 3907 3962 qum-

2349 3993 2469 4032 nam
2494 3986 2645 4030 erant
2677 3978 2872 4041 meriti,
2904 3993 2997 4046 per
3021 3993 3083 4030 ea
3113 3994 3232 4047 qua:
3253 3980 3557 4047 snhjnnxit:
3585 3981 3792 4037 Danaus
3821 4002 3907 4036 no-

2349 4067 2423 4120 bis
2473 4068 2641 4120 omnia
2670 4067 2872 4130 delicta,
2919 4068 3006 4120 ﬂ.
3047 4069 3215 4122 delens
3243 4068 3379 4137 quod
3417 4069 3658 4123 adversus
3696 4088 3787 4124 nos
3811 4084 3908 4124 erat

2349 4160 2734 4228 chiragraphum
2772 4159 2976 4222 decreti,
3008 4159 3144 4226 quod
3169 4169 3278 4211 erat
3320 4161 3629 4212 contrarium
3670 4161 3840 4223 nobis;
3867 4172 3909 4213 et

2349 4249 2512 4316 ipsum
2536 4248 2647 4300 tulit
2674 4247 2736 4298 de
2762 4247 2944 4310 medio,
2967 4247 3171 4316 ndigens
3200 4248 3331 4299 illud
3354 4250 3489 4300 cruci
3504 4264 3523 4310 ,'
3549 4249 3636 4302 15.
3662 4262 3711 4304 et
3731 4267 3907 4321 exspo-

2351 4340 2480 4393 lians
2507 4338 2818 4406 principatus
2838 4347 2884 4388 et
2909 4347 3195 4404 potestates,
3228 4339 3449 4392 traduxit
3488 4342 3796 4405 conﬁdenter
3819 4361 3909 4412 pa-

2351 4429 2475 4491 lam,
2501 4427 2816 4493 triumphans
2847 4426 2962 4477 illos
2983 4427 3035 4478 in
3059 4428 3344 4495 semetipso.
3388 4425 3600 4482 Donans
3639 4430 3798 4493 nobis,
3831 4432 3910 4483 iu-

2351 4517 2482 4584 quit,
2512 4514 2680 4566 omnia
2725 4514 2928 4567 delicta.
2959 4515 3251 4580 Qua-nam?
3276 4516 3405 4580 Quae
3443 4516 3744 4572 efﬁciebant
3770 4535 3907 4572 mor-

2353 4606 2630 4658 talitatem.
2663 4604 2726 4657 Et
2751 4603 2910 4672 quid?
2950 4603 3144 4656 sivitne
3169 4620 3229 4657 ea
3262 4605 3514 4658 manere?
3541 4605 3904 4677 Nequaquam,

2353 4696 2447 4751 sed
2476 4696 2688 4757 delevit,
2720 4710 2824 4748 non
2857 4694 3030 4748 solum
3058 4696 3336 4762 exputtxit,
3367 4695 3461 4748 sed
3489 4695 3714 4762 delet-it,
3763 4699 3831 4751 ita
3859 4709 3907 4752 nt

2354 4803 2459 4843 non
2487 4797 2827 4855 apparerent.
2857 4785 2912 4839 In
2943 4785 3196 4846 decretis.
3228 4787 3417 4855 inquit,
3440 4800 3533 4840 seu
3559 4787 3908 4857 dogmatibus.

2355 4878 2410 4933 In
2464 4875 2811 4945 quibusnam?
2843 4875 2899 4928 In
2950 4875 3071 4928 ﬁde.
3105 4874 3312 4928 Stthll
3354 4891 3482 4945 ergo
3512 4878 3750 4931 credere.
3800 4877 3906 4932 Non

2353 4966 2602 5035 Operibus
2631 4979 2814 5032 opera,
2846 4963 2938 5017 sed
2968 4978 3130 5032 Opera
3170 4963 3290 5017 lldei
3322 4964 3542 5019 addidit.
3576 4965 3638 5019 Et
3665 4966 3790 5035 quid
3824 4982 3903 5035 po-

2354 5055 2502 5110 stea?
2551 5054 2872 5108 Remissioni
2919 5067 3103 5107 rursus
3146 5054 3417 5124 snhjungit
3457 5054 3798 5110 deletiottem.
3854 5057 3909 5108 Et

2351 5147 2538 5213 ipsum,
2556 5144 2740 5212 inquit.
2765 5143 2876 5194 tulit
2902 5142 2965 5194 de
2991 5143 3174 5195 medio.
3203 5142 3267 5194 Et
3295 5141 3361 5195 ne
3387 5143 3463 5194 sic
3486 5145 3698 5212 quidem
3729 5161 3881 5199 serva
3899 5175 3911 5185 -

2352 5235 2446 5292 vit.
2471 5235 2564 5288 sed
2591 5243 2644 5288 et
2672 5234 2722 5287 id
2748 5234 2997 5303 disrupit,
3025 5234 3240 5304 Affigens
3262 5235 3418 5286 cruci.
3452 5233 3756 5305 Exspolians
3781 5240 3908 5308 prin-

2353 5329 2546 5396 cipatus
2563 5336 2609 5379 et
2635 5336 2919 5396 potestates,
2945 5326 3168 5378 traduxit
3194 5327 3501 5391 conﬁdenter
3521 5329 3709 5396 palam.
3737 5333 3908 5382 frium-

2354 5419 2516 5486 phans
2543 5417 2659 5468 illos
2697 5417 2750 5468 in
2788 5417 3074 5485 semetipso.
3107 5414 3376 5484 Nusquam
3423 5417 3668 5486 loquutus
3693 5431 3773 5472 est
3806 5431 3906 5474 tant

2355 5505 2650 5575 magniﬁce.

2425 5595 2477 5648 3.
2522 5593 2679 5648 Vides
2707 5603 2956 5663 quantum
3008 5594 3241 5664 posuerit
3268 5595 3498 5650 studium
3543 5607 3600 5651 ut
3643 5597 3907 5666 deleretur

2354 5683 2798 5754 chirographum?
2819 5683 3017 5757 Nempe
3057 5699 3270 5742 eramus
3323 5701 3508 5742 omnes
3535 5687 3746 5745 obnoxii
3766 5704 3903 5752 me-
