4050 6324
94 408 176 460 311

88 535 195 578 cato
220 531 272 578 et
298 536 508 592 pusum;
558 521 672 589 ipse
725 518 938 589 punitus
979 515 1150 569 ‘solvit
1191 523 1244 568 et
1290 522 1565 581 peccatum
1609 517 1665 564 et

90 628 314 682 numam;
341 613 563 682 punitus
582 617 759 662 autem
780 609 874 662 fuit
901 607 954 662 in
981 621 1162 661 cruce.
1195 603 1306 657 Illic
1331 617 1460 671 ergo
1486 601 1659 670 ipsum

85 705 240 759 altixit
264 724 276 758 :
299 705 502 758 deinde
532 710 590 756 ut
613 701 700 770 qui
733 701 949 754 haberet
972 705 1311 766 potestatem,
1345 694 1517 762 ipsum
1551 689 1662 744 dis-

96 797 245 862 rupit.
273 794 559 861 Quodnam
608 789 1056 861 chirographum?
1103 789 1207 840 Aut
1248 784 1299 838 id
1338 784 1488 846 dicit,
1515 780 1660 852 quod

82 890 316 941 dicebant
343 886 542 955 Moysi,
583 885 926 952 Qna'cumque
966 880 1096 932 dixit
1142 875 1278 930 Deus
1327 876 1568 945 faciemus
1612 879 1659 925 et

86 978 338 1031 audiemus
370 975 571 1048 (Exod.
604 975 690 1028 Ἡ.
723 974 779 1041 3)
809 990 820 1022 :
849 981 941 1024 aut
985 970 1029 1023 si
1082 983 1186 1022 non
1219 969 1340 1028 hoc,
1373 963 1513 1033 quod
1549 963 1657 1016 Deo

84 1070 363 1124 debeamus
390 1067 752 1122 obedientiam
780 1083 792 1117 :
823 1073 912 1117 aut
940 1063 983 1116 si
1013 1079 1117 1115 non
1148 1060 1269 1121 hoc,
1306 1057 1354 1112 id
1386 1055 1527 1126 quod
1578 1064 1654 1108 te-

82 1161 512 1223 nebatdiabolus,
533 1154 942 1227 chirographum
960 1153 1101 1224 quod
1127 1153 1265 1206 Deus
1284 1151 1407 1203 l'ccit
1427 1147 1653 1210 Adamn,

78 1255 268 1315 dicens,
303 1253 420 1319 Quo
470 1252 554 1305 die
589 1268 616 1304 e
642 1252 780 1320 ligno
810 1247 1106 1310 comederis,
1161 1241 1390 1295 morieris
1419 1237 1569 1308 (Gen.
1597 1236 1651 1291 2.

80 1347 177 1414 17).
207 1345 318 1399 Hoc
348 1359 481 1414 ergo
509 1341 930 1412 chirographum
979 1336 1194 1392 tenebat
1231 1333 1495 1389 diabolus.
1547 1329 1655 1383 Nec

83 1437 126 1488 id
156 1437 304 1489 nobis
331 1435 484 1489 dedit
504 1433 772 1496 Christus,
804 1431 897 1486 sed
927 1430 1040 1498 ipse
1072 1427 1122 1481 id
1153 1425 1343 1480 scidit:
1367 1422 1509 1493 quod
1536 1420 1653 1490 qui-

76 1530 185 1585 dem
213 1540 292 1585 est
320 1529 442 1598 ejus
469 1532 555 1598 qui
579 1529 732 1582 la'tus
755 1524 994 1579 remittit.
1016 1521 1322 1590 Exspolians
1340 1515 1652 1584 principatus

72 1635 112 1676 et
142 1634 431 1692 potestates.
468 1622 765 1676 Diabolicas
787 1618 917 1673 dicit
940 1624 1266 1687 potestates:
1301 1611 1379 1666 vel
1410 1610 1532 1680 quia
1560 1624 1651 1664 eas

74 1717 305 1769 induerat
337 1717 570 1768 humana
602 1721 811 1773 natura,
862 1719 953 1764 aut
996 1708 1249 1778 quoniam
1295 1718 1386 1757 eas
1420 1699 1652 1757 habebat

73 1817 328 1877 tamquam
361 1821 571 1865 ansam,
620 1803 779 1856 homo
825 1799 996 1853 factus
1035 1796 1234 1850 amovit
1278 1808 1483 1848 ausam.
1539 1790 1650 1845 Hoc.

68 1900 158 1952 sibi
191 1898 302 1952 vult
334 1896 484 1960 illud,
509 1895 784 1950 Traduxit.
812 1893 978 1947 Recte
1000 1883 1151 1954 dixit,
1184 1886 1436 1942 Tradnxit
1455 1901 1474 1939 :
1494 1900 1650 1938 num-

67 2007 214 2059 quam
242 1990 388 2044 enim
423 1999 530 2043 tam
559 1987 785 2057 turpiter
810 1996 862 2040 et
888 1985 1140 2039 indecore
1181 1996 1240 2036 se
1268 1982 1436 2050 gessit
1461 1976 1646 2032 diabo-

69 2085 158 2135 lus.
190 2080 322 2135 Nam
351 2097 471 2136 cum
501 2096 622 2134 eum
651 2093 709 2132 se
739 2076 1040 2130 habiturum
1087 2079 1440 2140 exspectaret,
1484 2070 1646 2123 etiam

65 2183 315 2243 quotquot
337 2173 525 2226 habuit
549 2170 776 2241 perdidit
801 2188 813 2222 :
844 2177 898 2223 et
917 2181 1144 2236 corpore
1162 2164 1322 2250 al'lixo
1345 2161 1539 2216 mortui
1565 2177 1643 2215 re-

66 2268 362 2335 surgebant.
382 2267 492 2319 Illic
511 2265 701 2317 vulnus
719 2263 925 2330 accepit
947 2259 1210 2322 diabolus,
1229 2272 1348 2311 cum
1372 2255 1424 2309 id
1445 2253 1640 2309 lelltalc

64 2357 352 2424 accepisset
383 2371 409 2408 a
441 2369 667 2423 corpore
699 2362 929 2406 mortuo.
957 2351 1023 2404 Et
1052 2349 1190 2404 sicut
1215 2349 1412 2402 athleta
1457 2345 1642 2408 existi-

65 2461 206 2501 mans
234 2461 294 2500 se
317 2447 647 2516 percussisse
673 2443 1060 2506 adversarium,
1095 2439 1254 2495 letale
1282 2437 1474 2492 vulnus
1501 2437 1641 2490 acci-

66 2538 162 2605 pit:
196 2539 266 2592 ita
290 2539 454 2592 etiam
484 2537 571 2590 hic
595 2535 827 2590 ostendit
845 2533 987 2604 quod
1017 2548 1204 2586 secure
1226 2540 1279 2586 et
1303 2529 1641 2586 confidenter

64 2630 208 2691 mori,
237 2637 320 2681 est
340 2629 595 2697 probrum
615 2637 668 2680 et
685 2626 919 2679 dedecus
941 2624 1160 2678 diaboli.
1182 2623 1276 2676 llle
1297 2624 1438 2676 enint
1457 2623 1637 2676 omnia

67 2718 291 2784 iecisset,
325 2718 371 2772 si
401 2720 683 2789 potuisset,
717 2728 770 2773 ut
801 2716 1148 2786 persuaderet
1181 2715 1484 2768 horninibus
1515 2730 1637 2768 eum

63 2826 160 2864 non
185 2826 306 2866 esse
336 2823 624 2865 mortuum.
655 2809 785 2865 Nam
819 2810 1069 2878 qumtiam
1092 2817 1259 2862 totum
1285 2806 1423 2877 quod
1455 2817 1635 2875 pos:ea

64 2901 286 2956 futurum
311 2912 427 2956 erat
454 2896 682 2970 temptis,
713 2911 828 2955 erat
857 2902 1066 2970 signum
1096 2909 1148 2954 et
1179 2900 1428 2954 indicium
1452 2914 1636 2953 resur-

61 2996 336 3058 rcctiouis;
371 2995 556 3047 mortis
580 3002 786 3058 autem,
813 2993 855 3046 si
889 3009 993 3045 non
1029 2991 1159 3045 illud
1189 2991 1395 3053 fuisset,
1424 3006 1526 3043 non
1555 2989 1635 3042 fu-

59 3095 222 3138 turum
251 3094 371 3139 erat
393 3084 536 3138 aliud
569 3093 811 3153 tempus:
843 3092 1128 3153 propterea
1161 3090 1404 3137 mortuus
1420 3081 1633 3152 quidem

57 3184 131 3227 cst
159 3176 390 3242 publice,
415 3175 668 3229 omnibus
693 3165 1030 3235 videntibus;
1061 3168 1166 3226 nou
1196 3172 1488 3226 resurrexit
1535 3189 1632 3225 au-

56 3275 153 3319 tem
185 3266 420 3335 publice,
453 3275 510 3318 ut
539 3266 626 3334 qui
659 3267 822 3319 sciret
864 3273 1075 3332 tempus
1116 3263 1257 3332 quod
1305 3273 1487 3332 postea
1519 3274 1634 3316 erat

57 3355 304 3422 futurum,
348 3357 559 3412 veritati
600 3358 829 3412 laturum
877 3356 1262 3410 testimonium.
1310 3355 1442 3409 Nam
1488 3355 1629 3424 quod

56 3448 242 3502 mundo
281 3449 500 3503 vidente
544 3464 701 3517 supra
736 3450 787 3502 in
840 3449 982 3518 ligno
1024 3449 1232 3503 occisus
1273 3449 1341 3503 sit
1382 3463 1626 3518 serpens,

56 3541 146 3594 hoc
174 3551 253 3594 est
283 3540 619 3594 admirabile.
649 3539 785 3607 Quid
825 3541 967 3594 enim
994 3555 1103 3594 non
1135 3537 1260 3593 fecit
1297 3538 1543 3594 diabolus
1575 3549 1632 3594 ut

53 3629 178 3683 clam
230 3629 565 3684 moreretur?
622 3629 758 3682 Audi
808 3629 1032 3683 Pilatum
1076 3629 1340 3682 d'centem
1381 3646 1394 3685 :
1441 3627 1631 3684 Tollite

54 3721 207 3787 ipsum
228 3736 333 3783 nos,
362 3731 409 3774 et
435 3720 750 3790 erneiﬁgite:
777 3736 867 3790 ego
893 3722 1025 3774 enim
1048 3720 1243 3772 nullam
1273 3719 1469 3772 invenio
1493 3719 1546 3772 in
1571 3736 1628 3774 eo

51 3826 242 3863 causam
273 3810 455 3883 (Joun.
491 3810 580 3866 l9.
608 3811 685 3880 li).
711 3811 779 3864 Et
810 3825 997 3865 rursus
1026 3810 1126 3878 ipsi
1156 3810 1406 3864 dicebant
1430 3809 1621 3864 Judaei:

53 3899 104 3952 Si
132 3901 295 3956 Filius
325 3901 422 3956 Dei
450 3919 522 3965 es,
568 3902 814 3956 descende
841 3901 904 3956 de
934 3919 1082 3956 cruce
1108 3901 1320 3973 (.llattlt.
1365 3903 1458 3956 27.
1505 3903 1622 3974 l0).

51 3989 154 4044 iam
181 4008 308 4048 vero
333 3994 583 4062 quoniam
627 3994 785 4049 letale
813 3995 1003 4069 vulnus
1045 3994 1274 4063 accepit,
1305 4003 1360 4048 et
1390 4011 1495 4048 non
1524 3996 1623 4051 de-

50 4083 272 4147 scendit;
319 4096 601 4154 propterea
642 4086 801 4140 etiam
845 4085 1130 4140 mandatus
1171 4099 1253 4140 est
1282 4087 1619 4157 sepultum:

49 4174 285 4238 quoniam
318 4175 431 4229 licri
456 4183 665 4244 poterat
695 4185 750 4230 ut
772 4177 950 4251 statim
983 4186 1318 4246 resurgeret;
1347 4178 1441 4233 sed
1463 4189 1622 4235 utres

48 4264 364 4319 crederetur.
398 4268 556 4336 Atqui
603 4267 655 4321 in
687 4278 860 4321 morte
890 4268 1105 4337 quidem
1134 4270 1464 4340 privatorum
1496 4271 1623 4326 licet

48 4367 152 4407 eam
178 4355 439 4424 imputare
461 4343 624 4412 animi
652 4358 914 4429 deliquio;
943 4359 1028 4414 hic
1043 4371 1221 4414 autem
1248 4377 1350 4414 non
1377 4363 1466 4414 ita.
1485 4362 1616 4417 Nam

49 4444 192 4498 etiam
237 4447 434 4502 milites
484 4463 590 4502 non
646 4448 918 4520 fregerunt
962 4450 1078 4520 ejus
1107 4467 1282 4516 crura,
1313 4454 1451 4507 sicut
1478 4454 1616 4508 alio-

48 4551 172 4599 rum,
203 4549 259 4592 ut
285 4539 627 4595 manifestum
677 4551 820 4597 esset
863 4559 986 4598 cum
1035 4559 1157 4599 esse
1204 4559 1493 4600 morzuum.
1549 4547 1620 4602 Et

49 4628 296 4685 manifesti
347 4616 474 4687 suni
518 4633 680 4688 etiam
711 4635 804 4704 qui
835 4635 950 4702 ejus
999 4651 1195 4706 corpus
1239 4639 1612 4707 sepelierunt:

50 4731 312 4790 propterea
331 4723 430 4792 ipsi
455 4723 625 4780 Judzei
647 4741 766 4780 cum
788 4727 1043 4782 militibus
1062 4730 1342 4800 obsignant
1361 4732 1611 4801 lapidem.

51 4808 147 4865 lloc
175 4813 315 4868 enim
343 4827 479 4879 erat,
527 4819 578 4870 in
621 4833 728 4887 quo
761 4822 993 4874 maxime
1025 4823 1266 4874 onmimn
1315 4824 1615 4890 ponebatur

47 4903 280 4969 studium,
311 4923 377 4962 ne
408 4907 458 4961 id
489 4909 900 4964 adnmbraretur
935 4926 997 4965 ac
1029 4921 1318 4982 tegeretur.
1350 4915 1417 4969 Et
1447 4924 1614 4972 testes

48 4993 105 5047 ab
129 4997 370 5064 inimicis,
422 5015 450 5053 a
495 5000 714 5056 Judazis.
761 5004 897 5058 Audi
943 5005 1087 5073 ipsos
1117 5006 1358 5061 dicentes
1400 5008 1609 5064 Pilato:

50 5084 172 5139 Dixi!
195 5091 426 5144 seductor
469 5092 555 5146 ille
592 5093 758 5146 adhuc
784 5095 968 5158 vivens,
1010 5095 1138 5149 Post
1177 5108 1275 5151 tres
1305 5099 1411 5151 dies
1438 5116 1611 5153 resur-

47 5194 164 5243 gum.
181 5179 311 5236 Jube
333 5199 456 5253 ergo
482 5200 514 5236 α
537 5185 775 5238 militibus
805 5187 1048 5240 custodiri
1077 5189 1364 5257 sepulcrum
1390 5190 1603 5263 (Matth.

45 5265 119 5319 27.
164 5271 246 5326 65.
290 5270 360 5328 64
390 5275 407 5338 )
442 5292 456 5328 :
489 5276 630 5342 quod
663 5276 759 5346 ipsi
793 5276 1051 5352 fecerunt.
1097 5280 1230 5333 Audi
1281 5282 1427 5350 ipsos
1473 5299 1606 5350 quo-

47 5375 131 5429 que
168 5377 342 5434 postea
394 5367 632 5424 dicentes
678 5371 974 5438 apostolis,
1025 5371 1188 5426 Vultis
1233 5373 1473 5429 inducere
1515 5394 1607 5430 su-

44 5470 120 5518 ρετ
159 5473 243 5512 nos
283 5459 584 5531 sanguinein
631 5461 727 5515 uiri
776 5463 930 5528 huius
983 5462 1121 5536 (Λα.
1169 5465 1224 5519 5.
1273 5464 1391 5535 28).
1435 5465 1608 5535 Ipsius

44 5549 196 5603 crucis
217 5551 435 5606 modum
467 5567 574 5608 non
601 5553 729 5608 sivit
763 5555 1082 5610 contumelia
1122 5555 1284 5611 allici.
1314 5556 1446 5612 Nam
1470 5574 1606 5630 quo-

44 5638 163 5693 niam
187 5644 355 5713 angeli
385 5645 517 5698 nihil
545 5645 648 5699 tale
672 5655 794 5698 sunt
823 5647 987 5716 passi,
1020 5659 1300 5718 propterea
1330 5647 1456 5705 facit
1480 5666 1603 5704 om-

43 5730 114 5782 nia
136 5748 150 5794 ;
169 5734 455 5790 ostendens
477 5737 616 5806 quod
642 5752 751 5790 rem
775 5753 1018 5807 magnam
1043 5747 1099 5794 et
1116 5739 1426 5808 przrclaram
1456 5755 1605 5796 mors

41 5827 234 5887 gesserit
260 5844 275 5881 :
306 5842 370 5882 ca
399 5828 544 5882 enim
575 5828 673 5884 luit
701 5837 968 5902 tamquam
1007 5831 1274 5904 singulare
1303 5841 1599 5889 certamen.

325 5921 600 5982 ΡΑτιιοι..
649 5921 764 5980 (in.
823 5922 1008 5982 l..\'ll.

935 402 998 456 lN
1043 399 1258 454 EPIST.
1300 399 1388 452 AD
1426 394 1706 451 COLOSS.
1748 396 1898 451 CAP.
1945 398 2004 455 11.
2051 401 2281 459 1103111δ.
2331 405 2415 459 Vl.

3261 411 3364 465 512

1773 508 2040 567 Percussit
2086 513 2362 570 Christum
2403 531 2581 584 mors;
2631 518 2723 573 sed
2777 519 3022 574 Christus
3075 535 3362 588 percussus

1769 616 1887 655 eam
1922 614 2100 672 postea
2134 607 2349 660 sustulit
2377 623 2389 660 :
2427 617 2638 663 mortuo
2668 623 2896 680 corpore
2926 613 3134 666 solutus
3153 623 3236 666 est
3271 615 3362 685 qui

1771 692 2053 750 videbatur
2081 712 2200 752 esse
2232 699 2550 754 immortalis
2579 718 2593 754 :
2621 711 2675 757 et
2705 700 2808 757 hoc
2839 703 2969 758 vidit
2994 704 3137 758 orbis
3178 713 3360 759 terrm.

1771 784 1835 838 Et
1867 787 2009 856 qttod
2053 799 2136 844 cst
2180 790 2518 858 admirabile,
2560 791 2664 847 hoc
2704 793 2860 848 alteri
2901 809 3005 848 non
3049 795 3360 860 commisit;

1766 879 1860 931 sed
1896 879 2090 934 factum
2117 891 2200 937 est
2231 900 2416 938 rursus
2455 885 2598 940 aliud
2643 885 3082 956 chirographum,
3123 905 3226 943 non
3258 891 3362 943 tale

1765 970 1922 1037 quale
1948 973 2113 1039 prius.

1752 1126 1761 1134 _
1838 1061 1887 1114 4.
1933 1061 2118 1119 Videte
2169 1080 2298 1134 ergo
2342 1083 2409 1121 ne
2449 1083 2514 1122 ex
2553 1083 2620 1122 eo
2654 1083 2942 1138 arguamur
2978 1077 3033 1124 et
3070 1070 3356 1125 convinca-

1763 1165 1919 1217 mur,
1949 1163 2230 1222 pestqunm
2257 1156 2556 1210 dixerimus
2577 1174 2590 1186 ·
2627 1159 3092 1214 Abrenuntiamus
3134 1171 3356 1222 satanze.

1762 1253 1816 1294 et
1856 1251 2030 1299 tecum
2068 1247 2444 1317 conjungimur
2469 1287 2485 1314 ,
2527 1249 2763 1304 Christe.
2809 1249 2900 1304 Vel
2931 1250 3108 1319 potius
3136 1268 3240 1305 non
3275 1262 3359 1306 est

1765 1333 1864 1387 hoc
1892 1335 2190 1391 vocandum
2229 1338 2670 1408 chirographum,
2713 1339 2808 1393 sed
2851 1339 3023 1395 rendus
3059 1349 3112 1395 et
3140 1352 3357 1411 pactum

1761 1438 2104 1503 conventum.
2126 1428 2220 1483 Est
2246 1430 2388 1483 enim
2416 1429 2829 1500 chirographum
2855 1431 3070 1500 quando
3089 1435 3353 1504 quispiam

1760 1529 1843 1571 est
1863 1518 2046 1574 debito
2067 1520 2371 1575 obnoxius:
2401 1521 2500 1576 hoc
2529 1533 2707 1575 autem
2733 1533 2814 1576 est
2842 1522 3014 1578 lmdus
3033 1533 3088 1577 et
3106 1535 3314 1592 pactum
3337 1543 3350 1579 :

1761 1624 1866 1662 non
1884 1613 2123 1665 continet
2151 1628 2384 1682 pomum,
2416 1629 2588 1684 neque
2613 1614 2764 1680 dicit,
2789 1615 2845 1669 Si
2868 1614 2987 1678 hoc,
3011 1617 3053 1668 si
3074 1630 3179 1670 non
3212 1616 3312 1670 hoc
3335 1635 3349 1672 :

1757 1701 1898 1769 quod
1941 1701 2077 1768 dixit
2106 1703 2314 1774 Moyses
2344 1719 2638 1776 aSpergens
2666 1708 2979 1776 sanguinem
3011 1711 3314 1777 testamenti
3334 1751 3348 1772 .

1756 1806 1807 1849 et
1833 1796 1972 1851 Deus
1999 1813 2212 1868 quoque
2237 1800 2398 1853 vitam
2433 1801 2680 1870 promisit
2708 1810 2988 1869 :eteruam.
3023 1801 3148 1857 11ιεο
3167 1805 3348 1857 omnia
3382 1867 3386 1870 _

1755 1899 1878 1943 sunt
1908 1901 2116 1957 pactum
2147 1902 2498 1947 conventum.
2529 1894 2644 1948 Illic
2682 1907 2873 1948 servus
2897 1896 3006 1963 agit
3028 1910 3149 1949 cum
3176 1895 3350 1949 domi-

1755 1999 1844 2048 no,
1876 1985 1959 2038 hic
1989 1986 2192 2039 amicus
2220 2002 2340 2040 cum
2378 1987 2571 2040 amico.
2607 1985 2718 2052 Quo
2745 1987 2846 2050 die,
2873 1987 3060 2056 inquit,
3085 1987 3332 2047 comedas,

1754 2091 1851 2127 mo:
1867 2077 1982 2128 ieris
2013 2074 2164 2146 (Gen.
2189 2075 2244 2129 Ξ.
2286 2077 2399 2145 17).
2433 2076 2624 2131 Statim
2657 2078 2836 2131 utinm.
2875 2077 2968 2130 llic
2995 2086 3174 2130 autem
3215 2077 3344 2131 nihil

1753 2168 2079 2238 hujusmodi.
2127 2170 2223 2226 llic
2277 2171 2531 2236 nuditas,
2578 2181 2633 2225 et
2668 2171 2776 2226 illic
2805 2171 3054 2237 nuditas;
3101 2171 3193 2226 sed
3233 2172 3346 2227 illic

1750 2259 1963 2328 quidem
2005 2276 2126 2314 cum
2167 2271 2463 2331 peccasset,
2514 2261 2743 2316 nudatus
2775 2263 2892 2328 fuit,
2932 2263 3182 2332 quoniam
3213 2277 3341 2333 pec-

1749 2350 1930 2412 cavit;
1967 2350 2051 2405 hic
2085 2363 2264 2406 autem
2317 2353 2548 2406 nudatur
2579 2363 2636 2406 ιιι
2687 2354 2964 2407 liberetur.
3013 2353 3173 2407 Exuit
3218 2363 3345 2408 tunc

1751 2440 1838 2494 ille
1867 2441 2095 2510 gloriam
2137 2459 2297 2511 quam
2347 2443 2637 2513 aliquando
2669 2443 2888 2508 habuit;
2935 2459 3076 2498 nunc
3118 2444 3204 2499 hic
3246 2461 3341 2499 ve-

1750 2541 1917 2588 terem
1950 2535 2097 2589 exuit
2137 2534 2448 2601 hominem,
2483 2547 2536 2589 et
2567 2537 2879 2605 priusquam
2909 2535 3164 2598 ascendat
3189 2578 3201 2601 ,
3230 2545 3338 2589 tam

1750 2622 1903 2678 facile
1937 2624 2087 2678 exuit
2122 2626 2270 2694 quasi
2300 2627 2644 2680 vestimenta.
2674 2625 2903 2696 Ungitur
2943 2627 3082 2680 sicut
3120 2627 3338 2681 athletze

1746 2718 1975 2770 stadium
2027 2719 2343 2787 ingressuri.
2400 2718 2568 2773 Simul
2627 2719 2769 2772 enim
2809 2719 3084 2784 nascitur,
3126 2728 3175 2772 et
3228 2729 3335 2772 neu

1743 2809 1885 2860 sicut
1917 2808 2119 2876 primus
2152 2809 2240 2862 ille
2269 2809 2358 2877 qui
2391 2810 2670 2875 paulatim,
2696 2808 2789 2864 sed
2818 2810 3021 2873 statim;
3054 2824 3159 2863 non
3193 2811 3334 2865 sicut

1741 2899 2230 2953 olimsaccralotes
2280 2901 2399 2954 s'ilo
2485 2902 2698 2969 capite,
2756 2901 2863 2954 imo
2895 2916 3020 2955 vero
3071 2902 3322 2971 amplius.

1742 2989 1873 3043 Nam
1905 2991 1993 3045 il!c
2024 2991 2237 3059 quidem
2271 2995 2444 3058 capite
2471 3033 2485 3056 ,
2519 3008 2649 3046 aure
2673 2992 2929 3058 dextera,
2960 3009 3118 3048 manu
3142 3035 3155 3056 ,
3189 3004 3246 3048 ut
3277 3004 3333 3049 et

1741 3079 1805 3132 ad
1850 3079 2207 3133 obedientiam
2258 3091 2310 3134 et
2357 3083 2492 3135 bona
2543 3096 2703 3149 Opera
2752 3099 2873 3136 eum
2923 3085 3334 3140 excitaretzhic

1741 3179 1918 3224 autem
1946 3173 2086 3224 tottls
2118 3173 2349 3240 ungitur.
2377 3172 2489 3225 Non
2514 3175 2682 3226 solum
2711 3175 2852 3227 enim
2877 3177 3018 3230 venit
3047 3184 3106 3228 ut
3129 3176 3333 3232 docea-

1741 3273 1844 3326 tur,
1879 3264 1970 3318 sed
2019 3265 2176 3317 etiam
2209 3274 2263 3317 ut
2289 3266 2525 3318 decet-tet
2558 3275 2610 3318 ct
2637 3275 2968 3321 exerceatur.
3006 3267 3081 3322 Ad
3109 3270 3329 3324 alteram

1740 3356 2013 3410 reducitur
2042 3366 2367 3410 creaturam.
2405 3356 2537 3409 Nam
2589 3358 2806 3426 quando
2851 3359 3131 3415 confessus
3169 3360 3334 3417 fuerit

1737 3446 1900 3500 vitam
1948 3456 2248 3509 aeternam,
2306 3446 2585 3501 confessus
2639 3461 2721 3502 est
2788 3450 2948 3503 aliam
3004 3461 3327 3507 creaturam.

1735 3539 1957 3608 Accepit
1986 3537 2259 3607 pulverem
2287 3553 2317 3591 e
2347 3547 2507 3599 terra.
2541 3549 2593 3593 et
2618 3538 2762 3592 tinxit
2800 3538 3092 3595 hominem.
3123 3541 3197 3596 De
3222 3559 3328 3595 cze.

1735 3607 1854 3681 tero
1890 3607 2080 3681 autem
2122 3643 2228 3680 non
2262 3627 2538 3696 pulverem
2565 3668 2581 3692 ,
2615 3627 2709 3682 sed
2742 3629 2998 3697 Spiritum
3031 3641 3274 3686 sanctum
3311 3651 3326 3686 :

1735 3715 1838 3771 hoc
1869 3717 2114 3792 ﬁngitur,
2148 3717 2248 3771 hoc
2278 3718 2640 3786 componitur,
2689 3719 2826 3772 sicut
2856 3729 2912 3775 et
2942 3721 3054 3789 ipse
3092 3722 3141 3776 in
3171 3734 3328 3778 utero

1735 3810 1986 3881 Virginis.
2047 3811 2162 3866 Non
2223 3811 2394 3877 dixit,
2432 3810 2485 3892 Iit
2543 3810 2833 3882 paradiso,
2887 3813 3004 3879 sed,
3064 3813 3118 3867 Ιιι
3169 3815 3323 3869 εαξιυ.

1729 3901 1845 3956 Non
1902 3895 2358 3971 cnim,quoiliam
2416 3901 2655 3970 subjecta
2706 3912 2790 3957 est
2831 3911 2992 3969 terra,
3047 3904 3326 3958 existimes

1729 4008 1849 4049 esse
1887 3992 1939 4047 in
1992 4001 2171 4046 terra:
2223 3993 2349 4046 illuc
2403 3993 2695 4047 translatus
2741 4008 2800 4048 es
2853 3992 2905 4048 in
2955 3994 3166 4060 caelum;
3215 3996 3322 4050 illic

1712 4085 1845 4162 lucc
1899 4087 2032 4140 ﬁunt
2085 4087 2482 4155 interangelos.
2558 4086 2784 4141 Sursum
2865 4089 3097 4142 animam
3177 4097 3321 4143 tuam

1725 4180 1886 4235 sumit
1916 4179 2080 4243 Deus,
2112 4195 2325 4233 sursum
2353 4193 2469 4232 eam
2499 4193 2830 4245 componens
2858 4187 2912 4234 et
2933 4182 3267 4235 concinnatis
3295 4199 3308 4234 :

1727 4277 1779 4324 te
1821 4269 1961 4323 sistit
2000 4269 2066 4322 ad
2111 4269 2296 4324 sedem
2327 4254 2550 4338 regiam.
2600 4268 2846 4339 Fingitur
2871 4285 2933 4326 ac
2975 4271 3234 4326 formatur
3263 4274 3315 4327 in

1714 4355 1892 4432 aqua,
1923 4362 2118 4416 anima:
2149 4361 2561 4431 respondentem
2583 4360 2778 4431 accipit
2835 4362 3101 4432 spiritum.
3154 4363 3314 4419 PoSt-

1722 4469 1882 4523 quam
1937 4464 2115 4508 autem
2170 4454 2333 4507 homo
2378 4452 2537 4506 fuerit
2591 4452 2871 4518 formatus,
2901 4469 3007 4508 non
3061 4453 3209 4510 ducit
3247 4458 3312 4509 ad

1720 4561 1844 4600 eum
1876 4544 2098 4610 bestias,
2129 4544 2222 4599 sed
2254 4543 2553 4608 dmmones,
2583 4550 2638 4596 et
2663 4557 2850 4597 eorum
2889 4544 3186 4616 principem
3214 4567 3227 4601 :
3265 4557 3319 4600 et

1719 4638 1868 4701 dicit,
1902 4636 2106 4692 Calcate
2153 4653 2304 4706 super
2330 4645 2583 4702 serpentes
2609 4643 2654 4688 et
2684 4636 2975 4704 scorpiones
3019 4635 3171 4706 (Luc.
3225 4639 3313 4692 10.

1723 4731 1834 4799 19).
1883 4728 2000 4783 Non
2049 4729 2176 4782 dicit
2203 4771 2216 4791 ,
2251 4727 2523 4780 Faciamus
2556 4727 2811 4780 hominem
2839 4725 2907 4779 ad
2947 4728 3219 4797 imaginem
3269 4743 3316 4782 et

1718 4825 2100 4880 similitudinem
2130 4836 2354 4879 nostram
2377 4825 2532 4894 (Gen.
2567 4825 2614 4878 l.
2649 4823 2763 4892 26);
2798 4823 2890 4878 sed
2918 4823 3070 4893 quid?
3103 4822 3201 4878 Dat
3235 4825 3314 4877 cis

1721 4917 1857 4971 ﬁlios
1892 4917 1982 4972 Dei
2039 4916 2181 4970 fieri:
2215 4917 2314 4984 Qui
2345 4933 2447 4970 non
2470 4933 2534 4970 ex
2559 4915 2925 4986 sanguinibus,
2951 4915 3040 4969 sed
3073 4931 3137 4969 ex
3175 4916 3304 4981 Deo,

1718 5009 1930 5076 inquit,
1981 5007 2089 5060 nati
2138 5017 2282 5059 sunt.
2342 5005 2542 5059 Deinde
2595 5021 2660 5058 ne
2717 5005 2905 5058 audias
2948 5013 3252 5072 serpentem
3291 5047 3304 5067 ,

1715 5101 1895 5152 statim
1957 5098 2168 5152 doceris
2213 5098 2440 5152 dicere:
2495 5097 2833 5150 Abrenuntio
2880 5095 2969 5149 tibi
3009 5112 3024 5161 ;
3074 5096 3124 5150 id
3167 5107 3250 5150 cst
3282 5138 3300 5161 ,

1715 5189 1980 5259 Quidquid
2011 5190 2232 5251 dixeris,
2256 5197 2306 5242 te
2339 5204 2444 5241 non
2475 5187 2704 5241 audiam.
2731 5186 2930 5241 Deinde
2954 5201 3019 5240 Ite
3048 5201 3146 5256 per
3169 5187 3306 5240 alios

1715 5291 1768 5335 te
1798 5291 2068 5350 expugnet
2091 5320 2106 5339 .
2139 5280 2269 5333 dicit
2292 5321 2307 5344 ,
2346 5279 2411 5332 Et
2443 5293 2649 5347 pompa:
2683 5286 2785 5331 tuze
2830 5287 2885 5332 et
2919 5277 3082 5330 cultui
3117 5285 3208 5329 tuo
3250 5289 3305 5331 et

1715 5373 1918 5443 angelis
1948 5374 2070 5426 tuis.
2105 5372 2290 5425 Posuit
2315 5387 2437 5425 cum
2473 5413 2485 5432 ,
2534 5383 2638 5424 non
2674 5378 2730 5422 nt
2761 5367 3056 5422 custodiret
3088 5367 3308 5436 paradi-

1712 5478 1855 5525 Sum,
1889 5463 1983 5519 sed
2011 5473 2068 5518 ut
2094 5443 2401 5516 versaretur
2429 5463 2479 5514 in
2545 5462 2698 5516 caelo.
2727 5460 2868 5515 Cum
2898 5461 3128 5529 primum
3156 5461 3300 5515 enim

1710 5555 2036 5619 ascenderit,
2071 5555 2186 5610 luce
2215 5555 2375 5609 verba
2421 5555 2688 5622 lotiuitur:
2727 5551 2882 5607 Pater
2926 5561 3096 5608 noster
3132 5555 3223 5624 qui
3251 5571 3304 5607 es

1709 5648 1760 5700 in
1792 5648 1964 5710 cclis,
2015 5648 2110 5716 ﬁat.
2162 5645 2394 5701 voluntas
2436 5655 2525 5698 tua
2578 5645 2708 5700 sicut
2737 5644 2788 5698 in
2825 5643 2948 5697 casio
2983 5653 3031 5697 et
3070 5645 3122 5697 in
3165 5653 3303 5698 terra

1711 5740 1929 5810 (.ltuttli.
1963 5741 2016 5796 6.
2048 5740 2102 5795 9.
2141 5739 2251 5812 t0).
2283 5739 2398 5795 Non
2452 5740 2502 5794 in
2536 5737 2728 5794 faciem
2775 5736 2918 5792 cadit
2967 5752 3136 5824 puer:
3191 5738 3300 5793 non

1710 5835 1915 5903 lignum
1946 5833 2094 5891 vides
2123 5875 2133 5899 ,
2170 5848 2342 5904 neque
2386 5830 2585 5889 fontem
2617 5847 2633 5899 ;
2684 5829 2776 5886 sed
2811 5831 2983 5900 ipsum
3017 5829 3302 5885 Dominum

2873 5940 2949 5999 2?.
