4050 6324
755 376 792 430 '5
809 376 864 432 ιδ

755 488 936 542 statim
982 485 1340 558 atnplecteris,
1371 486 1739 543 commisceris
1779 501 1902 541 cum
1922 497 2175 556 corpore,
2199 496 2333 540 con-

754 582 1023 647 spergeris
1063 591 1185 631 cum
1224 590 1472 648 corpore,
1507 577 1653 647 quod
1693 591 1853 647 supra
1899 578 2062 631 situm
2101 584 2206 641 est,
2227 589 2335 644 quo

754 666 971 722 diabolo
995 682 1099 722 non
1118 667 1240 723 licet
1259 667 1539 723 accedere.
1570 666 1687 723 Non
1706 676 1788 723 est
1805 667 2072 722 mulier'ut
2091 665 2330 730 accedat,

753 765 812 811 et
840 756 1072 826 decipiat
1118 766 1386 830 tamquam
1415 758 1862 814 imbecilliorem:
1898 756 2018 812 Non
2041 811 2044 814 ,
2064 765 2136 812 est
2163 756 2328 822 enim,

756 846 949 916 inquit,
977 846 1189 917 femina,
1222 865 1312 904 nec
1343 849 1596 904 masculus
1617 847 1760 922 (Gal.
1795 848 1849 903 3.
1877 845 1992 920 28).
2036 846 2146 903 Nisi
2180 855 2234 901 tu
2265 845 2332 901 ad

756 937 927 1005 ipsum
949 935 1314 1004 descendens,
1339 954 1444 994 non
1476 939 1670 1009 poterit
1695 938 1783 994 ubi
1807 952 1868 993 es
1908 936 2204 992 ascendere
2233 952 2247 988 :
2279 944 2333 1009 tu

749 1027 894 1080 enim
914 1041 973 1083 es
988 1028 1039 1082 in
1063 1029 1228 1097 acto;
1261 1029 1448 1085 cadum
1469 1037 1648 1085 autem
1669 1044 1776 1083 non
1797 1036 1941 1098 patet
1959 1027 2192 1082 diabolo.
2215 1025 2334 1081 Non

739 1115 911 1171 habet
935 1116 1154 1186 lignum,
1182 1132 1289 1188 quo
1318 1117 1570 1188 cognosci
1600 1127 1776 1187 potest
1800 1119 1998 1172 bonum
2024 1126 2078 1172 et
2104 1115 2330 1183 malum,

750 1203 847 1259 sed
895 1206 1070 1261 solum
1109 1206 1309 1278 lignum
1361 1209 1503 1263 vitm.
1537 1207 1654 1263 Non
1683 1207 1915 1278 amplius
1961 1222 1990 1260 a
2046 1207 2216 1262 latere
2242 1217 2334 1260 tuo

750 1294 965 1360 mulier,
998 1296 1094 1352 sed
1145 1313 1334 1354 omnes
1362 1313 1528 1353 unum
1578 1311 1764 1353 sumus
1813 1311 1845 1352 a
1899 1297 2069 1354 latere
2113 1296 2325 1353 Christi.

749 1385 881 1442 Nam
909 1387 952 1443 si
979 1387 1073 1458 qui
1102 1398 1230 1445 sunt
1261 1389 1408 1445 uncti
1438 1391 1508 1444 ab
1534 1387 1863 1453 hominibus,
1905 1388 2033 1443 nihil
2063 1389 2336 1460 patiuntur

747 1493 778 1532 a
823 1480 1168 1551 serpentibus
1194 1496 1210 1547 ;
1242 1496 1418 1553 neque
1447 1488 1504 1537 tu
1536 1481 1756 1552 patieris
1807 1480 2004 1552 aliquid
2030 1518 2048 1546 ,
2079 1479 2334 1550 quamdiu

749 1566 913 1625 lueris
958 1582 1148 1628 unctus
1170 1615 1184 1638 ,
1210 1581 1269 1627 ut
1298 1573 1473 1644 possis
1510 1581 1821 1643 serpentem
1851 1582 2035 1626 tenere
2084 1580 2140 1626 ct
2166 1569 2331 1626 sntio-

1456 373 1512 432 s.
1553 373 1830 432 JOANNlS
1863 371 2338 431 cnnrsosroat
2375 370 2689 432 ARCHIEP.
2726 373 3257 456 consranrtxor.
3921 398 3994 460 ει,

2443 497 2590 552 care,
2645 485 2855 542 calcare
2899 503 3062 560 super
3095 505 3381 566 serpentes
3433 509 3488 554 et
3534 503 3870 574 scorpiones.
3917 512 3997 564 snt

2439 574 2578 667 sicut
2596 591 2782 648 magna
2811 589 2936 636 sunt
2963 582 3100 640 dona
3118 625 3135 650 ,
3167 587 3239 642 ita
3263 603 3475 660 quoque
3503 607 3761 664 ωδεηυω
3789 609 3869 653 εει
3894 613 3996 667 ων,

2441 665 2655 736 plieium
2681 685 2697 724 :
2728 685 2833 726 non
2861 671 2984 729 licet
3010 675 3059 729 ei
3079 677 3168 745 qui
3195 680 3387 735 cecidit
3417 698 3448 738 e
3475 686 3749 755 paradiso,
3783 665 3995 745 habitare
4033 675 4035 755 ξ

2437 770 2505 811 ex
2548 757 2777 816 adverso
2825 764 3058 834 paradisi
3089 806 3104 831 ,
3147 782 3321 839 neque
3351 775 3545 828 reverti
3577 757 3644 831 eo
3686 778 3836 833 unde
3870 782 3992 835 esrio

2439 849 2635 906 dimus.
2687 851 2794 908 Sed
2818 855 2944 922 quid
2999 860 3226 926 postan
3265 859 3519 920 Cebenna
3568 876 3623 922 et
3667 869 3874 924 vermis
3912 889 3994 926 nus

2437 937 2711 996 desinens.
2741 941 2845 999 Sed
2875 944 3034 1013 absit,
3081 956 3139 1002 ut
3180 950 3444 1021 quispiam
3485 970 3550 1009 es
3604 959 3766 1013 nobis
3809 960 3879 1014 sit
3916 962 3994 1014 ob-
4034 945 4035 1020 Ϊ

2439 1030 2629 1085 noxius
2673 1031 2798 1088 huic
2834 1036 3131 1104 supplicio;
3160 1039 3257 1093 sed
3284 1055 3350 1096 es
3379 1042 3575 1100 virtute
3604 1049 3873 1116 virentes,
3909 1062 3995 1105 stu-

2437 1121 2661 1179 deamus
2708 1138 2772 1182 ea
2822 1142 2984 1198 agere
3037 1146 3159 1200 qua:
3206 1132 3256 1187 ei
3304 1143 3453 1191 recta
3497 1137 3751 1194 videntur
3795 1148 3854 1196 et
3896 1153 3995 1196 sunt

2435 1220 2626 1280 grata:
2675 1213 2785 1270 Deo
2815 1216 3120 1287 placeamus
3151 1261 3167 1287 ,
3200 1230 3255 1276 ιιι
3284 1223 3548 1292 possimus
3581 1236 3633 1282 et
3660 1244 3695 1284 a
3742 1231 3994 1301 suppliciis

2438 1302 2676 1396 liberari,
2723 1316 2777 1362 et
2820 1310 3037 1364 :ctcrnis
3080 1310 3234 1366 bouis
3265 1313 3486 1383 perfrui,
3527 1319 3700 1387 gratia
3745 1329 3804 1375 et
3833 1321 3992 1392 benig-

2435 1394 2602 1452 nitate
2629 1397 2836 1454 Domini
2865 1402 3036 1456 nostri
3072 1400 3202 1458 Jcsu
3239 1403 3460 1472 Christi,
3503 1421 3626 1462 cum
3656 1423 3772 1479 quo
3797 1411 3931 1466 Patri
3954 1425 3993 1466 et
4034 1423 4035 1472 Ἰ

2437 1485 2656 1555 Spiritui
2686 1499 2872 1546 sancto
2911 1492 3083 1563 gloria
3111 1535 3127 1558 ,
3177 1495 3458 1566 imperium
3484 1537 3503 1564 ,
3535 1498 3710 1556 honor
3730 1542 3749 1570 ,
3801 1518 3932 1558 nutu:
3954 1517 3994 1558 et

2437 1590 2674 1646 semper,
2703 1589 2758 1636 et
2787 1581 2839 1635 in
2865 1583 3058 1637 saecula
3085 1586 3425 1644 saeculorum.
3451 1591 3645 1646 Amen.

749 1703 3994 1742 ‘———————————-—.'—-————-———_______‘_.
4034 1715 4035 1742 Ξ

2059 1746 2067 1754 ’
2114 1779 2332 1844 HOMI:

2437 1784 2456 1843 ι
2505 1783 2642 1846 vn.
2753 1825 2758 1830 -

749 1919 879 1976 Car.
908 1919 963 1976 2.
991 1937 1046 1976 v.
1087 1922 1174 1978 18.
1228 1920 1394 1977 Nemo
1419 1938 1539 1994 ergo
1573 1939 1659 1978 vos
1674 1921 1876 1994 judicet
1906 1924 1959 1977 in
1989 1922 2120 1988 cibo,
2154 1930 2243 1976 aut
2279 1922 2332 1977 in

821 2021 973 2081 potu,
1001 2022 1091 2067 aut
1135 2013 1187 2066 in
1223 2024 1367 2083 parte
1385 2014 1486 2068 diei
1513 2015 1628 2086 festi
1653 2022 1744 2068 aut
1780 2013 2056 2068 neomenic
2099 2023 2187 2065 aut
2211 2012 2333 2067 sab-

821 2102 1053 2158 batorum
1073 2119 1092 2158 :
1147 2105 1231 2160 l7.
1278 2119 1395 2173 qua
1416 2114 1535 2158 sunt
1559 2103 1738 2158 umbra
1781 2104 2072 2173 futurorum
2098 2143 2114 2167 ,
2145 2119 2332 2175 corpus

817 2202 986 2247 autent
1043 2192 1254 2248 Christi.
1302 2193 1388 2249 18.
1451 2192 1619 2248 Nemo
1662 2210 1748 2248 ros
1779 2193 2004 2248 ,κάεται
2059 2190 2231 2248 volens
2279 2193 2331 2248 in

817 2283 1100 2339 humilitate
1144 2293 1192 2338 et
1246 2283 1490 2354 religione
1543 2284 1864 2356 angelorum,
1918 2298 2032 2354 quae
2073 2299 2175 2338 non
2207 2283 2333 2337 uidit

817 2374 1104 2442 ambulans,
1138 2377 1331 2445 [rustra
1355 2376 1566 2446 inﬂatus
1593 2392 1744 2431 sensu
1772 2375 1943 2429 carnis
1984 2389 2091 2430 suae
2112 2389 2132 2430 :
2162 2373 2250 2435 l9.
2285 2382 2334 2429 et

820 2487 921 2525 non
952 2478 1124 2526 tenens
1151 2479 1326 2542 caput:
1352 2486 1414 2524 ex
1441 2485 1538 2538 quo
1562 2477 1722 2524 totum
1761 2485 1945 2540 corpus
1974 2485 2064 2538 per
2091 2482 2249 2522 nexus
2284 2475 2334 2521 et

821 2561 1200 2632 conjunctiones
1236 2559 1670 2615 subministrantur
1699 2570 1746 2615 et
1789 2570 2126 2614 constructum
2156 2559 2334 2613 crescit

817 2655 870 2708 in
891 2640 1217 2723 augmentum
1245 2652 1360 2708 Dei.

823 2831 874 2886 l.
902 2830 1038 2885 Cum
1081 2830 1232 2902 prius
1270 2829 1493 2884 dixisset
1537 2826 1887 2898 :cnigmatice,
1930 2825 2107 2881 Videte
2133 2843 2197 2882 ne
2220 2827 2334 2897 quis

752 2937 836 2976 ros
907 2921 1132 2992 decipiat
1187 2921 1469 2976 secundum
1522 2919 1846 2974 traditionem
1908 2920 2169 2973 hominum
2206 2934 2225 2983 ,°
2277 2927 2332 2974 et

751 3026 938 3068 rursus
993 3013 1242 3082 superius
1275 3052 1290 3078 ,
1351 3011 1463 3066 Hoc
1506 3022 1674 3066 autem
1730 3011 1876 3075 dico,
1930 3020 1986 3063 ιιι
2052 3027 2196 3064 nemo
2246 3025 2334 3065 vos

747 3105 967 3173 decipiat
1017 3104 1068 3157 in
1132 3103 1386 3174 probabili
1435 3115 1718 3167 sermone;
1786 3111 1841 3158 et
1905 3113 2333 3176 praqoccupassct

748 3193 1036 3260 animum,
1090 3203 1145 3247 et
1198 3194 1464 3248 olfecisset
1512 3192 1847 3257 sollicitum;
1904 3191 2099 3249 deinde
2161 3194 2328 3249 inter—

749 3287 1018 3356 posuisset
1064 3286 1340 3352 benclicia,
1384 3296 1438 3341 et
1485 3285 1534 3340 id
1578 3285 1990 3354 ampliﬁcassct:
2046 3296 2171 3340 tunc
2207 3286 2332 3341 sub-

744 3379 918 3448 jungit
966 3378 1434 3448 reprehensionem
1467 3421 1483 3445 ,
1536 3387 1592 3433 et
1634 3378 1806 3446 dicit‘,
1859 3378 2024 3433 Nemo
2076 3396 2195 3449 ergo
2247 3394 2330 3434 vos

742 3469 940 3540 judicet
982 3469 1036 3522 in
1063 3470 1191 3535 cibo,
1217 3479 1305 3523 aut
1345 3470 1396 3524 in
1439 3479 1584 3540 potu,
1610 3480 1696 3524 aut
1722 3471 1776 3524 iu
1801 3477 1942 3540 parte
1970 3470 2071 3523 diei
2102 3470 2216 3540 festi
2244 3480 2329 3523 aut

751 3560 1031 3614 neomeniw
1043 3570 1127 3612 aut
1146 3560 1482 3614 sabbatorum.
1510 3560 1671 3616 Vides
1691 3560 1960 3632 quomodo
1970 3575 2029 3616 ea
2049 3559 2332 3630 deprimit?

748 3648 802 3704 Si
833 3664 919 3716 ea,
953 3650 1141 3720 inquit,
1172 3651 1443 3720 aSscquuti
1472 3651 1624 3716 estis,
1656 3666 1752 3706 cur
1777 3665 1871 3706 vos
1899 3651 2078 3721 parvis
2108 3650 2333 3705 redditis

754 3732 1061 3796 obnoxios?
1094 3741 1157 3794 Et
1184 3749 1434 3795 extenuat
1459 3741 1664 3807 dicens,
1697 3742 1797 3796 Aut
1825 3742 1878 3796 in
1898 3751 2042 3814 parte
2059 3742 2158 3794 diei
2178 3742 2334 3813 festi:

750 3847 855 3886 non
887 3831 1030 3886 cnim
1063 3834 1313 3887 tenebant
1357 3832 1533 3886 omnia
1559 3823 1760 3902 prior'a.
1811 3834 1908 3896 ᾼιιι
1945 3833 2218 3887 πεοιιιιιιίιε
2245 3843 2333 3887 aut

749 3923 1088 3978 sabbatorum.
1143 3924 1258 3977 Non
1289 3923 1447 3990 dixit,
1502 3924 1578 3980 Ne
1625 3940 1755 3994 ergo
1785 3927 2053 3989 servetis;
2101 3926 2216 3989 sed,
2254 3924 2335 3979 Ne

751 4016 862 4084 quis
891 4031 976 4069 vos
992 4015 1206 4084 jttdicel.
1237 4015 1481 4068 Ostendit
1504 4016 1650 4084 ipsos
1679 4014 1975 4084 transgredi
2003 4024 2056 4068 et
2083 4014 2292 4069 solvere
2316 4030 2332 4080 ;

751 4108 803 4160 in
824 4105 958 4159 alios
975 4116 1150 4160 autem
1175 4106 1375 4160 crimen
1397 4107 1683 4160 transtulit.
1702 4105 1776 4160 Ne
1791 4106 2119 4171 sustineatis,
2142 4106 2330 4175 inquit,

756 4212 855 4273 eos
877 4197 964 4266 qui
989 4197 1246 4264 jlltllt'ﬂltl.
1279 4198 1380 4252 Sed
1409 4214 1473 4251 ne
1491 4198 1590 4252 hoc
1613 4197 1826 4268 quidem
1855 4216 1869 4261 ;
1897 4214 2078 4252 verum
2103 4213 2224 4252 cum
2255 4199 2334 4254 eis

754 4289 925 4340 solum
984 4289 1199 4343 disserit
1229 4329 1242 4352 ,
1303 4306 1407 4342 non
1453 4291 1530 4342 eis
1585 4304 1647 4342 os
1676 4289 1960 4342 obstructis
2007 4303 2069 4342 ac
2121 4304 2212 4342 eos
2243 4303 2330 4341 rc-

755 4380 994 4448 pt'imcns
1022 4421 1036 4445 ,
1069 4381 1298 4435 dicendo
1323 4423 1337 4446 ν
1367 4381 1479 4435 Non
1513 4381 1720 4436 debetis
1747 4381 2058 4452 dijudicatjc.
2097 4379 2201 4435 Sed
2235 4381 2331 4434 hos

751 4483 856 4522 non
914 4469 1338 4538 reprehensuros
1365 4481 1498 4525 crat.
1550 4472 1663 4525 Non
1712 4471 1866 4535 dixit,
1922 4470 1974 4523 ln
2023 4471 2236 4525 mundis
2281 4482 2334 4525 et

753 4558 1080 4622 immundis;
1111 4577 1279 4629 neque
1327 4561 1481 4626 dixit,
1515 4562 1570 4620 ln
1615 4561 1952 4630 scenopegiis
1981 4562 2254 4631 ctazytnis
2281 4572 2334 4615 et

755 4660 1096 4722 petttccostc:
1174 4652 1266 4705 sed
1299 4692 1312 4716 ,
1374 4651 1437 4704 in
1489 4661 1632 4720 parte
1680 4652 1780 4704 diei
1831 4653 1964 4721 festi.
2021 4651 2136 4705 Non
2191 4651 2332 4705 enim

751 4741 1016 4795 audebant
1045 4748 1213 4796 totum
1266 4758 1485 4797 servare
1512 4761 1526 4806 ;
1555 4743 1672 4796 etsi
1696 4743 2004 4806 servabant,
2036 4756 2140 4794 non
2174 4742 2243 4795 ita
2279 4751 2335 4796 ut

755 4830 946 4887 festum
994 4845 1231 4903 agerent.
1288 4834 1353 4887 In
1411 4845 1574 4903 parte,
1635 4835 1839 4904 inquit;
1870 4835 2157 4890 ostendens
2192 4836 2332 4906 quod

758 4940 946 4993 magna
989 4941 1053 4978 ex
1100 4935 1248 4994 parte
1273 4927 1339 4978 sit
1371 4925 1544 4979 εωιιιιιι
1571 4942 1584 4978 :
1617 4941 1738 4978 nam
1769 4927 2178 4987 etsisahbatum
2205 4941 2334 4995 age-

753 5019 902 5078 bant.
935 5034 1036 5068 non
1063 5027 1238 5072 tamen
1267 5025 1454 5070 exacte
1479 5026 1531 5070 ct
1557 5026 1824 5071 accurate.
1855 5017 1984 5083 Qum
2009 5028 2126 5072 sunt
2158 5019 2334 5071 umbra

757 5110 1065 5174 futurorum.
1114 5108 1268 5171 Novi,
1317 5107 1510 5178 inquit,
1544 5107 1886 5163 Testatneuti.
1921 5107 2118 5178 Corpus
2170 5118 2334 5162 autem

767 5196 974 5251 Christi.
1006 5196 1106 5249 Alii
1139 5196 1350 5266 quidem
1383 5199 1459 5252 sic
1508 5207 1706 5266 puncto
1730 5197 2063 5267 distinguunt
2097 5217 2110 5250 :
2140 5197 2336 5262 Corpus

754 5297 944 5352 autem,
970 5286 1192 5350 Christi;
1217 5286 1413 5340 veritas
1436 5297 1612 5342 autem
1643 5287 1694 5340 in
1716 5287 1931 5341 Christo
1962 5286 2059 5340 fuit
2083 5304 2096 5340 :
2121 5287 2211 5341 alii
2241 5303 2334 5341 ve-

763 5394 844 5442 ro,
865 5376 1060 5446 Corpus
1080 5376 1265 5430 Christi
1289 5376 1514 5430 brevium
1548 5393 1692 5432 nemo
1727 5376 1864 5429 vobis
1892 5377 2201 5440 intervertat,
2237 5392 2334 5431 seu

759 5467 1078 5537 intercipiat.
1108 5474 1564 5538 καταϐραεενοῆναι
1593 5468 1734 5535 enim
1767 5468 1785 5536 (
1811 5482 1916 5538 quo
1943 5469 2108 5521 verbo
2137 5467 2337 5523 Paulus

757 5556 947 5626 utitur)
959 5565 1040 5613 est
1055 5557 1266 5629 quando
1284 5559 1509 5612 aliorum
1524 5555 1734 5627 quidem
1753 5567 1835 5612 est
1850 5557 2089 5621 victoria,
2109 5558 2333 5613 aliormn

751 5667 888 5707 sero
914 5653 1151 5708 bravimn
1180 5667 1273 5708 seu
1306 5651 1582 5722 praaniut’n
1607 5668 1624 5713 ;
1647 5650 1860 5721 quando
1889 5651 2164 5704 victoriam
2189 5665 2335 5704 asse-

749 5755 916 5814 quuto
952 5743 1280 5812 itttt‘t't'ipitnr
1324 5741 1621 5812 przemiutn.
1647 5740 1768 5796 Stas
1793 5755 1950 5810 supra
1981 5731 2250 5794 diabolum
2280 5751 2329 5796 ιιι

2441 1937 2744 2020 peccatum;
2767 1932 2893 2003 quid
2923 1945 3142 2005 peccato
3162 1947 3214 1995 te
3235 1954 3422 1997 rursus
3449 1943 3669 2014 subjicis
3684 1945 3710 1999 ?
3730 1946 3992 2018 Pinguem

2437 2016 2669 2086 diccbat,
2704 2020 2955 2089 Quoniam
2983 2026 3173 2081 debitor
3192 2042 3263 2083 est
3292 2031 3444 2085 totius
3472 2033 3600 2104 legis
3623 2016 3926 2107 implendo:
3951 2049 3993 2092 el

2437 2123 2644 2201 rursus,
2693 2110 2834 2166 Nunt
2873 2114 3101 2171 inuentus
3143 2127 3221 2173 est
3257 2117 3489 2177 Christus
3542 2126 3775 2182 minister
3823 2133 3991 2201 precati
4034 2129 4035 2160 ³

2438 2197 2578 2268 (Gal.
2605 2200 2659 2255 ε.
2687 2201 2741 2256 5.
2774 2213 2820 2257 et
2845 2202 2904 2258 ε.
2937 2206 3064 2278 ιηι
3090 2208 3231 2279 quod
3255 2209 3470 2270 dicebat
3486 2216 3740 2282 scribens
3766 2197 3836 2275 ει
3861 2219 3994 2276 εει..

2439 2301 2539 2348 tas.
2577 2294 2802 2362 Quando
2842 2299 3000 2369 igitur
3021 2301 3099 2356 eis
3130 2303 3261 2358 iram
3299 2318 3542 2363 moverat
3567 2308 3833 2380 dicendo,
3867 2311 3993 2367 Pre—
4034 2333 4035 2358 ξ

2437 2385 2593 2439 mium
2616 2386 2933 2452 interemat.
2965 2399 3088 2448 tunc
3113 2392 3296 2465 incipit
3321 2411 3343 2451 :
3377 2395 3586 2468 Valens,
3617 2401 3811 2472 inquit,
3840 2405 3890 2458 in
3913 2405 3994 2458 ιι.

2437 2474 2651 2529 utilitate
2675 2487 2722 2530 et
2743 2479 2986 2549 religione
2999 2471 3314 2552 angelorum,
3331 2503 3446 2556 qua
3463 2504 3563 2543 non
3585 2471 3707 2544 vidit
3726 2492 3992 2558 ambulant,

2437 2568 2628 2656 {rustra
2655 2567 2866 2638 inﬂatus
2892 2586 3041 2626 sensu
3070 2575 3238 2628 carnis
3262 2593 3388 2632 suc.
3423 2579 3722 2648 Quomodo,
3752 2582 3822 2639 In
3850 2585 3995 2639 hasti-

2437 2655 2620 2710 litate?
2645 2668 2736 2713 aut
2765 2660 3060 2730 quomodo,
3092 2662 3354 2734 lit/latus?
3397 2667 3644 2728 Ostendit
3684 2681 3858 2730 totum
3898 2692 3997 2731 esse
4034 2675 4035 2710 ἶ

2363 2791 2368 2794 .
2437 2747 2612 2803 inanis
2647 2749 2851 2821 gloria.
2882 2753 3018 2820 Quid
3048 2766 3128 2810 εει
3157 2765 3334 2814 autem
3360 2763 3582 2818 omnino
3608 2765 3751 2836 quod
3779 2767 3996 2823 dicitur?

2438 2836 2606 2928 Erant
2649 2841 2862 2911 quidam
2911 2844 2998 2914 qui
3026 2844 3268 2903 dicereut
3315 2865 3418 2906 non
3475 2859 3726 2926 oportere
3774 2873 3873 2914 nos
3921 2876 3995 2928 per

2435 2927 2704 2984 Christum
2733 2930 2963 2998 adduci,
3009 2934 3102 2990 sed
3144 2951 3240 3007 per
3277 2941 3498 3010 angelos
3525 2959 3540 2998 :
3569 2943 3697 3000 illud
3725 2947 3871 3002 enim
3902 2927 3993 3013 est,
4034 2947 4035 3012 ἒ

2437 3018 2704 3090 inquiunt,
2737 3022 2909 3093 majus
2937 3040 3094 3095 quam
3123 3035 3180 3083 ιιι
3203 3030 3472 3100 possimus
3499 3037 3734 3107 assequi.
3760 3037 3994 3110 Propter-
4034 3069 4035 3076 ι

2435 3125 2497 3165 ea
2531 3127 2727 3182 susque
2764 3112 2936 3184 deque
2963 3126 3139 3173 versat
3165 3131 3285 3190 qua:
3319 3120 3461 3178 dicta
3491 3135 3615 3182 sunt
3655 3128 3725 3185 de
3757 3129 3992 3184 Christo:
4034 3115 4035 3190 ἶ

2443 3199 2541 3255 Per
2569 3203 2863 3275 sanguinem
2891 3206 3053 3262 erucis
3078 3209 3191 3278 ejus
3219 3213 3547 3270 reconciliati
3575 3229 3765 3273 sumus
3792 3219 3992 3288 (Colon.

2439 3293 2489 3348 1.
2518 3293 2645 3366 20);
2697 3296 2830 3363 Quia
2869 3315 2966 3367 pro
3002 3299 3143 3354 nobis
3172 3317 3351 3371 passus
3378 3315 3450 3377 est
3476 3307 3557 3375 (l.
3601 3306 3743 3363 Petr.
3788 3311 3842 3366 2.
3865 3311 3994 3380 ’ἵης

2441 3383 2574 3451 Quia
2604 3402 2696 3441 nos
2722 3387 2899 3442 dilexit
2925 3387 3139 3460 (Ephes.
3172 3392 3225 3446 2.
3268 3393 3344 3464 ι).
3379 3394 3444 3450 Ει
3475 3395 3529 3451 in
3559 3401 3661 3455 hoc
3688 3399 3808 3471 ipso
3837 3417 3995 3457 rursus

2436 3476 2631 3531 eoutixi
2660 3487 2832 3532 erant.
2861 3478 2969 3533 Nec
3000 3480 3153 3549 dixit,
3186 3482 3599 3555 Adductionem,
3631 3489 3748 3557 sed,
3782 3491 3994 3562 Religio-
4034 3499 4035 3562 ξ

2439 3581 2581 3619 nem.
2618 3565 2745 3631 Quae
2781 3584 2880 3623 non
2903 3571 3026 3624 vidit
3056 3572 3339 3630 ambulans.
3371 3575 3485 3631 Nan
3513 3579 3656 3635 enim
3685 3581 3821 3636 vidit
3857 3598 3997 3652 ange~

2437 3658 2538 3722 los,
2570 3659 2662 3714 sed
2695 3659 2765 3716 ita
2790 3671 2875 3717 est
2901 3661 3124 3721 affectus
3150 3673 3417 3737 tamquam
3444 3669 3488 3724 si
3510 3670 3751 3728 vidisset.
3777 3674 3996 3744 Propter-

2437 3763 2500 3803 ca
2553 3749 2714 3818 dicit,
2771 3749 2992 3823 [allatus
3035 3771 3181 3810 sensu
3228 3759 3396 3813 carnis
3441 3775 3550 3816 sua
3592 3770 3795 3819 temere.
3839 3765 3997 3832 Neque

2439 3840 2580 3895 enim
2610 3852 2828 3914 propter
2848 3859 2958 3898 rem
2987 3845 3218 3917 aliquam
3242 3863 3446 3916 veram,
3473 3851 3567 3907 sed
3590 3865 3810 3925 propter
3829 3855 3995 3926 dogma
4034 3845 4035 3916 Ῐ

2440 3930 2540 3985 fuit
2567 3931 2798 3987 inﬂatus.
2832 3933 2900 3990 Et
2941 3935 3249 3993 humilitatis
3275 3955 3385 4011 ιιι-ιε
3421 3956 3482 3997 se
3522 3940 3627 3998 fert
3655 3948 3908 4015 speciem.
3938 3952 3997 4000 Ac

2438 4023 2481 4074 si
2523 4021 2721 4076 diceret
2749 4065 2764 4086 ,
2795 4022 2881 4085 0b
2904 4033 3138 4080 mentem
3167 4029 3437 4084 carnalem
3461 4070 3478 4098 ,
3511 4048 3617 4087 non
3647 4035 3961 4105 spiritualem
3989 4053 4000 4098 ;
4034 4023 4035 4082 ἕ

2440 4113 2670 4167 luuuana
2700 4123 2782 4168 est
2808 4117 3077 4191 cogitatio.
3114 4118 3180 4172 Et
3208 4136 3308 4174 non
3338 4132 3507 4177 tenens
3532 4135 3708 4194 caput,
3736 4127 3922 4198 inquit,
3951 4144 3999 4179 (ι
4034 4133 4035 4166 ξ

2436 4221 2534 4274 quo
2563 4214 2717 4258 totum
2743 4222 2945 4274 corpus.
2986 4207 3039 4262 Id
3067 4217 3170 4272 cst,
3203 4209 3328 4267 hinc
3364 4212 3522 4268 habet
3551 4225 3610 4269 nt
3637 4217 3730 4282 sit,
3761 4226 3818 4272 et
3846 4229 3899 4271 ut
3925 4235 3994 4270 rc-
4034 4239 4035 4272 1

2438 4305 2523 4348 etc
2556 4295 2642 4348 sit.
2677 4296 2812 4360 Quid
2845 4312 2972 4367 ergo
3001 4297 3224 4354 dimisso
3249 4303 3424 4372 capite
3451 4304 3624 4360 lueres
3650 4308 3938 4362 membris?
3963 4310 3995 4357 si
4034 4299 4035 4326 ‘

2441 4384 2584 4438 illinc
2611 4385 2874 4440 excideris
2895 4428 2908 4452 ,
2939 4388 3166 4456 periisti.
3198 4389 3282 4444 Ex
3318 4409 3416 4460 quo
3443 4403 3602 4448 totum
3642 4412 3846 4468 corpus.
3886 4396 3993 4464 Qui-

2438 4489 2663 4545 cumque
2689 4476 2779 4542 sit,
2809 4491 2917 4532 non
2946 4477 3118 4532 solum
3146 4478 3268 4535 inde
3293 4480 3453 4537 habet
3474 4494 3530 4537 ιιι
3555 4485 3712 4552 vivat,
3736 4486 3835 4543 sed
3859 4488 3992 4541 ctiam
4034 4489 4035 4522 ³

2441 4575 2497 4618 ιιι
2538 4565 2611 4618 illi
2656 4565 3029 4636 conjungatur.
3063 4569 3320 4626 Unit'ersa
3367 4573 3603 4631 Ecclesia
3632 4578 3883 4648 quamdiu
3919 4580 3993 4632 ba-

2439 4655 2614 4722 bncrit
2643 4667 2823 4726 caput,
2853 4669 3097 4729 augetur.
3129 4659 3246 4716 Non
3277 4665 3418 4718 enim
3451 4667 3771 4736 arrogantia:
3791 4679 3845 4725 et
3869 4685 3992 4723 ratae
4034 4651 4035 4700 θ

2439 4746 2624 4814 gloria:
2663 4755 2748 4800 cst
2779 4747 3011 4816 atiectio,
3041 4751 3314 4805 inventum
3345 4753 3591 4810 humana:
3628 4759 3845 4813 mentis.
3879 4758 3994 4812 Ecce.

2442 4833 2568 4888 illud
2590 4876 2605 4898 ,
2640 4833 2724 4888 Ea:
2756 4852 2874 4904 quo,
2904 4835 3098 4893 dicitur
3125 4838 3194 4894 de
3219 4839 3373 4895 Filio.
3407 4841 3508 4898 Per
3532 4860 3693 4900 nexus
3716 4857 3764 4900 et
3802 4849 3990 4917 conjun-

2441 4924 2649 4988 ctioues,
2683 4924 2872 4995 inquit,
2905 4927 3337 4984 submmistratum
3363 4941 3410 4985 et
3445 4944 3820 5002 constructum,
3845 4938 3991 4991 crati!

2442 5015 2493 5067 in
2513 5025 2835 5083 augmentum
2863 5015 2977 5070 Dei.
3003 5017 3156 5083 Qttod
3182 5031 3262 5074 est.
3291 5021 3582 5078 secundum
3612 5025 3800 5093 Deum,
3829 5029 3989 5096 inquit.
4034 5009 4035 5012 Ἴ

2441 5115 2495 5159 ει
2523 5121 2588 5160 ex
2615 5106 2818 5176 optimo
2845 5109 2966 5162 vita:
2998 5110 3260 5166 instituto.
3293 5114 3383 5169 20.
3419 5115 3481 5170 Si
3514 5132 3635 5187 ergo
3677 5120 3862 5174 mortui
3897 5121 3991 5172 eun

2442 5213 2554 5252 cum
2594 5197 2813 5254 Christo.
2856 5199 3084 5255 Medium
3117 5203 3244 5258 illud
3277 5207 3461 5274 ponit,
3491 5217 3544 5262 ει
3573 5210 3714 5278 quod
3743 5221 3827 5266 est
3855 5211 3988 5264 vehe-
4034 5255 4035 5260 η

2416 5326 2420 5330 ι
2444 5290 2675 5343 ιιιειοιίιιε
2703 5290 2986 5360 utrimque.
3021 5293 3082 5347 Si
3107 5295 3290 5347 mortui
3317 5298 3436 5350 estis
3468 5314 3581 5351 eum
3608 5299 3810 5354 Christo
3835 5303 3892 5353 al-
3914 5300 3991 5353 rlr-
4034 5319 4035 5382 ἦ

2446 5379 2623 5432 mentis
2650 5380 2800 5450 hujus
2830 5381 3025 5443 mundi,
3057 5383 3178 5452 quid
3206 5394 3462 5451 tamquam
3504 5388 3720 5444 uiuentes
3757 5392 3808 5445 in
3832 5390 3988 5444 mando

2445 5467 2708 5521 decernitis
2729 5469 2755 5522 .9
2770 5467 2887 5524 Non
2909 5470 3068 5525 habet
3086 5476 3524 5543 consequentiam
3543 5495 3559 5531 :
3579 5480 3857 5548 oportebat
3874 5481 3988 5535 enim
4034 5517 4035 5552 ᾗ

2443 5559 2643 5623 dicere,
2686 5560 2964 5628 Quomodo
2992 5572 3260 5633 tamquam
3290 5565 3528 5622 viventes
3553 5571 3870 5640 subjicimiui
3903 5574 3990 5623 ele-
4034 5607 4035 5656 ξ

2447 5651 2679 5705 utentis?
2713 5649 2817 5706 Sed
2849 5651 2950 5707 hoc
2974 5653 3225 5721 dimisso,
3253 5657 3378 5726 quid
3409 5658 3582 5714 dicit?
3610 5662 3703 5717 ει.
3738 5661 3822 5718 Ne
3850 5665 3986 5729 τηεψ·
4034 5649 4035 5696 Ϋ

2446 5742 2574 5808 ritis,
2606 5757 2760 5814 neque
2778 5745 3110 5814 gustareritis,
3139 5762 3296 5817 neque
3313 5756 3734 5809 contrectat-eritis
3759 5773 3775 5808 :
3799 5753 3866 5812 ii
3903 5766 3985 5822 qui
4034 5753 4035 5822 ξ
