4050 6324
189 442 279 494 Siti
1025 423 1088 479 IN
1130 418 1338 476 iii-‘lS'l‘.
1381 415 1470 470 AD
1506 406 1761 466 (ZOLOSS

186 560 292 604 sunt
319 549 481 601 ontnitt
522 549 572 600 in
605 545 807 598 interitu
850 542 957 608 ipso
988 555 1079 591 usu
1117 532 1389 589 secundum
1420 532 1668 598 pra'cepta
1698 528 1744 571 ει

187 643 429 693 doctrinas
455 640 731 692 hominum.

251 733 302 785 2.
335 732 442 785 Non
470 729 620 790 estis,
655 726 842 793 inquit,
875 726 926 776 in
960 719 1158 774 mundo
1190 737 1202 770 :
1232 712 1498 786 quomodo
1526 707 1744 777 subjici-

191 821 307 874 miui
332 819 647 874 elementis?
675 814 939 885 quomodo
963 812 1235 866 hominum
1263 797 1748 860 observationibus?

192 915 250 965 Et
278 913 391 964 vide
419 926 573 978 quam
608 909 726 962 illos
754 905 1056 960 ludificetur
1090 919 1102 955 :
1135 900 1211 954 Ne
1240 908 1444 966 tangas,
1469 893 1658 962 inquit,
1684 903 1750 943 ne

189 1011 474 1056 ctuttrectes
497 1042 512 1064 .
551 1017 616 1054 ue
657 1011 870 1068 gustes;
902 997 1050 1066 quasi
1096 994 1168 1044 illi
1199 987 1515 1060 quibusdam
1546 982 1750 1052 magnis

189 1094 522 1146 abstini-rent.
580 1091 709 1155 Qua!
753 1099 871 1142 sunt
911 1087 1080 1141 omnia
1131 1085 1180 1135 in
1225 1081 1428 1134 interitu
1478 1079 1586 1146 ipso
1633 1090 1746 1126 usu.

192 1184 461 1236 Multorum
492 1182 684 1250 dejecit
712 1190 995 1238 tumorem,
1029 1186 1082 1230 et
1109 1172 1378 1242 subjunin
1413 1188 1426 1224 :
1459 1166 1750 1224 Secundum

193 1285 426 1344 praecepta
467 1285 511 1326 et
555 1273 810 1325 doctrinas
855 1271 1130 1322 hominum.
1163 1265 1296 1331 Quid
1339 1262 1512 1316 dicis?
1541 1257 1748 1314 etiamsi

193 1366 351 1433 legem
375 1365 536 1430 dicas,
561 1379 622 1418 ea
649 1363 756 1430 jam
786 1370 867 1414 cst
892 1360 1130 1414 doctrina
1161 1357 1432 1409 hominum
1467 1362 1580 1420 post
1610 1359 1749 1404 tem-

191 1472 297 1522 pus.
328 1453 428 1508 Aut
459 1455 524 1506 ita
556 1454 685 1506 dixit
707 1495 720 1514 ,
751 1453 870 1521 quia
899 1465 1015 1505 eam
1046 1447 1414 1502 adullcrahattt
1455 1459 1516 1497 ac
1549 1441 1745 1510 depra-

190 1547 370 1598 vabant
394 1563 406 1608 ;
435 1554 522 1598 aut
547 1544 702 1598 tacite
729 1542 990 1610 signiﬁcat
1019 1557 1080 1594 ea
1111 1556 1230 1608 qua:
1258 1546 1380 1590 sunt
1409 1535 1741 1590 Graacorum.

189 1636 389 1698 Totum,
409 1637 688 1704 iuquit,est
709 1634 897 1703 dogma
920 1649 1011 1686 seu
1036 1631 1307 1683 decretum
1332 1628 1637 1679 humanmn.
1656 1624 1746 1676 9.5.

193 1728 312 1791 Qua
329 1737 442 1778 sunt
464 1726 702 1778 rationem
731 1724 930 1794 quidem
961 1722 1192 1775 habentia
1219 1720 1478 1788 sapientia:
1495 1719 1546 1769 in
1568 1732 1747 1784 super-

191 1817 376 1869 stitione
404 1827 448 1868 et
475 1817 769 1875 humilitate,
799 1823 844 1867 et
871 1830 968 1866 non
996 1813 1064 1864 ad
1089 1810 1392 1881 parcendum
1417 1807 1636 1876 corpori,
1662 1821 1751 1858 nec

189 1909 236 1958 in
267 1908 446 1959 honore
469 1906 686 1976 quodam
711 1905 780 1957 ad
801 1903 1116 1957 saturitatem
1141 1902 1326 1954 carnis.
1355 1900 1640 1959 Rationem,
1666 1898 1751 1949 in-

189 2000 312 2063 quit,
331 2015 431 2052 non
453 1999 554 2051 vim
573 2015 589 2062 ;
607 2013 735 2067 ergo
759 2011 856 2052 nec
879 1995 1173 2049 veritatem.
1193 1991 1548 2060 Quamobrem
1573 1990 1751 2043 etiam-

189 2092 228 2141 si
249 2091 493 2144 rationem
517 2089 714 2142 habeas
735 2088 1029 2157 sapientiae,
1045 2099 1373 2138 aversamur.
1389 2083 1517 2136 Nam
1547 2081 1754 2135 videtur

191 2181 370 2249 aliquis
389 2196 502 2234 esse
524 2181 639 2250 pius
658 2190 710 2233 et
731 2180 1024 2242 modestus,
1043 2187 1094 2231 ct
1109 2191 1306 2244 corpus
1327 2175 1628 2242 despicere;
1655 2189 1749 2226 uc-

190 2289 286 2340 qne
313 2284 482 2326 tamen
507 2273 624 2327 talis
645 2282 743 2325 est.
765 2271 882 2324 Non
902 2271 951 2322 in
971 2271 1159 2323 honore
1173 2269 1340 2336 aliqua
1356 2267 1423 2318 ad
1431 2266 1751 2328 saturitatem

190 2366 363 2416 ettrnis.
389 2365 520 2418 Deus
551 2365 692 2418 enim
719 2363 866 2417 dedit
891 2361 1180 2423 honorem;
1215 2359 1313 2428 ipsi
1343 2367 1519 2412 autem
1543 2373 1646 2410 non
1672 2358 1750 2408 usi

193 2464 305 2507 sunt
340 2471 454 2509 cum
499 2454 720 2509 honore.
754 2455 843 2508 Sic
885 2452 1096 2522 quando
1127 2451 1282 2505 fuerit
1311 2450 1500 2518 dogma
1531 2465 1623 2503 seu
1654 2448 1753 2502 dc-

191 2555 402 2609 tretum,
437 2545 484 2598 id
522 2547 620 2600 scit
654 2561 844 2599 vocare
874 2545 1151 2598 honorem.
1197 2542 1465 2596 Dedecore
1489 2584 1501 2605 ,
1549 2542 1748 2610 inquit,

194 2635 413 2688 alliciunt
463 2653 675 2690 carnem
699 2680 711 2694 .
745 2652 861 2690 cam
896 2636 1164 2704 privantes
1191 2644 1245 2688 et
1278 2642 1588 2702 potestatem
1632 2633 1750 2685 adi-

195 2737 419 2786 mentes;
455 2744 555 2779 non
600 2729 910 2794 permittens
952 2738 1009 2780 ut
1061 2725 1368 2778 voluntariae
1412 2724 1752 2777 dominetur:

199 2819 324 2870 Deus
359 2835 567 2871 carnem
625 2819 920 2873 honoravit.
974 2818 1122 2886 (Cap.
1154 2812 1231 2880 5-)
1256 2817 1306 2870 Ι.
1335 2815 1501 2886 Igitur
1520 2859 1534 2879 ,
1562 2817 1605 2868 si
1632 2833 1756 2868 con-

195 2911 462 2961 surrexistis
492 2927 606 2962 cum
634 2909 856 2972 Christo,
883 2925 996 2977 qua:
1021 2926 1222 2962 sursum
1251 2919 1365 2961 sunt
1392 2910 1616 2977 quan-ite.
1651 2909 1760 2962 Eos

198 3000 450 3061 conciliat,
478 3015 596 3052 cum
621 3000 867 3067 superius
895 2999 1170 3066 probasset
1187 3014 1308 3051 cum
1329 3013 1448 3052 esse
1469 2993 1755 3052 mortinuu.

202 3090 466 3157 Propterea
493 3091 616 3144 dicit
654 3108 666 3142 :
703 3090 884 3160 Igitur,
910 3091 954 3143 si
980 3091 1370 3144 consurrexistis
1395 3108 1509 3143 cum
1536 3089 1755 3155 Christo,

198 3198 300 3248 quae
339 3200 534 3237 sursum
577 3195 691 3236 sunt
735 3187 960 3252 quwrite.
1011 3183 1122 3237 Non
1165 3193 1246 3240 est
1290 3186 1394 3240 illic
1437 3188 1758 3240 observatio.

205 3275 320 3335 Qua:
353 3290 546 3325 sursum
585 3285 700 3325 sunt
731 3274 970 3342 qnazrite,
1010 3274 1094 3327 ubi
1119 3273 1350 3328 Christus
1376 3285 1446 3328 est
1477 3277 1527 3329 in
1558 3278 1763 3329 dexttra

207 3363 289 3413 (lci
329 3365 521 3416 sedens.
570 3365 724 3432 Papw
763 3367 775 3416 !
821 3381 927 3432 quo
973 3374 1208 3418 mentem
1253 3377 1486 3419 nostram
1536 3368 1764 3421 evexit?

203 3456 455 3520 quomodo
484 3471 578 3509 eos
616 3472 810 3525 magno
843 3457 1083 3526 implevit
1110 3458 1296 3524 spiritu
1321 3460 1333 3510 !
1363 3457 1478 3511 Non
1505 3459 1634 3512 satis
1663 3458 1762 3511 ha—

205 3544 306 3596 buit
349 3545 542 3599 dixisse
585 3562 704 3615 qua:
748 3561 957 3600 sursum
988 3557 1143 3611 sunt,
1189 3564 1360 3617 neque
1391 3550 1477 3602 ubi
1518 3548 1766 3604 Christus

205 3649 306 3699 est;
334 3639 422 3692 sed
451 3639 611 3707 quid?
643 3638 702 3690 In
725 3640 928 3693 dextera
959 3639 1055 3692 Dei
1082 3640 1278 3694 sedens.
1314 3642 1457 3694 Illinc
1483 3641 1548 3694 de
1567 3653 1768 3695 ea-tero

205 3729 367 3784 rﬂecit
407 3739 462 3785 ut
506 3733 557 3784 in
593 3741 787 3786 terram
833 3748 936 3784 non
986 3733 1296 3800 aspiciatur.
1327 3733 1380 3786 9..
1414 3734 1538 3800 Qua:
1566 3751 1765 3788 sursum

207 3831 309 3873 sunt
349 3825 525 3891 sapite,
571 3840 671 3877 non
709 3841 820 3893 qua:
848 3841 1000 3892 super
1045 3835 1228 3878 terram
1263 3841 1281 3879 :
1312 3827 1364 3880 5.
1411 3827 1595 3878 mortui
1637 3827 1770 3880 enim

209 3915 314 3966 estis
332 3953 347 3978 ,
379 3925 422 3968 et
449 3917 546 3969 vita
576 3927 736 3970 restra
763 3917 1056 3970 abscondita
1093 3929 1162 3971 est
1187 3933 1302 3971 cum
1333 3918 1529 3972 Christo
1556 3921 1607 3972 in
1635 3918 1766 3973 Deo.

209 4003 254 4055 4.
292 4006 413 4058 Cum
440 4018 601 4061 autem
639 4007 868 4062 Christus
893 4011 1207 4080 apparuerit,
1232 4012 1334 4063 vita
1364 4024 1544 4074 vestra,
1579 4021 1697 4064 tunc
1723 4021 1770 4065 et

210 4108 285 4147 vos
309 4097 609 4166 apparebitis
638 4115 750 4150 cum
775 4100 885 4167 ipso
915 4100 966 4152 in
1006 4101 1188 4170 gloria.
1226 4099 1338 4153 Vita
1359 4141 1374 4165 ,
1419 4102 1587 4170 inquit
1607 4143 1620 4163 ,
1657 4101 1772 4156 hzec

211 4202 303 4239 non
325 4197 401 4242 est
431 4201 602 4244 vestra
627 4207 640 4255 ;
666 4199 748 4244 est
777 4189 1020 4259 quaedam
1047 4192 1148 4244 alia
1180 4193 1285 4246 vita
1315 4201 1510 4246 vestra.
1537 4192 1652 4247 Jam
1679 4210 1768 4246 ur-

211 4288 288 4344 get
316 4287 370 4333 ut
394 4295 484 4334 eos
509 4279 826 4346 transierat,
853 4291 908 4336 et
935 4283 1209 4336 contendit
1247 4283 1533 4338 ostendere
1558 4300 1650 4338 eos
1681 4301 1768 4338 se-

211 4370 327 4423 dere
355 4386 580 4441 superne
600 4413 614 4434 ,
647 4373 858 4428 etiamsi
888 4374 995 4427 sint
1022 4376 1212 4427 mortui
1234 4416 1247 4437 ,
1279 4391 1343 4429 ex
1377 4377 1618 4444 utrisque
1649 4393 1771 4443 pro-

216 4459 332 4515 bans
379 4479 479 4516 non
524 4478 644 4518 esse
688 4464 975 4533 quaerenda
1007 4483 1124 4533 qua:
1172 4467 1259 4521 hic
1303 4477 1446 4520 sunt.
1478 4468 1607 4521 Nam
1656 4471 1773 4524 sive

216 4553 392 4606 mortui
443 4557 592 4618 estis,
642 4573 747 4610 non
789 4557 995 4612 debetis
1048 4574 1319 4625 qumrcre;
1375 4562 1488 4615 sive
1546 4577 1774 4630 superne

215 4643 350 4709 estis,
379 4661 477 4700 non
507 4647 714 4701 debetis
742 4663 1007 4718 quaircre.
1043 4649 1221 4719 Neque
1245 4662 1465 4719 apparet
1493 4654 1770 4718 Christus;

213 4747 329 4802 ergo
369 4752 537 4808 neque
583 4739 686 4793 vita
741 4750 959 4794 vestra:
995 4741 1044 4794 in
1079 4741 1188 4795 Deo
1229 4752 1310 4795 est
1346 4744 1484 4810 apud
1530 4761 1773 4814 superos.

221 4828 340 4889 Quid
382 4833 544 4901 ergo?
589 4832 806 4901 quando
836 4833 1115 4896 vivemus?
1152 4836 1284 4889 Cum
1314 4837 1559 4893 Christus
1615 4855 1776 4908 appa-

146 4977 150 4980 ,
220 4921 390 4987 ruerit,
413 4923 515 4978 vita
544 4935 743 4990 vestra,
769 4935 896 4978 tunc
920 4925 1142 4995 gloriam
1171 4927 1412 4996 qumrite,
1439 4937 1562 4982 tunc
1588 4932 1774 4992 vitam.

221 5018 328 5066 ltlllC
348 5014 581 5070 delicias.
614 5015 737 5072 Ilaec
762 5027 885 5071 sunt
914 5019 1105 5087 quibus
1131 5019 1232 5073 iter
1261 5023 1462 5085 munit,
1495 5032 1546 5076 ut
1569 5038 1663 5077 eos
1684 5025 1776 5078 ab-

221 5101 412 5158 illicita
442 5107 646 5160 deliciis
673 5108 890 5176 otioque
918 5117 973 5162 et
1001 5109 1204 5179 requie.
1237 5110 1331 5164 llic
1357 5120 1440 5165 est
1466 5128 1581 5166 mos
1617 5115 1733 5181 ejus
1757 5155 1772 5180 ,

223 5192 377 5245 utalia
411 5199 637 5265 probans
663 5205 718 5252 ct
747 5200 1105 5262 conﬁrmans,
1144 5201 1211 5253 ad
1249 5202 1350 5256 alia
1384 5205 1647 5258 transiliat
1675 5223 1689 5260 :
1719 5217 1776 5260 ut

227 5279 284 5334 de
309 5282 368 5338 iis
395 5285 613 5356 loquens
638 5289 726 5356 qui
755 5295 961 5343 caenam
1002 5292 1381 5360 anticipabant,
1426 5305 1644 5364 repente
1681 5298 1774 5352 de-

226 5367 384 5438 lapsus
411 5389 489 5433 est
523 5379 588 5430 ad
615 5381 1044 5435 observationem
1089 5385 1487 5454 mysteriorum.
1525 5387 1771 5459 Magnum

221 5462 345 5516 enim
370 5468 632 5538 quidpiam
675 5471 1058 5540 reprehensio,
1093 5488 1213 5527 cum
1253 5475 1383 5529 facta
1428 5475 1592 5531 fuerit
1637 5479 1770 5534 citra

224 5555 578 5621 B‘opiciouem.
627 5561 932 5614 Abscondita
975 5573 1067 5628 est,
1112 5563 1302 5633 inquit,
1344 5580 1372 5617 a
1419 5567 1588 5621 vobis.
1628 5567 1771 5622 Tunc

224 5652 295 5693 vos
317 5660 496 5716 quoque
520 5666 634 5702 cum
662 5667 718 5704 eo
744 5652 1069 5721 apparebitis.
1101 5653 1455 5722 Quamobrem
1489 5675 1626 5714 nunc
1662 5677 1765 5715 non

224 5739 483 5800 attpatetis.
516 5740 646 5796 Vide
677 5745 947 5811 quomodo
973 5759 1070 5800 eos
1101 5745 1347 5799 transfert
1379 5749 1428 5800 in
1458 5749 1626 5816 ipsum
1659 5767 1766 5806 ca:-

225 5819 330 5877 lum.
357 5825 479 5884 Nam
514 5831 645 5888 sicut
671 5834 795 5900 dixi,
832 5851 1044 5906 semper
1070 5838 1340 5893 contendit
1367 5842 1647 5897 ostendere
1673 5859 1767 5900 eos

1767 447 1781 460 .
1824 403 1976 460 CAP.
2021 403 2106 458 lll.
2151 406 2377 460 IIOMZL.
2427 404 2534 458 Vll.

3329 407 3432 461 3M3

1854 517 2040 572 eadem
2074 521 2268 576 habere.
2295 541 2411 592 quae
2440 523 2716 583 Christus;
2747 534 2799 577 et
2829 539 2919 590 I'cr
2943 541 3125 578 «mines
3162 541 3285 579 suas
3312 529 3396 594 t-pi
3416 557 3431 570 -

1853 618 2018 671 stolas
2041 616 2141 670 hoc
2169 623 2291 684 agit,
2319 626 2374 668 ut
2396 616 2644 670 ostendat
2666 633 2756 668 vos
2784 618 3095 670 societatem
3117 629 3168 670 ct
3192 634 3430 672 commu-

1853 711 2066 763 nionem
2095 725 2214 762 eum
2242 725 2307 761 eo
2335 708 2530 784 habere
2559 708 2609 760 iu
2642 707 2908 760 omnibus.
2943 707 3231 776 [‘mpterea
3255 719 3307 765 et
3342 724 3432 762 ca-

1853 811 1941 871 put
1974 802 2102 856 dicit
2130 809 2186 854 et
2228 815 2450 868 corpus,
2486 809 2538 853 ct
2569 798 2741 853 omn".
2791 799 2933 866 facit,
2984 809 3040 853 ut
3090 799 3191 854 hoc
3232 816 3428 870 rephe-

1852 901 2027 946 sentct
2067 901 2118 944 et
2163 891 2433 946 exhibeat.
2478 888 2534 945 Si
2580 899 2879 960 ergodunc
2923 891 3332 959 apparebiums,
3367 908 3433 944 ne

1851 985 2128 1038 doleamus
2153 982 2365 1053 quando
2397 983 2654 1036 honorem
2790 1003 2798 1032 ι
2829 984 3164 1051 assrqnimur
3197 1000 3210 1036 :
3245 985 3290 1038 si
3322 983 3434 1038 lia-c

1853 1077 1955 1128 vita
1983 1090 2086 1128 non
2115 1083 2195 1127 est
2221 1076 2346 1136 vita,
2373 1074 2463 1128 sed
2497 1084 2580 1127 est
2608 1073 2865 1127 abstonsa
2887 1117 2902 1138 ,
2938 1085 3207 1144 tamquam
3237 1085 3432 1128 mortui

1853 1168 2110 1221 debemus
2139 1168 2273 1220 hanc
2305 1168 2463 1219 vitam
2494 1168 2692 1221 vivere.
2726 1166 2867 1218 Tunc
2894 1176 2942 1220 et
2967 1183 3068 1230 ros,
3100 1167 3289 1238 inquit,
3319 1185 3432 1220 cum

1851 1261 1963 1330 ipso
1988 1260 2293 1330 apparebitis
2325 1260 2375 1312 in
2405 1261 2588 1330 gloria.
2624 1259 2688 1312 In
2719 1259 2883 1329 gloria
2915 1258 3048 1314 dixit
3076 1274 3179 1314 non
3212 1261 3308 1314 abs
3334 1276 3392 1315 rc
3418 1302 3433 1325 ,

1854 1369 1952 1407 nec
1995 1351 2404 1405 inconsiderate.
2442 1351 2571 1404 Nam
2603 1363 2655 1405 et
2683 1352 2966 1421 margarita
3013 1361 3094 1406 est
3124 1351 3387 1407 absconsa
3417 1396 3432 1416 ,

1853 1441 2104 1511 quamdiu
2146 1440 2305 1495 fuerit
2344 1442 2393 1493 iu
2421 1451 2617 1495 ostreo.
2649 1440 2772 1497 Sive
2815 1457 2942 1513 ergo
2969 1444 3288 1497 contumelia
3318 1443 3425 1496 afli~

1853 1535 2076 1593 cimnur.
2121 1549 2186 1586 ne
2226 1533 2538 1597 doleamus;
2582 1533 2696 1587 sive
2736 1534 2961 1602 quodvis
2991 1537 3292 1603 patiamur:
3326 1553 3428 1590 non

1852 1635 1934 1677 cst
1959 1625 2099 1677 enim
2130 1634 2311 1680 nostra
2340 1629 2441 1679 vita
2472 1625 2586 1680 hinc
2618 1626 2724 1679 vita
2760 1645 2773 1680 :
2811 1627 3048 1696 hospites
3077 1630 3219 1680 enim
3249 1635 3300 1681 et
3331 1643 3428 1696 pe-

1855 1716 2048 1784 regrini
2080 1730 2306 1780 sumus;
2339 1714 2532 1768 Μωιυὶ
2550 1718 2708 1781 enim,
2743 1718 2945 1786 inquit,
2973 1718 3110 1770 estis.
3142 1718 3270 1783 Quis
3299 1718 3433 1771 adeo

1855 1806 2046 1874 desipit
2078 1815 2133 1859 ut
2174 1816 2386 1859 mortuo
2415 1806 2631 1875 corpori
2671 1809 2880 1875 sepulto
2908 1817 3001 1862 aut
3040 1823 3225 1862 servos
3251 1817 3393 1862 emat
3417 1851 3432 1870 ,

1858 1907 1946 1950 aut
1979 1897 2167 1951 domos
2197 1899 2422 1953 :cdilitct
2443 1940 2457 1964 ,
2488 1909 2579 1952 aut
2608 1901 2870 1973 pretiosas
2901 1911 3078 1954 vestes
3121 1905 3438 1969 comparet?

1856 1991 2059 2044 Nullus.
2105 1990 2212 2045 Nec
2244 2007 2342 2052 nos
2370 2007 2496 2061 ergo
2522 2008 2535 2054 ;
2567 1992 2659 2046 sed
2689 1993 2823 2046 sicut
2851 2009 3011 2045 unum
3042 1993 3214 2046 solum
3246 1994 3434 2061 qumri-

1858 2098 1991 2145 tuus,
2029 2098 2093 2135 ne
2124 2084 2295 2137 simus
2323 2083 2505 2136 nudati
2540 2100 2553 2136 :
2587 2083 2655 2136 ita
2687 2083 2769 2136 hic
2797 2097 3010 2153 quoque
3039 2098 3201 2136 unum
3228 2099 3435 2152 quzera-

1855 2189 1993 2227 mus.
2021 2173 2272 2242 Sepultus
2307 2184 2388 2229 est
2430 2184 2612 2228 noster
2641 2174 2842 2243 primus
2869 2174 3053 2237 homo,
3085 2175 3327 2243 sepultus
3355 2187 3438 2228 est

1857 2281 1960 2318 non
1992 2267 2042 2318 in
2073 2273 2233 2326 terra,
2264 2265 2358 2318 sed
2386 2267 2436 2318 in
2479 2281 2612 2335 aqua
2638 2283 2652 2328 ;
2685 2283 2802 2323 non.
2828 2276 3000 2321 morte
3041 2267 3212 2336 ipsum
3246 2267 3436 2321 dissol-

1857 2367 2032 2420 vente,
2065 2357 2155 2410 sed
2178 2373 2244 2410 eo
2270 2358 2356 2424 qui
2381 2367 2603 2410 mortem
2627 2357 2889 2422 diisolvit,
2921 2357 3091 2426 ipsum
3115 2359 3435 2425 sepelientc;

1859 2465 1964 2503 non
1995 2451 2108 2518 lege
2140 2461 2364 2513 naturai,
2401 2450 2494 2503 Sed
2524 2450 2674 2517 jussu
2704 2449 2922 2504 fortiore
2957 2467 3114 2520 quam
3157 2451 3224 2503 sit
3248 2461 3302 2505 et
3343 2469 3437 2503 ua-

1863 2551 1975 2595 tura
2031 2550 2084 2594 et
2131 2540 2444 2594 dominium.
2477 2540 2608 2594 Nam
2641 2558 2757 2608 quze
2799 2540 2934 2594 facta
2978 2550 3102 2594 sunt
3147 2557 3174 2592 a
3226 2551 3435 2598 natura.

1859 2634 2165 2688 dissolverit
2187 2634 2345 2686 etiam
2364 2633 2623 2703 quispiam
2647 2650 2662 2694 ;
2688 2649 2804 2701 qum
2831 2644 3008 2687 autem
3038 2633 3105 2686 ab
3127 2634 3240 2700 ejus
3264 2634 3437 2701 jussu.

1862 2742 2217 2796 nequaquam.
2270 2726 2377 2780 llac
2425 2727 2698 2796 sepultura
2745 2726 2873 2779 nihil
2926 2735 3006 2779 est
3047 2727 3252 2779 beatius
3281 2769 3294 2789 ,
3340 2742 3442 2795 qua

1858 2833 2045 2873 ornues
2087 2821 2352 2880 laetantur,
2384 2829 2437 2872 et
2472 2819 2648 2887 angeli
2694 2827 2750 2872 et
2798 2818 3041 2872 homines
3085 2828 3132 2871 et
3187 2819 3443 2870 llontiuus

1860 2911 2173 2979 angelorum
2204 2926 2219 2964 :
2251 2911 2374 2964 huic
2403 2911 2695 2979 sepultura:
2738 2926 2840 2962 non
2873 2925 3005 2976 opus
3046 2919 3126 2962 cst
3171 2909 3405 2961 vestibus
3430 2950 3443 2967 .

1864 3019 1967 3057 non
2018 3003 2213 3068 loculo,
2246 2996 2360 3057 'nec
2408 3003 2514 3056 ulla
2560 3019 2617 3055 re
2663 3004 2765 3055 alia
2813 3002 3100 3068 ejusmodi.
3143 3002 3234 3054 Vis
3266 3001 3446 3054 videre

1864 3095 2165 3165 symbolum
2195 3108 2290 3148 seu
2331 3095 2539 3164 signum
2563 3093 2586 3146 ?
2612 3092 2899 3147 Ostendam
2946 3093 3036 3146 tibi
3082 3093 3358 3162 piscinam,
3396 3092 3446 3144 in

1863 3205 1962 3255 qua
1991 3187 2126 3239 alius
2155 3185 2366 3253 quidem
2396 3195 2477 3238 est
2510 3186 2773 3253 sepultus,
2806 3183 2938 3235 alius
2962 3199 3088 3235 vero
3120 3183 3446 3235 resurrexit:

1869 3280 1919 3332 in
1946 3279 2076 3332 mari
2106 3278 2286 3330 Rubro
2315 3278 2543 3331 demersi
2571 3288 2695 3329 suut
2723 3276 2984 3350 Egyptii.
3018 3275 3376 3330 ascenderunt
3399 3288 3450 3326 et

1868 3378 2221 3439 pcrvaserunt
2257 3367 2530 3420 Israelitre.
2568 3368 2674 3420 Res
2701 3367 2887 3420 eadem
2928 3367 3086 3419 alium
3117 3366 3330 3435 quidem
3363 3381 3448 3418 sc-

1867 3461 2016 3531 pi-lit,
2041 3462 2204 3514 alium
2230 3475 2355 3513 vero
2386 3469 2622 3528 generat.

1939 3556 1991 3608 5.
2012 3553 2087 3605 Nc
2109 3551 2340 3616 mireris,
2366 3550 2408 3604 si
2433 3559 2580 3603 ortus
2602 3561 2655 3603 et
2682 3550 2925 3602 interitus
2945 3549 3011 3602 sit
3037 3549 3086 3600 in
3111 3548 3448 3617 baptismate.

1869 3644 1999 3696 Nam
2028 3683 2042 3706 ,
2071 3643 2156 3696 dic
2185 3642 2311 3694 mihi
2338 3683 2353 3705 ,
2395 3641 2607 3694 solvere
2648 3650 2700 3694 et
2730 3641 3098 3709 conglutinare
3129 3655 3305 3693 nonne
3333 3649 3453 3692 sunt

1869 3733 2172 3789 contraria?
2214 3733 2398 3787 Cuivis
2425 3742 2509 3787 est
2539 3733 2899 3801 perspicuum.
2949 3731 3058 3784 lloc
3106 3731 3230 3785 facit
3271 3730 3405 3799 ignis
3439 3749 3451 3781 :

1871 3842 1993 3879 nam
2022 3839 2201 3878 ceram
2227 3823 2440 3893 quidem
2476 3822 2714 3878 dissolvit
2742 3831 2795 3876 et
2825 3823 3021 3892 perdit,
3058 3831 3252 3876 terram
3279 3832 3452 3875 autem

1871 3917 2189 3970 metallicam
2217 3914 2545 3984 conglutinat
2566 3956 2580 3979 ,
2625 3925 2676 3968 et
2709 3925 2897 3968 aurum
2934 3913 3075 3968 facit.
3109 3913 3180 3966 lta
3213 3913 3299 3968 hic
3325 3931 3455 3984 quo-

1871 4023 1996 4076 que,
2028 4021 2237 4060 ceream
2275 4017 2502 4059 statuam
2529 4021 2649 4059 cum
2684 4005 2760 4057 vis
2792 4005 2926 4072 ignis
2954 4004 3234 4067 deleverit,
3269 4019 3365 4072 pro
3390 4019 3452 4058 ea

1873 4117 2060 4154 aurum
2092 4100 2268 4155 reddit
2301 4119 2313 4152 :
2347 4116 2562 4154 eramus
2591 4101 2735 4154 enim
2779 4099 2936 4168 plane
2981 4099 3106 4151 lutei
3155 4109 3278 4153 ante
3311 4101 3458 4153 lava-

1873 4209 2046 4257 crum,
2089 4191 2236 4245 aurei
2263 4200 2442 4245 autem
2478 4201 2682 4260 postea.
2716 4190 2869 4246 Unde
2902 4190 3002 4243 hoc
3045 4191 3296 4244 constat?
3326 4192 3458 4244 Audi

1876 4286 2048 4354 ipsum
2076 4285 2344 4339 dicentem
2379 4301 2391 4336 :
2433 4283 2635 4337 Primus
2665 4285 2813 4336 homo
2844 4300 2870 4336 e
2899 4293 3054 4346 terra,
3088 4293 3344 4348 terrenus;
3380 4301 3457 4336 se-

1876 4378 2070 4429 cundus
2115 4380 2265 4429 homo
2308 4377 2518 4439 ecwlo,
2569 4377 2782 4429 caelestis
2827 4375 2901 4442 (l.
2943 4375 3177 4428 Cor-.15.
3208 4375 3320 4444 4⁸7).
3353 4375 3460 4445 Ego

1876 4470 2090 4538 quidem
2122 4468 2230 4520 dixi
2259 4478 2512 4536 quantum
2545 4467 2758 4520 intersit
2788 4469 2927 4519 inter
2953 4467 3120 4519 lutum
3147 4475 3200 4519 et
3227 4481 3457 4528 aurum;

1879 4559 2054 4612 inveni
2084 4568 2263 4613 autem
2294 4559 2550 4626 majorem
2573 4556 2928 4611 diﬂ'crentiam
2956 4557 3188 4610 caelestis
3209 4567 3264 4611 et
3287 4567 3456 4611 terre-

1880 4654 1931 4704 ni
1960 4670 1972 4703 :
1999 4667 2104 4705 non
2134 4659 2338 4704 tantum
2365 4662 2542 4703 autem
2569 4649 2794 4704 interest
2817 4649 2955 4716 inter
2986 4649 3151 4700 lutum
3175 4659 3224 4702 et
3249 4664 3459 4708 aurum.

1880 4753 2130 4813 quantum
2163 4744 2304 4799 inter
2336 4753 2545 4798 terrena
2572 4751 2626 4798 et
2668 4742 2920 4797 cwlestia.
2964 4740 3116 4795 Cerei
3157 4755 3370 4795 eramus
3412 4748 3462 4792 et

1883 4835 2010 4890 lutei
2043 4853 2056 4888 :
2089 4849 2189 4889 nos
2219 4837 2358 4889 enim
2390 4834 2658 4903 liquefecit
2697 4833 2908 4887 ﬂamma
2937 4831 3258 4901 cupiditatis.
3292 4831 3461 4884 multo

1882 4927 2048 4995 magis
2091 4941 2249 4996 quam
2281 4941 2458 4982 ceram
2503 4926 2677 4996 ignis;
2728 4934 2781 4980 et
2823 4929 3022 4994 quatvis
3068 4938 3164 4978 nos
3202 4923 3464 4992 confregit

1884 5019 2122 5083 tentatio,
2160 5020 2325 5080 tnulto
2347 5020 2512 5088 magis
2535 5035 2692 5088 quant
2719 5016 2891 5072 luteos
2919 5018 3078 5088 lapis.
3105 5018 3188 5079 Et,
3215 5019 3257 5070 si
3279 5017 3460 5082 vultis,

1880 5113 2246 5167 describamus
2271 5114 2432 5165 vitam
2461 5113 2714 5181 priorem,
2747 5120 2805 5162 ut
2833 5111 3109 5164 videamus
3138 5127 3258 5162 num
3284 5110 3461 5162 nitinia

1879 5214 2060 5259 essent
2093 5215 2230 5258 terra
2260 5212 2314 5259 et
2338 5219 2472 5273 aqua
2500 5245 2515 5268 ,
2545 5214 2599 5258 et
2637 5194 2942 5272 huiusmodi
2985 5213 3040 5257 ut
3083 5205 3249 5259 inStar
3281 5203 3460 5269 Euripi

1881 5296 2106 5350 ﬂuerent.
2132 5306 2182 5350 et
2211 5295 2516 5359 rcﬂuerent,
2551 5306 2838 5366 essentque
2867 5296 3028 5348 veluti
3063 5295 3234 5364 pulvis
3257 5337 3280 5360 ν
3306 5296 3462 5362 plane

1881 5387 2143 5443 instabilia
2188 5397 2241 5442 et
2284 5388 2594 5441 difﬂuentia.
2650 5387 2735 5448 Et,
2786 5387 2829 5440 si
2881 5380 3057 5447 vultis,
3091 5385 3463 5439 cxamiuemus

1881 5497 1984 5534 non
2017 5484 2213 5550 priora,
2245 5480 2337 5535 sed
2367 5481 2665 5549 praesentia,
2703 5496 2828 5533 num
2858 5481 3035 5532 omnia
3078 5479 3243 5532 instar
3273 5480 3466 5547 pulve-

1882 5576 1954 5628 ris
1997 5585 2050 5629 ct
2087 5590 2240 5644 aquae
2270 5590 2388 5629 esse
2416 5575 2768 5643 reperiamus.
2799 5574 2936 5642 Quid
2966 5575 3107 5627 enim
3137 5574 3216 5628 vis
3255 5591 3352 5628 nos
3384 5575 3462 5626 di-

1879 5667 2046 5720 cere?
2076 5666 2418 5734 magistratus
2445 5676 2500 5719 et
2530 5665 2860 5734 principatus
2879 5664 2904 5716 ?
2930 5664 3063 5718 nihil
3096 5664 3236 5719 enim
3265 5665 3316 5718 in
3361 5665 3460 5717 hac

1878 5759 1981 5810 vita
2023 5756 2232 5810 videtur
2261 5769 2383 5810 esse
2415 5757 2582 5825 magis
2614 5755 2999 5809 a'mulandum.
3039 5753 3144 5810 Sed
3186 5754 3353 5824 magis
3371 5755 3461 5829 Iin-

1881 5846 2087 5901 veneris
2117 5846 2386 5916 pulverem
2416 5847 2467 5901 in
2496 5862 2617 5900 acre
2648 5855 2876 5900 stantem
2898 5885 2913 5910 ,
2944 5861 3101 5914 quam
3131 5846 3246 5902 inec
3270 5887 3283 5912 ,
3317 5860 3456 5899 mmc
