  <div class='ocr_page' id='page_1' title='image "/cluster/home/n/w/nwhite01/storage/ocr_20150623/62/pst.000005712625/353.png"; bbox 0 0 4050 6324; ppageno 0'>
   <div class='ocr_carea' id='block_1_1' title="bbox 638 360 737 420">
    <p class='ocr_par' dir='ltr' id='par_1_1' title="bbox 638 360 737 420">
     <span class='ocr_line' id='line_1_1' title="bbox 638 360 737 420; baseline 0.051 -6"><span class='ocrx_word' id='word_1_1' title='bbox 638 360 674 415; x_wconf 80' lang='lat'><strong>&#39;5</strong></span> <span class='ocrx_word' id='word_1_2' title='bbox 685 362 737 420; x_wconf 69' lang='grc' dir='ltr'><strong>ιτ</strong></span> 
     </span>
    </p>
   </div>
   <div class='ocr_carea' id='block_1_2' title="bbox 620 480 2199 558">
    <p class='ocr_par' dir='ltr' id='par_1_2' title="bbox 620 480 2199 558">
     <span class='ocr_line' id='line_1_2' title="bbox 620 480 2199 558; baseline 0.007 -25"><span class='ocrx_word' id='word_1_3' title='bbox 620 480 875 536; x_wconf 85' lang='lat' dir='ltr'><strong>maxime.</strong></span> <span class='ocrx_word' id='word_1_4' title='bbox 902 480 999 536; x_wconf 82' lang='lat' dir='ltr'><strong>Cui</strong></span> <span class='ocrx_word' id='word_1_5' title='bbox 1030 480 1182 537; x_wconf 76' lang='lat' dir='ltr'><strong>‘enim</strong></span> <span class='ocrx_word' id='word_1_6' title='bbox 1220 496 1327 538; x_wconf 89' lang='lat' dir='ltr'><strong>non</strong></span> <span class='ocrx_word' id='word_1_7' title='bbox 1358 490 1482 539; x_wconf 89' lang='lat' dir='ltr'><strong>sunt</strong></span> <span class='ocrx_word' id='word_1_8' title='bbox 1509 485 1775 556; x_wconf 73' lang='lat' dir='ltr'><strong>subjecti?</strong></span> <span class='ocrx_word' id='word_1_9' title='bbox 1819 484 1891 542; x_wconf 90' lang='lat' dir='ltr'><strong>lis</strong></span> <span class='ocrx_word' id='word_1_10' title='bbox 1934 487 2024 557; x_wconf 89' lang='lat' dir='ltr'><strong>qui</strong></span> <span class='ocrx_word' id='word_1_11' title='bbox 2053 488 2199 558; x_wconf 78' lang='lat' dir='ltr'><strong>ipsos</strong></span> 
     </span>
    </p>
   </div>
   <div class='ocr_carea' id='block_1_3' title="bbox 629 572 2200 645">
    <p class='ocr_par' dir='ltr' id='par_1_3' title="bbox 629 572 2200 645">
     <span class='ocr_line' id='line_1_3' title="bbox 629 572 2200 645; baseline 0.007 -23"><span class='ocrx_word' id='word_1_12' title='bbox 629 579 829 637; x_wconf 83' lang='lat' dir='ltr'><strong>amant,</strong></span> <span class='ocrx_word' id='word_1_13' title='bbox 857 572 1149 639; x_wconf 78' lang='lat' dir='ltr'><strong>eunuchis,</strong></span> <span class='ocrx_word' id='word_1_14' title='bbox 1182 572 1247 628; x_wconf 91' lang='lat' dir='ltr'><strong>iis</strong></span> <span class='ocrx_word' id='word_1_15' title='bbox 1273 574 1361 645; x_wconf 92' lang='lat' dir='ltr'><strong>qui</strong></span> <span class='ocrx_word' id='word_1_16' title='bbox 1393 577 1631 644; x_wconf 72' lang='lat' dir='ltr'><strong>pecuniae</strong></span> <span class='ocrx_word' id='word_1_17' title='bbox 1658 577 1827 645; x_wconf 87' lang='lat' dir='ltr'><strong>gratia</strong></span> <span class='ocrx_word' id='word_1_18' title='bbox 1859 577 2060 633; x_wconf 89' lang='lat' dir='ltr'><strong>faciunt</strong></span> <span class='ocrx_word' id='word_1_19' title='bbox 2085 593 2200 633; x_wconf 89' lang='lat' dir='ltr'><strong>om-</strong></span> 
     </span>
    </p>
   </div>
   <div class='ocr_carea' id='block_1_4' title="bbox 628 662 2196 737">
    <p class='ocr_par' dir='ltr' id='par_1_4' title="bbox 628 662 2196 737">
     <span class='ocr_line' id='line_1_4' title="bbox 628 662 2196 737; baseline 0.006 -24"><span class='ocrx_word' id='word_1_20' title='bbox 628 665 731 725; x_wconf 72' lang='lat' dir='ltr'><strong>nia,</strong></span> <span class='ocrx_word' id='word_1_21' title='bbox 768 662 860 716; x_wconf 68' lang='lat' dir='ltr'><strong>ira:</strong></span> <span class='ocrx_word' id='word_1_22' title='bbox 886 663 1102 732; x_wconf 90' lang='lat' dir='ltr'><strong>populi,</strong></span> <span class='ocrx_word' id='word_1_23' title='bbox 1135 666 1493 733; x_wconf 76' lang='lat' dir='ltr'><strong>potentiorum</strong></span> <span class='ocrx_word' id='word_1_24' title='bbox 1544 665 2049 737; x_wconf 48' lang='lat' dir='ltr'><strong>indignationiJQui</strong></span> <span class='ocrx_word' id='word_1_25' title='bbox 2081 667 2196 723; x_wconf 89' lang='lat' dir='ltr'><strong>heri</strong></span> 
     </span>
    </p>
   </div>
   <div class='ocr_carea' id='block_1_5' title="bbox 625 751 2197 830">
    <p class='ocr_par' dir='ltr' id='par_1_5' title="bbox 625 751 2197 830">
     <span class='ocr_line' id='line_1_5' title="bbox 625 751 2197 830; baseline 0.008 -26"><span class='ocrx_word' id='word_1_26' title='bbox 625 751 869 809; x_wconf 86' lang='lat' dir='ltr'><strong>sublimis</strong></span> <span class='ocrx_word' id='word_1_27' title='bbox 910 756 962 810; x_wconf 89' lang='lat' dir='ltr'><strong>in</strong></span> <span class='ocrx_word' id='word_1_28' title='bbox 1009 756 1292 820; x_wconf 87' lang='lat' dir='ltr'><strong>tribunali,</strong></span> <span class='ocrx_word' id='word_1_29' title='bbox 1340 757 1566 813; x_wconf 88' lang='lat' dir='ltr'><strong>habebat</strong></span> <span class='ocrx_word' id='word_1_30' title='bbox 1602 762 1888 830; x_wconf 64' lang='lat' dir='ltr'><strong>‘prarcones</strong></span> <span class='ocrx_word' id='word_1_31' title='bbox 1930 761 2036 815; x_wconf 86' lang='lat' dir='ltr'><strong>alta</strong></span> <span class='ocrx_word' id='word_1_32' title='bbox 2066 776 2197 817; x_wconf 83' lang='lat' dir='ltr'><strong>voce</strong></span> 
     </span>
    </p>
   </div>
   <div class='ocr_carea' id='block_1_6' title="bbox 624 842 2196 927">
    <p class='ocr_par' dir='ltr' id='par_1_6' title="bbox 624 842 2196 927">
     <span class='ocr_line' id='line_1_6' title="bbox 624 842 2196 927; baseline 0.008 -32"><span class='ocrx_word' id='word_1_33' title='bbox 624 844 949 910; x_wconf 76' lang='lat' dir='ltr'><strong>clamantes,</strong></span> <span class='ocrx_word' id='word_1_34' title='bbox 993 855 1047 901; x_wconf 92' lang='lat' dir='ltr'><strong>et</strong></span> <span class='ocrx_word' id='word_1_35' title='bbox 1089 847 1283 903; x_wconf 90' lang='lat' dir='ltr'><strong>multos</strong></span> <span class='ocrx_word' id='word_1_36' title='bbox 1310 842 1730 919; x_wconf 74' lang='lat' dir='ltr'><strong>pnncurrentes,</strong></span> <span class='ocrx_word' id='word_1_37' title='bbox 1761 862 1816 907; x_wconf 92' lang='lat' dir='ltr'><strong>et</strong></span> <span class='ocrx_word' id='word_1_38' title='bbox 1854 853 1907 908; x_wconf 90' lang='lat' dir='ltr'><strong>in</strong></span> <span class='ocrx_word' id='word_1_39' title='bbox 1943 852 2060 907; x_wconf 91' lang='lat' dir='ltr'><strong>foro</strong></span> <span class='ocrx_word' id='word_1_40' title='bbox 2099 869 2196 927; x_wconf 82' lang='lat' dir='ltr'><strong>su-</strong></span> 
     </span>
    </p>
   </div>
   <div class='ocr_carea' id='block_1_7' title="bbox 624 935 2193 1012">
    <p class='ocr_par' dir='ltr' id='par_1_7' title="bbox 624 935 2193 1012">
     <span class='ocr_line' id='line_1_7' title="bbox 624 935 2193 1012; baseline 0.01 -27"><span class='ocrx_word' id='word_1_41' title='bbox 624 935 785 1002; x_wconf 86' lang='lat' dir='ltr'><strong>perbe</strong></span> <span class='ocrx_word' id='word_1_42' title='bbox 813 945 865 990; x_wconf 93' lang='lat' dir='ltr'><strong>ct</strong></span> <span class='ocrx_word' id='word_1_43' title='bbox 894 935 1122 1006; x_wconf 72' lang='lat' dir='ltr'><strong>gloriose</strong></span> <span class='ocrx_word' id='word_1_44' title='bbox 1152 937 1476 1006; x_wconf 71' lang='lat' dir='ltr'><strong>incedentes,</strong></span> <span class='ocrx_word' id='word_1_45' title='bbox 1506 952 1589 996; x_wconf 87' lang='lat' dir='ltr'><strong>est</strong></span> <span class='ocrx_word' id='word_1_46' title='bbox 1612 941 1770 998; x_wconf 83' lang='lat' dir='ltr'><strong>hodie</strong></span> <span class='ocrx_word' id='word_1_47' title='bbox 1791 943 1928 1009; x_wconf 90' lang='lat' dir='ltr'><strong>vilis,</strong></span> <span class='ocrx_word' id='word_1_48' title='bbox 1955 943 2193 1012; x_wconf 81' lang='lat' dir='ltr'><strong>humilis,</strong></span> 
     </span>
    </p>
   </div>
   <div class='ocr_carea' id='block_1_8' title="bbox 621 1027 2194 1103">
    <p class='ocr_par' dir='ltr' id='par_1_8' title="bbox 621 1027 2194 1103">
     <span class='ocr_line' id='line_1_8' title="bbox 621 1027 2194 1103; baseline 0.008 -23"><span class='ocrx_word' id='word_1_49' title='bbox 621 1027 881 1096; x_wconf 85' lang='lat' dir='ltr'><strong>abjectus,</strong></span> <span class='ocrx_word' id='word_1_50' title='bbox 925 1029 994 1084; x_wconf 86' lang='lat' dir='ltr'><strong>ab</strong></span> <span class='ocrx_word' id='word_1_51' title='bbox 1029 1030 1277 1088; x_wconf 87' lang='lat' dir='ltr'><strong>omnibus</strong></span> <span class='ocrx_word' id='word_1_52' title='bbox 1322 1032 1426 1089; x_wconf 87' lang='lat' dir='ltr'><strong>illis</strong></span> <span class='ocrx_word' id='word_1_53' title='bbox 1465 1034 1711 1101; x_wconf 85' lang='lat' dir='ltr'><strong>desertus</strong></span> <span class='ocrx_word' id='word_1_54' title='bbox 1744 1044 1799 1091; x_wconf 92' lang='lat' dir='ltr'><strong>et</strong></span> <span class='ocrx_word' id='word_1_55' title='bbox 1840 1036 2031 1103; x_wconf 85' lang='lat' dir='ltr'><strong>nudus,</strong></span> <span class='ocrx_word' id='word_1_56' title='bbox 2061 1047 2194 1093; x_wconf 85' lang='lat' dir='ltr'><strong>tam-</strong></span> 
     </span>
    </p>
   </div>
   <div class='ocr_carea' id='block_1_9' title="bbox 621 1108 2193 1199">
    <p class='ocr_par' dir='ltr' id='par_1_9' title="bbox 621 1108 2193 1199">
     <span class='ocr_line' id='line_1_9' title="bbox 621 1108 2193 1199; baseline 0.011 -31"><span class='ocrx_word' id='word_1_57' title='bbox 621 1132 776 1185; x_wconf 83' lang='lat' dir='ltr'><strong>quam</strong></span> <span class='ocrx_word' id='word_1_58' title='bbox 811 1118 981 1187; x_wconf 79' lang='lat' dir='ltr'><strong>pulvis</strong></span> <span class='ocrx_word' id='word_1_59' title='bbox 1014 1121 1351 1191; x_wconf 75' lang='lat' dir='ltr'><strong>eventilatas,</strong></span> <span class='ocrx_word' id='word_1_60' title='bbox 1381 1132 1649 1193; x_wconf 83' lang='lat' dir='ltr'><strong>tamquam</strong></span> <span class='ocrx_word' id='word_1_61' title='bbox 1680 1125 1821 1182; x_wconf 86' lang='lat' dir='ltr'><strong>unda</strong></span> <span class='ocrx_word' id='word_1_62' title='bbox 1846 1143 1964 1198; x_wconf 65' lang='lat' dir='ltr'><strong>quae</strong></span> <span class='ocrx_word' id='word_1_63' title='bbox 2001 1108 2193 1199; x_wconf 64' lang='lat' dir='ltr'><strong>praete-</strong></span> 
     </span>
    </p>
   </div>
   <div class='ocr_carea' id='block_1_10' title="bbox 618 1206 2194 1290">
    <p class='ocr_par' dir='ltr' id='par_1_10' title="bbox 618 1206 2194 1290">
     <span class='ocr_line' id='line_1_10' title="bbox 618 1206 2194 1290; baseline 0.01 -31"><span class='ocrx_word' id='word_1_64' title='bbox 618 1206 710 1260; x_wconf 87' lang='lat' dir='ltr'><strong>riit</strong></span> <span class='ocrx_word' id='word_1_65' title='bbox 734 1206 838 1278; x_wconf 87' lang='lat' dir='ltr'><strong>(a).</strong></span> <span class='ocrx_word' id='word_1_66' title='bbox 867 1207 1016 1264; x_wconf 88' lang='lat' dir='ltr'><strong>Sicut</strong></span> <span class='ocrx_word' id='word_1_67' title='bbox 1050 1221 1228 1266; x_wconf 85' lang='lat' dir='ltr'><strong>autem</strong></span> <span class='ocrx_word' id='word_1_68' title='bbox 1269 1214 1443 1282; x_wconf 85' lang='lat' dir='ltr'><strong>pulvis</strong></span> <span class='ocrx_word' id='word_1_69' title='bbox 1470 1216 1734 1271; x_wconf 77' lang='lat' dir='ltr'><strong>excitatur</strong></span> <span class='ocrx_word' id='word_1_70' title='bbox 1757 1232 1788 1273; x_wconf 87' lang='lat' dir='ltr'><strong>a</strong></span> <span class='ocrx_word' id='word_1_71' title='bbox 1817 1220 2012 1273; x_wconf 80' lang='lat' dir='ltr'><strong>nostris</strong></span> <span class='ocrx_word' id='word_1_72' title='bbox 2046 1220 2194 1290; x_wconf 85' lang='lat' dir='ltr'><strong>pedi-</strong></span> 
     </span>
    </p>
   </div>
   <div class='ocr_carea' id='block_1_11' title="bbox 616 1295 2190 1380">
    <p class='ocr_par' dir='ltr' id='par_1_11' title="bbox 616 1295 2190 1380">
     <span class='ocr_line' id='line_1_11' title="bbox 616 1295 2190 1380; baseline 0.009 -29"><span class='ocrx_word' id='word_1_73' title='bbox 616 1295 743 1364; x_wconf 81' lang='lat' dir='ltr'><strong>bus,</strong></span> <span class='ocrx_word' id='word_1_74' title='bbox 792 1298 863 1352; x_wconf 92' lang='lat' dir='ltr'><strong>ita</strong></span> <span class='ocrx_word' id='word_1_75' title='bbox 890 1300 1052 1354; x_wconf 88' lang='lat' dir='ltr'><strong>etiam</strong></span> <span class='ocrx_word' id='word_1_76' title='bbox 1090 1302 1364 1371; x_wconf 88' lang='lat' dir='ltr'><strong>pariuntur</strong></span> <span class='ocrx_word' id='word_1_77' title='bbox 1390 1306 1733 1377; x_wconf 79' lang='lat' dir='ltr'><strong>magistratus</strong></span> <span class='ocrx_word' id='word_1_78' title='bbox 1758 1308 1827 1363; x_wconf 90' lang='lat' dir='ltr'><strong>ab</strong></span> <span class='ocrx_word' id='word_1_79' title='bbox 1861 1309 1928 1364; x_wconf 90' lang='lat' dir='ltr'><strong>iis</strong></span> <span class='ocrx_word' id='word_1_80' title='bbox 1960 1312 2049 1380; x_wconf 87' lang='lat' dir='ltr'><strong>qui</strong></span> <span class='ocrx_word' id='word_1_81' title='bbox 2073 1326 2190 1365; x_wconf 85' lang='lat' dir='ltr'><strong>ver-</strong></span> 
     </span>
    </p>
   </div>
   <div class='ocr_carea' id='block_1_12' title="bbox 614 1388 2187 1461">
    <p class='ocr_par' dir='ltr' id='par_1_12' title="bbox 614 1388 2187 1461">
     <span class='ocr_line' id='line_1_12' title="bbox 614 1388 2187 1461; baseline 0.008 -21"><span class='ocrx_word' id='word_1_82' title='bbox 614 1398 800 1443; x_wconf 84' lang='lat' dir='ltr'><strong>santur</strong></span> <span class='ocrx_word' id='word_1_83' title='bbox 824 1388 879 1445; x_wconf 90' lang='lat' dir='ltr'><strong>in</strong></span> <span class='ocrx_word' id='word_1_84' title='bbox 908 1392 1171 1461; x_wconf 86' lang='lat' dir='ltr'><strong>pecuniis,</strong></span> <span class='ocrx_word' id='word_1_85' title='bbox 1213 1402 1267 1448; x_wconf 91' lang='lat' dir='ltr'><strong>et</strong></span> <span class='ocrx_word' id='word_1_86' title='bbox 1294 1394 1347 1449; x_wconf 91' lang='lat' dir='ltr'><strong>ln</strong></span> <span class='ocrx_word' id='word_1_87' title='bbox 1378 1404 1487 1450; x_wconf 90' lang='lat' dir='ltr'><strong>tota</strong></span> <span class='ocrx_word' id='word_1_88' title='bbox 1518 1396 1619 1452; x_wconf 90' lang='lat' dir='ltr'><strong>vita</strong></span> <span class='ocrx_word' id='word_1_89' title='bbox 1661 1396 1837 1453; x_wconf 90' lang='lat' dir='ltr'><strong>locum</strong></span> <span class='ocrx_word' id='word_1_90' title='bbox 1867 1407 1922 1453; x_wconf 85' lang='lat' dir='ltr'><strong>et</strong></span> <span class='ocrx_word' id='word_1_91' title='bbox 1946 1399 2187 1455; x_wconf 92' lang='lat' dir='ltr'><strong>ordinem</strong></span> 
     </span>
    </p>
   </div>
   <div class='ocr_carea' id='block_1_13' title="bbox 612 1480 2186 1569">
    <p class='ocr_par' dir='ltr' id='par_1_13' title="bbox 612 1480 2186 1569">
     <span class='ocr_line' id='line_1_13' title="bbox 612 1480 2186 1569; baseline 0.009 -36"><span class='ocrx_word' id='word_1_92' title='bbox 612 1480 811 1537; x_wconf 77' lang='lat' dir='ltr'><strong>habent</strong></span> <span class='ocrx_word' id='word_1_93' title='bbox 853 1482 1047 1553; x_wconf 84' lang='lat' dir='ltr'><strong>pedum</strong></span> <span class='ocrx_word' id='word_1_94' title='bbox 1080 1500 1096 1538; x_wconf 92' lang='lat'><strong>:</strong></span> <span class='ocrx_word' id='word_1_95' title='bbox 1123 1495 1179 1541; x_wconf 91' lang='lat' dir='ltr'><strong>et</strong></span> <span class='ocrx_word' id='word_1_96' title='bbox 1205 1487 1344 1542; x_wconf 92' lang='lat' dir='ltr'><strong>sicut</strong></span> <span class='ocrx_word' id='word_1_97' title='bbox 1370 1488 1545 1558; x_wconf 90' lang='lat' dir='ltr'><strong>pulvis</strong></span> <span class='ocrx_word' id='word_1_98' title='bbox 1588 1491 1801 1562; x_wconf 87' lang='lat' dir='ltr'><strong>quidem</strong></span> <span class='ocrx_word' id='word_1_99' title='bbox 1828 1507 1948 1569; x_wconf 88' lang='lat' dir='ltr'><strong>cum</strong></span> <span class='ocrx_word' id='word_1_100' title='bbox 1976 1492 2186 1548; x_wconf 88' lang='lat' dir='ltr'><strong>extolli-</strong></span> 
     </span>
    </p>
   </div>
   <div class='ocr_carea' id='block_1_14' title="bbox 612 1582 2187 1653">
    <p class='ocr_par' dir='ltr' id='par_1_14' title="bbox 612 1582 2187 1653">
     <span class='ocr_line' id='line_1_14' title="bbox 612 1582 2187 1653; baseline 0.01 -29"><span class='ocrx_word' id='word_1_101' title='bbox 612 1582 716 1635; x_wconf 91' lang='lat' dir='ltr'><strong>tur,</strong></span> <span class='ocrx_word' id='word_1_102' title='bbox 745 1588 991 1645; x_wconf 88' lang='lat' dir='ltr'><strong>magnam</strong></span> <span class='ocrx_word' id='word_1_103' title='bbox 1023 1587 1228 1647; x_wconf 89' lang='lat' dir='ltr'><strong>partem</strong></span> <span class='ocrx_word' id='word_1_104' title='bbox 1259 1588 1404 1635; x_wconf 89' lang='lat' dir='ltr'><strong>tenet</strong></span> <span class='ocrx_word' id='word_1_105' title='bbox 1430 1583 1591 1647; x_wconf 88' lang='lat' dir='ltr'><strong>aeris,</strong></span> <span class='ocrx_word' id='word_1_106' title='bbox 1623 1584 1736 1653; x_wconf 91' lang='lat' dir='ltr'><strong>ipse</strong></span> <span class='ocrx_word' id='word_1_107' title='bbox 1761 1592 2046 1640; x_wconf 87' lang='lat' dir='ltr'><strong>autemest</strong></span> <span class='ocrx_word' id='word_1_108' title='bbox 2072 1600 2187 1639; x_wconf 88' lang='lat' dir='ltr'><strong>mo-</strong></span> 
     </span>
    </p>
   </div>
   <div class='ocr_carea' id='block_1_15' title="bbox 609 1661 2186 1742">
    <p class='ocr_par' dir='ltr' id='par_1_15' title="bbox 609 1661 2186 1742">
     <span class='ocr_line' id='line_1_15' title="bbox 609 1661 2186 1742; baseline 0.011 -28"><span class='ocrx_word' id='word_1_109' title='bbox 609 1661 761 1716; x_wconf 88' lang='lat' dir='ltr'><strong>dicus</strong></span> <span class='ocrx_word' id='word_1_110' title='bbox 789 1680 803 1716; x_wconf 91' lang='lat'>:</span> <span class='ocrx_word' id='word_1_111' title='bbox 835 1664 905 1718; x_wconf 90' lang='lat' dir='ltr'><strong>ita</strong></span> <span class='ocrx_word' id='word_1_112' title='bbox 931 1666 1092 1721; x_wconf 90' lang='lat' dir='ltr'><strong>etiam</strong></span> <span class='ocrx_word' id='word_1_113' title='bbox 1120 1670 1460 1738; x_wconf 68' lang='lat' dir='ltr'><strong>magistratum</strong></span> <span class='ocrx_word' id='word_1_114' title='bbox 1486 1689 1502 1725; x_wconf 90' lang='lat'><strong>:</strong></span> <span class='ocrx_word' id='word_1_115' title='bbox 1532 1681 1586 1727; x_wconf 90' lang='lat' dir='ltr'><strong>et</strong></span> <span class='ocrx_word' id='word_1_116' title='bbox 1629 1674 1768 1727; x_wconf 86' lang='lat' dir='ltr'><strong>sicut</strong></span> <span class='ocrx_word' id='word_1_117' title='bbox 1810 1674 1986 1742; x_wconf 82' lang='lat' dir='ltr'><strong>pulvis</strong></span> <span class='ocrx_word' id='word_1_118' title='bbox 2010 1690 2186 1731; x_wconf 72' lang='lat' dir='ltr'><strong>esca:-</strong></span> 
     </span>
    </p>
   </div>
   <div class='ocr_carea' id='block_1_16' title="bbox 607 1754 2203 1834">
    <p class='ocr_par' dir='ltr' id='par_1_16' title="bbox 607 1754 2203 1834">
     <span class='ocr_line' id='line_1_16' title="bbox 607 1754 2203 1834; baseline 0.009 -27"><span class='ocrx_word' id='word_1_119' title='bbox 607 1762 694 1807; x_wconf 91' lang='lat' dir='ltr'><strong>cat</strong></span> <span class='ocrx_word' id='word_1_120' title='bbox 719 1754 921 1822; x_wconf 80' lang='lat' dir='ltr'><strong>oculos,</strong></span> <span class='ocrx_word' id='word_1_121' title='bbox 954 1758 1025 1811; x_wconf 88' lang='lat' dir='ltr'><strong>ita</strong></span> <span class='ocrx_word' id='word_1_122' title='bbox 1052 1757 1211 1813; x_wconf 90' lang='lat' dir='ltr'><strong>etiam</strong></span> <span class='ocrx_word' id='word_1_123' title='bbox 1243 1759 1410 1815; x_wconf 81' lang='lat' dir='ltr'><strong>fasms</strong></span> <span class='ocrx_word' id='word_1_124' title='bbox 1443 1763 1771 1834; x_wconf 77' lang='lat' dir='ltr'><strong>principatus</strong></span> <span class='ocrx_word' id='word_1_125' title='bbox 1804 1765 1960 1822; x_wconf 89' lang='lat' dir='ltr'><strong>orbat</strong></span> <span class='ocrx_word' id='word_1_126' title='bbox 1993 1760 2203 1822; x_wconf 85' lang='lat' dir='ltr'><strong>mentis</strong></span> 
     </span>
    </p>
   </div>
   <div class='ocr_carea' id='block_1_17' title="bbox 605 1847 811 1900">
    <p class='ocr_par' dir='ltr' id='par_1_17' title="bbox 605 1847 811 1900">
     <span class='ocr_line' id='line_1_17' title="bbox 605 1847 811 1900; baseline 0.005 -1"><span class='ocrx_word' id='word_1_127' title='bbox 605 1847 811 1900; x_wconf 90' lang='lat' dir='ltr'><strong>oculos.</strong></span> 
     </span>
    </p>
   </div>
   <div class='ocr_carea' id='block_1_18' title="bbox 682 1935 2183 2020">
    <p class='ocr_par' dir='ltr' id='par_1_18' title="bbox 682 1935 2183 2020">
     <span class='ocr_line' id='line_1_18' title="bbox 682 1935 2183 2020; baseline 0.011 -32"><span class='ocrx_word' id='word_1_128' title='bbox 682 1935 950 2003; x_wconf 83' lang='lat' dir='ltr'><strong>Quomodo</strong></span> <span class='ocrx_word' id='word_1_129' title='bbox 975 1940 1167 1995; x_wconf 69' lang='lat' dir='ltr'><strong>divitia:</strong></span> <span class='ocrx_word' id='word_1_130' title='bbox 1207 1957 1350 1999; x_wconf 67' lang='lat' dir='ltr'><strong>vana</strong></span> <span class='ocrx_word' id='word_1_131' title='bbox 1384 1945 1487 2000; x_wconf 82' lang='lat' dir='ltr'><strong>sint</strong></span> <span class='ocrx_word' id='word_1_132' title='bbox 1510 1956 1557 2000; x_wconf 83' lang='lat' dir='ltr'><strong>et</strong></span> <span class='ocrx_word' id='word_1_133' title='bbox 1585 1964 1677 2003; x_wconf 79' lang='lat' dir='ltr'><strong>nos</strong></span> <span class='ocrx_word' id='word_1_134' title='bbox 1718 1946 1992 2017; x_wconf 81' lang='lat' dir='ltr'><strong>aliquando</strong></span> <span class='ocrx_word' id='word_1_135' title='bbox 2036 1950 2183 2020; x_wconf 83' lang='lat' dir='ltr'><strong>igno-</strong></span> 
     </span>
    </p>
   </div>
   <div class='ocr_carea' id='block_1_19' title="bbox 610 2029 2183 2107">
    <p class='ocr_par' dir='ltr' id='par_1_19' title="bbox 610 2029 2183 2107">
     <span class='ocr_line' id='line_1_19' title="bbox 610 2029 2183 2107; baseline 0.011 -26"><span class='ocrx_word' id='word_1_136' title='bbox 610 2029 768 2084; x_wconf 80' lang='lat' dir='ltr'><strong>minia</strong></span> <span class='ocrx_word' id='word_1_137' title='bbox 806 2030 1044 2103; x_wconf 47' lang='lat' dir='ltr'><strong>elidant.</strong></span> <span class='ocrx_word' id='word_1_138' title='bbox 1079 2032 1352 2091; x_wconf 75' lang='lat' dir='ltr'><strong>Theodosii</strong></span> <span class='ocrx_word' id='word_1_139' title='bbox 1396 2038 1710 2107; x_wconf 79' lang='lat' dir='ltr'><strong>imperatoris</strong></span> <span class='ocrx_word' id='word_1_140' title='bbox 1754 2030 1807 2095; x_wconf 81' lang='lat' dir='ltr'><strong>in</strong></span> <span class='ocrx_word' id='word_1_141' title='bbox 1849 2042 2183 2098; x_wconf 77' lang='lat' dir='ltr'><strong>Antiacltenos</strong></span> 
     </span>
    </p>
   </div>
   <div class='ocr_carea' id='block_1_20' title="bbox 608 2123 2181 2201">
    <p class='ocr_par' dir='ltr' id='par_1_20' title="bbox 608 2123 2181 2201">
     <span class='ocr_line' id='line_1_20' title="bbox 608 2123 2181 2201; baseline 0.01 -29"><span class='ocrx_word' id='word_1_142' title='bbox 608 2123 707 2175; x_wconf 81' lang='lat' dir='ltr'><strong>ira.</strong></span> <span class='ocrx_word' id='word_1_143' title='bbox 739 2152 811 2161; x_wconf 95' lang='lat'><em>—</em></span> <span class='ocrx_word' id='word_1_144' title='bbox 833 2123 939 2178; x_wconf 88' lang='lat' dir='ltr'><strong>Sed</strong></span> <span class='ocrx_word' id='word_1_145' title='bbox 969 2125 1141 2194; x_wconf 83' lang='lat' dir='ltr'><strong>quid?</strong></span> <span class='ocrx_word' id='word_1_146' title='bbox 1185 2127 1267 2181; x_wconf 87' lang='lat' dir='ltr'><strong>vis</strong></span> <span class='ocrx_word' id='word_1_147' title='bbox 1297 2129 1627 2183; x_wconf 79' lang='lat' dir='ltr'><strong>excutiamus</strong></span> <span class='ocrx_word' id='word_1_148' title='bbox 1671 2147 1781 2186; x_wconf 89' lang='lat' dir='ltr'><strong>rem</strong></span> <span class='ocrx_word' id='word_1_149' title='bbox 1815 2133 1967 2187; x_wconf 88' lang='lat' dir='ltr'><strong>valde</strong></span> <span class='ocrx_word' id='word_1_150' title='bbox 1992 2142 2181 2201; x_wconf 86' lang='lat' dir='ltr'><strong>optan-</strong></span> 
     </span>
    </p>
   </div>
   <div class='ocr_carea' id='block_1_21' title="bbox 605 2209 2183 2291">
    <p class='ocr_par' dir='ltr' id='par_1_21' title="bbox 605 2209 2183 2291">
     <span class='ocr_line' id='line_1_21' title="bbox 605 2209 2183 2291; baseline 0.011 -29"><span class='ocrx_word' id='word_1_151' title='bbox 605 2209 752 2278; x_wconf 90' lang='lat' dir='ltr'><strong>dam,</strong></span> <span class='ocrx_word' id='word_1_152' title='bbox 787 2227 981 2283; x_wconf 83' lang='lat' dir='ltr'><strong>nempe</strong></span> <span class='ocrx_word' id='word_1_153' title='bbox 1030 2215 1291 2271; x_wconf 74' lang='lat' dir='ltr'><strong>divitias?</strong></span> <span class='ocrx_word' id='word_1_154' title='bbox 1321 2218 1454 2288; x_wconf 81' lang='lat' dir='ltr'><strong>Age,</strong></span> <span class='ocrx_word' id='word_1_155' title='bbox 1482 2235 1575 2274; x_wconf 78' lang='lat' dir='ltr'><strong>eas</strong></span> <span class='ocrx_word' id='word_1_156' title='bbox 1602 2221 1871 2291; x_wconf 87' lang='lat' dir='ltr'><strong>sigillatim</strong></span> <span class='ocrx_word' id='word_1_157' title='bbox 1915 2224 2183 2279; x_wconf 78' lang='lat' dir='ltr'><strong>examine-</strong></span> 
     </span>
    </p>
   </div>
   <div class='ocr_carea' id='block_1_22' title="bbox 606 2303 2182 2385">
    <p class='ocr_par' dir='ltr' id='par_1_22' title="bbox 606 2303 2182 2385">
     <span class='ocr_line' id='line_1_22' title="bbox 606 2303 2182 2385; baseline 0.008 -27"><span class='ocrx_word' id='word_1_158' title='bbox 606 2317 743 2358; x_wconf 88' lang='lat' dir='ltr'><strong>mus.</strong></span> <span class='ocrx_word' id='word_1_159' title='bbox 773 2303 982 2360; x_wconf 88' lang='lat' dir='ltr'><strong>llabent</strong></span> <span class='ocrx_word' id='word_1_160' title='bbox 1011 2307 1230 2365; x_wconf 90' lang='lat' dir='ltr'><strong>delicias</strong></span> <span class='ocrx_word' id='word_1_161' title='bbox 1250 2351 1265 2373; x_wconf 88' lang='lat'><strong>,</strong></span> <span class='ocrx_word' id='word_1_162' title='bbox 1298 2310 1493 2366; x_wconf 78' lang='lat' dir='ltr'><strong>habent</strong></span> <span class='ocrx_word' id='word_1_163' title='bbox 1550 2314 1780 2369; x_wconf 83' lang='lat' dir='ltr'><strong>honores</strong></span> <span class='ocrx_word' id='word_1_164' title='bbox 1806 2355 1819 2379; x_wconf 92' lang='lat'><strong>,</strong></span> <span class='ocrx_word' id='word_1_165' title='bbox 1856 2315 2049 2370; x_wconf 89' lang='lat' dir='ltr'><strong>habent</strong></span> <span class='ocrx_word' id='word_1_166' title='bbox 2091 2331 2182 2385; x_wconf 56' lang='lat' dir='ltr'><strong>po-</strong></span> 
     </span>
    </p>
   </div>
   <div class='ocr_carea' id='block_1_23' title="bbox 608 2395 2182 2472">
    <p class='ocr_par' dir='ltr' id='par_1_23' title="bbox 608 2395 2182 2472">
     <span class='ocr_line' id='line_1_23' title="bbox 608 2395 2182 2472; baseline 0.01 -25"><span class='ocrx_word' id='word_1_167' title='bbox 608 2395 850 2451; x_wconf 75' lang='lat' dir='ltr'><strong>tentiam.</strong></span> <span class='ocrx_word' id='word_1_168' title='bbox 882 2399 1054 2467; x_wconf 80' lang='lat' dir='ltr'><strong>Atque</strong></span> <span class='ocrx_word' id='word_1_169' title='bbox 1110 2400 1337 2469; x_wconf 90' lang='lat' dir='ltr'><strong>primum</strong></span> <span class='ocrx_word' id='word_1_170' title='bbox 1391 2403 1639 2472; x_wconf 84' lang='lat' dir='ltr'><strong>quidem,</strong></span> <span class='ocrx_word' id='word_1_171' title='bbox 1672 2406 1714 2459; x_wconf 89' lang='lat' dir='ltr'><strong>si</strong></span> <span class='ocrx_word' id='word_1_172' title='bbox 1754 2407 1865 2471; x_wconf 86' lang='lat' dir='ltr'><strong>vis,</strong></span> <span class='ocrx_word' id='word_1_173' title='bbox 1911 2408 2182 2462; x_wconf 76' lang='lat' dir='ltr'><strong>examine-</strong></span> 
     </span>
    </p>
   </div>
   <div class='ocr_carea' id='block_1_24' title="bbox 603 2487 2180 2566">
    <p class='ocr_par' dir='ltr' id='par_1_24' title="bbox 603 2487 2180 2566">
     <span class='ocr_line' id='line_1_24' title="bbox 603 2487 2180 2566; baseline 0.01 -27"><span class='ocrx_word' id='word_1_174' title='bbox 603 2502 723 2540; x_wconf 87' lang='lat' dir='ltr'><strong>nms</strong></span> <span class='ocrx_word' id='word_1_175' title='bbox 752 2487 973 2545; x_wconf 83' lang='lat' dir='ltr'><strong>delicias</strong></span> <span class='ocrx_word' id='word_1_176' title='bbox 998 2507 1013 2544; x_wconf 91' lang='lat'><strong>:</strong></span> <span class='ocrx_word' id='word_1_177' title='bbox 1043 2504 1221 2546; x_wconf 89' lang='lat' dir='ltr'><strong>annon</strong></span> <span class='ocrx_word' id='word_1_178' title='bbox 1248 2508 1325 2547; x_wconf 75' lang='lat'><strong>0:13</strong></span> <span class='ocrx_word' id='word_1_179' title='bbox 1352 2504 1478 2549; x_wconf 90' lang='lat' dir='ltr'><strong>sunt</strong></span> <span class='ocrx_word' id='word_1_180' title='bbox 1503 2496 1716 2566; x_wconf 88' lang='lat' dir='ltr'><strong>pulvis?</strong></span> <span class='ocrx_word' id='word_1_181' title='bbox 1744 2496 1851 2552; x_wconf 91' lang='lat' dir='ltr'><strong>inio</strong></span> <span class='ocrx_word' id='word_1_182' title='bbox 1872 2514 2000 2555; x_wconf 87' lang='lat' dir='ltr'><strong>vero</strong></span> <span class='ocrx_word' id='word_1_183' title='bbox 2023 2502 2180 2555; x_wconf 88' lang='lat' dir='ltr'><strong>citius</strong></span> 
     </span>
    </p>
   </div>
   <div class='ocr_carea' id='block_1_25' title="bbox 601 2578 2178 2661">
    <p class='ocr_par' dir='ltr' id='par_1_25' title="bbox 601 2578 2178 2661">
     <span class='ocr_line' id='line_1_25' title="bbox 601 2578 2178 2661; baseline 0.011 -32"><span class='ocrx_word' id='word_1_184' title='bbox 601 2578 820 2646; x_wconf 80' lang='lat' dir='ltr'><strong>pulvere</strong></span> <span class='ocrx_word' id='word_1_185' title='bbox 868 2588 1145 2637; x_wconf 87' lang='lat' dir='ltr'><strong>transeunt</strong></span> <span class='ocrx_word' id='word_1_186' title='bbox 1196 2601 1211 2639; x_wconf 89' lang='lat'><strong>:</strong></span> <span class='ocrx_word' id='word_1_187' title='bbox 1266 2601 1387 2641; x_wconf 86' lang='lat' dir='ltr'><strong>nam</strong></span> <span class='ocrx_word' id='word_1_188' title='bbox 1436 2587 1503 2641; x_wconf 90' lang='lat' dir='ltr'><strong>ad</strong></span> <span class='ocrx_word' id='word_1_189' title='bbox 1552 2586 1785 2659; x_wconf 79' lang='lat' dir='ltr'><strong>linguam</strong></span> <span class='ocrx_word' id='word_1_190' title='bbox 1833 2605 2001 2661; x_wconf 88' lang='lat' dir='ltr'><strong>usque</strong></span> <span class='ocrx_word' id='word_1_191' title='bbox 2053 2607 2178 2661; x_wconf 88' lang='lat' dir='ltr'><strong>per—</strong></span> 
     </span>
    </p>
   </div>
   <div class='ocr_carea' id='block_1_26' title="bbox 602 2668 2178 2753">
    <p class='ocr_par' dir='ltr' id='par_1_26' title="bbox 602 2668 2178 2753">
     <span class='ocr_line' id='line_1_26' title="bbox 602 2668 2178 2753; baseline 0.011 -31"><span class='ocrx_word' id='word_1_192' title='bbox 602 2669 756 2739; x_wconf 79' lang='lat' dir='ltr'><strong>tingit</strong></span> <span class='ocrx_word' id='word_1_193' title='bbox 809 2673 1055 2742; x_wconf 82' lang='lat' dir='ltr'><strong>voluptas</strong></span> <span class='ocrx_word' id='word_1_194' title='bbox 1108 2674 1463 2743; x_wconf 85' lang='lat' dir='ltr'><strong>deliciarum;</strong></span> <span class='ocrx_word' id='word_1_195' title='bbox 1515 2694 1635 2733; x_wconf 91' lang='lat' dir='ltr'><strong>cum</strong></span> <span class='ocrx_word' id='word_1_196' title='bbox 1695 2690 1875 2736; x_wconf 90' lang='lat' dir='ltr'><strong>autem</strong></span> <span class='ocrx_word' id='word_1_197' title='bbox 1932 2668 2178 2753; x_wconf 84' lang='lat' dir='ltr'><strong>impletus</strong></span> 
     </span>
    </p>
   </div>
   <div class='ocr_carea' id='block_1_27' title="bbox 599 2761 2177 2846">
    <p class='ocr_par' dir='ltr' id='par_1_27' title="bbox 599 2761 2177 2846">
     <span class='ocr_line' id='line_1_27' title="bbox 599 2761 2177 2846; baseline 0.01 -31"><span class='ocrx_word' id='word_1_198' title='bbox 599 2761 762 2819; x_wconf 90' lang='lat' dir='ltr'><strong>fuerit</strong></span> <span class='ocrx_word' id='word_1_199' title='bbox 806 2773 1016 2830; x_wconf 86' lang='lat' dir='ltr'><strong>venter,</strong></span> <span class='ocrx_word' id='word_1_200' title='bbox 1046 2782 1114 2821; x_wconf 91' lang='lat' dir='ltr'><strong>ne</strong></span> <span class='ocrx_word' id='word_1_201' title='bbox 1142 2767 1233 2821; x_wconf 85' lang='lat' dir='ltr'><strong>ad</strong></span> <span class='ocrx_word' id='word_1_202' title='bbox 1257 2768 1491 2840; x_wconf 77' lang='lat' dir='ltr'><strong>linguam</strong></span> <span class='ocrx_word' id='word_1_203' title='bbox 1517 2771 1731 2841; x_wconf 85' lang='lat' dir='ltr'><strong>quidem</strong></span> <span class='ocrx_word' id='word_1_204' title='bbox 1764 2789 1950 2844; x_wconf 89' lang='lat' dir='ltr'><strong>usque.</strong></span> <span class='ocrx_word' id='word_1_205' title='bbox 1980 2775 2049 2828; x_wconf 86' lang='lat' dir='ltr'><strong>At</strong></span> <span class='ocrx_word' id='word_1_206' title='bbox 2080 2776 2177 2846; x_wconf 91' lang='lat' dir='ltr'><strong>ipsi</strong></span> 
     </span>
    </p>
   </div>
   <div class='ocr_carea' id='block_1_28' title="bbox 600 2854 2177 2936">
    <p class='ocr_par' dir='ltr' id='par_1_28' title="bbox 600 2854 2177 2936">
     <span class='ocr_line' id='line_1_28' title="bbox 600 2854 2177 2936; baseline 0.01 -29"><span class='ocrx_word' id='word_1_207' title='bbox 600 2854 856 2917; x_wconf 84' lang='lat' dir='ltr'><strong>honores.</strong></span> <span class='ocrx_word' id='word_1_208' title='bbox 893 2857 1085 2926; x_wconf 79' lang='lat' dir='ltr'><strong>inquit,</strong></span> <span class='ocrx_word' id='word_1_209' title='bbox 1116 2869 1240 2915; x_wconf 91' lang='lat' dir='ltr'><strong>sunt</strong></span> <span class='ocrx_word' id='word_1_210' title='bbox 1269 2876 1358 2917; x_wconf 90' lang='lat' dir='ltr'><strong>res</strong></span> <span class='ocrx_word' id='word_1_211' title='bbox 1387 2863 1565 2917; x_wconf 86' lang='lat' dir='ltr'><strong>suavis</strong></span> <span class='ocrx_word' id='word_1_212' title='bbox 1598 2870 1653 2919; x_wconf 89' lang='lat' dir='ltr'><strong>et</strong></span> <span class='ocrx_word' id='word_1_213' title='bbox 1674 2863 1927 2931; x_wconf 89' lang='lat' dir='ltr'><strong>jucunda.</strong></span> <span class='ocrx_word' id='word_1_214' title='bbox 1961 2866 2023 2921; x_wconf 87' lang='lat' dir='ltr'><strong>Et</strong></span> <span class='ocrx_word' id='word_1_215' title='bbox 2051 2867 2177 2936; x_wconf 89' lang='lat' dir='ltr'><strong>quid</strong></span> 
     </span>
    </p>
   </div>
   <div class='ocr_carea' id='block_1_29' title="bbox 598 2945 2176 3027">
    <p class='ocr_par' dir='ltr' id='par_1_29' title="bbox 598 2945 2176 3027">
     <span class='ocr_line' id='line_1_29' title="bbox 598 2945 2176 3027; baseline 0.008 -28"><span class='ocrx_word' id='word_1_216' title='bbox 598 2954 683 2999; x_wconf 86' lang='lat' dir='ltr'><strong>est</strong></span> <span class='ocrx_word' id='word_1_217' title='bbox 709 2946 799 3000; x_wconf 92' lang='lat' dir='ltr'><strong>illo</strong></span> <span class='ocrx_word' id='word_1_218' title='bbox 822 2945 1028 3004; x_wconf 87' lang='lat' dir='ltr'><strong>honore</strong></span> <span class='ocrx_word' id='word_1_219' title='bbox 1050 2949 1341 3017; x_wconf 87' lang='lat' dir='ltr'><strong>insuavius,</strong></span> <span class='ocrx_word' id='word_1_220' title='bbox 1360 2967 1480 3007; x_wconf 88' lang='lat' dir='ltr'><strong>cum</strong></span> <span class='ocrx_word' id='word_1_221' title='bbox 1510 2952 1768 3010; x_wconf 80' lang='lat' dir='ltr'><strong>habeatur</strong></span> <span class='ocrx_word' id='word_1_222' title='bbox 1790 2966 2005 3027; x_wconf 92' lang='lat' dir='ltr'><strong>propter</strong></span> <span class='ocrx_word' id='word_1_223' title='bbox 2026 2973 2176 3011; x_wconf 82' lang='lat' dir='ltr'><strong>usum</strong></span> 
     </span>
    </p>
   </div>
   <div class='ocr_carea' id='block_1_30' title="bbox 602 3036 2175 3116">
    <p class='ocr_par' dir='ltr' id='par_1_30' title="bbox 602 3036 2175 3116">
     <span class='ocr_line' id='line_1_30' title="bbox 602 3036 2175 3116; baseline 0.011 -30"><span class='ocrx_word' id='word_1_224' title='bbox 602 3036 884 3104; x_wconf 62' lang='lat' dir='ltr'><strong>pecuniae?</strong></span> <span class='ocrx_word' id='word_1_225' title='bbox 924 3038 1056 3093; x_wconf 89' lang='lat' dir='ltr'><strong>Cum</strong></span> <span class='ocrx_word' id='word_1_226' title='bbox 1102 3055 1206 3093; x_wconf 91' lang='lat' dir='ltr'><strong>non</strong></span> <span class='ocrx_word' id='word_1_227' title='bbox 1254 3042 1514 3099; x_wconf 88' lang='lat' dir='ltr'><strong>habeatur</strong></span> <span class='ocrx_word' id='word_1_228' title='bbox 1554 3059 1620 3100; x_wconf 85' lang='lat' dir='ltr'><strong>ex</strong></span> <span class='ocrx_word' id='word_1_229' title='bbox 1667 3047 1831 3100; x_wconf 90' lang='lat' dir='ltr'><strong>libera</strong></span> <span class='ocrx_word' id='word_1_230' title='bbox 1878 3048 2175 3116; x_wconf 86' lang='lat' dir='ltr'><strong>electione,</strong></span> 
     </span>
    </p>
   </div>
   <div class='ocr_carea' id='block_1_31' title="bbox 600 3127 2177 3199">
    <p class='ocr_par' dir='ltr' id='par_1_31' title="bbox 600 3127 2177 3199">
     <span class='ocr_line' id='line_1_31' title="bbox 600 3127 2177 3199; baseline 0.01 -21"><span class='ocrx_word' id='word_1_231' title='bbox 600 3140 775 3194; x_wconf 84' lang='lat' dir='ltr'><strong>neque</strong></span> <span class='ocrx_word' id='word_1_232' title='bbox 801 3142 867 3182; x_wconf 86' lang='lat' dir='ltr'><strong>ex</strong></span> <span class='ocrx_word' id='word_1_233' title='bbox 911 3127 1088 3198; x_wconf 86' lang='lat' dir='ltr'><strong>aliqua</strong></span> <span class='ocrx_word' id='word_1_234' title='bbox 1118 3131 1279 3185; x_wconf 91' lang='lat' dir='ltr'><strong>animi</strong></span> <span class='ocrx_word' id='word_1_235' title='bbox 1304 3132 1597 3199; x_wconf 78' lang='lat' dir='ltr'><strong>alacritate,</strong></span> <span class='ocrx_word' id='word_1_236' title='bbox 1632 3150 1735 3191; x_wconf 90' lang='lat' dir='ltr'><strong>non</strong></span> <span class='ocrx_word' id='word_1_237' title='bbox 1766 3146 1819 3191; x_wconf 93' lang='lat' dir='ltr'><strong>tu</strong></span> <span class='ocrx_word' id='word_1_238' title='bbox 1862 3137 2053 3195; x_wconf 75' lang='lat' dir='ltr'><strong>frueris</strong></span> <span class='ocrx_word' id='word_1_239' title='bbox 2082 3138 2177 3193; x_wconf 80' lang='lat' dir='ltr'><strong>ho-</strong></span> 
     </span>
    </p>
   </div>
   <div class='ocr_carea' id='block_1_32' title="bbox 600 3219 2177 3297">
    <p class='ocr_par' dir='ltr' id='par_1_32' title="bbox 600 3219 2177 3297">
     <span class='ocr_line' id='line_1_32' title="bbox 600 3219 2177 3297; baseline 0.01 -25"><span class='ocrx_word' id='word_1_240' title='bbox 600 3232 753 3283; x_wconf 87' lang='lat' dir='ltr'><strong>nore,</strong></span> <span class='ocrx_word' id='word_1_241' title='bbox 783 3219 876 3273; x_wconf 78' lang='lat' dir='ltr'><strong>sed</strong></span> <span class='ocrx_word' id='word_1_242' title='bbox 904 3219 1123 3277; x_wconf 67' lang='lat' dir='ltr'><strong>divitia).</strong></span> <span class='ocrx_word' id='word_1_243' title='bbox 1159 3224 1512 3290; x_wconf 77' lang='lat' dir='ltr'><strong>Quamobrem</strong></span> <span class='ocrx_word' id='word_1_244' title='bbox 1545 3226 1645 3283; x_wconf 92' lang='lat' dir='ltr'><strong>hoc</strong></span> <span class='ocrx_word' id='word_1_245' title='bbox 1674 3230 1846 3297; x_wconf 89' lang='lat' dir='ltr'><strong>ipsum</strong></span> <span class='ocrx_word' id='word_1_246' title='bbox 1889 3230 2011 3285; x_wconf 91' lang='lat' dir='ltr'><strong>facit</strong></span> <span class='ocrx_word' id='word_1_247' title='bbox 2038 3231 2177 3286; x_wconf 89' lang='lat' dir='ltr'><strong>divi-</strong></span> 
     </span>
    </p>
   </div>
   <div class='ocr_carea' id='block_1_33' title="bbox 601 3311 2176 3390">
    <p class='ocr_par' dir='ltr' id='par_1_33' title="bbox 601 3311 2176 3390">
     <span class='ocr_line' id='line_1_33' title="bbox 601 3311 2176 3390; baseline 0.007 -27"><span class='ocrx_word' id='word_1_248' title='bbox 601 3316 708 3365; x_wconf 84' lang='lat' dir='ltr'><strong>tem</strong></span> <span class='ocrx_word' id='word_1_249' title='bbox 742 3311 972 3366; x_wconf 79' lang='lat' dir='ltr'><strong>maxime</strong></span> <span class='ocrx_word' id='word_1_250' title='bbox 1001 3314 1237 3367; x_wconf 90' lang='lat' dir='ltr'><strong>omnium</strong></span> <span class='ocrx_word' id='word_1_251' title='bbox 1266 3314 1660 3371; x_wconf 89' lang='lat' dir='ltr'><strong>inhonoratum.</strong></span> <span class='ocrx_word' id='word_1_252' title='bbox 1688 3316 1845 3386; x_wconf 83' lang='lat' dir='ltr'><strong>Nam,</strong></span> <span class='ocrx_word' id='word_1_253' title='bbox 1867 3318 2176 3390; x_wconf 78' lang='lat' dir='ltr'><strong>die,qn:eso,</strong></span> 
     </span>
    </p>
   </div>
   <div class='ocr_carea' id='block_1_34' title="bbox 595 3399 2179 3475">
    <p class='ocr_par' dir='ltr' id='par_1_34' title="bbox 595 3399 2179 3475">
     <span class='ocr_line' id='line_1_34' title="bbox 595 3399 2179 3475; baseline 0.008 -21"><span class='ocrx_word' id='word_1_254' title='bbox 595 3400 641 3454; x_wconf 94' lang='lat' dir='ltr'><strong>si</strong></span> <span class='ocrx_word' id='word_1_255' title='bbox 671 3408 722 3455; x_wconf 89' lang='lat' dir='ltr'><strong>te</strong></span> <span class='ocrx_word' id='word_1_256' title='bbox 749 3399 1034 3457; x_wconf 89' lang='lat' dir='ltr'><strong>habentem</strong></span> <span class='ocrx_word' id='word_1_257' title='bbox 1060 3403 1293 3459; x_wconf 68' lang='lat' dir='ltr'><strong>amirnm</strong></span> <span class='ocrx_word' id='word_1_258' title='bbox 1316 3420 1501 3461; x_wconf 91' lang='lat' dir='ltr'><strong>omnes</strong></span> <span class='ocrx_word' id='word_1_259' title='bbox 1524 3406 1868 3475; x_wconf 86' lang='lat' dir='ltr'><strong>honorarent,</strong></span> <span class='ocrx_word' id='word_1_260' title='bbox 1890 3410 2179 3466; x_wconf 89' lang='lat' dir='ltr'><strong>faterentur</strong></span> 
     </span>
    </p>
   </div>
   <div class='ocr_carea' id='block_1_35' title="bbox 598 3492 2175 3567">
    <p class='ocr_par' dir='ltr' id='par_1_35' title="bbox 598 3492 2175 3567">
     <span class='ocr_line' id='line_1_35' title="bbox 598 3492 2175 3567; baseline 0.01 -24"><span class='ocrx_word' id='word_1_261' title='bbox 598 3500 775 3546; x_wconf 87' lang='lat' dir='ltr'><strong>autem</strong></span> <span class='ocrx_word' id='word_1_262' title='bbox 807 3501 859 3547; x_wconf 89' lang='lat' dir='ltr'><strong>te</strong></span> <span class='ocrx_word' id='word_1_263' title='bbox 902 3492 1116 3564; x_wconf 90' lang='lat' dir='ltr'><strong>quidem</strong></span> <span class='ocrx_word' id='word_1_264' title='bbox 1149 3497 1346 3550; x_wconf 90' lang='lat' dir='ltr'><strong>nullius</strong></span> <span class='ocrx_word' id='word_1_265' title='bbox 1387 3512 1507 3553; x_wconf 90' lang='lat' dir='ltr'><strong>esse</strong></span> <span class='ocrx_word' id='word_1_266' title='bbox 1533 3499 1711 3567; x_wconf 91' lang='lat' dir='ltr'><strong>pretii,</strong></span> <span class='ocrx_word' id='word_1_267' title='bbox 1743 3515 1962 3556; x_wconf 90' lang='lat' dir='ltr'><strong>necesse</strong></span> <span class='ocrx_word' id='word_1_268' title='bbox 1998 3510 2175 3557; x_wconf 88' lang='lat' dir='ltr'><strong>autem</strong></span> 
     </span>
    </p>
   </div>
   <div class='ocr_carea' id='block_1_36' title="bbox 599 3583 2174 3662">
    <p class='ocr_par' dir='ltr' id='par_1_36' title="bbox 599 3583 2174 3662">
     <span class='ocr_line' id='line_1_36' title="bbox 599 3583 2174 3662; baseline 0.006 -27"><span class='ocrx_word' id='word_1_269' title='bbox 599 3595 719 3636; x_wconf 83' lang='lat' dir='ltr'><strong>esse</strong></span> <span class='ocrx_word' id='word_1_270' title='bbox 746 3592 800 3635; x_wconf 93' lang='lat' dir='ltr'><strong>ut</strong></span> <span class='ocrx_word' id='word_1_271' title='bbox 829 3593 1047 3651; x_wconf 90' lang='lat' dir='ltr'><strong>propter</strong></span> <span class='ocrx_word' id='word_1_272' title='bbox 1076 3583 1228 3639; x_wconf 89' lang='lat' dir='ltr'><strong>illum</strong></span> <span class='ocrx_word' id='word_1_273' title='bbox 1257 3596 1307 3639; x_wconf 91' lang='lat' dir='ltr'><strong>te</strong></span> <span class='ocrx_word' id='word_1_274' title='bbox 1337 3586 1622 3649; x_wconf 80' lang='lat' dir='ltr'><strong>honorent.</strong></span> <span class='ocrx_word' id='word_1_275' title='bbox 1655 3590 1922 3656; x_wconf 88' lang='lat' dir='ltr'><strong>quomodo</strong></span> <span class='ocrx_word' id='word_1_276' title='bbox 1951 3601 2001 3647; x_wconf 91' lang='lat' dir='ltr'><strong>te</strong></span> <span class='ocrx_word' id='word_1_277' title='bbox 2030 3594 2174 3662; x_wconf 84' lang='lat' dir='ltr'><strong>igno-</strong></span> 
     </span>
    </p>
   </div>
   <div class='ocr_carea' id='block_1_37' title="bbox 599 3674 2177 3753">
    <p class='ocr_par' dir='ltr' id='par_1_37' title="bbox 599 3674 2177 3753">
     <span class='ocr_line' id='line_1_37' title="bbox 599 3674 2177 3753; baseline 0.006 -26"><span class='ocrx_word' id='word_1_278' title='bbox 599 3674 761 3728; x_wconf 88' lang='lat' dir='ltr'><strong>minia</strong></span> <span class='ocrx_word' id='word_1_279' title='bbox 814 3674 972 3737; x_wconf 85' lang='lat' dir='ltr'><strong>aliter</strong></span> <span class='ocrx_word' id='word_1_280' title='bbox 1019 3677 1188 3745; x_wconf 88' lang='lat' dir='ltr'><strong>magis</strong></span> <span class='ocrx_word' id='word_1_281' title='bbox 1243 3677 1592 3733; x_wconf 83' lang='lat' dir='ltr'><strong>alfecissent?</strong></span> <span class='ocrx_word' id='word_1_282' title='bbox 1644 3678 1826 3751; x_wconf 86' lang='lat' dir='ltr'><strong>Itaque</strong></span> <span class='ocrx_word' id='word_1_283' title='bbox 1876 3683 2177 3753; x_wconf 74' lang='lat' dir='ltr'><strong>ignominia:</strong></span> 
     </span>
    </p>
   </div>
   <div class='ocr_carea' id='block_1_38' title="bbox 597 3768 2178 3850">
    <p class='ocr_par' dir='ltr' id='par_1_38' title="bbox 597 3768 2178 3850">
     <span class='ocr_line' id='line_1_38' title="bbox 597 3768 2178 3850; baseline 0.005 -29"><span class='ocrx_word' id='word_1_284' title='bbox 597 3780 756 3821; x_wconf 87' lang='lat' dir='ltr'><strong>causa</strong></span> <span class='ocrx_word' id='word_1_285' title='bbox 787 3776 917 3821; x_wconf 91' lang='lat' dir='ltr'><strong>sunt</strong></span> <span class='ocrx_word' id='word_1_286' title='bbox 950 3768 1106 3822; x_wconf 90' lang='lat' dir='ltr'><strong>nobis</strong></span> <span class='ocrx_word' id='word_1_287' title='bbox 1130 3768 1355 3832; x_wconf 58' lang='lat' dir='ltr'><strong>divitia»,</strong></span> <span class='ocrx_word' id='word_1_288' title='bbox 1386 3779 1442 3822; x_wconf 89' lang='lat' dir='ltr'><strong>ut</strong></span> <span class='ocrx_word' id='word_1_289' title='bbox 1469 3786 1588 3839; x_wconf 80' lang='lat' dir='ltr'><strong>qua:</strong></span> <span class='ocrx_word' id='word_1_290' title='bbox 1628 3771 1758 3850; x_wconf 67' lang='lat' dir='ltr'><strong>ipsis</strong></span> <span class='ocrx_word' id='word_1_291' title='bbox 1785 3776 2178 3841; x_wconf 81' lang='lat' dir='ltr'><strong>possessoribus</strong></span> 
     </span>
    </p>
   </div>
   <div class='ocr_carea' id='block_1_39' title="bbox 598 3856 2175 3934">
    <p class='ocr_par' dir='ltr' id='par_1_39' title="bbox 598 3856 2175 3934">
     <span class='ocr_line' id='line_1_39' title="bbox 598 3856 2175 3934; baseline 0.006 -24"><span class='ocrx_word' id='word_1_292' title='bbox 598 3856 708 3911; x_wconf 89' lang='lat' dir='ltr'><strong>sint</strong></span> <span class='ocrx_word' id='word_1_293' title='bbox 739 3857 907 3927; x_wconf 82' lang='lat' dir='ltr'><strong>magis</strong></span> <span class='ocrx_word' id='word_1_294' title='bbox 958 3857 1255 3924; x_wconf 56' lang='lat' dir='ltr'><strong>honorata,</strong></span> <span class='ocrx_word' id='word_1_295' title='bbox 1289 3868 1340 3913; x_wconf 90' lang='lat' dir='ltr'><strong>et</strong></span> <span class='ocrx_word' id='word_1_296' title='bbox 1383 3858 1768 3916; x_wconf 84' lang='lat' dir='ltr'><strong>imbecillitatis</strong></span> <span class='ocrx_word' id='word_1_297' title='bbox 1797 3862 2047 3918; x_wconf 89' lang='lat' dir='ltr'><strong>indicium</strong></span> <span class='ocrx_word' id='word_1_298' title='bbox 2079 3880 2175 3934; x_wconf 79' lang='lat' dir='ltr'><strong>po-</strong></span> 
     </span>
    </p>
   </div>
   <div class='ocr_carea' id='block_1_40' title="bbox 600 3947 2176 4021">
    <p class='ocr_par' dir='ltr' id='par_1_40' title="bbox 600 3947 2176 4021">
     <span class='ocr_line' id='line_1_40' title="bbox 600 3947 2176 4021; baseline 0.006 -21"><span class='ocrx_word' id='word_1_299' title='bbox 600 3947 708 4001; x_wconf 89' lang='lat' dir='ltr'><strong>tius</strong></span> <span class='ocrx_word' id='word_1_300' title='bbox 732 3962 889 4016; x_wconf 90' lang='lat' dir='ltr'><strong>quam</strong></span> <span class='ocrx_word' id='word_1_301' title='bbox 922 3948 1196 4016; x_wconf 62' lang='lat' dir='ltr'><strong>potentias.</strong></span> <span class='ocrx_word' id='word_1_302' title='bbox 1241 3948 1522 4014; x_wconf 82' lang='lat' dir='ltr'><strong>Quomodo</strong></span> <span class='ocrx_word' id='word_1_303' title='bbox 1565 3966 1693 4021; x_wconf 81' lang='lat' dir='ltr'><strong>ergo</strong></span> <span class='ocrx_word' id='word_1_304' title='bbox 1721 3967 1825 4014; x_wconf 88' lang='lat' dir='ltr'><strong>non</strong></span> <span class='ocrx_word' id='word_1_305' title='bbox 1865 3963 1949 4008; x_wconf 80' lang='lat' dir='ltr'><strong>est</strong></span> <span class='ocrx_word' id='word_1_306' title='bbox 1970 3954 2176 4010; x_wconf 61' lang='lat' dir='ltr'><strong>eabsur-</strong></span> 
     </span>
    </p>
   </div>
   <div class='ocr_carea' id='block_1_41' title="bbox 600 4039 2174 4116">
    <p class='ocr_par' dir='ltr' id='par_1_41' title="bbox 600 4039 2174 4116">
     <span class='ocr_line' id='line_1_41' title="bbox 600 4039 2174 4116; baseline 0.007 -24"><span class='ocrx_word' id='word_1_307' title='bbox 600 4039 749 4104; x_wconf 88' lang='lat' dir='ltr'><strong>dum,</strong></span> <span class='ocrx_word' id='word_1_308' title='bbox 784 4048 921 4093; x_wconf 89' lang='lat' dir='ltr'><strong>terra</strong></span> <span class='ocrx_word' id='word_1_309' title='bbox 952 4050 1021 4101; x_wconf 55' lang='lat' dir='ltr'><strong>,et</strong></span> <span class='ocrx_word' id='word_1_310' title='bbox 1051 4040 1234 4095; x_wconf 88' lang='lat' dir='ltr'><strong>cinere</strong></span> <span class='ocrx_word' id='word_1_311' title='bbox 1263 4040 1390 4109; x_wconf 91' lang='lat' dir='ltr'><strong>(hoc</strong></span> <span class='ocrx_word' id='word_1_312' title='bbox 1416 4041 1557 4096; x_wconf 89' lang='lat' dir='ltr'><strong>enim</strong></span> <span class='ocrx_word' id='word_1_313' title='bbox 1598 4053 1678 4097; x_wconf 90' lang='lat' dir='ltr'><strong>est</strong></span> <span class='ocrx_word' id='word_1_314' title='bbox 1703 4046 1913 4116; x_wconf 88' lang='lat' dir='ltr'><strong>aurum)</strong></span> <span class='ocrx_word' id='word_1_315' title='bbox 1944 4062 2041 4102; x_wconf 88' lang='lat' dir='ltr'><strong>nos</strong></span> <span class='ocrx_word' id='word_1_316' title='bbox 2069 4064 2174 4103; x_wconf 91' lang='lat' dir='ltr'><strong>non</strong></span> 
     </span>
    </p>
   </div>
   <div class='ocr_carea' id='block_1_42' title="bbox 595 4122 2177 4200">
    <p class='ocr_par' dir='ltr' id='par_1_42' title="bbox 595 4122 2177 4200">
     <span class='ocr_line' id='line_1_42' title="bbox 595 4122 2177 4200; baseline 0.005 -17"><span class='ocrx_word' id='word_1_317' title='bbox 595 4128 886 4184; x_wconf 76' lang='lat' dir='ltr'><strong>existimari</strong></span> <span class='ocrx_word' id='word_1_318' title='bbox 904 4122 1023 4183; x_wconf 68' lang='lat' dir='ltr'><strong>esse</strong></span> <span class='ocrx_word' id='word_1_319' title='bbox 1038 4129 1246 4198; x_wconf 85' lang='lat' dir='ltr'><strong>dignos,</strong></span> <span class='ocrx_word' id='word_1_320' title='bbox 1278 4129 1369 4185; x_wconf 87' lang='lat' dir='ltr'><strong>sed</strong></span> <span class='ocrx_word' id='word_1_321' title='bbox 1388 4145 1482 4184; x_wconf 89' lang='lat' dir='ltr'><strong>nos</strong></span> <span class='ocrx_word' id='word_1_322' title='bbox 1503 4141 1719 4200; x_wconf 78' lang='lat' dir='ltr'><strong>prapter</strong></span> <span class='ocrx_word' id='word_1_323' title='bbox 1736 4133 1860 4188; x_wconf 89' lang='lat' dir='ltr'><strong>illttd</strong></span> <span class='ocrx_word' id='word_1_324' title='bbox 1890 4134 2177 4191; x_wconf 77' lang='lat' dir='ltr'><strong>honorari?</strong></span> 
     </span>
    </p>
   </div>
   <div class='ocr_carea' id='block_1_43' title="bbox 597 4218 2177 4283">
    <p class='ocr_par' dir='ltr' id='par_1_43' title="bbox 597 4218 2177 4283">
     <span class='ocr_line' id='line_1_43' title="bbox 597 4218 2177 4283; baseline 0.006 -10"><span class='ocrx_word' id='word_1_325' title='bbox 597 4220 661 4274; x_wconf 82' lang='lat' dir='ltr'><strong>Et</strong></span> <span class='ocrx_word' id='word_1_326' title='bbox 678 4221 885 4275; x_wconf 89' lang='lat' dir='ltr'><strong>merito.</strong></span> <span class='ocrx_word' id='word_1_327' title='bbox 905 4218 1021 4273; x_wconf 86' lang='lat' dir='ltr'><strong>Non</strong></span> <span class='ocrx_word' id='word_1_328' title='bbox 1042 4220 1110 4273; x_wconf 92' lang='lat' dir='ltr'><strong>ita</strong></span> <span class='ocrx_word' id='word_1_329' title='bbox 1136 4235 1263 4274; x_wconf 90' lang='lat' dir='ltr'><strong>vero</strong></span> <span class='ocrx_word' id='word_1_330' title='bbox 1282 4220 1503 4274; x_wconf 81' lang='lat' dir='ltr'><strong>allectus</strong></span> <span class='ocrx_word' id='word_1_331' title='bbox 1527 4232 1607 4277; x_wconf 81' lang='lat' dir='ltr'><strong>est</strong></span> <span class='ocrx_word' id='word_1_332' title='bbox 1627 4223 1925 4280; x_wconf 88' lang='lat' dir='ltr'><strong>divitiarum</strong></span> <span class='ocrx_word' id='word_1_333' title='bbox 1946 4236 2177 4283; x_wconf 88' lang='lat' dir='ltr'><strong>contem-</strong></span> 
     </span>
    </p>
   </div>
   <div class='ocr_carea' id='block_1_44' title="bbox 594 4310 2172 4384">
    <p class='ocr_par' dir='ltr' id='par_1_44' title="bbox 594 4310 2172 4384">
     <span class='ocr_line' id='line_1_44' title="bbox 594 4310 2172 4384; baseline 0.007 -22"><span class='ocrx_word' id='word_1_334' title='bbox 594 4321 746 4374; x_wconf 85' lang='lat' dir='ltr'><strong>ptor;</strong></span> <span class='ocrx_word' id='word_1_335' title='bbox 766 4310 956 4363; x_wconf 89' lang='lat' dir='ltr'><strong>melius</strong></span> <span class='ocrx_word' id='word_1_336' title='bbox 972 4318 1053 4363; x_wconf 91' lang='lat' dir='ltr'><strong>est</strong></span> <span class='ocrx_word' id='word_1_337' title='bbox 1076 4310 1215 4363; x_wconf 90' lang='lat' dir='ltr'><strong>enim</strong></span> <span class='ocrx_word' id='word_1_338' title='bbox 1239 4326 1343 4365; x_wconf 91' lang='lat' dir='ltr'><strong>non</strong></span> <span class='ocrx_word' id='word_1_339' title='bbox 1364 4311 1610 4367; x_wconf 86' lang='lat' dir='ltr'><strong>honorari</strong></span> <span class='ocrx_word' id='word_1_340' title='bbox 1633 4331 1787 4384; x_wconf 89' lang='lat' dir='ltr'><strong>quam</strong></span> <span class='ocrx_word' id='word_1_341' title='bbox 1807 4317 1881 4371; x_wconf 92' lang='lat' dir='ltr'><strong>sic</strong></span> <span class='ocrx_word' id='word_1_342' title='bbox 1902 4317 2172 4373; x_wconf 90' lang='lat' dir='ltr'><strong>honorari.</strong></span> 
     </span>
    </p>
   </div>
   <div class='ocr_carea' id='block_1_45' title="bbox 595 4394 2177 4471">
    <p class='ocr_par' dir='ltr' id='par_1_45' title="bbox 595 4394 2177 4471">
     <span class='ocr_line' id='line_1_45' title="bbox 595 4394 2177 4471; baseline 0.004 -15"><span class='ocrx_word' id='word_1_343' title='bbox 595 4400 858 4466; x_wconf 58' lang='lat' dir='ltr'><strong>Nanndie,</strong></span> <span class='ocrx_word' id='word_1_344' title='bbox 884 4394 1087 4471; x_wconf 66' lang='lat' dir='ltr'><strong>quaeso,</strong></span> <span class='ocrx_word' id='word_1_345' title='bbox 1124 4401 1167 4455; x_wconf 87' lang='lat' dir='ltr'><strong>si</strong></span> <span class='ocrx_word' id='word_1_346' title='bbox 1190 4401 1310 4470; x_wconf 87' lang='lat' dir='ltr'><strong>quis</strong></span> <span class='ocrx_word' id='word_1_347' title='bbox 1343 4402 1434 4457; x_wconf 91' lang='lat' dir='ltr'><strong>tibi</strong></span> <span class='ocrx_word' id='word_1_348' title='bbox 1463 4402 1684 4471; x_wconf 86' lang='lat' dir='ltr'><strong>diceret,</strong></span> <span class='ocrx_word' id='word_1_349' title='bbox 1713 4394 1869 4461; x_wconf 85' lang='lat' dir='ltr'><strong>Nullo</strong></span> <span class='ocrx_word' id='word_1_350' title='bbox 1895 4416 1945 4462; x_wconf 91' lang='lat' dir='ltr'><strong>te</strong></span> <span class='ocrx_word' id='word_1_351' title='bbox 1975 4407 2177 4463; x_wconf 89' lang='lat' dir='ltr'><strong>honore</strong></span> 
     </span>
    </p>
   </div>
   <div class='ocr_carea' id='block_1_46' title="bbox 594 4484 2177 4565">
    <p class='ocr_par' dir='ltr' id='par_1_46' title="bbox 594 4484 2177 4565">
     <span class='ocr_line' id='line_1_46' title="bbox 594 4484 2177 4565; baseline 0.005 -18"><span class='ocrx_word' id='word_1_352' title='bbox 594 4484 815 4564; x_wconf 87' lang='lat' dir='ltr'><strong>dignum</strong></span> <span class='ocrx_word' id='word_1_353' title='bbox 839 4507 959 4548; x_wconf 83' lang='lat' dir='ltr'><strong>esse</strong></span> <span class='ocrx_word' id='word_1_354' title='bbox 983 4493 1250 4559; x_wconf 82' lang='lat' dir='ltr'><strong>existimo,</strong></span> <span class='ocrx_word' id='word_1_355' title='bbox 1269 4493 1360 4549; x_wconf 85' lang='lat' dir='ltr'><strong>sed</strong></span> <span class='ocrx_word' id='word_1_356' title='bbox 1381 4506 1599 4565; x_wconf 87' lang='lat' dir='ltr'><strong>propter</strong></span> <span class='ocrx_word' id='word_1_357' title='bbox 1620 4496 1851 4554; x_wconf 85' lang='lat' dir='ltr'><strong>famulos</strong></span> <span class='ocrx_word' id='word_1_358' title='bbox 1869 4509 1989 4554; x_wconf 91' lang='lat' dir='ltr'><strong>tuos</strong></span> <span class='ocrx_word' id='word_1_359' title='bbox 2008 4507 2060 4554; x_wconf 92' lang='lat' dir='ltr'><strong>te</strong></span> <span class='ocrx_word' id='word_1_360' title='bbox 2080 4501 2177 4555; x_wconf 86' lang='lat' dir='ltr'><strong>ho-</strong></span> 
     </span>
    </p>
   </div>
   <div class='ocr_carea' id='block_1_47' title="bbox 597 4583 2175 4661">
    <p class='ocr_par' dir='ltr' id='par_1_47' title="bbox 597 4583 2175 4661">
     <span class='ocr_line' id='line_1_47' title="bbox 597 4583 2175 4661; baseline 0.005 -23"><span class='ocrx_word' id='word_1_361' title='bbox 597 4598 729 4638; x_wconf 92' lang='lat' dir='ltr'><strong>noro</strong></span> <span class='ocrx_word' id='word_1_362' title='bbox 753 4586 768 4649; x_wconf 67' lang='grc' dir='ltr'>ξ</span> <span class='ocrx_word' id='word_1_363' title='bbox 798 4600 864 4637; x_wconf 94' lang='lat' dir='ltr'><strong>an</strong></span> <span class='ocrx_word' id='word_1_364' title='bbox 895 4583 994 4638; x_wconf 88' lang='lat' dir='ltr'><strong>hac</strong></span> <span class='ocrx_word' id='word_1_365' title='bbox 1028 4583 1313 4654; x_wconf 77' lang='lat' dir='ltr'><strong>ignominia</strong></span> <span class='ocrx_word' id='word_1_366' title='bbox 1337 4595 1509 4654; x_wconf 88' lang='lat' dir='ltr'><strong>potest</strong></span> <span class='ocrx_word' id='word_1_367' title='bbox 1531 4587 1819 4657; x_wconf 86' lang='lat' dir='ltr'><strong>quidquam</strong></span> <span class='ocrx_word' id='word_1_368' title='bbox 1842 4605 1961 4646; x_wconf 90' lang='lat' dir='ltr'><strong>esse</strong></span> <span class='ocrx_word' id='word_1_369' title='bbox 1987 4591 2175 4661; x_wconf 82' lang='lat' dir='ltr'><strong>pejus?</strong></span> 
     </span>
    </p>
   </div>
   <div class='ocr_carea' id='block_1_48' title="bbox 593 4680 2177 4752">
    <p class='ocr_par' dir='ltr' id='par_1_48' title="bbox 593 4680 2177 4752">
     <span class='ocr_line' id='line_1_48' title="bbox 593 4680 2177 4752; baseline 0.003 -19"><span class='ocrx_word' id='word_1_370' title='bbox 593 4680 648 4733; x_wconf 87' lang='lat' dir='ltr'><strong>Si</strong></span> <span class='ocrx_word' id='word_1_371' title='bbox 672 4688 848 4733; x_wconf 87' lang='lat' dir='ltr'><strong>autem</strong></span> <span class='ocrx_word' id='word_1_372' title='bbox 874 4686 1092 4747; x_wconf 86' lang='lat' dir='ltr'><strong>propter</strong></span> <span class='ocrx_word' id='word_1_373' title='bbox 1133 4693 1317 4733; x_wconf 87' lang='lat' dir='ltr'><strong>servos</strong></span> <span class='ocrx_word' id='word_1_374' title='bbox 1346 4688 1498 4750; x_wconf 90' lang='lat' dir='ltr'><strong>turpe</strong></span> <span class='ocrx_word' id='word_1_375' title='bbox 1523 4691 1605 4736; x_wconf 91' lang='lat' dir='ltr'><strong>est</strong></span> <span class='ocrx_word' id='word_1_376' title='bbox 1631 4682 1904 4749; x_wconf 89' lang='lat' dir='ltr'><strong>honorari,</strong></span> <span class='ocrx_word' id='word_1_377' title='bbox 1936 4687 2023 4752; x_wconf 92' lang='lat' dir='ltr'><strong>qui</strong></span> <span class='ocrx_word' id='word_1_378' title='bbox 2053 4695 2177 4739; x_wconf 81' lang='lat' dir='ltr'><strong>sunt</strong></span> 
     </span>
    </p>
   </div>
   <div class='ocr_carea' id='block_1_49' title="bbox 596 4768 2176 4840">
    <p class='ocr_par' dir='ltr' id='par_1_49' title="bbox 596 4768 2176 4840">
     <span class='ocr_line' id='line_1_49' title="bbox 596 4768 2176 4840; baseline 0.005 -19"><span class='ocrx_word' id='word_1_379' title='bbox 596 4771 881 4840; x_wconf 84' lang='lat' dir='ltr'><strong>participes</strong></span> <span class='ocrx_word' id='word_1_380' title='bbox 906 4768 1143 4839; x_wconf 75' lang='lat' dir='ltr'><strong>ejusdem</strong></span> <span class='ocrx_word' id='word_1_381' title='bbox 1170 4770 1320 4840; x_wconf 84' lang='lat' dir='ltr'><strong>cujus</strong></span> <span class='ocrx_word' id='word_1_382' title='bbox 1340 4786 1438 4826; x_wconf 90' lang='lat' dir='ltr'><strong>nos</strong></span> <span class='ocrx_word' id='word_1_383' title='bbox 1462 4771 1654 4826; x_wconf 71' lang='lat' dir='ltr'><strong>animm</strong></span> <span class='ocrx_word' id='word_1_384' title='bbox 1676 4781 1732 4827; x_wconf 91' lang='lat' dir='ltr'><strong>et</strong></span> <span class='ocrx_word' id='word_1_385' title='bbox 1753 4782 1987 4831; x_wconf 65' lang='lat' dir='ltr'><strong>naturae:</strong></span> <span class='ocrx_word' id='word_1_386' title='bbox 2008 4775 2176 4829; x_wconf 87' lang='lat' dir='ltr'><strong>multo</strong></span> 
     </span>
    </p>
   </div>
   <div class='ocr_carea' id='block_1_50' title="bbox 594 4860 2176 4932">
    <p class='ocr_par' dir='ltr' id='par_1_50' title="bbox 594 4860 2176 4932">
     <span class='ocr_line' id='line_1_50' title="bbox 594 4860 2176 4932; baseline 0.002 -16"><span class='ocrx_word' id='word_1_387' title='bbox 594 4860 765 4931; x_wconf 87' lang='lat' dir='ltr'><strong>magis</strong></span> <span class='ocrx_word' id='word_1_388' title='bbox 793 4869 1012 4931; x_wconf 86' lang='lat' dir='ltr'><strong>propter</strong></span> <span class='ocrx_word' id='word_1_389' title='bbox 1036 4876 1096 4915; x_wconf 90' lang='lat' dir='ltr'><strong>ea</strong></span> <span class='ocrx_word' id='word_1_390' title='bbox 1125 4878 1243 4932; x_wconf 83' lang='lat' dir='ltr'><strong>qua:</strong></span> <span class='ocrx_word' id='word_1_391' title='bbox 1272 4872 1397 4917; x_wconf 87' lang='lat' dir='ltr'><strong>sunt</strong></span> <span class='ocrx_word' id='word_1_392' title='bbox 1425 4862 1507 4917; x_wconf 88' lang='lat' dir='ltr'><strong>bis</strong></span> <span class='ocrx_word' id='word_1_393' title='bbox 1529 4864 1735 4930; x_wconf 85' lang='lat' dir='ltr'><strong>viliora,</strong></span> <span class='ocrx_word' id='word_1_394' title='bbox 1764 4864 2065 4927; x_wconf 85' lang='lat' dir='ltr'><strong>domorum,</strong></span> <span class='ocrx_word' id='word_1_395' title='bbox 2091 4866 2176 4919; x_wconf 78' lang='lat' dir='ltr'><strong>in—</strong></span> 
     </span>
    </p>
   </div>
   <div class='ocr_carea' id='block_1_51' title="bbox 594 4951 2178 5021">
    <p class='ocr_par' dir='ltr' id='par_1_51' title="bbox 594 4951 2178 5021">
     <span class='ocr_line' id='line_1_51' title="bbox 594 4951 2178 5021; baseline 0.003 -16"><span class='ocrx_word' id='word_1_396' title='bbox 594 4968 778 5021; x_wconf 80' lang='lat' dir='ltr'><strong>quain,</strong></span> <span class='ocrx_word' id='word_1_397' title='bbox 810 4951 1041 5020; x_wconf 88' lang='lat' dir='ltr'><strong>parietes</strong></span> <span class='ocrx_word' id='word_1_398' title='bbox 1070 4960 1124 5006; x_wconf 93' lang='lat' dir='ltr'><strong>et</strong></span> <span class='ocrx_word' id='word_1_399' title='bbox 1149 4952 1307 5019; x_wconf 88' lang='lat' dir='ltr'><strong>atria,</strong></span> <span class='ocrx_word' id='word_1_400' title='bbox 1336 4962 1390 5008; x_wconf 89' lang='lat' dir='ltr'><strong>et</strong></span> <span class='ocrx_word' id='word_1_401' title='bbox 1411 4969 1535 5008; x_wconf 84' lang='lat' dir='ltr'><strong>vasa</strong></span> <span class='ocrx_word' id='word_1_402' title='bbox 1567 4969 1727 5008; x_wconf 89' lang='lat' dir='ltr'><strong>aurea</strong></span> <span class='ocrx_word' id='word_1_403' title='bbox 1755 4965 1809 5009; x_wconf 82' lang='lat' dir='ltr'><strong>et</strong></span> <span class='ocrx_word' id='word_1_404' title='bbox 1830 4964 2026 5011; x_wconf 87' lang='lat' dir='ltr'><strong>vestes.</strong></span> <span class='ocrx_word' id='word_1_405' title='bbox 2054 4956 2178 5010; x_wconf 74' lang='lat' dir='ltr'><strong>Haec</strong></span> 
     </span>
    </p>
   </div>
   <div class='ocr_carea' id='block_1_52' title="bbox 595 5029 2177 5118">
    <p class='ocr_par' dir='ltr' id='par_1_52' title="bbox 595 5029 2177 5118">
     <span class='ocr_line' id='line_1_52' title="bbox 595 5029 2177 5118; baseline 0.004 -22"><span class='ocrx_word' id='word_1_406' title='bbox 595 5058 721 5099; x_wconf 89' lang='lat' dir='ltr'><strong>vere</strong></span> <span class='ocrx_word' id='word_1_407' title='bbox 748 5053 872 5097; x_wconf 88' lang='lat' dir='ltr'><strong>sunt</strong></span> <span class='ocrx_word' id='word_1_408' title='bbox 901 5043 1119 5098; x_wconf 87' lang='lat' dir='ltr'><strong>ridicula</strong></span> <span class='ocrx_word' id='word_1_409' title='bbox 1148 5055 1197 5099; x_wconf 89' lang='lat' dir='ltr'><strong>et</strong></span> <span class='ocrx_word' id='word_1_410' title='bbox 1231 5044 1473 5113; x_wconf 87' lang='lat' dir='ltr'><strong>pudenda</strong></span> <span class='ocrx_word' id='word_1_411' title='bbox 1498 5063 1513 5100; x_wconf 87' lang='lat'><strong>:</strong></span> <span class='ocrx_word' id='word_1_412' title='bbox 1538 5029 1730 5101; x_wconf 87' lang='lat' dir='ltr'><strong>melius</strong></span> <span class='ocrx_word' id='word_1_413' title='bbox 1751 5055 1836 5103; x_wconf 90' lang='lat' dir='ltr'><strong>est</strong></span> <span class='ocrx_word' id='word_1_414' title='bbox 1861 5048 1995 5102; x_wconf 87' lang='lat' dir='ltr'><strong>movi</strong></span> <span class='ocrx_word' id='word_1_415' title='bbox 2019 5064 2177 5118; x_wconf 90' lang='lat' dir='ltr'><strong>quam</strong></span> 
     </span>
    </p>
   </div>
   <div class='ocr_carea' id='block_1_53' title="bbox 594 5132 2181 5210">
    <p class='ocr_par' dir='ltr' id='par_1_53' title="bbox 594 5132 2181 5210">
     <span class='ocr_line' id='line_1_53' title="bbox 594 5132 2181 5210; baseline 0.003 -23"><span class='ocrx_word' id='word_1_416' title='bbox 594 5136 675 5187; x_wconf 88' lang='lat' dir='ltr'><strong>sic</strong></span> <span class='ocrx_word' id='word_1_417' title='bbox 701 5132 976 5190; x_wconf 87' lang='lat' dir='ltr'><strong>honorari.</strong></span> <span class='ocrx_word' id='word_1_418' title='bbox 1019 5135 1110 5187; x_wconf 91' lang='lat' dir='ltr'><strong>Dic</strong></span> <span class='ocrx_word' id='word_1_419' title='bbox 1146 5137 1286 5190; x_wconf 85' lang='lat' dir='ltr'><strong>enim</strong></span> <span class='ocrx_word' id='word_1_420' title='bbox 1315 5136 1467 5204; x_wconf 90' lang='lat' dir='ltr'><strong>mihi,</strong></span> <span class='ocrx_word' id='word_1_421' title='bbox 1500 5138 1542 5192; x_wconf 89' lang='lat' dir='ltr'><strong>si</strong></span> <span class='ocrx_word' id='word_1_422' title='bbox 1571 5146 1622 5192; x_wconf 90' lang='lat' dir='ltr'><strong>te</strong></span> <span class='ocrx_word' id='word_1_423' title='bbox 1650 5138 1701 5191; x_wconf 93' lang='lat' dir='ltr'><strong>in</strong></span> <span class='ocrx_word' id='word_1_424' title='bbox 1730 5137 1830 5193; x_wconf 88' lang='lat' dir='ltr'><strong>hoc</strong></span> <span class='ocrx_word' id='word_1_425' title='bbox 1871 5138 2007 5192; x_wconf 90' lang='lat' dir='ltr'><strong>fastu</strong></span> <span class='ocrx_word' id='word_1_426' title='bbox 2046 5140 2181 5210; x_wconf 89' lang='lat' dir='ltr'><strong>peri-</strong></span> 
     </span>
    </p>
   </div>
   <div class='ocr_carea' id='block_1_54' title="bbox 596 5225 2180 5298">
    <p class='ocr_par' dir='ltr' id='par_1_54' title="bbox 596 5225 2180 5298">
     <span class='ocr_line' id='line_1_54' title="bbox 596 5225 2180 5298; baseline 0.003 -21"><span class='ocrx_word' id='word_1_427' title='bbox 596 5225 873 5279; x_wconf 78' lang='lat' dir='ltr'><strong>clitantem</strong></span> <span class='ocrx_word' id='word_1_428' title='bbox 899 5225 1020 5280; x_wconf 87' lang='lat' dir='ltr'><strong>vilis</strong></span> <span class='ocrx_word' id='word_1_429' title='bbox 1044 5225 1307 5297; x_wconf 68' lang='lat' dir='ltr'><strong>quispiam</strong></span> <span class='ocrx_word' id='word_1_430' title='bbox 1358 5238 1412 5281; x_wconf 92' lang='lat' dir='ltr'><strong>et</strong></span> <span class='ocrx_word' id='word_1_431' title='bbox 1448 5227 1793 5296; x_wconf 86' lang='lat' dir='ltr'><strong>despuendus</strong></span> <span class='ocrx_word' id='word_1_432' title='bbox 1816 5230 1884 5283; x_wconf 88' lang='lat' dir='ltr'><strong>ab</strong></span> <span class='ocrx_word' id='word_1_433' title='bbox 1912 5229 2015 5285; x_wconf 90' lang='lat' dir='ltr'><strong>hoc</strong></span> <span class='ocrx_word' id='word_1_434' title='bbox 2041 5229 2180 5298; x_wconf 84' lang='lat' dir='ltr'><strong>peri-</strong></span> 
     </span>
    </p>
   </div>
   <div class='ocr_carea' id='block_1_55' title="bbox 600 5316 2179 5390">
    <p class='ocr_par' dir='ltr' id='par_1_55' title="bbox 600 5316 2179 5390">
     <span class='ocr_line' id='line_1_55' title="bbox 600 5316 2179 5390; baseline 0.003 -21"><span class='ocrx_word' id='word_1_435' title='bbox 600 5316 722 5369; x_wconf 84' lang='lat' dir='ltr'><strong>culo</strong></span> <span class='ocrx_word' id='word_1_436' title='bbox 750 5316 912 5371; x_wconf 85' lang='lat' dir='ltr'><strong>vellet</strong></span> <span class='ocrx_word' id='word_1_437' title='bbox 942 5317 1195 5384; x_wconf 85' lang='lat' dir='ltr'><strong>liberare,</strong></span> <span class='ocrx_word' id='word_1_438' title='bbox 1228 5317 1479 5387; x_wconf 88' lang='lat' dir='ltr'><strong>quidnam</strong></span> <span class='ocrx_word' id='word_1_439' title='bbox 1511 5320 1615 5375; x_wconf 89' lang='lat' dir='ltr'><strong>hoc</strong></span> <span class='ocrx_word' id='word_1_440' title='bbox 1637 5330 1781 5374; x_wconf 81' lang='lat' dir='ltr'><strong>esset</strong></span> <span class='ocrx_word' id='word_1_441' title='bbox 1813 5320 1999 5390; x_wconf 76' lang='lat' dir='ltr'><strong>pejus?</strong></span> <span class='ocrx_word' id='word_1_442' title='bbox 2027 5319 2179 5389; x_wconf 85' lang='lat' dir='ltr'><strong>Quod</strong></span> 
     </span>
    </p>
   </div>
   <div class='ocr_carea' id='block_1_56' title="bbox 598 5407 2180 5478">
    <p class='ocr_par' dir='ltr' id='par_1_56' title="bbox 598 5407 2180 5478">
     <span class='ocr_line' id='line_1_56' title="bbox 598 5407 2180 5478; baseline 0.003 -17"><span class='ocrx_word' id='word_1_443' title='bbox 598 5417 776 5463; x_wconf 83' lang='lat' dir='ltr'><strong>autem</strong></span> <span class='ocrx_word' id='word_1_444' title='bbox 820 5407 887 5462; x_wconf 87' lang='lat' dir='ltr'><strong>de</strong></span> <span class='ocrx_word' id='word_1_445' title='bbox 928 5409 1140 5464; x_wconf 82' lang='lat' dir='ltr'><strong>civitate</strong></span> <span class='ocrx_word' id='word_1_446' title='bbox 1171 5411 1309 5464; x_wconf 90' lang='lat' dir='ltr'><strong>inter</strong></span> <span class='ocrx_word' id='word_1_447' title='bbox 1357 5426 1451 5465; x_wconf 82' lang='lat' dir='ltr'><strong>vos</strong></span> <span class='ocrx_word' id='word_1_448' title='bbox 1506 5411 1706 5478; x_wconf 86' lang='lat' dir='ltr'><strong>dicitis,</strong></span> <span class='ocrx_word' id='word_1_449' title='bbox 1738 5412 1864 5466; x_wconf 88' lang='lat' dir='ltr'><strong>volo</strong></span> <span class='ocrx_word' id='word_1_450' title='bbox 1908 5412 2057 5467; x_wconf 85' lang='lat' dir='ltr'><strong>vobis</strong></span> <span class='ocrx_word' id='word_1_451' title='bbox 2101 5412 2180 5466; x_wconf 80' lang='lat' dir='ltr'><strong>di-</strong></span> 
     </span>
    </p>
   </div>
   <div class='ocr_carea' id='block_1_57' title="bbox 599 5498 2179 5574">
    <p class='ocr_par' dir='ltr' id='par_1_57' title="bbox 599 5498 2179 5574">
     <span class='ocr_line' id='line_1_57' title="bbox 599 5498 2179 5574; baseline 0 -19"><span class='ocrx_word' id='word_1_452' title='bbox 599 5514 741 5556; x_wconf 85' lang='lat' dir='ltr'><strong>cere.</strong></span> <span class='ocrx_word' id='word_1_453' title='bbox 768 5500 844 5572; x_wconf 84' lang='lat' dir='ltr'><strong>(b)</strong></span> <span class='ocrx_word' id='word_1_454' title='bbox 875 5498 1010 5557; x_wconf 86' lang='lat' dir='ltr'><strong>Eum</strong></span> <span class='ocrx_word' id='word_1_455' title='bbox 1036 5501 1125 5573; x_wconf 87' lang='lat' dir='ltr'><strong>qtti</strong></span> <span class='ocrx_word' id='word_1_456' title='bbox 1156 5517 1333 5557; x_wconf 89' lang='lat' dir='ltr'><strong>rerum</strong></span> <span class='ocrx_word' id='word_1_457' title='bbox 1362 5503 1667 5574; x_wconf 81' lang='lat' dir='ltr'><strong>potiebatur</strong></span> <span class='ocrx_word' id='word_1_458' title='bbox 1691 5502 1979 5574; x_wconf 87' lang='lat' dir='ltr'><strong>aliquando</strong></span> <span class='ocrx_word' id='word_1_459' title='bbox 2009 5502 2179 5558; x_wconf 85' lang='lat' dir='ltr'><strong>offen-</strong></span> 
     </span>
    </p>
   </div>
   <div class='ocr_carea' id='block_1_58' title="bbox 661 5632 2181 5720">
    <p class='ocr_par' dir='ltr' id='par_1_58' title="bbox 661 5632 2181 5720">
     <span class='ocr_line' id='line_1_58' title="bbox 661 5632 2181 5720; baseline -0.001 -13"><span class='ocrx_word' id='word_1_460' title='bbox 661 5657 735 5719; x_wconf 78' lang='grc' dir='ltr'><strong>(α)</strong></span> <span class='ocrx_word' id='word_1_461' title='bbox 756 5656 835 5707; x_wconf 89' lang='lat' dir='ltr'><strong>De</strong></span> <span class='ocrx_word' id='word_1_462' title='bbox 844 5632 1317 5720; x_wconf 69' lang='lat' dir='ltr'><strong>Eutropiol-Junnebo</strong></span> <span class='ocrx_word' id='word_1_463' title='bbox 1338 5666 1495 5708; x_wconf 88' lang='lat' dir='ltr'><strong>actum</strong></span> <span class='ocrx_word' id='word_1_464' title='bbox 1521 5657 1605 5708; x_wconf 88' lang='lat' dir='ltr'><strong>fuit</strong></span> <span class='ocrx_word' id='word_1_465' title='bbox 1624 5659 1672 5707; x_wconf 90' lang='lat' dir='ltr'><strong>in</strong></span> <span class='ocrx_word' id='word_1_466' title='bbox 1693 5657 1868 5706; x_wconf 73' lang='lat' dir='ltr'><strong>uenite</strong></span> <span class='ocrx_word' id='word_1_467' title='bbox 1888 5669 2050 5720; x_wconf 82' lang='lat' dir='ltr'><strong>supra.</strong></span> <span class='ocrx_word' id='word_1_468' title='bbox 2070 5664 2181 5706; x_wconf 65' lang='lat' dir='ltr'><strong>sam</strong></span> 
     </span>
    </p>
   </div>
   <div class='ocr_carea' id='block_1_59' title="bbox 600 5719 1389 5782">
    <p class='ocr_par' dir='ltr' id='par_1_59' title="bbox 600 5719 1389 5782">
     <span class='ocr_line' id='line_1_59' title="bbox 600 5719 1389 5782; baseline 0.001 -14"><span class='ocrx_word' id='word_1_469' title='bbox 600 5719 661 5769; x_wconf 80' lang='lat' dir='ltr'><strong>de</strong></span> <span class='ocrx_word' id='word_1_470' title='bbox 690 5733 772 5782; x_wconf 17' lang='lat' dir='ltr'><strong>eo;</strong></span> <span class='ocrx_word' id='word_1_471' title='bbox 792 5719 1144 5782; x_wconf 39' lang='lat' dir='ltr'><strong>prorsus’loqui</strong></span> <span class='ocrx_word' id='word_1_472' title='bbox 1181 5720 1389 5769; x_wconf 87' lang='lat' dir='ltr'><strong>videtur.</strong></span> 
     </span>
    </p>
   </div>
   <div class='ocr_carea' id='block_1_60' title="bbox 661 5778 2179 5858">
    <p class='ocr_par' dir='ltr' id='par_1_60' title="bbox 661 5778 2179 5858">
     <span class='ocr_line' id='line_1_60' title="bbox 661 5778 2179 5858; baseline 0 -29"><span class='ocrx_word' id='word_1_473' title='bbox 661 5781 734 5844; x_wconf 58' lang='lat' dir='ltr'><strong>ib)</strong></span> <span class='ocrx_word' id='word_1_474' title='bbox 761 5778 815 5832; x_wconf 82' lang='lat' dir='ltr'><strong>lu</strong></span> <span class='ocrx_word' id='word_1_475' title='bbox 858 5778 1182 5842; x_wconf 58' lang='lat' dir='ltr'><strong>sapientibus</strong></span> <span class='ocrx_word' id='word_1_476' title='bbox 1204 5784 1403 5844; x_wconf 69' lang='lat' dir='ltr'><strong>carmen</strong></span> <span class='ocrx_word' id='word_1_477' title='bbox 1430 5782 1528 5858; x_wconf 75' lang='lat' dir='ltr'><strong>agit</strong></span> <span class='ocrx_word' id='word_1_478' title='bbox 1563 5780 1626 5830; x_wconf 82' lang='lat' dir='ltr'><strong>de</strong></span> <span class='ocrx_word' id='word_1_479' title='bbox 1659 5779 1901 5830; x_wconf 71' lang='lat' dir='ltr'><strong>seditione</strong></span> <span class='ocrx_word' id='word_1_480' title='bbox 1920 5778 2179 5830; x_wconf 65' lang='lat' dir='ltr'><strong>Antioche-</strong></span> 
     </span>
    </p>
   </div>
   <div class='ocr_carea' id='block_1_61' title="bbox 1387 364 3183 448">
    <p class='ocr_par' dir='ltr' id='par_1_61' title="bbox 1387 364 3183 448">
     <span class='ocr_line' id='line_1_61' title="bbox 1387 364 3183 448; baseline 0.014 -26"><span class='ocrx_word' id='word_1_481' title='bbox 1387 364 1445 422; x_wconf 84' lang='lat' dir='ltr'><strong>S.</strong></span> <span class='ocrx_word' id='word_1_482' title='bbox 1487 366 1762 426; x_wconf 74' lang='lat' dir='ltr'><strong>JOANNIS</strong></span> <span class='ocrx_word' id='word_1_483' title='bbox 1794 368 2263 431; x_wconf 70' lang='lat' dir='ltr'><strong>CHRYSOSTOMI</strong></span> <span class='ocrx_word' id='word_1_484' title='bbox 2299 375 2616 436; x_wconf 78' lang='lat' dir='ltr'><strong>ARClllEP.</strong></span> <span class='ocrx_word' id='word_1_485' title='bbox 2656 382 3183 448; x_wconf 69' lang='lat' dir='ltr'><strong>CONSTANTINOP.</strong></span> 
     </span>
    </p>
   </div>
   <div class='ocr_carea' id='block_1_62' title="bbox 2254 5602 2445 5646">
    <p class='ocr_par' dir='ltr' id='par_1_62' title="bbox 2254 5602 2445 5646">
     <span class='ocr_line' id='line_1_62' title="bbox 2254 5602 2445 5646; baseline -0.005 -1"><span class='ocrx_word' id='word_1_486' title='bbox 2254 5624 2271 5628; x_wconf 53' lang='grc' dir='ltr'><em>νν</em></span> <span class='ocrx_word' id='word_1_487' title='bbox 2288 5602 2445 5646; x_wconf 82' lang='lat' dir='ltr'><strong>ceret.</strong></span> 
     </span>
    </p>
   </div>
   <div class='ocr_carea' id='block_1_63' title="bbox 3781 394 3878 451">
    <p class='ocr_par' dir='ltr' id='par_1_63' title="bbox 3781 394 3878 451">
     <span class='ocr_line' id='line_1_63' title="bbox 3781 394 3878 451; baseline -0.021 -1"><span class='ocrx_word' id='word_1_488' title='bbox 3781 394 3878 451; x_wconf 70' lang='grc'><strong>313</strong></span> 
     </span>
    </p>
   </div>
   <div class='ocr_carea' id='block_1_64' title="bbox 2308 490 3877 579">
    <p class='ocr_par' dir='ltr' id='par_1_64' title="bbox 2308 490 3877 579">
     <span class='ocr_line' id='line_1_64' title="bbox 2308 490 3877 579; baseline 0.013 -32"><span class='ocrx_word' id='word_1_489' title='bbox 2308 490 2384 548; x_wconf 90' lang='lat' dir='ltr'><strong>dit</strong></span> <span class='ocrx_word' id='word_1_490' title='bbox 2425 508 2605 552; x_wconf 84' lang='lat' dir='ltr'><strong>nostra</strong></span> <span class='ocrx_word' id='word_1_491' title='bbox 2630 502 2841 567; x_wconf 85' lang='lat' dir='ltr'><strong>civitas,</strong></span> <span class='ocrx_word' id='word_1_492' title='bbox 2867 511 2924 559; x_wconf 91' lang='lat' dir='ltr'><strong>et</strong></span> <span class='ocrx_word' id='word_1_493' title='bbox 2944 506 3104 574; x_wconf 84' lang='lat' dir='ltr'><strong>jussit</strong></span> <span class='ocrx_word' id='word_1_494' title='bbox 3126 522 3248 563; x_wconf 85' lang='lat' dir='ltr'><strong>eam</strong></span> <span class='ocrx_word' id='word_1_495' title='bbox 3272 506 3442 565; x_wconf 88' lang='lat' dir='ltr'><strong>everti</strong></span> <span class='ocrx_word' id='word_1_496' title='bbox 3470 508 3728 579; x_wconf 85' lang='lat' dir='ltr'><strong>funditus,</strong></span> <span class='ocrx_word' id='word_1_497' title='bbox 3758 525 3877 567; x_wconf 86' lang='lat' dir='ltr'><strong>cum</strong></span> 
     </span>
    </p>
   </div>
   <div class='ocr_carea' id='block_1_65' title="bbox 2302 590 3971 675">
    <p class='ocr_par' dir='ltr' id='par_1_65' title="bbox 2302 590 3971 675">
     <span class='ocr_line' id='line_1_65' title="bbox 2302 590 3971 675; baseline 0.008 -32"><span class='ocrx_word' id='word_1_498' title='bbox 2302 590 2451 656; x_wconf 85' lang='lat' dir='ltr'><strong>viris,</strong></span> <span class='ocrx_word' id='word_1_499' title='bbox 2472 595 2652 662; x_wconf 86' lang='lat' dir='ltr'><strong>pueris</strong></span> <span class='ocrx_word' id='word_1_500' title='bbox 2676 602 2731 650; x_wconf 88' lang='lat' dir='ltr'><strong>et</strong></span> <span class='ocrx_word' id='word_1_501' title='bbox 2745 595 3010 653; x_wconf 90' lang='lat' dir='ltr'><strong>domibus.</strong></span> <span class='ocrx_word' id='word_1_502' title='bbox 3029 598 3187 655; x_wconf 84' lang='lat' dir='ltr'><strong>Tales</strong></span> <span class='ocrx_word' id='word_1_503' title='bbox 3218 603 3361 657; x_wconf 86' lang='lat' dir='ltr'><strong>enim</strong></span> <span class='ocrx_word' id='word_1_504' title='bbox 3401 611 3525 658; x_wconf 91' lang='lat' dir='ltr'><strong>sunt</strong></span> <span class='ocrx_word' id='word_1_505' title='bbox 3550 604 3643 659; x_wconf 71' lang='lat' dir='ltr'><strong>irre</strong></span> <span class='ocrx_word' id='word_1_506' title='bbox 3670 620 3873 675; x_wconf 84' lang='lat' dir='ltr'><strong>regum:</strong></span> <span class='ocrx_word' id='word_1_507' title='bbox 3954 651 3971 657; x_wconf 84' lang='lat'><strong><em>_</em></strong></span> 
     </span>
    </p>
   </div>
   <div class='ocr_carea' id='block_1_66' title="bbox 2303 683 3875 763">
    <p class='ocr_par' dir='ltr' id='par_1_66' title="bbox 2303 683 3875 763">
     <span class='ocr_line' id='line_1_66' title="bbox 2303 683 3875 763; baseline 0.011 -30"><span class='ocrx_word' id='word_1_508' title='bbox 2303 683 2552 750; x_wconf 89' lang='lat' dir='ltr'><strong>potestati</strong></span> <span class='ocrx_word' id='word_1_509' title='bbox 2580 694 2835 754; x_wconf 89' lang='lat' dir='ltr'><strong>quantum</strong></span> <span class='ocrx_word' id='word_1_510' title='bbox 2867 689 3049 744; x_wconf 87' lang='lat' dir='ltr'><strong>volunt</strong></span> <span class='ocrx_word' id='word_1_511' title='bbox 3099 689 3373 763; x_wconf 85' lang='lat' dir='ltr'><strong>indulgent</strong></span> <span class='ocrx_word' id='word_1_512' title='bbox 3405 711 3421 744; x_wconf 87' lang='lat'><strong><em>:</em></strong></span> <span class='ocrx_word' id='word_1_513' title='bbox 3449 703 3653 749; x_wconf 85' lang='lat' dir='ltr'><strong>tantum</strong></span> <span class='ocrx_word' id='word_1_514' title='bbox 3680 696 3875 750; x_wconf 83' lang='lat' dir='ltr'><strong>malum</strong></span> 
     </span>
    </p>
   </div>
   <div class='ocr_carea' id='block_1_67' title="bbox 2302 777 3871 855">
    <p class='ocr_par' dir='ltr' id='par_1_67' title="bbox 2302 777 3871 855">
     <span class='ocr_line' id='line_1_67' title="bbox 2302 777 3871 855; baseline 0.011 -30"><span class='ocrx_word' id='word_1_515' title='bbox 2302 779 2384 825; x_wconf 83' lang='lat' dir='ltr'><strong>est</strong></span> <span class='ocrx_word' id='word_1_516' title='bbox 2401 781 2656 842; x_wconf 75' lang='lat' dir='ltr'><strong>potestas.</strong></span> <span class='ocrx_word' id='word_1_517' title='bbox 2685 777 2951 851; x_wconf 81' lang='lat' dir='ltr'><strong>Eratergo</strong></span> <span class='ocrx_word' id='word_1_518' title='bbox 2976 781 3028 835; x_wconf 89' lang='lat' dir='ltr'><strong>in</strong></span> <span class='ocrx_word' id='word_1_519' title='bbox 3060 784 3315 838; x_wconf 83' lang='lat' dir='ltr'><strong>extremis</strong></span> <span class='ocrx_word' id='word_1_520' title='bbox 3336 786 3607 855; x_wconf 85' lang='lat' dir='ltr'><strong>periculis.</strong></span> <span class='ocrx_word' id='word_1_521' title='bbox 3632 786 3758 842; x_wconf 66' lang='lat' dir='ltr'><strong>[iam</strong></span> <span class='ocrx_word' id='word_1_522' title='bbox 3783 804 3871 843; x_wconf 83' lang='lat' dir='ltr'><strong>au-</strong></span> 
     </span>
    </p>
   </div>
   <div class='ocr_carea' id='block_1_68' title="bbox 2303 866 3871 947">
    <p class='ocr_par' dir='ltr' id='par_1_68' title="bbox 2303 866 3871 947">
     <span class='ocr_line' id='line_1_68' title="bbox 2303 866 3871 947; baseline 0.011 -29"><span class='ocrx_word' id='word_1_523' title='bbox 2303 874 2409 919; x_wconf 89' lang='lat' dir='ltr'><strong>tem</strong></span> <span class='ocrx_word' id='word_1_524' title='bbox 2427 866 2597 923; x_wconf 82' lang='lat' dir='ltr'><strong>vicina</strong></span> <span class='ocrx_word' id='word_1_525' title='bbox 2614 870 2803 926; x_wconf 88' lang='lat' dir='ltr'><strong>civitas</strong></span> <span class='ocrx_word' id='word_1_526' title='bbox 2819 873 3080 928; x_wconf 87' lang='lat' dir='ltr'><strong>maritima</strong></span> <span class='ocrx_word' id='word_1_527' title='bbox 3099 875 3302 945; x_wconf 83' lang='lat' dir='ltr'><strong>rogavit</strong></span> <span class='ocrx_word' id='word_1_528' title='bbox 3320 891 3417 945; x_wconf 90' lang='lat' dir='ltr'><strong>pro</strong></span> <span class='ocrx_word' id='word_1_529' title='bbox 3430 877 3581 933; x_wconf 87' lang='lat' dir='ltr'><strong>nobis</strong></span> <span class='ocrx_word' id='word_1_530' title='bbox 3597 879 3871 947; x_wconf 86' lang='lat' dir='ltr'><strong>Imperato-</strong></span> 
     </span>
    </p>
   </div>
   <div class='ocr_carea' id='block_1_69' title="bbox 2300 959 3873 1033">
    <p class='ocr_par' dir='ltr' id='par_1_69' title="bbox 2300 959 3873 1033">
     <span class='ocr_line' id='line_1_69' title="bbox 2300 959 3873 1033; baseline 0.008 -23"><span class='ocrx_word' id='word_1_531' title='bbox 2300 971 2411 1012; x_wconf 88' lang='lat' dir='ltr'><strong>rem</strong></span> <span class='ocrx_word' id='word_1_532' title='bbox 2432 975 2447 1011; x_wconf 90' lang='lat'><strong>:</strong></span> <span class='ocrx_word' id='word_1_533' title='bbox 2465 959 2555 1029; x_wconf 90' lang='lat' dir='ltr'><strong>qui</strong></span> <span class='ocrx_word' id='word_1_534' title='bbox 2574 971 2749 1015; x_wconf 87' lang='lat' dir='ltr'><strong>autem</strong></span> <span class='ocrx_word' id='word_1_535' title='bbox 2769 971 3002 1017; x_wconf 88' lang='lat' dir='ltr'><strong>nostram</strong></span> <span class='ocrx_word' id='word_1_536' title='bbox 3019 964 3873 1033; x_wconf 79' lang='lat' dir='ltr'><strong>habitabantcivitatem,dicebaut</strong></span> 
     </span>
    </p>
   </div>
   <div class='ocr_carea' id='block_1_70' title="bbox 2300 1046 3873 1124">
    <p class='ocr_par' dir='ltr' id='par_1_70' title="bbox 2300 1046 3873 1124">
     <span class='ocr_line' id='line_1_70' title="bbox 2300 1046 3873 1124; baseline 0.007 -21"><span class='ocrx_word' id='word_1_537' title='bbox 2300 1046 2403 1104; x_wconf 87' lang='lat' dir='ltr'><strong>hoc</strong></span> <span class='ocrx_word' id='word_1_538' title='bbox 2428 1064 2549 1105; x_wconf 82' lang='lat' dir='ltr'><strong>esse</strong></span> <span class='ocrx_word' id='word_1_539' title='bbox 2576 1051 2728 1121; x_wconf 84' lang='lat' dir='ltr'><strong>pejus</strong></span> <span class='ocrx_word' id='word_1_540' title='bbox 2750 1068 2909 1124; x_wconf 86' lang='lat' dir='ltr'><strong>quam</strong></span> <span class='ocrx_word' id='word_1_541' title='bbox 2938 1055 3076 1110; x_wconf 89' lang='lat' dir='ltr'><strong>dirui</strong></span> <span class='ocrx_word' id='word_1_542' title='bbox 3108 1056 3397 1111; x_wconf 76' lang='lat' dir='ltr'><strong>civitatem.</strong></span> <span class='ocrx_word' id='word_1_543' title='bbox 3434 1058 3580 1112; x_wconf 77' lang='lat' dir='ltr'><strong>Adeo</strong></span> <span class='ocrx_word' id='word_1_544' title='bbox 3603 1059 3680 1113; x_wconf 89' lang='lat' dir='ltr'><strong>sic</strong></span> <span class='ocrx_word' id='word_1_545' title='bbox 3706 1059 3873 1114; x_wconf 83' lang='lat' dir='ltr'><strong>hono-</strong></span> 
     </span>
    </p>
   </div>
   <div class='ocr_carea' id='block_1_71' title="bbox 2297 1142 3872 1216">
    <p class='ocr_par' dir='ltr' id='par_1_71' title="bbox 2297 1142 3872 1216">
     <span class='ocr_line' id='line_1_71' title="bbox 2297 1142 3872 1216; baseline 0.007 -22"><span class='ocrx_word' id='word_1_546' title='bbox 2297 1142 2402 1196; x_wconf 87' lang='lat' dir='ltr'><strong>rari</strong></span> <span class='ocrx_word' id='word_1_547' title='bbox 2434 1142 2585 1212; x_wconf 88' lang='lat' dir='ltr'><strong>pejus</strong></span> <span class='ocrx_word' id='word_1_548' title='bbox 2608 1151 2709 1209; x_wconf 89' lang='lat' dir='ltr'><strong>est,</strong></span> <span class='ocrx_word' id='word_1_549' title='bbox 2739 1159 2897 1214; x_wconf 85' lang='lat' dir='ltr'><strong>quam</strong></span> <span class='ocrx_word' id='word_1_550' title='bbox 2939 1146 3225 1216; x_wconf 88' lang='lat' dir='ltr'><strong>ignominia</strong></span> <span class='ocrx_word' id='word_1_551' title='bbox 3252 1148 3411 1204; x_wconf 83' lang='lat' dir='ltr'><strong>affici.</strong></span> <span class='ocrx_word' id='word_1_552' title='bbox 3440 1148 3575 1205; x_wconf 72' lang='lat' dir='ltr'><strong>Vide</strong></span> <span class='ocrx_word' id='word_1_553' title='bbox 3610 1151 3751 1206; x_wconf 87' lang='lat' dir='ltr'><strong>enim</strong></span> <span class='ocrx_word' id='word_1_554' title='bbox 3785 1166 3872 1205; x_wconf 85' lang='lat' dir='ltr'><strong>nn-</strong></span> 
     </span>
    </p>
   </div>
   <div class='ocr_carea' id='block_1_72' title="bbox 2276 1229 3865 1315">
    <p class='ocr_par' dir='ltr' id='par_1_72' title="bbox 2276 1229 3865 1315">
     <span class='ocr_line' id='line_1_72' title="bbox 2276 1229 3865 1315; baseline 0.008 -31"><span class='ocrx_word' id='word_1_555' title='bbox 2276 1229 2488 1287; x_wconf 62' lang='lat' dir='ltr'><strong>‘denam</strong></span> <span class='ocrx_word' id='word_1_556' title='bbox 2512 1232 2722 1290; x_wconf 86' lang='lat' dir='ltr'><strong>radices</strong></span> <span class='ocrx_word' id='word_1_557' title='bbox 2749 1245 2871 1315; x_wconf 82' lang='lat' dir='ltr'><strong>agat</strong></span> <span class='ocrx_word' id='word_1_558' title='bbox 2896 1236 3087 1292; x_wconf 90' lang='lat' dir='ltr'><strong>honor.</strong></span> <span class='ocrx_word' id='word_1_559' title='bbox 3118 1236 3421 1308; x_wconf 88' lang='lat' dir='ltr'><strong>Coquorum</strong></span> <span class='ocrx_word' id='word_1_560' title='bbox 3459 1255 3651 1295; x_wconf 84' lang='lat' dir='ltr'><strong>manus</strong></span> <span class='ocrx_word' id='word_1_561' title='bbox 3675 1240 3865 1296; x_wconf 87' lang='lat' dir='ltr'><strong>faciunt</strong></span> 
     </span>
    </p>
   </div>
   <div class='ocr_carea' id='block_1_73' title="bbox 2295 1321 3905 1397">
    <p class='ocr_par' dir='ltr' id='par_1_73' title="bbox 2295 1321 3905 1397">
     <span class='ocr_line' id='line_1_73' title="bbox 2295 1321 3905 1397; baseline 0.007 -22"><span class='ocrx_word' id='word_1_562' title='bbox 2295 1329 2354 1375; x_wconf 92' lang='lat' dir='ltr'><strong>ut</strong></span> <span class='ocrx_word' id='word_1_563' title='bbox 2378 1336 2477 1378; x_wconf 90' lang='lat' dir='ltr'><strong>nos</strong></span> <span class='ocrx_word' id='word_1_564' title='bbox 2506 1321 2831 1379; x_wconf 89' lang='lat' dir='ltr'><strong>honoremur</strong></span> <span class='ocrx_word' id='word_1_565' title='bbox 2855 1342 2869 1391; x_wconf 91' lang='lat'><strong>;</strong></span> <span class='ocrx_word' id='word_1_566' title='bbox 2901 1327 3246 1397; x_wconf 82' lang='lat' dir='ltr'><strong>quamobrem</strong></span> <span class='ocrx_word' id='word_1_567' title='bbox 3274 1330 3379 1383; x_wconf 88' lang='lat' dir='ltr'><strong>illis</strong></span> <span class='ocrx_word' id='word_1_568' title='bbox 3401 1329 3654 1386; x_wconf 83' lang='lat' dir='ltr'><strong>debemus</strong></span> <span class='ocrx_word' id='word_1_569' title='bbox 3672 1330 3871 1387; x_wconf 81' lang='lat' dir='ltr'><strong>habere</strong></span> <span class='ocrx_word' id='word_1_570' title='bbox 3899 1368 3905 1376; x_wconf 63' lang='grc' dir='ltr'><em>ι</em></span> 
     </span>
    </p>
   </div>
   <div class='ocr_carea' id='block_1_74' title="bbox 2293 1412 3871 1497">
    <p class='ocr_par' dir='ltr' id='par_1_74' title="bbox 2293 1412 3871 1497">
     <span class='ocr_line' id='line_1_74' title="bbox 2293 1412 3871 1497; baseline 0.007 -33"><span class='ocrx_word' id='word_1_571' title='bbox 2293 1412 2519 1482; x_wconf 84' lang='lat' dir='ltr'><strong>gratiam</strong></span> <span class='ocrx_word' id='word_1_572' title='bbox 2548 1432 2563 1469; x_wconf 90' lang='lat'><strong>:</strong></span> <span class='ocrx_word' id='word_1_573' title='bbox 2590 1423 2645 1469; x_wconf 91' lang='lat' dir='ltr'><strong>et</strong></span> <span class='ocrx_word' id='word_1_574' title='bbox 2683 1415 2889 1471; x_wconf 90' lang='lat' dir='ltr'><strong>subulci</strong></span> <span class='ocrx_word' id='word_1_575' title='bbox 2931 1417 3126 1473; x_wconf 87' lang='lat' dir='ltr'><strong>lautam</strong></span> <span class='ocrx_word' id='word_1_576' title='bbox 3174 1420 3472 1488; x_wconf 70' lang='lat' dir='ltr'><strong>prmbentes</strong></span> <span class='ocrx_word' id='word_1_577' title='bbox 3516 1436 3777 1497; x_wconf 84' lang='lat' dir='ltr'><strong>mensam,</strong></span> <span class='ocrx_word' id='word_1_578' title='bbox 3817 1430 3871 1476; x_wconf 84' lang='lat' dir='ltr'><strong>et</strong></span> 
     </span>
    </p>
   </div>
   <div class='ocr_carea' id='block_1_75' title="bbox 2256 1508 3867 1583">
    <p class='ocr_par' dir='ltr' id='par_1_75' title="bbox 2256 1508 3867 1583">
     <span class='ocr_line' id='line_1_75' title="bbox 2256 1508 3867 1583; baseline 0.004 -22"><span class='ocrx_word' id='word_1_579' title='bbox 2256 1550 2259 1551; x_wconf 43' lang='grc' dir='ltr'><em>ν</em></span> <span class='ocrx_word' id='word_1_580' title='bbox 2295 1515 2532 1563; x_wconf 83' lang='lat' dir='ltr'><strong>textores</strong></span> <span class='ocrx_word' id='word_1_581' title='bbox 2565 1516 2624 1564; x_wconf 89' lang='lat' dir='ltr'><strong>et</strong></span> <span class='ocrx_word' id='word_1_582' title='bbox 2668 1508 2884 1577; x_wconf 83' lang='lat' dir='ltr'><strong>lanifici,</strong></span> <span class='ocrx_word' id='word_1_583' title='bbox 2916 1520 2970 1565; x_wconf 91' lang='lat' dir='ltr'><strong>et</strong></span> <span class='ocrx_word' id='word_1_584' title='bbox 3004 1513 3092 1581; x_wconf 90' lang='lat' dir='ltr'><strong>qui</strong></span> <span class='ocrx_word' id='word_1_585' title='bbox 3124 1512 3338 1566; x_wconf 85' lang='lat' dir='ltr'><strong>metalla</strong></span> <span class='ocrx_word' id='word_1_586' title='bbox 3367 1522 3675 1582; x_wconf 87' lang='lat' dir='ltr'><strong>operantur,</strong></span> <span class='ocrx_word' id='word_1_587' title='bbox 3702 1521 3757 1568; x_wconf 90' lang='lat' dir='ltr'><strong>et</strong></span> <span class='ocrx_word' id='word_1_588' title='bbox 3780 1513 3867 1583; x_wconf 85' lang='lat' dir='ltr'><strong>qui</strong></span> 
     </span>
    </p>
   </div>
   <div class='ocr_carea' id='block_1_76' title="bbox 2293 1597 3586 1672">
    <p class='ocr_par' dir='ltr' id='par_1_76' title="bbox 2293 1597 3586 1672">
     <span class='ocr_line' id='line_1_76' title="bbox 2293 1597 3586 1672; baseline 0.003 -20"><span class='ocrx_word' id='word_1_589' title='bbox 2293 1597 2561 1667; x_wconf 80' lang='lat' dir='ltr'><strong>placentas</strong></span> <span class='ocrx_word' id='word_1_590' title='bbox 2586 1600 2858 1668; x_wconf 86' lang='lat' dir='ltr'><strong>condiunt,</strong></span> <span class='ocrx_word' id='word_1_591' title='bbox 2885 1606 2973 1672; x_wconf 87' lang='lat' dir='ltr'><strong>qui</strong></span> <span class='ocrx_word' id='word_1_592' title='bbox 3002 1612 3056 1656; x_wconf 90' lang='lat' dir='ltr'><strong>et</strong></span> <span class='ocrx_word' id='word_1_593' title='bbox 3081 1618 3292 1657; x_wconf 85' lang='lat' dir='ltr'><strong>mensas</strong></span> <span class='ocrx_word' id='word_1_594' title='bbox 3319 1612 3586 1657; x_wconf 87' lang='lat' dir='ltr'><strong>sternunt.</strong></span> 
     </span>
    </p>
   </div>
   <div class='ocr_carea' id='block_1_77' title="bbox 2362 1690 3866 1765">
    <p class='ocr_par' dir='ltr' id='par_1_77' title="bbox 2362 1690 3866 1765">
     <span class='ocr_line' id='line_1_77' title="bbox 2362 1690 3866 1765; baseline 0.002 -20"><span class='ocrx_word' id='word_1_595' title='bbox 2362 1690 2417 1745; x_wconf 71' lang='grc' dir='ltr'><strong><em>ι.</em></strong></span> <span class='ocrx_word' id='word_1_596' title='bbox 2452 1691 2642 1745; x_wconf 80' lang='lat' dir='ltr'><strong>Annon</strong></span> <span class='ocrx_word' id='word_1_597' title='bbox 2688 1707 2814 1761; x_wconf 84' lang='lat' dir='ltr'><strong>ergo</strong></span> <span class='ocrx_word' id='word_1_598' title='bbox 2862 1694 3053 1747; x_wconf 87' lang='lat' dir='ltr'><strong>melius</strong></span> <span class='ocrx_word' id='word_1_599' title='bbox 3102 1702 3184 1747; x_wconf 89' lang='lat' dir='ltr'><strong>est</strong></span> <span class='ocrx_word' id='word_1_600' title='bbox 3230 1709 3336 1748; x_wconf 90' lang='lat' dir='ltr'><strong>non</strong></span> <span class='ocrx_word' id='word_1_601' title='bbox 3394 1693 3662 1758; x_wconf 80' lang='lat' dir='ltr'><strong>honorari,</strong></span> <span class='ocrx_word' id='word_1_602' title='bbox 3706 1710 3866 1765; x_wconf 86' lang='lat' dir='ltr'><strong>quam</strong></span> 
     </span>
    </p>
   </div>
   <div class='ocr_carea' id='block_1_78' title="bbox 2297 1783 3865 1865">
    <p class='ocr_par' dir='ltr' id='par_1_78' title="bbox 2297 1783 3865 1865">
     <span class='ocr_line' id='line_1_78' title="bbox 2297 1783 3865 1865; baseline 0.003 -29"><span class='ocrx_word' id='word_1_603' title='bbox 2297 1783 2417 1836; x_wconf 83' lang='lat' dir='ltr'><strong>talis</strong></span> <span class='ocrx_word' id='word_1_604' title='bbox 2444 1783 2667 1838; x_wconf 85' lang='lat' dir='ltr'><strong>honoris</strong></span> <span class='ocrx_word' id='word_1_605' title='bbox 2698 1785 2803 1839; x_wconf 87' lang='lat' dir='ltr'><strong>illis</strong></span> <span class='ocrx_word' id='word_1_606' title='bbox 2832 1784 3030 1841; x_wconf 70' lang='lat' dir='ltr'><strong>habere</strong></span> <span class='ocrx_word' id='word_1_607' title='bbox 3052 1788 3297 1856; x_wconf 87' lang='lat' dir='ltr'><strong>gratiam.</strong></span> <span class='ocrx_word' id='word_1_608' title='bbox 3336 1786 3537 1841; x_wconf 48' lang='lat' dir='ltr'><strong>Pra‘ter</strong></span> <span class='ocrx_word' id='word_1_609' title='bbox 3558 1787 3668 1840; x_wconf 60' lang='lat' dir='ltr'><strong>ha‘c</strong></span> <span class='ocrx_word' id='word_1_610' title='bbox 3687 1798 3865 1865; x_wconf 72' lang='lat' dir='ltr'><strong>autem</strong></span> 
     </span>
    </p>
   </div>
   <div class='ocr_carea' id='block_1_79' title="bbox 2290 1874 3865 1948">
    <p class='ocr_par' dir='ltr' id='par_1_79' title="bbox 2290 1874 3865 1948">
     <span class='ocr_line' id='line_1_79' title="bbox 2290 1874 3865 1948; baseline 0.003 -20"><span class='ocrx_word' id='word_1_611' title='bbox 2290 1874 2431 1943; x_wconf 88' lang='lat' dir='ltr'><strong>quod</strong></span> <span class='ocrx_word' id='word_1_612' title='bbox 2485 1875 2750 1931; x_wconf 82' lang='lat' dir='ltr'><strong>ditescere</strong></span> <span class='ocrx_word' id='word_1_613' title='bbox 2803 1877 3017 1946; x_wconf 89' lang='lat' dir='ltr'><strong>plenum</strong></span> <span class='ocrx_word' id='word_1_614' title='bbox 3064 1877 3136 1931; x_wconf 81' lang='lat' dir='ltr'><strong>sit</strong></span> <span class='ocrx_word' id='word_1_615' title='bbox 3181 1878 3490 1948; x_wconf 86' lang='lat' dir='ltr'><strong>ignominia.</strong></span> <span class='ocrx_word' id='word_1_616' title='bbox 3541 1894 3639 1948; x_wconf 84' lang='lat' dir='ltr'><strong>ego</strong></span> <span class='ocrx_word' id='word_1_617' title='bbox 3680 1890 3865 1947; x_wconf 75' lang='lat' dir='ltr'><strong>aperte</strong></span> 
     </span>
    </p>
   </div>
   <div class='ocr_carea' id='block_1_80' title="bbox 2290 1967 3865 2039">
    <p class='ocr_par' dir='ltr' id='par_1_80' title="bbox 2290 1967 3865 2039">
     <span class='ocr_line' id='line_1_80' title="bbox 2290 1967 3865 2039; baseline 0.001 -17"><span class='ocrx_word' id='word_1_618' title='bbox 2290 1967 2525 2022; x_wconf 89' lang='lat' dir='ltr'><strong>conabor</strong></span> <span class='ocrx_word' id='word_1_619' title='bbox 2570 1968 2876 2025; x_wconf 83' lang='lat' dir='ltr'><strong>ostendere.</strong></span> <span class='ocrx_word' id='word_1_620' title='bbox 2904 1969 3136 2039; x_wconf 87' lang='lat' dir='ltr'><strong>Turpem</strong></span> <span class='ocrx_word' id='word_1_621' title='bbox 3167 1970 3290 2026; x_wconf 90' lang='lat' dir='ltr'><strong>facit</strong></span> <span class='ocrx_word' id='word_1_622' title='bbox 3332 1971 3562 2024; x_wconf 88' lang='lat' dir='ltr'><strong>animam</strong></span> <span class='ocrx_word' id='word_1_623' title='bbox 3595 1990 3608 2026; x_wconf 90' lang='lat'>:</span> <span class='ocrx_word' id='word_1_624' title='bbox 3636 1971 3761 2038; x_wconf 90' lang='lat' dir='ltr'><strong>quid</strong></span> <span class='ocrx_word' id='word_1_625' title='bbox 3786 1981 3865 2025; x_wconf 60' lang='lat' dir='ltr'><strong>est</strong></span> 
     </span>
    </p>
   </div>
   <div class='ocr_carea' id='block_1_81' title="bbox 2288 2060 3866 2132">
    <p class='ocr_par' dir='ltr' id='par_1_81' title="bbox 2288 2060 3866 2132">
     <span class='ocr_line' id='line_1_81' title="bbox 2288 2060 3866 2132; baseline 0.002 -20"><span class='ocrx_word' id='word_1_626' title='bbox 2288 2070 2463 2114; x_wconf 90' lang='lat' dir='ltr'><strong>autem</strong></span> <span class='ocrx_word' id='word_1_627' title='bbox 2498 2060 2598 2115; x_wconf 89' lang='lat' dir='ltr'><strong>hoc</strong></span> <span class='ocrx_word' id='word_1_628' title='bbox 2626 2063 3071 2130; x_wconf 80' lang='lat' dir='ltr'><strong>ignominiosius?</strong></span> <span class='ocrx_word' id='word_1_629' title='bbox 3098 2062 3247 2124; x_wconf 80' lang='lat' dir='ltr'><strong>Nam.</strong></span> <span class='ocrx_word' id='word_1_630' title='bbox 3266 2062 3584 2132; x_wconf 82' lang='lat' dir='ltr'><strong>die,qu:rso.</strong></span> <span class='ocrx_word' id='word_1_631' title='bbox 3609 2064 3650 2116; x_wconf 86' lang='lat' dir='ltr'><strong>si</strong></span> <span class='ocrx_word' id='word_1_632' title='bbox 3669 2076 3866 2131; x_wconf 86' lang='lat' dir='ltr'><strong>corpus</strong></span> 
     </span>
    </p>
   </div>
   <div class='ocr_carea' id='block_1_82' title="bbox 2287 2154 3860 2225">
    <p class='ocr_par' dir='ltr' id='par_1_82' title="bbox 2287 2154 3860 2225">
     <span class='ocr_line' id='line_1_82' title="bbox 2287 2154 3860 2225; baseline 0.004 -22"><span class='ocrx_word' id='word_1_633' title='bbox 2287 2164 2424 2206; x_wconf 81' lang='lat' dir='ltr'><strong>esset</strong></span> <span class='ocrx_word' id='word_1_634' title='bbox 2453 2154 2773 2223; x_wconf 79' lang='lat' dir='ltr'><strong>speciosum.</strong></span> <span class='ocrx_word' id='word_1_635' title='bbox 2823 2165 2874 2207; x_wconf 88' lang='lat' dir='ltr'><strong>et</strong></span> <span class='ocrx_word' id='word_1_636' title='bbox 2905 2170 3094 2209; x_wconf 88' lang='lat' dir='ltr'><strong>omnes</strong></span> <span class='ocrx_word' id='word_1_637' title='bbox 3132 2170 3393 2225; x_wconf 87' lang='lat' dir='ltr'><strong>superans</strong></span> <span class='ocrx_word' id='word_1_638' title='bbox 3434 2156 3860 2225; x_wconf 85' lang='lat' dir='ltr'><strong>pulebritmliue;</strong></span> 
     </span>
    </p>
   </div>
   <div class='ocr_carea' id='block_1_83' title="bbox 2288 2244 3862 2318">
    <p class='ocr_par' dir='ltr' id='par_1_83' title="bbox 2288 2244 3862 2318">
     <span class='ocr_line' id='line_1_83' title="bbox 2288 2244 3862 2318; baseline 0.003 -21"><span class='ocrx_word' id='word_1_639' title='bbox 2288 2244 2821 2314; x_wconf 57' lang='lat' dir='ltr'><strong>areedentes.autem</strong></span> <span class='ocrx_word' id='word_1_640' title='bbox 2849 2246 3048 2302; x_wconf 70' lang='lat' dir='ltr'><strong>divitiae</strong></span> <span class='ocrx_word' id='word_1_641' title='bbox 3089 2248 3470 2318; x_wconf 82' lang='lat' dir='ltr'><strong>pollicerentur</strong></span> <span class='ocrx_word' id='word_1_642' title='bbox 3516 2265 3575 2302; x_wconf 77' lang='lat' dir='ltr'><strong>se</strong></span> <span class='ocrx_word' id='word_1_643' title='bbox 3620 2248 3668 2300; x_wconf 90' lang='lat' dir='ltr'><strong>id</strong></span> <span class='ocrx_word' id='word_1_644' title='bbox 3710 2259 3862 2315; x_wconf 80' lang='lat' dir='ltr'><strong>turpe</strong></span> 
     </span>
    </p>
   </div>
   <div class='ocr_carea' id='block_1_84' title="bbox 2290 2336 3863 2409">
    <p class='ocr_par' dir='ltr' id='par_1_84' title="bbox 2290 2336 3863 2409">
     <span class='ocr_line' id='line_1_84' title="bbox 2290 2336 3863 2409; baseline 0 -20"><span class='ocrx_word' id='word_1_645' title='bbox 2290 2336 2541 2396; x_wconf 82' lang='lat' dir='ltr'><strong>facturas.</strong></span> <span class='ocrx_word' id='word_1_646' title='bbox 2573 2346 2627 2391; x_wconf 91' lang='lat' dir='ltr'><strong>et</strong></span> <span class='ocrx_word' id='word_1_647' title='bbox 2670 2354 2764 2406; x_wconf 89' lang='lat' dir='ltr'><strong>pro</strong></span> <span class='ocrx_word' id='word_1_648' title='bbox 2794 2354 2924 2392; x_wconf 88' lang='lat' dir='ltr'><strong>sano</strong></span> <span class='ocrx_word' id='word_1_649' title='bbox 2967 2348 3247 2409; x_wconf 82' lang='lat' dir='ltr'><strong>a-grotum,</strong></span> <span class='ocrx_word' id='word_1_650' title='bbox 3283 2354 3379 2407; x_wconf 87' lang='lat' dir='ltr'><strong>pro</strong></span> <span class='ocrx_word' id='word_1_651' title='bbox 3410 2339 3545 2394; x_wconf 71' lang='lat' dir='ltr'><strong>hunc</strong></span> <span class='ocrx_word' id='word_1_652' title='bbox 3570 2341 3863 2407; x_wconf 77' lang='lat' dir='ltr'><strong>composito</strong></span> 
     </span>
    </p>
   </div>
   <div class='ocr_carea' id='block_1_85' title="bbox 2290 2426 3862 2493">
    <p class='ocr_par' dir='ltr' id='par_1_85' title="bbox 2290 2426 3862 2493">
     <span class='ocr_line' id='line_1_85' title="bbox 2290 2426 3862 2493; baseline 0.001 -13"><span class='ocrx_word' id='word_1_653' title='bbox 2290 2426 2548 2480; x_wconf 88' lang='lat' dir='ltr'><strong>tumidum</strong></span> <span class='ocrx_word' id='word_1_654' title='bbox 2601 2436 2655 2481; x_wconf 89' lang='lat' dir='ltr'><strong>et</strong></span> <span class='ocrx_word' id='word_1_655' title='bbox 2713 2428 3137 2493; x_wconf 84' lang='lat' dir='ltr'><strong>inﬂammatum;</strong></span> <span class='ocrx_word' id='word_1_656' title='bbox 3188 2439 3242 2484; x_wconf 93' lang='lat' dir='ltr'><strong>et</strong></span> <span class='ocrx_word' id='word_1_657' title='bbox 3295 2431 3541 2484; x_wconf 88' lang='lat' dir='ltr'><strong>oumibus</strong></span> <span class='ocrx_word' id='word_1_658' title='bbox 3613 2431 3862 2484; x_wconf 81' lang='lat' dir='ltr'><strong>membris</strong></span> 
     </span>
    </p>
   </div>
   <div class='ocr_carea' id='block_1_86' title="bbox 2288 2517 3861 2589">
    <p class='ocr_par' dir='ltr' id='par_1_86' title="bbox 2288 2517 3861 2589">
     <span class='ocr_line' id='line_1_86' title="bbox 2288 2517 3861 2589; baseline 0.003 -19"><span class='ocrx_word' id='word_1_659' title='bbox 2288 2517 2548 2572; x_wconf 90' lang='lat' dir='ltr'><strong>intercute</strong></span> <span class='ocrx_word' id='word_1_660' title='bbox 2575 2519 2792 2588; x_wconf 73' lang='lat' dir='ltr'><strong>repletis</strong></span> <span class='ocrx_word' id='word_1_661' title='bbox 2840 2519 3114 2575; x_wconf 82' lang='lat' dir='ltr'><strong>inllassent</strong></span> <span class='ocrx_word' id='word_1_662' title='bbox 3141 2522 3352 2589; x_wconf 85' lang='lat' dir='ltr'><strong>quidem</strong></span> <span class='ocrx_word' id='word_1_663' title='bbox 3386 2521 3611 2585; x_wconf 88' lang='lat' dir='ltr'><strong>faciem,</strong></span> <span class='ocrx_word' id='word_1_664' title='bbox 3635 2532 3688 2575; x_wconf 88' lang='lat' dir='ltr'><strong>et</strong></span> <span class='ocrx_word' id='word_1_665' title='bbox 3716 2520 3861 2576; x_wconf 88' lang='lat' dir='ltr'><strong>onmi</strong></span> 
     </span>
    </p>
   </div>
   <div class='ocr_carea' id='block_1_87' title="bbox 2285 2604 3862 2682">
    <p class='ocr_par' dir='ltr' id='par_1_87' title="bbox 2285 2604 3862 2682">
     <span class='ocr_line' id='line_1_87' title="bbox 2285 2604 3862 2682; baseline 0.001 -19"><span class='ocrx_word' id='word_1_666' title='bbox 2285 2624 2349 2663; x_wconf 86' lang='lat' dir='ltr'><strong>ex</strong></span> <span class='ocrx_word' id='word_1_667' title='bbox 2386 2620 2538 2679; x_wconf 88' lang='lat' dir='ltr'><strong>parte</strong></span> <span class='ocrx_word' id='word_1_668' title='bbox 2560 2604 2813 2663; x_wconf 86' lang='lat' dir='ltr'><strong>tumidam</strong></span> <span class='ocrx_word' id='word_1_669' title='bbox 2839 2610 3144 2675; x_wconf 79' lang='lat' dir='ltr'><strong>redderent,</strong></span> <span class='ocrx_word' id='word_1_670' title='bbox 3174 2612 3333 2680; x_wconf 75' lang='lat' dir='ltr'><strong>llt&#39;dCS</strong></span> <span class='ocrx_word' id='word_1_671' title='bbox 3353 2629 3565 2682; x_wconf 86' lang='lat' dir='ltr'><strong>quoque</strong></span> <span class='ocrx_word' id='word_1_672' title='bbox 3591 2613 3862 2667; x_wconf 80' lang='lat' dir='ltr'><strong>inllassent</strong></span> 
     </span>
    </p>
   </div>
   <div class='ocr_carea' id='block_1_88' title="bbox 2286 2699 3858 2769">
    <p class='ocr_par' dir='ltr' id='par_1_88' title="bbox 2286 2699 3858 2769">
     <span class='ocr_line' id='line_1_88' title="bbox 2286 2699 3858 2769; baseline 0 -16"><span class='ocrx_word' id='word_1_673' title='bbox 2286 2709 2338 2753; x_wconf 91' lang='lat' dir='ltr'><strong>et</strong></span> <span class='ocrx_word' id='word_1_674' title='bbox 2372 2699 2611 2753; x_wconf 89' lang='lat' dir='ltr'><strong>trabibus</strong></span> <span class='ocrx_word' id='word_1_675' title='bbox 2640 2700 2893 2755; x_wconf 78' lang='lat' dir='ltr'><strong>fecissent</strong></span> <span class='ocrx_word' id='word_1_676' title='bbox 2918 2702 3208 2769; x_wconf 76' lang='lat' dir='ltr'><strong>graviores,</strong></span> <span class='ocrx_word' id='word_1_677' title='bbox 3236 2702 3506 2757; x_wconf 85' lang='lat' dir='ltr'><strong>inflasscnt</strong></span> <span class='ocrx_word' id='word_1_678' title='bbox 3529 2713 3582 2757; x_wconf 89' lang='lat' dir='ltr'><strong>et</strong></span> <span class='ocrx_word' id='word_1_679' title='bbox 3602 2717 3858 2765; x_wconf 83' lang='lat' dir='ltr'><strong>ventrem,</strong></span> 
     </span>
    </p>
   </div>
   <div class='ocr_carea' id='block_1_89' title="bbox 2285 2791 3861 2862">
    <p class='ocr_par' dir='ltr' id='par_1_89' title="bbox 2285 2791 3861 2862">
     <span class='ocr_line' id='line_1_89' title="bbox 2285 2791 3861 2862; baseline 0.002 -16"><span class='ocrx_word' id='word_1_680' title='bbox 2285 2801 2338 2846; x_wconf 90' lang='lat' dir='ltr'><strong>et</strong></span> <span class='ocrx_word' id='word_1_681' title='bbox 2364 2791 2667 2846; x_wconf 80' lang='lat' dir='ltr'><strong>effecissent</strong></span> <span class='ocrx_word' id='word_1_682' title='bbox 2708 2792 2963 2858; x_wconf 87' lang='lat' dir='ltr'><strong>majorem</strong></span> <span class='ocrx_word' id='word_1_683' title='bbox 3004 2796 3191 2861; x_wconf 88' lang='lat' dir='ltr'><strong>quovis</strong></span> <span class='ocrx_word' id='word_1_684' title='bbox 3219 2794 3402 2858; x_wconf 84' lang='lat' dir='ltr'><strong>dolio;</strong></span> <span class='ocrx_word' id='word_1_685' title='bbox 3435 2805 3616 2862; x_wconf 76' lang='lat' dir='ltr'><strong>postea</strong></span> <span class='ocrx_word' id='word_1_686' title='bbox 3644 2810 3768 2849; x_wconf 87' lang='lat' dir='ltr'><strong>vero</strong></span> <span class='ocrx_word' id='word_1_687' title='bbox 3795 2811 3861 2849; x_wconf 91' lang='lat' dir='ltr'><strong>ne</strong></span> 
     </span>
    </p>
   </div>
   <div class='ocr_carea' id='block_1_90' title="bbox 2286 2883 3859 2954">
    <p class='ocr_par' dir='ltr' id='par_1_90' title="bbox 2286 2883 3859 2954">
     <span class='ocr_line' id='line_1_90' title="bbox 2286 2883 3859 2954; baseline 0.001 -17"><span class='ocrx_word' id='word_1_688' title='bbox 2286 2883 2350 2937; x_wconf 89' lang='lat' dir='ltr'><strong>iis</strong></span> <span class='ocrx_word' id='word_1_689' title='bbox 2380 2883 2616 2950; x_wconf 88' lang='lat' dir='ltr'><strong>quidem,</strong></span> <span class='ocrx_word' id='word_1_690' title='bbox 2649 2884 2736 2952; x_wconf 87' lang='lat' dir='ltr'><strong>qui</strong></span> <span class='ocrx_word' id='word_1_691' title='bbox 2768 2884 2959 2938; x_wconf 86' lang='lat' dir='ltr'><strong>vellent</strong></span> <span class='ocrx_word' id='word_1_692' title='bbox 2987 2899 3197 2948; x_wconf 87' lang='lat' dir='ltr'><strong>curare,</strong></span> <span class='ocrx_word' id='word_1_693' title='bbox 3224 2900 3283 2939; x_wconf 82' lang='lat' dir='ltr'><strong>se</strong></span> <span class='ocrx_word' id='word_1_694' title='bbox 3318 2888 3671 2953; x_wconf 60' lang='lat' dir='ltr'><strong>[ni-missuras</strong></span> <span class='ocrx_word' id='word_1_695' title='bbox 3700 2884 3859 2954; x_wconf 82' lang='lat' dir='ltr'><strong>proli-</strong></span> 
     </span>
    </p>
   </div>
   <div class='ocr_carea' id='block_1_91' title="bbox 2286 2976 3858 3046">
    <p class='ocr_par' dir='ltr' id='par_1_91' title="bbox 2286 2976 3858 3046">
     <span class='ocr_line' id='line_1_91' title="bbox 2286 2976 3858 3046; baseline 0.003 -17"><span class='ocrx_word' id='word_1_696' title='bbox 2286 2977 2565 3045; x_wconf 90' lang='lat' dir='ltr'><strong>terentur(</strong></span> <span class='ocrx_word' id='word_1_697' title='bbox 2594 2990 2657 3030; x_wconf 89' lang='lat' dir='ltr'><strong>ea</strong></span> <span class='ocrx_word' id='word_1_698' title='bbox 2682 2977 2823 3029; x_wconf 87' lang='lat' dir='ltr'><strong>enim</strong></span> <span class='ocrx_word' id='word_1_699' title='bbox 2849 2985 2930 3029; x_wconf 91' lang='lat' dir='ltr'><strong>est</strong></span> <span class='ocrx_word' id='word_1_700' title='bbox 2957 2977 3117 3030; x_wconf 89' lang='lat' dir='ltr'><strong>nimia</strong></span> <span class='ocrx_word' id='word_1_701' title='bbox 3147 2976 3427 3046; x_wconf 83' lang='lat' dir='ltr'><strong>potestas).</strong></span> <span class='ocrx_word' id='word_1_702' title='bbox 3455 2978 3549 3032; x_wconf 87' lang='lat' dir='ltr'><strong>sed</strong></span> <span class='ocrx_word' id='word_1_703' title='bbox 3576 2994 3633 3031; x_wconf 88' lang='lat' dir='ltr'><strong>se</strong></span> <span class='ocrx_word' id='word_1_704' title='bbox 3664 2988 3858 3034; x_wconf 85' lang='lat' dir='ltr'><strong>tantam</strong></span> 
     </span>
    </p>
   </div>
   <div class='ocr_carea' id='block_1_92' title="bbox 2284 3068 3861 3136">
    <p class='ocr_par' dir='ltr' id='par_1_92' title="bbox 2284 3068 3861 3136">
     <span class='ocr_line' id='line_1_92' title="bbox 2284 3068 3861 3136; baseline 0.001 -13"><span class='ocrx_word' id='word_1_705' title='bbox 2284 3068 2501 3123; x_wconf 86' lang='lat' dir='ltr'><strong>daturas</strong></span> <span class='ocrx_word' id='word_1_706' title='bbox 2543 3084 2663 3124; x_wconf 88' lang='lat' dir='ltr'><strong>esse</strong></span> <span class='ocrx_word' id='word_1_707' title='bbox 2713 3069 3034 3134; x_wconf 89' lang='lat' dir='ltr'><strong>libertatem,</strong></span> <span class='ocrx_word' id='word_1_708' title='bbox 3089 3080 3145 3122; x_wconf 91' lang='lat' dir='ltr'><strong>ut</strong></span> <span class='ocrx_word' id='word_1_709' title='bbox 3199 3071 3243 3124; x_wconf 91' lang='lat' dir='ltr'><strong>si</strong></span> <span class='ocrx_word' id='word_1_710' title='bbox 3293 3070 3413 3136; x_wconf 90' lang='lat' dir='ltr'><strong>quis</strong></span> <span class='ocrx_word' id='word_1_711' title='bbox 3461 3070 3743 3127; x_wconf 86' lang='lat' dir='ltr'><strong>accederet</strong></span> <span class='ocrx_word' id='word_1_712' title='bbox 3795 3070 3861 3125; x_wconf 87' lang='lat' dir='ltr'><strong>ad</strong></span> 
     </span>
    </p>
   </div>
   <div class='ocr_carea' id='block_1_93' title="bbox 2283 3161 3856 3232">
    <p class='ocr_par' dir='ltr' id='par_1_93' title="bbox 2283 3161 3856 3232">
     <span class='ocr_line' id='line_1_93' title="bbox 2283 3161 3856 3232; baseline -0.001 -15"><span class='ocrx_word' id='word_1_713' title='bbox 2283 3164 2456 3232; x_wconf 91' lang='lat' dir='ltr'><strong>ipsum</strong></span> <span class='ocrx_word' id='word_1_714' title='bbox 2488 3161 2820 3217; x_wconf 86' lang='lat' dir='ltr'><strong>liberandum</strong></span> <span class='ocrx_word' id='word_1_715' title='bbox 2863 3176 2894 3216; x_wconf 88' lang='lat' dir='ltr'><strong>a</strong></span> <span class='ocrx_word' id='word_1_716' title='bbox 2927 3161 3122 3227; x_wconf 85' lang='lat' dir='ltr'><strong>noxiis,</strong></span> <span class='ocrx_word' id='word_1_717' title='bbox 3162 3175 3284 3215; x_wconf 90' lang='lat' dir='ltr'><strong>eum</strong></span> <span class='ocrx_word' id='word_1_718' title='bbox 3333 3173 3513 3217; x_wconf 85' lang='lat' dir='ltr'><strong>essent</strong></span> <span class='ocrx_word' id='word_1_719' title='bbox 3557 3161 3856 3230; x_wconf 67' lang='lat' dir='ltr'><strong>puniturte:</strong></span> 
     </span>
    </p>
   </div>
   <div class='ocr_carea' id='block_1_94' title="bbox 2283 3252 3860 3323">
    <p class='ocr_par' dir='ltr' id='par_1_94' title="bbox 2283 3252 3860 3323">
     <span class='ocr_line' id='line_1_94' title="bbox 2283 3252 3860 3323; baseline -0.001 -16"><span class='ocrx_word' id='word_1_720' title='bbox 2283 3270 2349 3308; x_wconf 90' lang='lat' dir='ltr'><strong>an</strong></span> <span class='ocrx_word' id='word_1_721' title='bbox 2381 3253 2508 3323; x_wconf 89' lang='lat' dir='ltr'><strong>quid</strong></span> <span class='ocrx_word' id='word_1_722' title='bbox 2539 3254 2844 3316; x_wconf 87' lang='lat' dir='ltr'><strong>immanius.</strong></span> <span class='ocrx_word' id='word_1_723' title='bbox 2873 3268 3074 3323; x_wconf 71' lang='lat' dir='ltr'><strong>qumso,</strong></span> <span class='ocrx_word' id='word_1_724' title='bbox 3106 3264 3249 3308; x_wconf 80' lang='lat' dir='ltr'><strong>esset</strong></span> <span class='ocrx_word' id='word_1_725' title='bbox 3269 3253 3293 3306; x_wconf 79' lang='lat' dir='ltr'><strong>&#39;l</strong></span> <span class='ocrx_word' id='word_1_726' title='bbox 3317 3252 3448 3307; x_wconf 90' lang='lat' dir='ltr'><strong>Cum</strong></span> <span class='ocrx_word' id='word_1_727' title='bbox 3492 3268 3622 3322; x_wconf 81' lang='lat' dir='ltr'><strong>ergo</strong></span> <span class='ocrx_word' id='word_1_728' title='bbox 3663 3253 3860 3307; x_wconf 66' lang='lat' dir='ltr'><strong>divitiae</strong></span> 
     </span>
    </p>
   </div>
   <div class='ocr_carea' id='block_1_95' title="bbox 2282 3344 3860 3415">
    <p class='ocr_par' dir='ltr' id='par_1_95' title="bbox 2282 3344 3860 3415">
     <span class='ocr_line' id='line_1_95' title="bbox 2282 3344 3860 3415; baseline -0.003 -12"><span class='ocrx_word' id='word_1_729' title='bbox 2282 3348 2360 3403; x_wconf 89' lang='lat' dir='ltr'><strong>sic</strong></span> <span class='ocrx_word' id='word_1_730' title='bbox 2384 3347 2615 3401; x_wconf 87' lang='lat' dir='ltr'><strong>animam</strong></span> <span class='ocrx_word' id='word_1_731' title='bbox 2660 3345 2914 3409; x_wconf 83' lang='lat' dir='ltr'><strong>afﬁciant,</strong></span> <span class='ocrx_word' id='word_1_732' title='bbox 2943 3345 3208 3414; x_wconf 75' lang='lat' dir='ltr'><strong>quomodo</strong></span> <span class='ocrx_word' id='word_1_733' title='bbox 3249 3361 3336 3400; x_wconf 87' lang='lat' dir='ltr'><strong>res</strong></span> <span class='ocrx_word' id='word_1_734' title='bbox 3363 3344 3584 3415; x_wconf 86' lang='lat' dir='ltr'><strong>pulchra</strong></span> <span class='ocrx_word' id='word_1_735' title='bbox 3630 3346 3860 3399; x_wconf 65' lang='lat' dir='ltr'><strong>fuerint?</strong></span> 
     </span>
    </p>
   </div>
   <div class='ocr_carea' id='block_1_96' title="bbox 2282 3436 3863 3508">
    <p class='ocr_par' dir='ltr' id='par_1_96' title="bbox 2282 3436 3863 3508">
     <span class='ocr_line' id='line_1_96' title="bbox 2282 3436 3863 3508; baseline -0.005 -14"><span class='ocrx_word' id='word_1_736' title='bbox 2282 3437 2387 3494; x_wconf 90' lang='lat' dir='ltr'><strong>Sed</strong></span> <span class='ocrx_word' id='word_1_737' title='bbox 2418 3438 2577 3492; x_wconf 88' lang='lat' dir='ltr'><strong>nimia</strong></span> <span class='ocrx_word' id='word_1_738' title='bbox 2607 3446 2842 3506; x_wconf 86' lang='lat' dir='ltr'><strong>potestas</strong></span> <span class='ocrx_word' id='word_1_739' title='bbox 2869 3447 2949 3491; x_wconf 91' lang='lat' dir='ltr'><strong>est</strong></span> <span class='ocrx_word' id='word_1_740' title='bbox 2978 3437 3092 3504; x_wconf 89' lang='lat' dir='ltr'><strong>ipso</strong></span> <span class='ocrx_word' id='word_1_741' title='bbox 3119 3436 3306 3491; x_wconf 87' lang='lat' dir='ltr'><strong>morbo</strong></span> <span class='ocrx_word' id='word_1_742' title='bbox 3328 3436 3543 3506; x_wconf 87' lang='lat' dir='ltr'><strong>gravior</strong></span> <span class='ocrx_word' id='word_1_743' title='bbox 3568 3454 3582 3490; x_wconf 89' lang='lat'><strong>:</strong></span> <span class='ocrx_word' id='word_1_744' title='bbox 3611 3449 3863 3508; x_wconf 79' lang='lat' dir='ltr'><strong>:egrotan-</strong></span> 
     </span>
    </p>
   </div>
   <div class='ocr_carea' id='block_1_97' title="bbox 2284 3527 3860 3599">
    <p class='ocr_par' dir='ltr' id='par_1_97' title="bbox 2284 3527 3860 3599">
     <span class='ocr_line' id='line_1_97' title="bbox 2284 3527 3860 3599; baseline -0.001 -16"><span class='ocrx_word' id='word_1_745' title='bbox 2284 3540 2391 3584; x_wconf 89' lang='lat' dir='ltr'><strong>tem</strong></span> <span class='ocrx_word' id='word_1_746' title='bbox 2418 3529 2560 3584; x_wconf 89' lang='lat' dir='ltr'><strong>enim</strong></span> <span class='ocrx_word' id='word_1_747' title='bbox 2590 3544 2657 3583; x_wconf 89' lang='lat' dir='ltr'><strong>ne</strong></span> <span class='ocrx_word' id='word_1_748' title='bbox 2686 3528 3014 3582; x_wconf 79' lang='lat' dir='ltr'><strong>medicorum</strong></span> <span class='ocrx_word' id='word_1_749' title='bbox 3044 3527 3256 3595; x_wconf 84' lang='lat' dir='ltr'><strong>quidem</strong></span> <span class='ocrx_word' id='word_1_750' title='bbox 3298 3544 3488 3599; x_wconf 84' lang='lat' dir='ltr'><strong>parere</strong></span> <span class='ocrx_word' id='word_1_751' title='bbox 3531 3529 3753 3599; x_wconf 74' lang='lat' dir='ltr'><strong>legibus,</strong></span> <span class='ocrx_word' id='word_1_752' title='bbox 3782 3538 3860 3581; x_wconf 81' lang='lat' dir='ltr'><strong>est</strong></span> 
     </span>
    </p>
   </div>
   <div class='ocr_carea' id='block_1_98' title="bbox 2282 3619 3861 3690">
    <p class='ocr_par' dir='ltr' id='par_1_98' title="bbox 2282 3619 3861 3690">
     <span class='ocr_line' id='line_1_98' title="bbox 2282 3619 3861 3690; baseline 0 -17"><span class='ocrx_word' id='word_1_753' title='bbox 2282 3622 2499 3690; x_wconf 86' lang='lat' dir='ltr'><strong>gravius</strong></span> <span class='ocrx_word' id='word_1_754' title='bbox 2525 3636 2685 3690; x_wconf 89' lang='lat' dir='ltr'><strong>quam</strong></span> <span class='ocrx_word' id='word_1_755' title='bbox 2711 3629 2989 3690; x_wconf 76' lang='lat' dir='ltr'><strong>:rgrotare.</strong></span> <span class='ocrx_word' id='word_1_756' title='bbox 3022 3619 3174 3687; x_wconf 84' lang='lat' dir='ltr'><strong>Quod</strong></span> <span class='ocrx_word' id='word_1_757' title='bbox 3219 3621 3412 3675; x_wconf 88' lang='lat' dir='ltr'><strong>habent</strong></span> <span class='ocrx_word' id='word_1_758' title='bbox 3444 3632 3498 3676; x_wconf 93' lang='lat' dir='ltr'><strong>et</strong></span> <span class='ocrx_word' id='word_1_759' title='bbox 3544 3622 3759 3684; x_wconf 77' lang='lat' dir='ltr'><strong>divitiae.</strong></span> <span class='ocrx_word' id='word_1_760' title='bbox 3787 3622 3861 3675; x_wconf 79' lang='lat' dir='ltr'><strong>fa-</strong></span> 
     </span>
    </p>
   </div>
   <div class='ocr_carea' id='block_1_99' title="bbox 2284 3712 3857 3781">
    <p class='ocr_par' dir='ltr' id='par_1_99' title="bbox 2284 3712 3857 3781">
     <span class='ocr_line' id='line_1_99' title="bbox 2284 3712 3857 3781; baseline 0 -14"><span class='ocrx_word' id='word_1_761' title='bbox 2284 3713 2490 3767; x_wconf 88' lang='lat' dir='ltr'><strong>cientes</strong></span> <span class='ocrx_word' id='word_1_762' title='bbox 2536 3712 2683 3767; x_wconf 91' lang='lat' dir='ltr'><strong>omni</strong></span> <span class='ocrx_word' id='word_1_763' title='bbox 2734 3728 2798 3765; x_wconf 87' lang='lat' dir='ltr'><strong>ex</strong></span> <span class='ocrx_word' id='word_1_764' title='bbox 2850 3722 3000 3781; x_wconf 88' lang='lat' dir='ltr'><strong>parte</strong></span> <span class='ocrx_word' id='word_1_765' title='bbox 3051 3714 3405 3767; x_wconf 84' lang='lat' dir='ltr'><strong>intumescere</strong></span> <span class='ocrx_word' id='word_1_766' title='bbox 3450 3724 3506 3767; x_wconf 90' lang='lat' dir='ltr'><strong>et</strong></span> <span class='ocrx_word' id='word_1_767' title='bbox 3551 3714 3857 3767; x_wconf 84' lang='lat' dir='ltr'><strong>inflammari</strong></span> 
     </span>
    </p>
   </div>
   <div class='ocr_carea' id='block_1_100' title="bbox 2283 3804 3858 3875">
    <p class='ocr_par' dir='ltr' id='par_1_100' title="bbox 2283 3804 3858 3875">
     <span class='ocr_line' id='line_1_100' title="bbox 2283 3804 3858 3875; baseline 0.002 -19"><span class='ocrx_word' id='word_1_768' title='bbox 2283 3805 2539 3869; x_wconf 87' lang='lat' dir='ltr'><strong>animam,</strong></span> <span class='ocrx_word' id='word_1_769' title='bbox 2566 3814 2619 3856; x_wconf 88' lang='lat' dir='ltr'><strong>et</strong></span> <span class='ocrx_word' id='word_1_770' title='bbox 2645 3804 2990 3875; x_wconf 78' lang='lat' dir='ltr'><strong>prohibentes</strong></span> <span class='ocrx_word' id='word_1_771' title='bbox 3019 3805 3252 3861; x_wconf 86' lang='lat' dir='ltr'><strong>medicos</strong></span> <span class='ocrx_word' id='word_1_772' title='bbox 3290 3805 3567 3861; x_wconf 80' lang='lat' dir='ltr'><strong>secedere.</strong></span> <span class='ocrx_word' id='word_1_773' title='bbox 3594 3805 3858 3873; x_wconf 73' lang='lat' dir='ltr'><strong>Quamob—</strong></span> 
     </span>
    </p>
   </div>
   <div class='ocr_carea' id='block_1_101' title="bbox 2287 3896 3860 3966">
    <p class='ocr_par' dir='ltr' id='par_1_101' title="bbox 2287 3896 3860 3966">
     <span class='ocr_line' id='line_1_101' title="bbox 2287 3896 3860 3966; baseline 0 -16"><span class='ocrx_word' id='word_1_774' title='bbox 2287 3912 2399 3950; x_wconf 88' lang='lat' dir='ltr'><strong>rem</strong></span> <span class='ocrx_word' id='word_1_775' title='bbox 2442 3906 2663 3964; x_wconf 86' lang='lat' dir='ltr'><strong>propter</strong></span> <span class='ocrx_word' id='word_1_776' title='bbox 2690 3896 2904 3950; x_wconf 89' lang='lat' dir='ltr'><strong>nimiam</strong></span> <span class='ocrx_word' id='word_1_777' title='bbox 2939 3906 3253 3966; x_wconf 88' lang='lat' dir='ltr'><strong>potestatem</strong></span> <span class='ocrx_word' id='word_1_778' title='bbox 3286 3912 3352 3953; x_wconf 91' lang='lat' dir='ltr'><strong>ne</strong></span> <span class='ocrx_word' id='word_1_779' title='bbox 3393 3913 3487 3952; x_wconf 86' lang='lat' dir='ltr'><strong>eos</strong></span> <span class='ocrx_word' id='word_1_780' title='bbox 3530 3897 3714 3951; x_wconf 82' lang='lat' dir='ltr'><strong>beatos</strong></span> <span class='ocrx_word' id='word_1_781' title='bbox 3740 3912 3860 3964; x_wconf 79' lang='lat' dir='ltr'><strong>pro-</strong></span> 
     </span>
    </p>
   </div>
   <div class='ocr_carea' id='block_1_102' title="bbox 2284 3972 3858 4060">
    <p class='ocr_par' dir='ltr' id='par_1_102' title="bbox 2284 3972 3858 4060">
     <span class='ocr_line' id='line_1_102' title="bbox 2284 3972 3858 4060; baseline 0.003 -19"><span class='ocrx_word' id='word_1_782' title='bbox 2284 3991 2606 4054; x_wconf 86' lang='lat' dir='ltr'><strong>nuntiemus,</strong></span> <span class='ocrx_word' id='word_1_783' title='bbox 2640 3989 2733 4045; x_wconf 90' lang='lat' dir='ltr'><strong>sed</strong></span> <span class='ocrx_word' id='word_1_784' title='bbox 2768 3972 2963 4044; x_wconf 88' lang='lat' dir='ltr'><strong>eorum</strong></span> <span class='ocrx_word' id='word_1_785' title='bbox 2996 3991 3367 4046; x_wconf 84' lang='lat' dir='ltr'><strong>misereamur.</strong></span> <span class='ocrx_word' id='word_1_786' title='bbox 3409 3990 3592 4060; x_wconf 80' lang='lat' dir='ltr'><strong>Neque</strong></span> <span class='ocrx_word' id='word_1_787' title='bbox 3630 3994 3788 4052; x_wconf 87' lang='lat' dir='ltr'><strong>enim.</strong></span> <span class='ocrx_word' id='word_1_788' title='bbox 3815 3990 3858 4045; x_wconf 89' lang='lat' dir='ltr'><strong>si</strong></span> 
     </span>
    </p>
   </div>
   <div class='ocr_carea' id='block_1_103' title="bbox 2282 4079 3858 4149">
    <p class='ocr_par' dir='ltr' id='par_1_103' title="bbox 2282 4079 3858 4149">
     <span class='ocr_line' id='line_1_103' title="bbox 2282 4079 3858 4149; baseline 0.003 -19"><span class='ocrx_word' id='word_1_789' title='bbox 2282 4094 2415 4147; x_wconf 87' lang='lat' dir='ltr'><strong>aqua</strong></span> <span class='ocrx_word' id='word_1_790' title='bbox 2445 4079 2708 4134; x_wconf 89' lang='lat' dir='ltr'><strong>intercute</strong></span> <span class='ocrx_word' id='word_1_791' title='bbox 2730 4080 2996 4149; x_wconf 87' lang='lat' dir='ltr'><strong>jacentem</strong></span> <span class='ocrx_word' id='word_1_792' title='bbox 3027 4081 3274 4147; x_wconf 86' lang='lat' dir='ltr'><strong>viderim,</strong></span> <span class='ocrx_word' id='word_1_793' title='bbox 3305 4090 3357 4136; x_wconf 89' lang='lat' dir='ltr'><strong>et</strong></span> <span class='ocrx_word' id='word_1_794' title='bbox 3386 4082 3655 4136; x_wconf 89' lang='lat' dir='ltr'><strong>neminem</strong></span> <span class='ocrx_word' id='word_1_795' title='bbox 3678 4090 3858 4137; x_wconf 79' lang='lat' dir='ltr'><strong>vetan-</strong></span> 
     </span>
    </p>
   </div>
   <div class='ocr_carea' id='block_1_104' title="bbox 2282 4168 3859 4241">
    <p class='ocr_par' dir='ltr' id='par_1_104' title="bbox 2282 4168 3859 4241">
     <span class='ocr_line' id='line_1_104' title="bbox 2282 4168 3859 4241; baseline 0.001 -21"><span class='ocrx_word' id='word_1_796' title='bbox 2282 4176 2388 4221; x_wconf 85' lang='lat' dir='ltr'><strong>tem</strong></span> <span class='ocrx_word' id='word_1_797' title='bbox 2414 4168 2699 4237; x_wconf 90' lang='lat' dir='ltr'><strong>quominus</strong></span> <span class='ocrx_word' id='word_1_798' title='bbox 2725 4181 2847 4238; x_wconf 91' lang='lat' dir='ltr'><strong>potu</strong></span> <span class='ocrx_word' id='word_1_799' title='bbox 2876 4170 3162 4239; x_wconf 88' lang='lat' dir='ltr'><strong>impleatur</strong></span> <span class='ocrx_word' id='word_1_800' title='bbox 3181 4180 3435 4241; x_wconf 90' lang='lat' dir='ltr'><strong>quantum</strong></span> <span class='ocrx_word' id='word_1_801' title='bbox 3465 4171 3592 4225; x_wconf 90' lang='lat' dir='ltr'><strong>velit</strong></span> <span class='ocrx_word' id='word_1_802' title='bbox 3619 4180 3673 4227; x_wconf 92' lang='lat' dir='ltr'><strong>et</strong></span> <span class='ocrx_word' id='word_1_803' title='bbox 3692 4171 3859 4229; x_wconf 74' lang='lat' dir='ltr'><strong>noxiis</strong></span> 
     </span>
    </p>
   </div>
   <div class='ocr_carea' id='block_1_105' title="bbox 2281 4259 3860 4333">
    <p class='ocr_par' dir='ltr' id='par_1_105' title="bbox 2281 4259 3860 4333">
     <span class='ocr_line' id='line_1_105' title="bbox 2281 4259 3860 4333; baseline 0.003 -22"><span class='ocrx_word' id='word_1_804' title='bbox 2281 4259 2551 4315; x_wconf 86' lang='lat' dir='ltr'><strong>carnibus.</strong></span> <span class='ocrx_word' id='word_1_805' title='bbox 2585 4275 2706 4313; x_wconf 82' lang='lat' dir='ltr'><strong>eum</strong></span> <span class='ocrx_word' id='word_1_806' title='bbox 2740 4260 2953 4314; x_wconf 89' lang='lat' dir='ltr'><strong>beatum</strong></span> <span class='ocrx_word' id='word_1_807' title='bbox 2982 4261 3207 4315; x_wconf 79' lang='lat' dir='ltr'><strong>dixerim</strong></span> <span class='ocrx_word' id='word_1_808' title='bbox 3242 4272 3456 4331; x_wconf 90' lang='lat' dir='ltr'><strong>propter</strong></span> <span class='ocrx_word' id='word_1_809' title='bbox 3487 4277 3607 4317; x_wconf 84' lang='lat' dir='ltr'><strong>eam</strong></span> <span class='ocrx_word' id='word_1_810' title='bbox 3636 4272 3860 4333; x_wconf 78' lang='lat' dir='ltr'><strong>potesta-</strong></span> 
     </span>
    </p>
   </div>
   <div class='ocr_carea' id='block_1_106' title="bbox 2283 4352 3860 4424">
    <p class='ocr_par' dir='ltr' id='par_1_106' title="bbox 2283 4352 3860 4424">
     <span class='ocr_line' id='line_1_106' title="bbox 2283 4352 3860 4424; baseline 0.003 -19"><span class='ocrx_word' id='word_1_811' title='bbox 2283 4363 2409 4407; x_wconf 88' lang='lat' dir='ltr'><strong>tem.</strong></span> <span class='ocrx_word' id='word_1_812' title='bbox 2441 4352 2686 4407; x_wconf 83' lang='lat' dir='ltr'><strong>Potestas</strong></span> <span class='ocrx_word' id='word_1_813' title='bbox 2729 4354 2869 4407; x_wconf 88' lang='lat' dir='ltr'><strong>enim</strong></span> <span class='ocrx_word' id='word_1_814' title='bbox 2923 4369 3026 4407; x_wconf 91' lang='lat' dir='ltr'><strong>non</strong></span> <span class='ocrx_word' id='word_1_815' title='bbox 3066 4363 3388 4424; x_wconf 87' lang='lat' dir='ltr'><strong>estsemper</strong></span> <span class='ocrx_word' id='word_1_816' title='bbox 3419 4354 3578 4420; x_wconf 88' lang='lat' dir='ltr'><strong>bona,</strong></span> <span class='ocrx_word' id='word_1_817' title='bbox 3609 4355 3742 4409; x_wconf 86' lang='lat' dir='ltr'><strong>sicut</strong></span> <span class='ocrx_word' id='word_1_818' title='bbox 3766 4370 3860 4410; x_wconf 87' lang='lat' dir='ltr'><strong>nec</strong></span> 
     </span>
    </p>
   </div>
   <div class='ocr_carea' id='block_1_107' title="bbox 2282 4444 3858 4516">
    <p class='ocr_par' dir='ltr' id='par_1_107' title="bbox 2282 4444 3858 4516">
     <span class='ocr_line' id='line_1_107' title="bbox 2282 4444 3858 4516; baseline 0.001 -17"><span class='ocrx_word' id='word_1_819' title='bbox 2282 4444 2516 4501; x_wconf 81' lang='lat' dir='ltr'><strong>honores</strong></span> <span class='ocrx_word' id='word_1_820' title='bbox 2546 4462 2558 4498; x_wconf 89' lang='lat'><strong>:</strong></span> <span class='ocrx_word' id='word_1_821' title='bbox 2589 4461 2710 4499; x_wconf 89' lang='lat' dir='ltr'><strong>nam</strong></span> <span class='ocrx_word' id='word_1_822' title='bbox 2740 4461 2817 4500; x_wconf 72' lang='lat' dir='ltr'><strong>eae</strong></span> <span class='ocrx_word' id='word_1_823' title='bbox 2848 4446 3093 4515; x_wconf 87' lang='lat' dir='ltr'><strong>superbia</strong></span> <span class='ocrx_word' id='word_1_824' title='bbox 3128 4447 3348 4515; x_wconf 86' lang='lat' dir='ltr'><strong>implent</strong></span> <span class='ocrx_word' id='word_1_825' title='bbox 3369 4455 3423 4500; x_wconf 91' lang='lat' dir='ltr'><strong>et</strong></span> <span class='ocrx_word' id='word_1_826' title='bbox 3450 4449 3773 4516; x_wconf 81' lang='lat' dir='ltr'><strong>arrogantia.</strong></span> <span class='ocrx_word' id='word_1_827' title='bbox 3807 4448 3858 4501; x_wconf 78' lang='lat' dir='ltr'><strong>Si</strong></span> 
     </span>
    </p>
   </div>
   <div class='ocr_carea' id='block_1_108' title="bbox 2281 4538 3856 4606">
    <p class='ocr_par' dir='ltr' id='par_1_108' title="bbox 2281 4538 3856 4606">
     <span class='ocr_line' id='line_1_108' title="bbox 2281 4538 3856 4606; baseline 0 -15"><span class='ocrx_word' id='word_1_828' title='bbox 2281 4549 2457 4592; x_wconf 85' lang='lat' dir='ltr'><strong>autem</strong></span> <span class='ocrx_word' id='word_1_829' title='bbox 2486 4538 2660 4593; x_wconf 80' lang='lat' dir='ltr'><strong>nolles</strong></span> <span class='ocrx_word' id='word_1_830' title='bbox 2688 4553 2884 4606; x_wconf 88' lang='lat' dir='ltr'><strong>corpus</strong></span> <span class='ocrx_word' id='word_1_831' title='bbox 2914 4539 3157 4592; x_wconf 89' lang='lat' dir='ltr'><strong>morbum</strong></span> <span class='ocrx_word' id='word_1_832' title='bbox 3185 4538 3458 4606; x_wconf 88' lang='lat' dir='ltr'><strong>suscipere</strong></span> <span class='ocrx_word' id='word_1_833' title='bbox 3480 4554 3602 4593; x_wconf 90' lang='lat' dir='ltr'><strong>cum</strong></span> <span class='ocrx_word' id='word_1_834' title='bbox 3629 4538 3822 4592; x_wconf 82' lang='lat' dir='ltr'><strong>divitiis</strong></span> <span class='ocrx_word' id='word_1_835' title='bbox 3844 4578 3856 4598; x_wconf 88' lang='lat'><strong>.</strong></span> 
     </span>
    </p>
   </div>
   <div class='ocr_carea' id='block_1_109' title="bbox 2280 4631 3857 4702">
    <p class='ocr_par' dir='ltr' id='par_1_109' title="bbox 2280 4631 3857 4702">
     <span class='ocr_line' id='line_1_109' title="bbox 2280 4631 3857 4702; baseline -0.001 -17"><span class='ocrx_word' id='word_1_836' title='bbox 2280 4632 2547 4702; x_wconf 89' lang='lat' dir='ltr'><strong>quomodo</strong></span> <span class='ocrx_word' id='word_1_837' title='bbox 2599 4631 2827 4701; x_wconf 85' lang='lat' dir='ltr'><strong>despicis</strong></span> <span class='ocrx_word' id='word_1_838' title='bbox 2883 4632 3136 4697; x_wconf 85' lang='lat' dir='ltr'><strong>animam,</strong></span> <span class='ocrx_word' id='word_1_839' title='bbox 3170 4641 3283 4687; x_wconf 81' lang='lat' dir='ltr'><strong>&#39;non</strong></span> <span class='ocrx_word' id='word_1_840' title='bbox 3338 4631 3477 4685; x_wconf 89' lang='lat' dir='ltr'><strong>hanc</strong></span> <span class='ocrx_word' id='word_1_841' title='bbox 3526 4633 3717 4697; x_wconf 89' lang='lat' dir='ltr'><strong>solum,</strong></span> <span class='ocrx_word' id='word_1_842' title='bbox 3768 4631 3857 4685; x_wconf 87' lang='lat' dir='ltr'><strong>sed</strong></span> 
     </span>
    </p>
   </div>
   <div class='ocr_carea' id='block_1_110' title="bbox 2282 4723 3859 4793">
    <p class='ocr_par' dir='ltr' id='par_1_110' title="bbox 2282 4723 3859 4793">
     <span class='ocr_line' id='line_1_110' title="bbox 2282 4723 3859 4793; baseline -0.002 -14"><span class='ocrx_word' id='word_1_843' title='bbox 2282 4724 2439 4779; x_wconf 89' lang='lat' dir='ltr'><strong>aliam</strong></span> <span class='ocrx_word' id='word_1_844' title='bbox 2485 4739 2699 4793; x_wconf 91' lang='lat' dir='ltr'><strong>quoque</strong></span> <span class='ocrx_word' id='word_1_845' title='bbox 2755 4723 3133 4793; x_wconf 88' lang='lat' dir='ltr'><strong>suscipientem</strong></span> <span class='ocrx_word' id='word_1_846' title='bbox 3197 4724 3575 4792; x_wconf 76' lang='lat' dir='ltr'><strong>punitionem?</strong></span> <span class='ocrx_word' id='word_1_847' title='bbox 3626 4723 3859 4793; x_wconf 76' lang='lat' dir='ltr'><strong>Undique</strong></span> 
     </span>
    </p>
   </div>
   <div class='ocr_carea' id='block_1_111' title="bbox 2282 4814 3856 4880">
    <p class='ocr_par' dir='ltr' id='par_1_111' title="bbox 2282 4814 3856 4880">
     <span class='ocr_line' id='line_1_111' title="bbox 2282 4814 3856 4880; baseline -0.003 -8"><span class='ocrx_word' id='word_1_848' title='bbox 2282 4817 2424 4872; x_wconf 89' lang='lat' dir='ltr'><strong>enim</strong></span> <span class='ocrx_word' id='word_1_849' title='bbox 2478 4814 2948 4880; x_wconf 66' lang='lat' dir='ltr'><strong>mstuatlehrihus</strong></span> <span class='ocrx_word' id='word_1_850' title='bbox 2990 4825 3047 4870; x_wconf 92' lang='lat' dir='ltr'><strong>et</strong></span> <span class='ocrx_word' id='word_1_851' title='bbox 3084 4814 3630 4879; x_wconf 86' lang='lat' dir='ltr'><strong>inllannnationibus;</strong></span> <span class='ocrx_word' id='word_1_852' title='bbox 3660 4814 3856 4870; x_wconf 88' lang='lat' dir='ltr'><strong>febrem</strong></span> 
     </span>
    </p>
   </div>
   <div class='ocr_carea' id='block_1_112' title="bbox 2284 4906 3854 4976">
    <p class='ocr_par' dir='ltr' id='par_1_112' title="bbox 2284 4906 3854 4976">
     <span class='ocr_line' id='line_1_112' title="bbox 2284 4906 3854 4976; baseline -0.001 -16"><span class='ocrx_word' id='word_1_853' title='bbox 2284 4906 2430 4960; x_wconf 87' lang='lat' dir='ltr'><strong>illam</strong></span> <span class='ocrx_word' id='word_1_854' title='bbox 2486 4921 2645 4961; x_wconf 90' lang='lat' dir='ltr'><strong>nemo</strong></span> <span class='ocrx_word' id='word_1_855' title='bbox 2700 4914 2875 4975; x_wconf 88' lang='lat' dir='ltr'><strong>potest</strong></span> <span class='ocrx_word' id='word_1_856' title='bbox 2931 4907 3313 4976; x_wconf 80' lang='lat' dir='ltr'><strong>exstinguere:</strong></span> <span class='ocrx_word' id='word_1_857' title='bbox 3347 4922 3454 4960; x_wconf 89' lang='lat' dir='ltr'><strong>non</strong></span> <span class='ocrx_word' id='word_1_858' title='bbox 3504 4906 3685 4961; x_wconf 85' lang='lat' dir='ltr'><strong>simmt</strong></span> <span class='ocrx_word' id='word_1_859' title='bbox 3716 4907 3854 4961; x_wconf 88' lang='lat' dir='ltr'><strong>enim</strong></span> 
     </span>
    </p>
   </div>
   <div class='ocr_carea' id='block_1_113' title="bbox 2283 4998 3860 5069">
    <p class='ocr_par' dir='ltr' id='par_1_113' title="bbox 2283 4998 3860 5069">
     <span class='ocr_line' id='line_1_113' title="bbox 2283 4998 3860 5069; baseline 0.001 -16"><span class='ocrx_word' id='word_1_860' title='bbox 2283 4998 2527 5061; x_wconf 69' lang='lat' dir='ltr'><strong>divitize,</strong></span> <span class='ocrx_word' id='word_1_861' title='bbox 2584 5007 2767 5069; x_wconf 88' lang='lat' dir='ltr'><strong>utpote</strong></span> <span class='ocrx_word' id='word_1_862' title='bbox 2815 5014 2934 5068; x_wconf 71' lang='lat' dir='ltr'><strong>quae</strong></span> <span class='ocrx_word' id='word_1_863' title='bbox 2983 4998 3298 5053; x_wconf 82' lang='lat' dir='ltr'><strong>detrimenta</strong></span> <span class='ocrx_word' id='word_1_864' title='bbox 3362 4998 3685 5069; x_wconf 89' lang='lat' dir='ltr'><strong>persuadent</strong></span> <span class='ocrx_word' id='word_1_865' title='bbox 3742 5014 3860 5054; x_wconf 83' lang='lat' dir='ltr'><strong>esse</strong></span> 
     </span>
    </p>
   </div>
   <div class='ocr_carea' id='block_1_114' title="bbox 2283 5090 3860 5160">
    <p class='ocr_par' dir='ltr' id='par_1_114' title="bbox 2283 5090 3860 5160">
     <span class='ocr_line' id='line_1_114' title="bbox 2283 5090 3860 5160; baseline -0.001 -15"><span class='ocrx_word' id='word_1_866' title='bbox 2283 5090 2562 5145; x_wconf 90' lang='lat' dir='ltr'><strong>commoda</strong></span> <span class='ocrx_word' id='word_1_867' title='bbox 2594 5107 2607 5143; x_wconf 91' lang='lat'>:</span> <span class='ocrx_word' id='word_1_868' title='bbox 2635 5091 2813 5155; x_wconf 85' lang='lat' dir='ltr'><strong>velut,</strong></span> <span class='ocrx_word' id='word_1_869' title='bbox 2844 5090 3110 5145; x_wconf 89' lang='lat' dir='ltr'><strong>neminem</strong></span> <span class='ocrx_word' id='word_1_870' title='bbox 3154 5091 3437 5158; x_wconf 89' lang='lat' dir='ltr'><strong>sustinere,</strong></span> <span class='ocrx_word' id='word_1_871' title='bbox 3485 5100 3542 5146; x_wconf 88' lang='lat' dir='ltr'><strong>et</strong></span> <span class='ocrx_word' id='word_1_872' title='bbox 3586 5106 3679 5160; x_wconf 90' lang='lat' dir='ltr'><strong>per</strong></span> <span class='ocrx_word' id='word_1_873' title='bbox 3718 5104 3860 5146; x_wconf 86' lang='lat' dir='ltr'><strong>sum-</strong></span> 
     </span>
    </p>
   </div>
   <div class='ocr_carea' id='block_1_115' title="bbox 2284 5180 3861 5250">
    <p class='ocr_par' dir='ltr' id='par_1_115' title="bbox 2284 5180 3861 5250">
     <span class='ocr_line' id='line_1_115' title="bbox 2284 5180 3861 5250; baseline 0.001 -15"><span class='ocrx_word' id='word_1_874' title='bbox 2284 5196 2425 5235; x_wconf 90' lang='lat' dir='ltr'><strong>mam</strong></span> <span class='ocrx_word' id='word_1_875' title='bbox 2471 5181 2738 5235; x_wconf 71' lang='lat' dir='ltr'><strong>licentiam</strong></span> <span class='ocrx_word' id='word_1_876' title='bbox 2785 5181 2963 5235; x_wconf 86' lang='lat' dir='ltr'><strong>omnia</strong></span> <span class='ocrx_word' id='word_1_877' title='bbox 3003 5196 3180 5250; x_wconf 82' lang='lat' dir='ltr'><strong>agcre.</strong></span> <span class='ocrx_word' id='word_1_878' title='bbox 3231 5180 3346 5236; x_wconf 83' lang='lat' dir='ltr'><strong>Non</strong></span> <span class='ocrx_word' id='word_1_879' title='bbox 3388 5182 3532 5236; x_wconf 87' lang='lat' dir='ltr'><strong>enim</strong></span> <span class='ocrx_word' id='word_1_880' title='bbox 3578 5183 3733 5237; x_wconf 86' lang='lat' dir='ltr'><strong>aliam</strong></span> <span class='ocrx_word' id='word_1_881' title='bbox 3778 5183 3861 5236; x_wconf 78' lang='lat' dir='ltr'><strong>ln-</strong></span> 
     </span>
    </p>
   </div>
   <div class='ocr_carea' id='block_1_116' title="bbox 2284 5291 3861 5355">
    <p class='ocr_par' dir='ltr' id='par_1_116' title="bbox 2284 5291 3861 5355">
     <span class='ocr_line' id='line_1_116' title="bbox 2284 5291 3861 5355; baseline 0.003 -15"><span class='ocrx_word' id='word_1_882' title='bbox 2284 5304 2487 5355; x_wconf 81' lang='lat' dir='ltr'><strong>norum,</strong></span> <span class='ocrx_word' id='word_1_883' title='bbox 2512 5292 2596 5354; x_wconf 89' lang='lat' dir='ltr'><strong>qni</strong></span> <span class='ocrx_word' id='word_1_884' title='bbox 2630 5291 2982 5355; x_wconf 15' lang='lat' dir='ltr'><strong>imperatricis,</strong></span> <span class='ocrx_word' id='word_1_885' title='bbox 3006 5299 3189 5341; x_wconf 86' lang='lat' dir='ltr'><strong>statuas</strong></span> <span class='ocrx_word' id='word_1_886' title='bbox 3229 5298 3540 5355; x_wconf 78' lang='lat' dir='ltr'><strong>everterunt.</strong></span> <span class='ocrx_word' id='word_1_887' title='bbox 3574 5294 3679 5355; x_wconf 83' lang='lat' dir='ltr'><strong>Qua</strong></span> <span class='ocrx_word' id='word_1_888' title='bbox 3709 5294 3776 5345; x_wconf 77' lang='lat' dir='ltr'><strong>du</strong></span> <span class='ocrx_word' id='word_1_889' title='bbox 3808 5307 3861 5344; x_wconf 88' lang='lat' dir='ltr'><strong>re</strong></span> 
     </span>
    </p>
   </div>
   <div class='ocr_carea' id='block_1_117' title="bbox 2284 5352 3863 5419">
    <p class='ocr_par' dir='ltr' id='par_1_117' title="bbox 2284 5352 3863 5419">
     <span class='ocr_line' id='line_1_117' title="bbox 2284 5352 3863 5419; baseline 0.003 -18"><span class='ocrx_word' id='word_1_890' title='bbox 2284 5352 2562 5419; x_wconf 70' lang='lat' dir='ltr'><strong>indignatus</strong></span> <span class='ocrx_word' id='word_1_891' title='bbox 2592 5352 2920 5419; x_wconf 75' lang='lat' dir='ltr'><strong>&#39;t‘heodosius,</strong></span> <span class='ocrx_word' id='word_1_892' title='bbox 2944 5354 3188 5419; x_wconf 83' lang='lat' dir='ltr'><strong>civitatem</strong></span> <span class='ocrx_word' id='word_1_893' title='bbox 3210 5352 3337 5403; x_wconf 83' lang='lat' dir='ltr'><strong>male</strong></span> <span class='ocrx_word' id='word_1_894' title='bbox 3360 5352 3614 5419; x_wconf 62' lang='lat' dir='ltr'><strong>mulctare,</strong></span> <span class='ocrx_word' id='word_1_895' title='bbox 3640 5358 3737 5406; x_wconf 83' lang='lat' dir='ltr'><strong>imo</strong></span> <span class='ocrx_word' id='word_1_896' title='bbox 3753 5370 3863 5419; x_wconf 85' lang='lat' dir='ltr'><strong>per-</strong></span> 
     </span>
    </p>
   </div>
   <div class='ocr_carea' id='block_1_118' title="bbox 2284 5412 3861 5482">
    <p class='ocr_par' dir='ltr' id='par_1_118' title="bbox 2284 5412 3861 5482">
     <span class='ocr_line' id='line_1_118' title="bbox 2284 5412 3861 5482; baseline 0.004 -20"><span class='ocrx_word' id='word_1_897' title='bbox 2284 5412 2411 5482; x_wconf 62' lang='lat' dir='ltr'><strong>dere</strong></span> <span class='ocrx_word' id='word_1_898' title='bbox 2427 5416 2651 5482; x_wconf 61' lang='lat' dir='ltr'><strong>iurabat;</strong></span> <span class='ocrx_word' id='word_1_899' title='bbox 2675 5414 2765 5463; x_wconf 88' lang='lat' dir='ltr'><strong>sed</strong></span> <span class='ocrx_word' id='word_1_900' title='bbox 2788 5415 2982 5482; x_wconf 77' lang='lat' dir='ltr'><strong>tandem</strong></span> <span class='ocrx_word' id='word_1_901' title='bbox 3004 5417 3079 5482; x_wconf 72' lang='lat' dir='ltr'><strong>ira</strong></span> <span class='ocrx_word' id='word_1_902' title='bbox 3092 5414 3269 5482; x_wconf 63' lang='lat' dir='ltr'><strong>sedata</strong></span> <span class='ocrx_word' id='word_1_903' title='bbox 3286 5414 3593 5482; x_wconf 77' lang='lat' dir='ltr'><strong>Antiochenis</strong></span> <span class='ocrx_word' id='word_1_904' title='bbox 3604 5412 3861 5482; x_wconf 66' lang='lat' dir='ltr'><strong>pepercit.</strong></span> 
     </span>
    </p>
   </div>
   <div class='ocr_carea' id='block_1_119' title="bbox 2284 5474 3861 5538">
    <p class='ocr_par' dir='ltr' id='par_1_119' title="bbox 2284 5474 3861 5538">
     <span class='ocr_line' id='line_1_119' title="bbox 2284 5474 3861 5538; baseline 0.001 -13"><span class='ocrx_word' id='word_1_905' title='bbox 2284 5474 2376 5525; x_wconf 78' lang='lat' dir='ltr'><strong>Hic</strong></span> <span class='ocrx_word' id='word_1_906' title='bbox 2402 5474 2634 5538; x_wconf 64' lang='lat' dir='ltr'><strong>quaeritur</strong></span> <span class='ocrx_word' id='word_1_907' title='bbox 2657 5487 2766 5538; x_wconf 67' lang='lat' dir='ltr'><strong>quge</strong></span> <span class='ocrx_word' id='word_1_908' title='bbox 2796 5477 2859 5524; x_wconf 90' lang='lat' dir='ltr'><strong>sit</strong></span> <span class='ocrx_word' id='word_1_909' title='bbox 2891 5474 2971 5524; x_wconf 90' lang='lat' dir='ltr'><strong>illa</strong></span> <span class='ocrx_word' id='word_1_910' title='bbox 3009 5476 3127 5525; x_wconf 85' lang='lat' dir='ltr'><strong>urbs</strong></span> <span class='ocrx_word' id='word_1_911' title='bbox 3160 5474 3431 5527; x_wconf 64' lang='lat' dir='ltr'><strong>Antiochiae</strong></span> <span class='ocrx_word' id='word_1_912' title='bbox 3469 5474 3706 5529; x_wconf 71' lang='lat' dir='ltr'><strong>vicina&#39;ad</strong></span> <span class='ocrx_word' id='word_1_913' title='bbox 3727 5491 3861 5528; x_wconf 83' lang='lat' dir='ltr'><strong>oram</strong></span> 
     </span>
    </p>
   </div>
   <div class='ocr_carea' id='block_1_120' title="bbox 2287 5535 3864 5603">
    <p class='ocr_par' dir='ltr' id='par_1_120' title="bbox 2287 5535 3864 5603">
     <span class='ocr_line' id='line_1_120' title="bbox 2287 5535 3864 5603; baseline 0.005 -19"><span class='ocrx_word' id='word_1_914' title='bbox 2287 5535 2433 5603; x_wconf 74' lang='lat' dir='ltr'><strong>maris</strong></span> <span class='ocrx_word' id='word_1_915' title='bbox 2454 5537 2564 5603; x_wconf 73' lang='lat' dir='ltr'><strong>sita,</strong></span> <span class='ocrx_word' id='word_1_916' title='bbox 2584 5535 2699 5603; x_wconf 59' lang='lat' dir='ltr'><strong>quae</strong></span> <span class='ocrx_word' id='word_1_917' title='bbox 2723 5535 3082 5603; x_wconf 63' lang='lat' dir='ltr'><strong>imperatorem</strong></span> <span class='ocrx_word' id='word_1_918' title='bbox 3109 5540 3316 5603; x_wconf 59' lang='lat' dir='ltr'><strong>rogavit,</strong></span> <span class='ocrx_word' id='word_1_919' title='bbox 3341 5546 3396 5588; x_wconf 87' lang='lat' dir='ltr'><strong>ut</strong></span> <span class='ocrx_word' id='word_1_920' title='bbox 3417 5538 3735 5603; x_wconf 74' lang='lat' dir='ltr'><strong>Antiocheuis</strong></span> <span class='ocrx_word' id='word_1_921' title='bbox 3758 5555 3864 5603; x_wconf 70' lang='lat' dir='ltr'><strong>[ar-</strong></span> 
     </span>
    </p>
   </div>
   <div class='ocr_carea' id='block_1_121' title="bbox 2474 5596 3865 5659">
    <p class='ocr_par' dir='ltr' id='par_1_121' title="bbox 2474 5596 3865 5659">
     <span class='ocr_line' id='line_1_121' title="bbox 2474 5596 3865 5659; baseline 0.002 -14"><span class='ocrx_word' id='word_1_922' title='bbox 2474 5596 2683 5659; x_wconf 78' lang='lat' dir='ltr'><strong>Quidam</strong></span> <span class='ocrx_word' id='word_1_923' title='bbox 2696 5596 2862 5659; x_wconf 71' lang='lat' dir='ltr'><strong>putant</strong></span> <span class='ocrx_word' id='word_1_924' title='bbox 2885 5596 3368 5659; x_wconf 52' lang='lat' dir='ltr'><strong>Seleuciant&#39;fuisse:</strong></span> <span class='ocrx_word' id='word_1_925' title='bbox 3393 5600 3483 5650; x_wconf 82' lang='lat' dir='ltr'><strong>sed</strong></span> <span class='ocrx_word' id='word_1_926' title='bbox 3505 5613 3590 5651; x_wconf 85' lang='lat' dir='ltr'><strong>res</strong></span> <span class='ocrx_word' id='word_1_927' title='bbox 3610 5601 3655 5651; x_wconf 87' lang='lat' dir='ltr'><strong>in</strong></span> <span class='ocrx_word' id='word_1_928' title='bbox 3676 5596 3865 5651; x_wconf 67' lang='lat' dir='ltr'><strong>incerti</strong></span> 
     </span>
    </p>
   </div>
   <div class='ocr_carea' id='block_1_122' title="bbox 2288 5658 3862 5722">
    <p class='ocr_par' dir='ltr' id='par_1_122' title="bbox 2288 5658 3862 5722">
     <span class='ocr_line' id='line_1_122' title="bbox 2288 5658 3862 5722; baseline 0.001 -14"><span class='ocrx_word' id='word_1_929' title='bbox 2288 5666 2525 5722; x_wconf 58' lang='lat' dir='ltr'><strong>versatur.</strong></span> <span class='ocrx_word' id='word_1_930' title='bbox 2553 5658 2872 5717; x_wconf 43' lang='lat' dir='ltr'><strong>Quod’autem</strong></span> <span class='ocrx_word' id='word_1_931' title='bbox 2894 5658 3143 5722; x_wconf 86' lang='lat' dir='ltr'><strong>singulare</strong></span> <span class='ocrx_word' id='word_1_932' title='bbox 3159 5662 3355 5710; x_wconf 87' lang='lat' dir='ltr'><strong>omnino</strong></span> <span class='ocrx_word' id='word_1_933' title='bbox 3376 5661 3862 5719; x_wconf 73' lang='lat' dir='ltr'><strong>videtnrmtalebant.</strong></span> 
     </span>
    </p>
   </div>
   <div class='ocr_carea' id='block_1_123' title="bbox 2288 5718 3864 5787">
    <p class='ocr_par' dir='ltr' id='par_1_123' title="bbox 2288 5718 3864 5787">
     <span class='ocr_line' id='line_1_123' title="bbox 2288 5718 3864 5787; baseline 0.006 -20"><span class='ocrx_word' id='word_1_934' title='bbox 2288 5720 2444 5781; x_wconf 89' lang='lat' dir='ltr'><strong>inquit</strong></span> <span class='ocrx_word' id='word_1_935' title='bbox 2464 5718 2843 5787; x_wconf 71' lang='lat' dir='ltr'><strong>Cbrymstomus,</strong></span> <span class='ocrx_word' id='word_1_936' title='bbox 2864 5718 3147 5787; x_wconf 44' lang='grc' dir='ltr'><strong>,Λιιϋᾷοῇοω</strong></span> <span class='ocrx_word' id='word_1_937' title='bbox 3182 5721 3369 5785; x_wconf 84' lang='lat' dir='ltr'><strong>perire,</strong></span> <span class='ocrx_word' id='word_1_938' title='bbox 3394 5736 3539 5787; x_wconf 86' lang='lat' dir='ltr'><strong>quam</strong></span> <span class='ocrx_word' id='word_1_939' title='bbox 3572 5718 3708 5775; x_wconf 73' lang='lat' dir='ltr'><strong>istius</strong></span> <span class='ocrx_word' id='word_1_940' title='bbox 3730 5726 3864 5776; x_wconf 71' lang='lat' dir='ltr'><strong>urbis</strong></span> 
     </span>
    </p>
   </div>
   <div class='ocr_carea' id='block_1_124' title="bbox 2290 5779 3076 5847">
    <p class='ocr_par' dir='ltr' id='par_1_124' title="bbox 2290 5779 3076 5847">
     <span class='ocr_line' id='line_1_124' title="bbox 2290 5779 3076 5847; baseline 0.005 -19"><span class='ocrx_word' id='word_1_941' title='bbox 2290 5779 2460 5843; x_wconf 75' lang='lat' dir='ltr'><strong>rogatu</strong></span> <span class='ocrx_word' id='word_1_942' title='bbox 2484 5792 2511 5829; x_wconf 89' lang='lat' dir='ltr'><strong>a</strong></span> <span class='ocrx_word' id='word_1_943' title='bbox 2529 5779 2663 5832; x_wconf 73' lang='lat' dir='ltr'><strong>tanto</strong></span> <span class='ocrx_word' id='word_1_944' title='bbox 2692 5779 2910 5845; x_wconf 71' lang='lat' dir='ltr'><strong>periculo</strong></span> <span class='ocrx_word' id='word_1_945' title='bbox 2936 5783 3076 5847; x_wconf 72' lang='lat' dir='ltr'><strong>eripi.</strong></span> 
     </span>
    </p>
   </div>
  </div>
