4060 6340
101 401 195 457 547

99 517 163 568 τὰ
191 516 352 569 ΙΞντα.
387 516 454 569 Τί
487 514 594 585 γάρ
630 515 807 586 βούλει
839 515 1048 580 εἰπεῖνς
1087 513 1188 576 τάς
1234 511 1408 585 ἀρχάς
1450 511 1543 565 καὶ
1572 509 1669 572 τας

99 602 454 666 δυναστείαςς
512 602 704 657 τούτου
759 601 867 674 γὰρ
922 601 1077 655 ούδέν
1114 600 1259 654 δοκεῖ
1307 599 1674 668 ζηλωτότερον

101 688 230 742 εἶναι
259 693 325 741 ἐν
356 690 436 760 τῷ
465 691 694 761 παρόντι
728 691 847 760 βίῳ.
891 691 1054 744 Ἀλλά
1094 690 1184 742 τὸν
1217 687 1496 756 κονιορτὸν
1523 684 1674 754 εὖροι

101 793 177 837 τις
219 775 289 829 ἂν
337 777 537 847 μᾶλλον
575 779 668 834 ἐπὶ
715 778 805 830 τοῦ
847 777 1008 848 ἀέρος
1060 776 1369 843 ἱστάμενον,
1405 774 1438 844 ἢ
1479 772 1671 834 ταῦτα,

105 861 341 930 μάλιστα
367 864 484 917 νῦν.
519 865 637 918 Τίνι
668 863 775 934 γάρ
803 865 900 934 οὑχ
939 864 1286 927 ὑπόκεινται;
1318 862 1443 923 Τοῖς
1474 858 1673 929 ἐρῶσιν

102 948 301 1010 αὐτῶν,
339 954 449 1014 τοῖς
499 950 793 1021 εὐνούχοις,
830 953 940 1012 τοῖς
991 950 1101 1004 τῶν
1149 948 1445 1021 χρημάτων
1489 949 1674 1000 ἐνεκεν

104 1037 318 1089 ᾶπαντα
361 1038 682 1107 πράττουσι,
727 1037 881 1108 θυμῷ
910 1038 1106 1110 δήμου.
1145 1037 1334 1105 ὀργαῖς
1363 1036 1468 1088 τῶν
1515 1034 1674 1086 δυνα-

102 1124 378 1193 τωτέρων.
424 1125 485 1176 ὀ
518 1124 648 1194 χθὲς
675 1126 768 1179 ἐπὶ
793 1125 885 1178 τοῦ
919 1123 1165 1196 βήματος
1195 1123 1419 1195 ὑψηλὸς,
1447 1123 1476 1175 ό
1505 1124 1676 1192 κήρυο

101 1230 194 1274 κας
230 1211 383 1282 εχων
421 1213 653 1284 λαμπρᾷ
689 1215 754 1284 τῇ
806 1217 956 1283 φωνῇ
1006 1213 1266 1283 βοῶντας,
1314 1213 1407 1266 καὶ
1449 1211 1676 1275 πολλοὺς

102 1301 218 1357 τοὺς
251 1291 664 1372 προτρέχοντας
699 1300 802 1362 καὶ)
823 1299 1114 1363 σοϐοῦντας
1147 1297 1290 1353 κατά
1323 1299 1421 1371 τὴν
1445 1298 1672 1369 ἀγοράν,

103 1384 245 1458 [375]
304 1403 550 1455 σημερον
602 1386 827 1458 εὐτελὴς
883 1388 977 1440 καὶ
1033 1385 1283 1449 ταπεινὸς
1317 1386 1412 1440 καὶ
1458 1385 1674 1438 πάντων

100 1475 323 1526 ἐκείνων
379 1473 585 1543 ἔρημος
641 1473 736 1525 καὶ
788 1474 1025 1543 γυμνὸς,
1077 1473 1328 1545 καθάπερ
1401 1472 1672 1544 κονιορτὸς

102 1559 544 1630 ἀναρριπισθεὶς,
578 1559 832 1628 καθάπερ
863 1559 1040 1630 ῥεῦμα
1075 1559 1366 1631 παρελθόν.
1408 1559 1674 1628 Καθάπερ

97 1647 148 1698 δὲ
182 1648 214 1716 ή
239 1646 400 1710 κόνις
439 1647 548 1700 ἀπὸ
582 1644 692 1698 τῶν
722 1646 898 1699 ποδῶν
924 1647 1200 1717 ἐγείρεται
1227 1645 1338 1699 τῶν
1358 1646 1672 1718 ἡμετέρων*

97 1732 233 1785 οὓτω
262 1733 336 1804 δὴ
360 1732 453 1786 καὶ
484 1735 537 1785 αἰ
559 1733 726 1803 ἀρχαὶ
757 1733 863 1786 ἀπὸ
889 1733 1094 1786 τούτων
1116 1733 1386 1786 τίκτονται
1412 1732 1519 1786 τῶν
1546 1734 1675 1804 περὶ

98 1819 158 1869 τὰ
186 1821 464 1890 χρήματα
497 1818 900 1890 στρεφομένων,
930 1820 1024 1874 καὶ
1055 1820 1230 1874 ποδῶν
1259 1820 1411 1885 τάξιν
1440 1819 1674 1890 ἐχόντων

96 1907 148 1957 ἐν
173 1907 342 1959 παντὶ
382 1903 464 1976 τῷ
513 1905 612 1977 βίῳ
637 1923 651 1937 ο
699 1906 791 1958 καὶ
822 1905 1076 1976 καθάπερ
1109 1909 1142 1976 ὴ
1186 1906 1353 1971 κόνις,
1391 1907 1521 1960 ὅταν
1572 1906 1674 1976 μὲν

98 1994 340 2063 ιίρηται,
376 1993 511 2046 πολὺ
531 1993 696 2065 μέρος
721 1993 940 2063 κατέχει
961 1992 1054 2046 τοῦ
1085 1993 1422 2064 ἀέρος,αύτὴ
1439 1992 1496 2047 δέ
1526 1996 1673 2047 ἐστιν

96 2079 267 2150 ὀλίγη,
299 2079 451 2132 οὕτω
481 2081 572 2133 καὶ
604 2081 638 2150 ή
679 2080 854 2150 ἀρχή·
889 2080 982 2132 καὶ
1021 2078 1272 2150 καθάπερ
1315 2082 1349 2150 ή
1392 2081 1538 2144 κόνις
1587 2099 1674 2134 τυ-

97 2168 210 2233 φλοῖ
244 2169 384 2231 τοὺς
414 2168 749 2238 ὀφθαλμοὺς,
781 2168 924 2222 οὓτω
965 2168 1057 2221 καὶ
1094 2168 1193 2238 τῆς
1228 2167 1405 2240 ἀρχῆς
1449 2169 1478 2221 ὁ
1506 2169 1673 2238 τῦφος

99 2257 256 2326 προῖ
285 2255 419 2318 τοὺς
452 2254 766 2325 ὀφθαλμοὺς
793 2255 892 2327 τῆς
921 2253 1175 2318 διανοίας.

168 2452 333 2505 Ἀλλά
359 2452 448 2517 τίς
485 2452 662 2522 βούλει
688 2455 748 2506 τδ
778 2452 1108 2506 πολύευκτον
1136 2454 1366 2526 πρᾶγμα
1395 2452 1661 2520 ἐξετάσω-

98 2555 216 2605 μεν,
254 2540 354 2591 τὸν
390 2539 652 2603 πλοῦτον;
683 2540 820 2610 Φέρε
856 2541 1170 2611 καταμέρος
1207 2541 1369 2595 αὑτὸν
1403 2539 1669 2606 ἐξετάσει)-

97 2641 203 2692 μεν.
243 2626 408 2697 Ἔχει
453 2626 702 2696 τρυφὴν,
747 2625 860 2696 ἔχει
904 2628 1099 2697 τιμάς,
1135 2627 1246 2698 εχει
1286 2629 1347 2681 τδ
1383 2628 1663 2682 δύνασθαι.

96 2711 309 2778 Πρῶτον
343 2708 460 2774 οὖν,
486 2713 534 2764 εἰ
561 2713 762 2782 βούλει,
790 2712 889 2782 τὴν
911 2713 1121 2784 τρυφὴν
1146 2713 1488 2784 ἐξετάσωμεν
1510 2755 1525 2778 ,
1546 2715 1668 2784 οὑχέ

94 2798 366 2868 κονιορτός
396 2800 548 2863 ἐστι;
577 2798 780 2868 μᾶλλον
811 2799 867 2852 δὲ
889 2799 983 2852 καὶ
1008 2799 1196 2852 τούτου
1231 2801 1525 2870 ταχύτερον
1559 2817 1666 2854 πα-

98 2884 385 2954 ρατρέχεν
431 2886 592 2956 μέχρι
622 2886 730 2955 γὰρ
753 2886 852 2953 τῆς
881 2885 1128 2956 γλώττης
1159 2888 1192 2956 ἡ
1227 2888 1384 2960 ἡδονὴ
1413 2889 1510 2958 τῆς
1531 2906 1664 2958 τρυε

94 2972 188 3036 φῆς
209 2988 225 3002 ⁸
261 2973 398 3025 ὃταν
433 2971 492 3026 δέ
538 2972 826 3043 ἐμπλησθῇ
862 2975 894 3044 ή
945 2974 1180 3042 γαστὴρ,
1215 2974 1335 3027 οὑδέ
1372 2974 1530 3045 μέχρι
1565 2975 1666 3044 τῆς

92 3056 352 3126 γλώττης.
409 3059 547 3112 Ἀλλ’
584 3060 749 3112 αὑταὶ
780 3061 837 3112 at
879 3064 1039 3133 τιμαὶ
1077 3063 1311 3131 πρᾶγμα
1341 3061 1470 3132 ἡδὺ,
1507 3062 1660 3133 φησί.

95 3145 194 3196 Καὶ
216 3144 270 3197 τί
290 3145 396 3214 τῆς
415 3147 582 3216 τιμῆς
607 3146 824 3215 ἐκείνης
847 3131 1195 3216 ἀηδέστερον,
1213 3148 1341 3202 ὅταν
1366 3147 1453 3202 διὰ
1475 3131 1665 3220 χρείαν

93 3233 292 3298 γίνεται
327 3234 671 3303 χρημάτων;
710 3233 880 3287 Ὅταν
906 3235 980 3304 μὴ
1014 3235 1077 3286 ἐκ
1102 3234 1498 3304 προαιρέσεως,
1532 3238 1666 3304 μηδέ

94 3320 190 3372 ἀπὸ
227 3320 545 3390 προθυμίας
572 3321 735 3382 τινὸς,
770 3321 832 3373 οὑ
868 3321 932 3374 σὺ
976 3322 1288 3390 καρποῦσαι
1327 3322 1426 3391 τὴν
1459 3323 1622 3393 τιμὴν
1646 3365 1660 3386 ,

93 3407 194 3460 ἀλλ’
229 3410 258 3460 ὀ
293 3408 550 3466 πλοῦτος.
589 3408 752 3460 Ὥστε
782 3407 1018 3478 μάλιστα
1053 3408 1272 3461 πάντων
1299 3411 1493 3480 ἄτιμον
1520 3414 1667 3464 ποιεῖ

95 3496 170 3546 τεν
198 3495 538 3548 πλουτοῦντα
567 3494 727 3547 τοῦτο
749 3495 902 3548 αὑτό.
935 3495 1068 3548 Είπέ
1091 3495 1199 3566 γάρ
1226 3513 1336 3566 μοι,
1360 3497 1413 3549 εί
1430 3515 1487 3550 σε
1513 3499 1664 3567 φίλον

94 3583 268 3650 ἔχοντα
301 3583 511 3643 πάντες
539 3581 772 3650 ἐτίμων,
801 3580 1112 3650 ὡμολόγουν
1145 3582 1201 3634 δέ
1233 3582 1291 3634 σέ
1318 3583 1414 3652 μὲν
1452 3585 1663 3648 οὐδενὸς

95 3667 226 3732 ἀξιον
274 3664 424 3721 εἶναι
443 3710 456 3730 ,
505 3666 915 3735 ἀναγκάζεσθαι
944 3668 1000 3721 δέ
1030 3667 1097 3719 δι’
1125 3669 1333 3722 ἐκεῖνον
1363 3672 1529 3740 τιμᾷν
1549 3712 1563 3736 ,
1596 3668 1663 3742 ἦν

95 3757 222 3817 ὅπως
262 3756 332 3809 ἀν
370 3772 430 3808 σε
461 3754 664 3826 ἑτέρως
699 3753 1009 3824 ήτίμασαν;
1052 3756 1214 3808 Ὥστε
1239 3756 1462 3827 ἀτιμίας
1492 3757 1673 3822 αίτιος

94 3847 117 3894 ὁ
144 3841 372 3904 πλοῦτος
398 3842 531 3911 ήμῖν
553 3880 567 3903 ,
605 3840 786 3894 αὑτῶν
811 3841 917 3894 τῶν
953 3843 1306 3913 κεκτημένων
1337 3843 1662 3914 τιμιώτερος

95 3929 186 3993 ὢν,
227 3930 326 3983 καὶ
377 3927 693 3992 ἀσθενείας,
740 3928 774 3999 ἢ
812 3929 1130 3992 δυναστείας
1173 3933 1495 4002 τεκμήριον.
1538 3933 1662 3996 Πῶς

95 4011 172 4068 οὖν
199 4016 299 4069 οὑκ
334 4015 541 4069 ἄτοπον
563 4014 667 4083 γῆς
693 4015 786 4067 καὶ
820 4003 1014 4068 σποδοῦ
1039 4015 1392 4087 (τοῦτογάρό
1421 4017 1659 4089 χρυσὸς)

99 4103 160 4172 μὴ
184 4102 506 4172 νομίζεσθαι
541 4103 689 4171 ἡμᾶς
714 4101 898 4165 ἀξίους
919 4099 1080 4167 εἶναι,
1107 4103 1222 4156 ἀλλ’
1249 4105 1394 4173 ἡμᾶς
1413 4105 1490 4168 ,δι’
1515 4108 1660 4159 ἐκεῖ-

97 4204 172 4240 νον
195 4189 505 4260 τιμᾶσθαις
538 4187 777 4251 Εἰκότως
801 4205 814 4218 ·
845 4189 961 4242 ἀλλ’
991 4191 1089 4259 οὑχ
1117 4190 1146 4243 ό
1175 4189 1268 4244 τοῦ
1298 4189 1528 4245 πλούτου
1566 4211 1662 4247 κα-

97 4276 394 4346 ταφρονῶν,
431 4275 572 4328 οὕτω
593 4291 607 4305 ⁸
644 4277 891 4346 κρεῖττον
917 4277 1025 4346 γὰρ
1063 4277 1136 4348 μὴ
1162 4277 1428 4348 τιμᾶσθαι
1458 4279 1489 4350 ἢ
1519 4279 1662 4335 οὕτω

97 4365 365 4435 τιμᾶσθαι.
403 4365 533 4418 Εἰπὲ
565 4365 676 4435 γάρ
718 4383 829 4436 μοι,
861 4368 912 4420 εί
941 4384 1022 4430 τις
1049 4365 1172 4420 εἶπέ
1207 4385 1308 4434 σοι,
1344 4369 1424 4422 ὅτι
1474 4371 1538 4423 Σὲ
1566 4371 1659 4423 ού-

98 4454 268 4521 δεμιᾶς
297 4452 550 4523 ἡγοῦμαι
573 4453 724 4520 ἀξιον
749 4455 938 4523 τιμῆς,
973 4455 1058 4509 διὰ
1090 4456 1147 4508 δὲ
1172 4458 1300 4519 τοὺς
1324 4457 1540 4522 οἰκέτας
1567 4477 1658 4513 σου

101 4539 224 4609 τιμῶ
253 4557 349 4602 σε.
392 4535 501 4610 ἀρα
531 4539 585 4619 τί
609 4542 815 4610 ταύτης
843 4542 942 4610 τῆς
974 4542 1198 4613 ἀτιμίας
1226 4545 1435 4613 γένοιτο
1465 4547 1530 4600 ἀν
1552 4549 1661 4616 χεῖ-

105 4644 204 4693 rm;
239 4628 303 4680 Ei
327 4626 394 4680 δέ
422 4626 480 4678 τὸ
506 4627 573 4679 δι’
609 4629 826 4691 οἰκέτας
856 4630 1117 4696 τιμᾶσθαι
1150 4631 1376 4702 αἰσχρὸν
1408 4633 1535 4696 τοὺς
1563 4633 1662 4700 τῆς

103 4716 249 4785 αὐτῆς
276 4714 464 4785 ψυχῆς
497 4716 629 4785 ἡμῖν
663 4717 1052 4781 κοινωνοῦντας
1092 4719 1187 4772 καὶ
1214 4718 1451 4788 φύσεως,
1483 4722 1662 4794 πολλῷ

107 4805 300 4870 μὶλλον,
351 4803 447 4856 διὰ
481 4802 716 4871 τούτων,
763 4804 906 4874 άπερ
941 4807 1087 4859 ἐστὶν
1120 4805 1507 4879 εὐτελέστερα,
1546 4811 1661 4864 τοί-

105 4909 210 4958 χους
249 4892 407 4960 λέγω
440 4893 625 4946 οίκιῶν
666 4894 761 4948 καὶ
790 4891 958 4959 αὐλὰς
1000 4897 1096 4949 καὶ
1134 4897 1301 4968 σκεύη
1345 4901 1525 4969 χρυσᾶ
1567 4901 1660 4954 καὶ

105 4979 291 5046 ίμάτια.
342 4978 528 5042 Γέλως
568 4980 738 5044 δντως
778 4981 872 5034 καὶ
922 4982 1150 5054 αἰσχύνη
1201 4983 1377 5039 ταῦτα
1401 5004 1414 5017 ·
1453 4986 1660 5055 βέλτιον

107 5068 372 5120 ἀποθανεῖν
397 5108 411 5130 ,
441 5067 475 5136 ἢ
517 5066 660 5121 οῦτω
693 5068 1012 5139 τιμηθῆναι.
1055 5072 1190 5125 Είπὲ
1219 5073 1328 5142 γάρ
1359 5091 1470 5143 μοι,
1501 5076 1555 5128 εῖ
1578 5075 1662 5139 τίς

110 5171 155 5206 σε
178 5154 557 5226 κινδυνεύοντα
582 5156 639 5206 ἐν
661 5154 740 5224 τῷ
764 5155 918 5226 τύφῳ
940 5157 1113 5226 τούτῳ
1132 5159 1354 5230 εὐτελὴς
1379 5162 1474 5214 καὶ
1493 5163 1661 5216 κατά-

109 5257 313 5307 ττνστος
335 5242 617 5308 ἐξελέσθαι
641 5243 875 5314 ἠθέλησε
897 5244 990 5298 τοῦ
1018 5247 1287 5307 κινδύνου.
1307 5249 1360 5302 τί
1382 5249 1447 5302 ἂν
1467 5249 1658 5306 τούτου

110 5335 258 5402 χείρον
285 5326 399 5402 ἧν;
432 5331 612 5399 Ὅπερ
632 5331 688 5383 δέ
711 5332 839 5402 περὶ
871 5336 969 5404 τῆς
1001 5334 1208 5399 πόλεως
1232 5336 1368 5406 πρὸς
1398 5337 1659 5408 ἀλλήλους

110 5416 296 5485 λέγετε,
350 5416 616 5488 βούλομαι
666 5418 802 5487 πρὸς
841 5419 987 5488 ὑμᾶς
1035 5421 1227 5475 εἰπεῖν.
1281 5423 1658 5493 Προσέκρουσέ

113 5519 214 5557 τοτε
247 5504 326 5576 τῷ
355 5501 652 5574 κρατοῦντι
692 5505 729 5573 ή
765 5502 918 5568 πόλις
955 5506 988 5575 ή
1023 5507 1302 5578 ἡμετέρα,
1348 5510 1440 5563 καὶ
1479 5512 1658 5564 πᾶσαν

114 5590 250 5661 αὑτήν
287 5590 580 5645 ἐκέλευσεν
622 5588 793 5660 ἄρδην
822 5591 1119 5645 ἀπολέσθαι
1157 5595 1297 5663 μετά
1326 5596 1534 5667 ἀνδρῶν
1564 5599 1659 5652 καὶ

115 5677 287 5731 πιίδων
308 5681 411 5732 καὶ
441 5677 780 5749 οἰκημάτων.
810 5677 1052 5732 Τοιοῦτοι
1085 5679 1195 5754 γὰρ
1221 5683 1268 5734 οί
1295 5682 1456 5753 θυμοὶ
1483 5684 1533 5736 οί
1561 5683 1658 5754 βα-

116 5763 278 5820 σιλικοί
296 5784 310 5798 ·
347 5767 417 5836 τῇ
447 5763 668 5838 ἐξουσίᾳ
697 5765 821 5819 δσον
846 5764 912 5821 ἂν
941 5766 1156 5835 θέλωσι,
1184 5769 1498 5845 χαρίζονται
1524 5787 1536 5800 ·
1571 5789 1658 5826 το·

972 398 1038 453 IN
1078 398 1294 454 EPIST.
1337 397 1427 451 ΑΙ)
1458 390 1745 451 COLOSS.
1787 390 2043 453 CAPJII.
2082 396 2318 452 HOMIL.
2367 394 2472 449 \"ll.

1789 509 1976 562 σοῦτον
2011 509 2166 585 [5761
2197 513 2228 581 ή
2281 507 2497 576 ἐξουσία
2526 507 2711 558 κακόν.
2748 499 2854 555 Ἤν
2888 497 2978 554 οὖν
3012 502 3068 553 ὲν
3096 497 3373 559 κινδύνοις¹
3455 513 3465 521 ’

3248 383 3354 438 ὖέὂ

1783 599 1892 659 τοῖς
1923 583 2190 667 ἐσχάτοις.
2229 597 2290 650 Ἢ
2317 597 2373 650 δέ
2397 595 2587 663 γείτων
2621 593 2792 654 πόλις,
2829 588 2967 657 αῦτη
2991 591 3023 656 ή
3059 583 3358 637 ἐπιθαλάσ-

1785 699 1918 749 σιος,
1950 683 2176 738 ἐλθοῦσα
2203 684 2540 755 παρεκάλεσε
2564 681 2654 732 τὸν
2683 677 2904 749 βασιλέα
2929 676 3068 743 ὑπὲρ
3091 671 3266 743 ἡμῶψ
3307 670 3355 722 οῖ

1781 770 1836 824 δὲ
1869 774 1967 843 τὴν
2012 772 2167 826 πόλιν
2208 772 2480 834 οἰκοῦντες
2517 771 2615 839 τὴν
2654 767 2929 838 ἡμετέραν
2977 764 3162 830 ἔλεγον
3199 758 3360 812 τοῦτο

1783 861 1962 929 χεῖρον
1993 855 2130 913 εἶναι
2158 859 2252 914 τοῦ
2284 857 2711 926 κατασκαφῆναι
2732 855 2830 922 τὴν
2862 852 3034 906 πόλιν,
3068 847 3225 902 Οῦτω
3262 843 3358 897 τοῦ

1783 947 2146 1018 ἀτιμασθῆναι
2173 949 2231 1001 τὸ
2254 947 2398 1001 οὕτω
2429 945 2691 1017 τιμᾶσθαι
2714 942 2897 1012 χεξρόν
2919 943 3055 993 ἐστι.
3083 937 3222 1007 Ὅρα
3249 932 3359 1018 γὰρ

1785 1033 1946 1086 πόθεν
1974 1017 2087 1103 εχει
2107 1033 2203 1105 τὴν
2229 1036 2381 1105 ῥίζαν
2406 1036 2438 1103 ἡ
2462 1033 2614 1103 τιμή.
2652 1028 2950 1097 Μαγείρων
2967 1027 3144 1096 χεῖρες
3175 1017 3358 1072 ποιοῦ·

1785 1137 1869 1173 σιν
1915 1119 2062 1191 ἡμᾶς
2096 1120 2355 1190 τιμᾶσθαι
2382 1162 2397 1184 ,
2435 1118 2576 1172 ὥστε
2612 1117 2840 1178 ἐκείνοις
2884 1112 3170 1182 ὀφείλομεν
3198 1107 3361 1177 χάριν

1783 1207 1927 1278 ἔχειν
1947 1223 1960 1236 '
1992 1209 2087 1262 καὶ
2111 1207 2349 1262 συϐῶται
2373 1207 2705 1278 παρέχοντες
2739 1201 3000 1256 πλουσίαν
3031 1197 3126 1269 τὴν
3156 1196 3361 1268 τράπεσ

1784 1299 1904 1364 ζαν,
1936 1302 2028 1353 καὶ
2058 1301 2289 1370 ὑφάνται
2319 1300 2414 1352 καὶ
2435 1298 2605 1368 ἔριθοι
2641 1297 2734 1349 καὶ
2764 1297 2811 1349 οί
2864 1290 3103 1364 μέταλλα
3132 1285 3363 1358 ἐργαζό-

1787 1404 1935 1457 μενοι
1961 1387 2057 1441 καὶ
2086 1385 2532 1440 πλακουντοποιοὶ
2562 1384 2654 1438 καὶ
2681 1379 3089 1454 τραπεζοποιοί.

1850 1578 1912 1632 δ’.
1948 1576 2054 1630 Τοῦ
2086 1577 2263 1631 τοίνυν
2289 1578 2496 1640 τούτοις
2527 1574 2725 1629 ειδέναι
2764 1574 2924 1644 χάριν
2955 1570 3054 1640 τῆς
3094 1568 3259 1639 τιμῆς
3283 1567 3346 1620 οὑ

1784 1667 1990 1736 βέλτιον
2013 1665 2072 1720 τὸ
2095 1665 2168 1736 μὴ
2186 1666 2447 1735 τιμᾶσθαι
2463 1680 2476 1730 ;
2494 1665 2603 1718 Καὶ
2630 1663 2799 1733 χωρὶς
2825 1661 2880 1714 δὲ
2899 1659 3112 1723 τούτου,
3130 1658 3210 1710 ότι
3241 1657 3362 1709 ἀτι-

1785 1753 1914 1825 μίας
1947 1752 2108 1823 γέμει
2135 1752 2195 1806 τδ
2221 1752 2491 1815 πλουτεῖν,
2516 1749 2626 1818 ἐγὼ
2650 1748 2834 1817 σαφῶς
2860 1746 3137 1810 ἀποδεῖξαι
3165 1743 3360 1812 πειρά-

1782 1860 1968 1914 σομαι.
2005 1840 2117 1912 Τήν
2147 1840 2326 1911 ψυχὴν
2357 1837 2588 1910 αἰσχρὰν
2627 1835 2920 1908 ἐργάζεται
2946 1851 2958 1864 ·
2988 1835 3040 1887 τί
3075 1834 3131 1886 δέ
3169 1830 3361 1885 τούτου

1764 1930 2140 2001 ἀτιμότερονς
2179 1929 2312 1986 Εἰπὲ
2353 1928 2462 1998 γάρ
2505 1943 2595 1997 μοι
2622 1969 2636 1990 ,
2673 1927 2720 1977 εί
2748 1923 2809 1977 τὸ
2844 1923 3000 1991 σῶμα
3027 1921 3227 1990 ὡραῖον
3256 1915 3324 1991 ἦν
3345 1962 3360 1984 ,

1780 2018 1874 2072 καὶ⁵
1907 2017 2114 2079 πάντας
2153 2013 2318 2068 νικῶν
2364 2015 2440 2086 τῷ
2488 2013 2696 2072 κάλλει,
2728 2014 2756 2064 ὁ
2790 2011 2847 2063 δὲ
2873 2008 3103 2072 πλοῦτος
3137 2007 3364 2078 προσελ-

1780 2106 1887 2160 θὼν
1935 2104 2305 2176 ἐπηγγέλλετο
2349 2103 2594 2171 ποιήσειν
2646 2099 2900 2169 αἰσχρὸν,
2952 2098 3046 2150 καὶ
3083 2097 3207 2151 ἀντὶ
3261 2095 3361 2164 μὲν

1779 2192 1964 2260 ὑγιοῦς
1998 2190 2246 2252 νοσῶδες,
2281 2189 2404 2242 ἀντὶ
2440 2188 2498 2240 δέ
2528 2185 2972 2257 κατεσταλμένου
3005 2185 3364 2255 φλεγμαῖνον,

1779 2281 1872 2333 καὶ
1913 2278 2090 2331 πάντα
2114 2276 2183 2328 τά
2219 2275 2353 2346 μέλη
2388 2274 2579 2347 ὑδέρου
2614 2273 2910 2344 πληρώσας
2939 2272 3229 2340 ἐξώγκωσε
3260 2271 3360 2341 μὲ)

1775 2369 1874 2438 τὴν
1897 2366 2040 2434 ὄψιν,
2071 2367 2166 2418 καὶ
2193 2363 2456 2417 πάντοθεν
2485 2363 2742 2434 ἐποίησεν
2764 2362 3038 2424 οἰδαίνειν,
3067 2359 3358 2428 ἐξώγκωσε

1774 2454 1831 2508 δέ
1863 2453 2028 2516 πόδας
2057 2451 2150 2505 καὶ
2177 2451 2284 2504 τῶν
2309 2449 2484 2504 δοκῶν
2516 2449 2850 2522 βαρυτέρους
2886 2448 3161 2518 ἐποίησεν,
3191 2445 3361 2512 ἐξώγ-

1777 2559 1920 2597 κωσε
1959 2542 2016 2595 δέ
2056 2541 2299 2610 γαστέρα
2353 2540 2447 2592 καὶ
2475 2539 2678 2602 παντὸς
2717 2538 2876 2591 πίθου
2916 2536 3140 2607 μείζονα
3172 2536 3362 2606 είργά-

1776 2647 1943 2694 σατο,
1992 2629 2086 2682 καὶ
2131 2627 2270 2697 μετά
2300 2625 2462 2681 τοῦτο
2491 2626 2612 2681 οὑδέ
2657 2628 2769 2688 τοῖς
2815 2624 3160 2697 βουλομένοις
3201 2622 3362 2692 θερα-

1774 2715 1962 2771 πεύειν
1990 2696 2359 2786 ἐπηγγέλλετο
2387 2713 2768 2784 συγχωρήσειν
2798 2696 2987 2781 (τοῦτο
3011 2708 3120 2780 γὰρ
3150 2711 3182 2780 ἡ
3209 2709 3361 2772 ἐξου-

1775 2804 1923 2869 σία),
1958 2802 2092 2856 ἀλλά
2119 2800 2384 2872 τοσαύτην
2410 2800 2604 2853 δώσειν
2638 2797 2976 2868 ἐλευθερίαν.
3006 2795 3147 2849 ὥστε
3179 2795 3244 2849 ἀν
3277 2812 3361 2858 τις

1773 2889 2003 2962 προσείη
2043 2888 2275 2955 ἀπάγων
2319 2887 2428 2940 τῶν
2476 2885 2827 2956 βλαπτόντων
2865 2883 3118 2938 κολάσειν
3159 2882 3355 2935 αὑτόν·

1771 2971 1881 3048 ἆρα
1908 2971 1975 3047 ἦν
2005 2977 2069 3031 ἀν
2089 2994 2142 3028 τι
2171 2976 2361 3028 τούτου
2395 2974 2674 3044 ὠμότερον
2695 3013 2709 3037 ,
2749 2971 2869 3024 είπέ
2906 2989 3026 3039 μοις
3061 2968 3273 3022 Οὐκοῦν
3298 2969 3364 3022 τδ

1773 3063 2044 3125 πλουτεῖν,
2076 3065 2206 3117 ὅταν
2234 3062 2332 3133 τὴν
2367 3061 2548 3130 ψυχὴν
2576 3059 2750 3126 ταῦτα
2785 3057 3121 3128 ἐργάζηται,
3149 3054 3266 3117 πῶς
3292 3055 3360 3108 ἀν

1771 3151 1856 3221 εῖη
1889 3149 2082 3215 καλόν;
2123 3148 2265 3201 Ἀλλ’
2296 3151 2329 3217 ἡ
2358 3145 2579 3213 ἐξουσία
2601 3147 2773 3216 αὑτῆς
2795 3144 2896 3214 τῆς
2926 3144 3083 3197 νόσου
3114 3142 3358 3213 χαλεπω-

1769 3237 1938 3307 τέραο
1974 3233 2034 3289 τὸ
2081 3235 2188 3304 γὰρ
2228 3234 2487 3288 νοσοῦντα
2529 3231 2666 3302 μηδὲ
2705 3232 2893 3300 νόμοις
2934 3229 3134 3301 ἰατρῶν
3172 3228 3358 3284 πείθε-

1773 3323 1928 3385 σθαι,
1953 3321 2048 3375 τοῦ
2078 3324 2253 3374 νοσεῖν
2281 3318 2665 3390 χαλεπώτερον
2690 3336 2703 3349 ·
2738 3319 2876 3388 ὅπερ
2905 3318 2934 3370 ό
2962 3316 3191 3380 πλοῦτος
3216 3316 3352 3386 ἔχει,

1771 3408 2106 3478 πανταχόθεν
2138 3405 2492 3476 φλεγμαίνειν
2526 3404 2696 3457 ποιῶν
2729 3403 2828 3475 τὴν
2866 3403 3042 3474 ψυχὴν
3063 3443 3078 3467 ,
3115 3403 3356 3465 καὶτοὺς

1773 3497 1990 3568 ἰατροὺς
2025 3495 2304 3567 προσιέναι
2347 3493 2593 3549 κωλύων.
2645 3494 2806 3545 Ὥστε
2849 3492 2937 3545 διὰ
2968 3491 3067 3562 τὴν
3106 3490 3359 3556 ἐξοσσίαν-

1773 3587 1846 3656 μὴ
1892 3586 2287 3656 μακαρίζωμεν
2331 3583 2575 3647 τούτους,
2617 3580 2733 3634 ἀλλ’
2771 3581 3032 3650 ἐλεῶμεν.
3067 3580 3201 3634 Οὑδέ
3245 3581 3355 3648 γάρ

1769 3673 2016 3744 ὑδερικὸν
2066 3671 2187 3724 ίδὼν
2230 3669 2661 3740 κατακείμενον,
2704 3669 2798 3722 καὶ
2835 3667 3036 3737 μηδένα
3077 3665 3354 3720 κωλύοντα

1768 3757 2126 3829 ἐμφορεῖσθαι
2170 3757 2466 3827 πομάτων,
2512 3756 2764 3823 ὅσωνπερ
2815 3754 2994 3825 ἤθελε,
3043 3754 3137 3805 καὶ
3176 3753 3354 3824 κρεῶν

1767 3847 1877 3898 τῶν
1906 3846 2250 3916 βλαπτόντων
2270 3885 2283 3906 ,
2316 3843 2632 3914 ἐμακάρισα
2666 3841 2730 3894 ἀν
2763 3840 2927 3894 αὑτὸν
2954 3839 3040 3892 διὰ
3068 3841 3166 3910 τὴν
3201 3840 3351 3906 ἐξου-

1769 3934 1910 3987 σίαν.
1965 3932 2040 3985 Ού
2092 3933 2200 4001 γάρ
2239 3930 2514 3999 πανταχοῦ
2554 3933 2586 3999 ή
2641 3927 2860 3992 ἐξουσία
2912 3926 3106 3987 καλὸν,
3158 3926 3350 3996 ῶσπερ

1766 4019 1860 4076 οὖν
1905 4021 2024 4074 οὑδὲ
2059 4021 2117 4074 αί
2147 4019 2303 4089 τιμαί
2327 4035 2340 4048 ’
2379 4019 2472 4070 καὶ
2517 4017 2626 4087 γάρ
2667 4016 2757 4068 καὶ
2793 4009 2954 4069 αὗται
3002 4015 3350 4086 φρονήματος

1769 4109 2037 4179 πληροῦσι
2067 4106 2282 4161 πολλοῦ.
2322 4107 2388 4158 Et
2424 4105 2478 4157 δέ
2506 4105 2567 4158 τὸ
2608 4103 2769 4174 σῶμα
2798 4103 2896 4157 οὑκ
2927 4105 2992 4157 ἂν
3021 4103 3164 4156 εἵλου
3211 4105 3349 4173 μετά

1769 4197 2000 4251 πλούτου
2032 4195 2237 4265 ταύτην
2282 4193 2536 4259 δέξασθαι
2567 4191 2664 4264 τὴν
2693 4192 2869 4254 νόσον,
2902 4191 3017 4255 πῶς
3045 4192 3144 4263 τὴν
3171 4191 3352 4263 ψυχὴν

1769 4287 2050 4357 περιορᾷς,
2080 4285 2202 4354 οὐχὶ
2227 4283 2386 4337 τοῦτο
2414 4283 2594 4354 μόνον,
2622 4281 2880 4350 ἀλλά-καὶ
2903 4283 3100 4352 ἑτέραν
3128 4281 3352 4336 κόλασιν

1767 4373 2097 4442 δεχομένην;
2136 4373 2244 4424 Καὶ
2303 4371 2412 4440 γάρ
2464 4372 2724 4441 πυρετοῖς
2774 4369 3036 4423 πάντοθεν
3091 4369 3353 4439 φλέγεται

1767 4463 1861 4515 καὶ
1889 4460 2218 4530 φλεγμοναῖς
2237 4498 2251 4520 ,
2286 4458 2380 4511 καὶ
2404 4457 2496 4510 τὸν
2527 4454 2760 4527 πυρετόν
2789 4457 2995 4509 ἐκεῖνον
3022 4455 3198 4520 οὐδεὶς
3225 4456 3352 4509 σϐέ-

1769 4565 1858 4602 σαι
1891 4547 2148 4602 δύναται-·
2183 4546 2245 4598 οὑ
2273 4545 2382 4616 γὰρ
2418 4544 2644 4616 ἀφίησιν
2680 4543 2709 4596 ό
2747 4541 2996 4607 πλοῦτος,
3031 4543 3172 4615 ἅπερ
3201 4545 3353 4597 ἐστὶν

1767 4634 2157 4707 ἐλαττώματα,
2197 4635 2370 4689 ταῦτα
2428 4633 2622 4695 πείσας
2663 4627 2805 4686 εἶναι
2861 4631 3345 4702 πλεονεκτήματα·

1766 4720 1900 4788 οἷον,
1918 4725 1978 4776 τὸ
2004 4722 2232 4794 μηδενὸς
2255 4719 2566 4790 ἀνέχεσθαι,
2590 4722 2685 4773 καὶ
2707 4718 2924 4791 ἐξουσίᾳ
2955 4720 3133 4773 πάντα
3151 4723 3344 4776 ποιεῖν.

1769 4813 1843 4866 Οὑ
1872 4813 1981 4883 γάρ
2005 4812 2226 4881 εὑρήσει
2255 4826 2340 4872 τις
2364 4807 2532 4878 ἀλλην
2567 4806 2749 4877 ψυχὴν
2771 4807 3039 4861 τοσούτων
3070 4808 3350 4877 γέμουσαν

1768 4897 2073 4968 ἐπιθυμιῶν
2109 4896 2201 4950 καὶ
2226 4895 2398 4958 οὑτως
2431 4895 2678 4957 ἀτόπων,
2710 4894 2787 4958 ὡς
2811 4895 2914 4957 τὰς
2947 4894 3056 4947 τῶν
3089 4894 3348 4965 βουλομέ-

1767 5003 1873 5040 νων
1903 4985 2170 5038 πλουτεῖν.
2205 4983 2385 5043 Πόσας
2421 4981 2528 5052 γάρ
2560 4980 2830 5051 ληρωδίας
2857 4981 2957 5051 οὑχ
2996 4981 3348 5052 ὑπογράφου-

1768 5091 1852 5126 σιν
1881 5073 2124 5135 ἐαυτοῖςς
2161 5070 2376 5124 Μᾶλλον
2406 5066 2514 5121 τῶν
2551 5069 2679 5130 τοὺς
2708 5067 3176 5139 ἱπποκενταύρους
3209 5070 3344 5122 ἀνα-

1767 5159 2116 5214 πλαττόντων
2152 5157 2245 5210 καὶ
2273 5154 2370 5217 τὰς
2399 5153 2663 5223 χιμαίρας
2693 5155 2788 5206 καὶ
2819 5155 2946 5217 τοὺς
2981 5153 3343 5226 δρακοντόπο-

1764 5247 1859 5312 δας
1879 5244 2030 5318 [577]
2060 5245 2153 5298 καὶ
2177 5243 2273 5306 τάς
2305 5240 2548 5303 Σκύλλας
2575 5241 2671 5294 καὶ
2696 5241 2767 5292 τὰ
2792 5240 3016 5312 τέρατα.
3048 5243 3145 5295 ῖδοι
3165 5259 3248 5306 τις
3277 5244 3348 5296 ἀν

1765 5335 1958 5398 αὐτοὺς
2015 5330 2474 5392 ἀναπλάττοντας.
2524 5326 2645 5380 Κάν
2700 5326 2932 5399 θελήσῃς
2978 5327 3160 5382 αὑτῶν
3214 5329 3344 5400 μίαν

1765 5420 2060 5491 ἐπιθυμίαν
2080 5417 2407 5477 ἀναπλάσαι,
2431 5414 2584 5468 οὑδέν
2600 5412 2722 5467 οὑτε
2746 5413 2947 5468 σκύλλα
2968 5413 3090 5468 οὒτε
3109 5416 3344 5488 χίμαιρα

1764 5510 1888 5563 οὑτε
1919 5506 2350 5576 ἱπποκένταυρος
2371 5504 2699 5573 φανήσονται
2729 5502 2866 5572 πρὸς
2881 5499 2982 5574 τήν
3009 5503 3347 5574 τερατωδίαν

1765 5597 2001 5664 ἐκείνην,
2033 5593 2148 5647 ἀλλ’
2173 5592 2428 5662 εὑρήσεις
2459 5589 2636 5644 πάντα
2657 5588 2794 5659 ὁμοῦ
2821 5589 3049 5660 ἔχουσαν
3066 5591 3133 5643 τά
3153 5589 3340 5660 θηρία.

1766 5684 1874 5736 Καὶ
1894 5682 2034 5751 τάχα
2055 5680 2121 5750 μέ
2139 5697 2222 5742 τις
2248 5679 2490 5748 οἰήσεται
2510 5678 2566 5730 ἒν
2580 5676 2795 5748 πλούτῳ
2814 5676 3139 5748 γεγενῆσθαι
3163 5675 3342 5746 πολλῷ

1765 5770 1935 5832 οὕτως
1985 5765 2390 5838 ἐπαληθεύοντα
2423 5765 2535 5826 τοῖς
2574 5765 2899 5835 γινομένοις.
2939 5765 3170 5832 Λέγεταί
3216 5777 3337 5828 τις·
