4050 6324
132 397 238 454 5&9

136 515 329 568 venies
380 510 610 565 animam
660 513 738 560 tot
778 515 830 559 et
870 512 977 556 tam
1025 499 1242 554 nefariis
1271 497 1482 566 plenam
1513 492 1728 548 deside-

134 606 254 666 riis,
293 615 351 657 ut
379 615 563 655 eorum
593 598 678 666 qui
710 595 887 650 volunt
918 594 1199 647 ditescere.
1229 590 1370 654 Quas
1391 587 1534 641 enim
1562 598 1727 652 nugas

133 710 243 747 non
276 692 383 746 sibi
412 685 936 759 depingunt?.Magis
962 697 1117 751 quam
1157 680 1244 749 qui
1275 677 1724 746 hippocentaurus

131 783 404 852 efﬁngunt
429 789 482 834 et
504 778 854 832 εἰιίιιιειιι-ιιερι
878 769 1302 841 serpentipedcs,
1330 777 1385 822 et
1413 766 1636 837 Scyllas,
1671 773 1722 816 et

132 885 403 936 monstra,
458 871 650 924 videris
697 884 790 922 eos
833 865 1167 933 effingentes.
1214 860 1280 914 Et
1328 860 1371 912 si
1420 859 1540 926 quis
1594 853 1723 908 velit

128 984 326 1022 eorum
357 981 513 1020 unam
543 963 794 1030 effingere
826 958 1191 1028 cupiditatem,
1223 952 1353 1008 nihil
1382 950 1718 1011 videbuntur,

128 1077 234 1118 nec
287 1059 464 1130 Scylla
497 1071 594 1110 nec
641 1054 891 1107 chimrera
937 1065 1108 1113 neque
1158 1048 1639 1115 hippocentaurus.
1676 1041 1721 1093 sl

128 1169 259 1204 eum
294 1158 542 1219 portento
573 1146 664 1200 illo
704 1143 1065 1197 conferantur.
1093 1137 1188 1191 sed
1215 1134 1418 1190 videbis
1460 1134 1600 1187 illam
1625 1131 1721 1184 ha-

128 1244 268 1296 bere
308 1255 493 1292 omnes
523 1237 676 1290 simul
705 1235 924 1289 belluas.
960 1232 1026 1284 Et
1053 1229 1188 1283 forte
1216 1225 1540 1282 existimabit
1578 1222 1720 1289 quis-

129 1334 280 1400 piam
311 1347 396 1384 me
423 1331 585 1384 fuisse
627 1328 677 1380 in
716 1326 877 1378 multa
910 1321 1210 1374 divitiarum
1238 1317 1408 1386 copia,
1442 1325 1497 1368 ut
1537 1313 1626 1384 qui
1670 1313 1719 1365 in

130 1427 202 1479 iis
249 1440 370 1494 qua:
418 1423 668 1476 dicuntur
717 1429 821 1473 tam
867 1418 967 1471 sim
1013 1427 1193 1468 veras.
1225 1411 1417 1466 Fertur
1458 1407 1716 1478 quidam:

127 1521 286 1587 prius
328 1517 468 1570 enim
497 1513 827 1568 confirmabo
853 1497 1150 1563 orationem
1182 1521 1245 1560 ex
1278 1506 1341 1560 iis
1385 1518 1504 1574 qua)
1527 1499 1723 1555 decan-

124 1619 317 1662 tuitur
358 1607 495 1674 apud
541 1605 757 1659 Grarcos
791 1618 804 1654 :
835 1602 1026 1664 fertur,
1069 1600 1281 1667 inquam
1307 1635 1321 1658 ,
1368 1592 1581 1663 quidam
1628 1605 1719 1643 rex

121 1700 275 1770 apud
304 1714 398 1753 eos
428 1697 682 1750 delicians
711 1709 776 1748 eo
814 1692 1025 1746 venisse
1056 1691 1231 1754 luxus,
1261 1696 1319 1741 ut
1360 1697 1575 1739 auream
1619 1679 1719 1734 sibi

122 1793 146 1844 f
180 1791 318 1843 eerit
352 1789 641 1857 platanum,
671 1784 966 1853 cailmnque
1007 1793 1260 1850 superne,
1290 1787 1344 1831 et
1372 1776 1443 1830 ita
1477 1773 1680 1828 sedisse
1702 1813 1718 1836 ,

122 1884 294 1952 idque
340 1895 458 1934 cum
513 1878 709 1932 bclfum
762 1881 974 1945 gereret
1020 1872 1278 1926 adversus
1328 1867 1452 1921 belli
1501 1865 1716 1935 peritos.

123 1977 330 2028 Annon
363 1982 438 2026 est
471 1971 584 2024 iure
630 1970 890 2038 cupiditas
919 1961 1503 2035 hippocentaurorum?
1541 1973 1719 2014 annon

120 2066 159 2119 S
198 2065 369 2135 yllat?
401 2062 548 2115 Alius
597 2074 780 2114 rursus
822 2058 1004 2128 injecit
1047 2057 1290 2110 homines
1319 2054 1369 2108 in
1398 2053 1604 2108 bovem
1654 2049 1718 2103 Ii-

66 2170 72 2173 '
119 2170 346 2224 gul-um.
379 2155 568 2205 Annon
598 2161 673 2206 est
703 2149 922 2218 Scylla?
952 2146 1247 2215 Quemdam
1274 2155 1450 2197 autem
1485 2158 1546 2196 ex
1581 2141 1722 2210 prio-

122 2247 278 2298 ribus
340 2260 540 2313 regem,
592 2243 902 2296 bellatorem
956 2256 1022 2294 ex
1076 2240 1189 2292 viro
1236 2237 1434 2292 divitia:
1480 2235 1720 2288 fecerunt

121 2336 414 2389 mulierem
445 2334 520 2405 (a)
548 2352 562 2396 ;
591 2349 653 2387 ex
688 2333 929 2397 muliere,
963 2329 1087 2401 quid
1123 2329 1340 2383 dicam?
1382 2328 1604 2381 bestiam
1633 2341 1720 2380 ra-

121 2429 312 2487 tionis.
336 2437 633 2496 expertem,
666 2436 715 2478 et
748 2425 827 2479 his
859 2425 1031 2478 adlmc
1065 2422 1232 2492 pejus.
1262 2421 1317 2476 B.
1341 2424 1456 2475 stize
1505 2419 1644 2474 enim
1672 2418 1719 2472 si

121 2522 236 2573 sint
264 2519 366 2572 sub
395 2518 696 2581 arboribus,
729 2531 878 2570 suam
907 2516 1170 2568 sustinent
1215 2521 1479 2575 naturam,
1509 2520 1559 2564 et
1589 2509 1718 2563 nihil

120 2619 379 2678 qua-runt
405 2607 632 2677 amplius
657 2649 667 2658 .
697 2608 797 2660 iste
824 2615 1002 2659 autem
1029 2604 1186 2659 etiam
1215 2603 1446 2656 ferarum
1477 2593 1716 2655 naturam

123 2703 286 2770 longe
317 2701 611 2770 superavit.
641 2699 778 2766 Quid
822 2714 951 2768 ergo
991 2699 1258 2751 divitibus,
1281 2696 1441 2750 fuerit
1469 2695 1721 2764 insipien-

122 2796 278 2846 tius?
323 2793 432 2845 lloc
472 2801 652 2846 autem
702 2791 754 2844 tit
801 2806 865 2844 ex
914 2790 1071 2843 nimia
1119 2787 1505 2842 desideriorum
1534 2786 1605 2838 vi.
1651 2787 1720 2839 At

123 2899 310 2938 nonne
340 2883 489 2936 multi
515 2897 634 2937 eum
663 2880 1035 2934 admirantur?
1063 2879 1223 2933 Fiunt
1251 2878 1426 2947 itaque
1452 2877 1589 2930 sicut
1608 2876 1720 2944 ipse

122 2977 361 3030 ridiculi.
398 2974 506 3027 lloc
536 2989 642 3027 non
669 2972 982 3026 ostendebat
1010 2971 1243 3035 divitias,
1275 2969 1369 3024 sed
1408 2968 1717 3021 amentiam.

123 3069 309 3121 Aurea
331 3065 418 3119 illa
450 3064 667 3134 platano
692 3073 893 3133 quanto
924 3071 1004 3115 est
1038 3061 1304 3115 terrestris
1337 3060 1577 3128 platanus
1609 3073 1722 3112 me-

125 3160 234 3214 lior
271 3166 326 3212 et
356 3153 738 3226 prwstantior?
786 3171 905 3207 nam
957 3167 1074 3221 quae
1123 3162 1244 3205 sunt
1287 3149 1581 3203 secunduut
1622 3164 1718 3201 na-

125 3258 305 3303 turam
331 3290 347 3314 ,
394 3257 516 3301 sunt
557 3246 872 3315 jucmnliora
909 3247 971 3299 iis
1000 3261 1118 3314 qua:
1161 3253 1286 3297 sunt
1338 3254 1531 3312 praeter
1569 3249 1722 3294 natu-

122 3358 266 3396 ram.
293 3340 430 3407 Quid
456 3339 548 3392 tibi
573 3338 784 3393 voleba‘t
809 3336 997 3390 ea-lum
1023 3350 1265 3397 aureum.
1290 3349 1323 3388 ο
1352 3332 1535 3386 fatue?
1564 3331 1721 3385 Vides

124 3431 408 3502 quomodo
437 3429 762 3482 insanientes
792 3427 986 3481 faciant
1029 3426 1263 3479 divitia)?
1292 3424 1561 3493 quomodo
1583 3423 1724 3476 inlu'—
1757 3468 1759 3470 .

125 3531 375 3578 meseant
412 3531 466 3576 et
485 3520 752 3575 aestuent?
781 3520 1037 3573 Existimo
1064 3519 1206 3587 ipsas
1236 3517 1396 3571 etiam
1429 3532 1575 3570 mare
1613 3531 1719 3568 non

126 3626 316 3677 nosse,
349 3626 402 3668 et
429 3613 657 3668 fortasse
685 3613 823 3668 velle
848 3613 1006 3667 etiam
1039 3611 1092 3665 in
1131 3611 1246 3678 ipso
1273 3591 1498 3679 ingredi.
1528 3609 1720 3662 Annon

126 3709 249 3763 hmc
275 3716 400 3763 sunt
420 3707 673 3762 cbima‘ra
693 3707 717 3758 ?
741 3721 920 3759 annon
950 3702 1442 3772 hippocentaurus?
1467 3700 1571 3755 Sed
1598 3709 1723 3755 sunt

128 3817 278 3856 nunc
323 3815 536 3868 quoque
564 3799 653 3868 qui
677 3799 744 3850 ab
787 3797 904 3867 ipso
951 3794 1084 3849 nihil
1124 3793 1356 3858 distant;
1399 3801 1522 3844 sunt
1561 3791 1722 3846 etiam

131 3894 309 3948 multo
333 3891 745 3960 insipientiores.
774 3888 910 3955 Quid
937 3887 1099 3952 enim,
1131 3886 1445 3955 dic,qu:cso,
1474 3885 1541 3938 ab
1562 3899 1721 3938 aurea

131 3985 358 4051 platano
401 3979 685 4043 differunt,
735 3978 875 4048 quod
921 3979 1113 4031 attinet
1159 3975 1225 4029 ad
1272 3975 1577 4038 amentiam,
1634 3974 1722 4043 qui

132 4073 430 4142 amphoras
477 4071 676 4124 iaciunt
702 4082 891 4122 aureas
931 4076 986 4120 et
1021 4066 1155 4120 ollas
1183 4074 1236 4120 et
1264 4062 1570 4118 alabastra?
1600 4062 1724 4132 quid

129 4179 268 4217 vero
308 4161 560 4214 mulieres
587 4158 766 4229 (pudet
797 4158 1036 4228 quidem,
1066 4155 1160 4210 sed
1189 4166 1366 4218 tamen
1395 4161 1614 4209 necesse
1645 4162 1727 4207 «νει

131 4250 367 4323 dicere),
399 4251 628 4305 matulas
659 4250 915 4303 facientes
963 4246 1287 4317 argenteas?
1316 4245 1602 4314 Oporteret
1631 4260 1727 4299 vos

131 4343 342 4414 pudere
372 4356 492 4408 qua:
523 4339 637 4393 lucc
666 4337 859 4393 facitis.
886 4337 1101 4391 Christo
1144 4336 1414 4390 esuriente
1461 4344 1515 4389 tu
1545 4336 1613 4388 ita
1644 4336 1726 4388 in—

130 4433 332 4502 dulges
359 4430 585 4490 deliciis,
635 4430 742 4481 imo
768 4443 896 4482 vero
923 4427 1165 4495 desipis?
1209 4440 1466 4495 quasnam
1512 4424 1594 4478 lia:
1621 4439 1728 4478 non

134 4526 295 4579 luent
337 4536 526 4593 pinnas
547 4522 572 4573 τ
605 4520 806 4575 Deinde
845 4535 1001 4590 rogas
1031 4534 1129 4573 cur
1155 4519 1410 4586 latrones,
1438 4534 1533 4573 cur
1562 4519 1730 4588 parri-

134 4615 302 4678 cid:c,
331 4629 429 4667 cur
454 4613 612 4673 mala,
634 4626 753 4665 cum
782 4610 1026 4664 diabolus
1050 4623 1142 4662 vos
1171 4611 1241 4662 ita
1265 4610 1424 4679 agitet
1443 4624 1507 4663 ac
1531 4609 1732 4662 discer-

138 4705 270 4776 pat?
301 4703 432 4757 Nam
475 4702 653 4756 discos
695 4700 894 4755 habere
943 4708 1224 4769 argenteos
1247 4739 1263 4765 ,
1296 4714 1365 4754 ne
1392 4699 1494 4755 hoc
1517 4698 1730 4770 quidem

137 4799 328 4852 animo
356 4795 606 4851 convenit
655 4791 1048 4864 philosophice,
1092 4791 1186 4846 sed
1237 4800 1403 4846 totum
1453 4801 1533 4846 est
1579 4792 1735 4860 plane

138 4889 485 4951 deliciarum,
505 4885 774 4940 immunda
814 4895 991 4937 autem
1020 4898 1144 4936 vasa
1175 4883 1349 4937 facere
1372 4892 1642 4951 argentea,
1668 4897 1734 4935 an

142 4977 351 5048 aliquid
399 4977 558 5031 habet
585 4975 940 5030 deliciarum?
970 4989 1075 5028 ηοιι
1107 4974 1332 5028 dixerim
1383 4972 1736 5039 deliciarum,

145 5071 245 5127 sed
277 5069 520 5134 insania,
549 5071 656 5122 imo
680 5082 808 5120 vero
837 5066 989 5136 pejus
1022 5064 1250 5118 insania.

223 5165 276 5219 5.
307 5161 494 5217 Contra
520 5160 693 5215 luxum
717 5159 1026 5213 uehementer
1052 5156 1320 5208 invehitur.
1357 5153 1489 5207 Vasa
1520 5155 1743 5207 immun-

149 5260 220 5310 da
259 5272 322 5310 ex
364 5263 572 5325 argento
612 5256 766 5323 facta.
799 5249 968 5304 Barba
997 5265 1152 5303 aurea
1188 5247 1464 5302 Persarum
1497 5248 1646 5318 regis.
1673 5277 1744 5286 —

218 5390 293 5447 (ιι)
311 5383 552 5447 Exempla
571 5385 740 5447 isth:ec_
751 5384 960 5447 carptim
988 5379 1384 5447 eaarra_ta,_baud
1409 5389 1636 5447 accurate
1661 5393 1745 5442 po-

154 5441 247 5498 sita
277 5441 419 5498 sunt.
467 5441 588 5506 Ouis
617 5447 680 5495 sit
711 5445 796 5494 ille
829 5441 922 5494 rex
950 5445 1036 5507 qui
1069 5445 1161 5491 sibi
1199 5443 1443 5507 platanum
1491 5441 1609 5490 fecit
1652 5441 1742 5507 au-

158 5525 313 5568 ream,
341 5517 398 5561 ut
417 5504 512 5560 sub
545 5508 652 5570 ejus
681 5508 850 5570 umbra
874 5504 1105 5570 sederet,
1132 5504 1337 5570 ne‘scio‘,
1364 5517 1542 5570 neque
1557 5504 1743 5570 uspiam

157 5587 239 5620 ine
267 5565 442 5634 legere
466 5565 690 5634 memini.
708 5567 811 5634 (De
831 5569 919 5634 hac
941 5581 998 5615 re
1025 5565 1142 5634 vide
1159 5566 1385 5634 tier-odor.
1411 5565 1747 5634 7,_27..)_Alius

158 5637 240 5696 qui
267 5626 490 5682 ho'miaes
509 5626 761 5696 mjiciebat
796 5630 848 5696 in
875 5630 1050 5696 bovem
1076 5633 1153 5696 est
1192 5626 1427 5696 "Phalaris.
1455 5628 1554 5696 Sed
1572 5626 1666 5676 hic
1698 5627 1748 5675 in

159 5687 336 5744 bovem
358 5687 895 5762 memn'conjiciebat.
933 5689 1194 5762 Antiquior
1218 5703 1336 5737 vero
1361 5687 1448 5762 ille
1472 5687 1599 5762 alius
1620 5701 1711 5762 rex
1729 5725 1743 5746 ,

159 5772 306 5813 quem
353 5769 416 5806 ex
456 5756 564 5804 viro
598 5749 778 5804 dixitne
823 5756 1042 5802 iecerant
1068 5749 1369 5810 mulierem,
1395 5750 1748 5815 Sardanapalus

156 5823 258 5868 luit.

998 387 1062 442 ΙΝ
1105 383 1315 442 ΕΡΙΒΤ.
1359 383 1449 438 AD
1487 378 1760 437 COLOSS.
1802 375 1956 432 CAP.
2000 375 2085 431 Ill.
2133 376 2370 432 ιιοιιιι.
2407 376 2512 434 γη.

3313 371 3417 429 350

1834 491 1958 545 Scio
1985 491 2179 544 multos
2203 507 2288 544 me
2311 499 2528 560 propter
2548 489 2650 545 hoc
2679 489 2877 545 habere
2903 483 3165 553 ludibrio;
3192 487 3284 543 sed
3311 501 3416 540 non

1833 598 1965 638 curo
1987 625 2000 646 ,
2031 582 2191 636 modo
2238 582 2435 651 aliquid
2468 583 2689 652 prosim.
2730 582 2934 637 Revera
2979 593 3220 636 amentes
3248 591 3299 634 et
3331 579 3417 634 fu-

1829 685 2008 728 rentes
2037 673 2238 727 faciunt
2264 672 2483 727 divitias.
2511 674 2566 728 Si
2597 688 2761 743 penes
2789 673 2933 743 ipsos
2959 680 3120 737 esset,
3147 672 3341 726 vellent
3363 682 3418 728 et

1826 774 2021 818 terram
2050 779 2172 819 esse
2201 779 2417 818 auream
2442 807 2456 828 ,
2486 774 2541 819 et
2579 765 2809 835 parietes
2849 779 3076 829 aureos,
3111 764 3334 818 fortasse
3363 775 3418 817 et

1823 858 2013 910 ca-lum
2044 866 2098 911 et
2126 873 2308 910 aerem
2338 873 2402 912 ex
2430 871 2582 910 auro.
2614 855 2744 924 Quis
2775 855 2962 910 furor?
2985 871 3102 924 qua:
3130 853 3417 924 iniquitas?

1825 961 1943 1014 qua:
1970 946 2169 1000 febris?
2195 947 2348 1000 Alius
2376 947 2514 1015 perit
2547 946 2760 1014 frigore,
2793 945 2880 1014 qui
2909 957 2989 998 est
3027 944 3196 998 factus
3224 943 3288 998 ad
3323 945 3415 999 Dei

1827 1039 2109 1107 imaginem
2137 1056 2151 1103 ;
2183 1047 2236 1092 tu
2263 1049 2439 1093 autem
2471 1038 2586 1093 lucc
2615 1039 2890 1092 fabricaris
2911 1039 2935 1091 ?
2959 1037 3002 1093 0
3032 1037 3224 1092 fastum
3248 1047 3302 1092 et
3328 1055 3412 1091 ar-

1825 1133 2152 1201 rogantium!
2173 1131 2300 1200 quid
2319 1133 2549 1200 amplius
2573 1114 3058 1187 fecisset-insanus?
3075 1141 3413 1205 excrementa

1826 1223 1956 1274 tanti
1985 1223 2110 1275 facis
2134 1233 2189 1274 ut
2214 1237 2274 1276 ea
2301 1233 2523 1290 argento
2561 1221 2840 1291 excipias?
2865 1219 2987 1274 Scio
3013 1236 3111 1274 vos
3136 1220 3413 1276 audientes

1825 1314 2235 1383 obtorpescere;
2277 1314 2371 1368 sed
2412 1315 2790 1383 obtorpescerc
2820 1313 3018 1368 debent
3044 1330 3162 1384 qua:
3191 1312 3303 1368 hsce
3334 1314 3414 1368 fa-

1823 1405 1967 1459 ciunt
1990 1447 2004 1472 ,
2034 1414 2086 1462 et
2124 1405 2223 1458 viri
2259 1405 2348 1475 qui
2383 1406 2582 1459 morbis
2611 1404 2915 1474 hujusmodi
2945 1403 3256 1458 deserviunt
3286 1422 3300 1457 :
3333 1414 3414 1459 est

1823 1497 1964 1550 enim
1995 1496 2096 1550 hoc
2124 1495 2528 1564 intemperantia
2561 1505 2614 1548 et
2654 1494 2942 1549 crudelitas
2970 1505 3024 1548 et
3054 1493 3414 1548 inhumanitas

1822 1598 1872 1640 et
1907 1586 2090 1641 feritas
2117 1597 2169 1641 et
2196 1586 2435 1640 lascivia.
2460 1588 2588 1650 Quae
2614 1585 2812 1655 Scylla,
2845 1601 2964 1653 qua:
2989 1584 3261 1648 chima'ra,
3295 1586 3414 1654 quis

1823 1679 1986 1732 draco
2011 1720 2025 1743 ,
2054 1680 2138 1733 vel
2166 1679 2336 1747 potius
2361 1678 2482 1747 quis
2509 1678 2718 1731 darmon
2739 1718 2754 1743 ,
2787 1677 2907 1745 quis
2935 1676 3179 1732 diabolus
3206 1676 3306 1729 hoc
3332 1677 3412 1730 fe-

1821 1770 1990 1825 cerit?
2010 1770 2135 1840 quid
2163 1769 2382 1839 prodest
2403 1769 2688 1822 Christus?
2713 1767 2839 1836 quid
2867 1768 3085 1836 prodest
3112 1768 3262 1830 fides,
3290 1784 3411 1822 cum

1824 1861 2081 1916 toleratur
2107 1860 2300 1928 aliquis
2324 1874 2388 1913 ex
2427 1858 2694 1928 gentibus,
2725 1858 2831 1910 imo
2861 1872 2987 1911 vero
3017 1873 3119 1910 non
3148 1875 3212 1912 ex
3243 1863 3414 1928 genti-

1823 1951 1920 2005 bus
1945 1994 1958 2014 ,
1987 1950 2079 2005 sed
2111 1967 2177 2005 ex
2204 1949 2572 2004 daemonibus?
2603 1948 2656 2004 Si
2685 1956 2844 2018 caput
2871 1964 2976 2002 non
3005 1959 3082 2003 est
3113 1951 3411 2004 ornandum

1820 2059 1952 2096 auro
1990 2052 2043 2096 et
2087 2043 2388 2111 margaritis
2419 2058 2436 2103 ι
2467 2042 2554 2111 qui
2597 2049 2819 2108 argento
2865 2042 3030 2096 utitur
3058 2041 3124 2095 ad
3157 2052 3260 2096 tam
3308 2044 3408 2096 im-

1823 2130 2076 2186 mundum
2105 2131 2478 2196 ministerium,
2511 2147 2798 2201 quamnam
2829 2142 3143 2201 assequetur
3168 2135 3413 2188 veniam?

1823 2240 1926 2276 non
1955 2223 2223 2289 sufficiunt
2253 2223 2476 2291 reliqua,
2509 2223 2752 2290 quamvis
2783 2237 2882 2276 nec
2911 2222 2995 2276 illa
3027 2231 3154 2296 sunt
3182 2224 3414 2278 toleran-

1821 2312 1887 2367 da
1922 2332 1933 2366 :
1967 2313 2236 2382 cathedra:
2263 2323 2316 2367 ct
2337 2311 2566 2366 scabella
2597 2328 2661 2366 ex
2693 2323 2920 2383 argento
2953 2321 3060 2367 tota
3083 2314 3106 2366 τ
3127 2316 3271 2384 atqui
3299 2315 3415 2369 lure

1819 2421 2031 2474 quoque
2054 2414 2178 2458 sunt
2207 2404 2476 2458 amentia'.
2505 2403 2609 2459 Sed
2640 2405 2836 2474 ubique
2863 2415 2945 2458 est
2971 2406 3137 2459 fastus
3163 2423 3414 2475 superva-

1819 2512 2052 2562 cancus;
2087 2496 2282 2564 ubique
2310 2495 2481 2549 inanis
2507 2496 2676 2566 gloria
2705 2513 2717 2549 :
2747 2512 3008 2566 nusquam
3033 2513 3159 2552 usus
3186 2498 3416 2552 habetur

1822 2593 1958 2641 ratio
1982 2629 1996 2653 ,
2029 2586 2122 2641 sed
2152 2586 2348 2657 ubique
2374 2595 2499 2641 sunt
2540 2602 2956 2656 supervacanea.
2992 2589 3102 2657 Ego
3129 2605 3320 2644 vereor
3348 2606 3414 2644 ne

1819 2679 1886 2734 ab
1917 2679 2014 2733 hac
2047 2680 2249 2733 insania
2284 2677 2583 2748 procedens
2621 2694 2783 2734 sexus
2828 2681 3104 2734 muliebris
3141 2691 3412 2737 monstro~

1821 2788 1937 2825 rum
1966 2771 2192 2824 lormam'
2216 2769 2471 2839 suscipiat
2495 2788 2508 2823 :
2537 2770 2827 2824 verisimile
2847 2781 2928 2824 est
2950 2786 3040 2824 eas
3060 2786 3258 2840 cupere
3281 2773 3414 2841 pilos

1819 2878 2033 2931 queque
2068 2861 2265 2914 habere
2307 2875 2520 2914 aureos.
2568 2862 2674 2915 Aut
2722 2859 2994 2914 fateamini
3035 2878 3129 2915 vos
3169 2878 3234 2916 eo
3270 2865 3413 2930 quod

1819 2953 2019 3006 dictum
2043 2964 2124 3006 est
2157 2952 2285 3005 nihil
2314 2967 2431 3006 esse
2457 2952 2680 3006 alleCtos
2703 2961 2755 3007 et
2778 2955 3060 3017 excitatos,
3089 2963 3143 3008 et
3163 2955 3414 3010 incidisse

1822 3045 1876 3100 in
1917 3045 2447 3112 concupiscentiam;
2491 3053 2546 3097 et
2585 3044 2683 3097 nisi
2728 3044 2898 3113 pudor
2935 3045 3274 3112 rezinuisset,
3309 3063 3413 3103 non

1822 3135 2245 3190 recusavissctis.
2269 3135 2399 3188 Nam
2432 3136 2476 3188 si
2505 3134 2717 3188 audetis
2743 3151 2803 3188 ea
2833 3153 2949 3204 qua:
2974 3148 3098 3190 sunt
3124 3138 3204 3192 his
3227 3139 3414 3193 absur-

1819 3229 2006 3289 diora,
2041 3227 2208 3280 multo
2252 3227 2420 3294 magis
2459 3225 2712 3279 existimo
2751 3241 2844 3279 eas
2889 3226 3025 3296 pilos
3061 3243 3257 3283 aureos
3296 3245 3417 3284 esse

1821 3320 2219 3374 desideraturas
2239 3360 2253 3382 ,
2285 3327 2339 3371 et
2371 3317 2514 3371 labra
2541 3359 2556 3383 ,
2588 3326 2642 3371 et
2673 3319 2958 3386 supercilia
2980 3360 2995 3383 ,
3027 3330 3082 3374 et
3120 3330 3257 3375 totas
3285 3339 3419 3377 auro

1822 3412 2110 3484 liquefacto
2156 3426 2215 3466 se
2247 3411 2387 3465 velle
2417 3412 2634 3466 illinire.
2666 3412 2720 3467 Si
2754 3421 2930 3467 autem
2961 3429 3064 3468 non
3095 3416 3334 3479 creditis,
3364 3427 3419 3472 et

1823 3504 2143 3560 existimatis
2182 3519 2267 3558 me
2313 3503 2575 3558 ridentem
2617 3504 2800 3559 dicere
2824 3547 2839 3572 ,
2869 3520 2971 3576 ego
3017 3508 3247 3562 narrabo
3276 3510 3418 3579 quod

1822 3597 2030 3660 audivi;
2065 3598 2170 3651 imo
2211 3610 2339 3650 vero
2379 3611 2520 3651 nunc
2559 3612 2774 3667 quoque
2820 3609 2923 3651 est.
2969 3598 3084 3654 Rex
3136 3598 3418 3656 Persarum

1823 3689 2040 3743 barbam
2076 3687 2238 3741 habet
2267 3701 2505 3754 auream,
2536 3687 2601 3740 iis
2626 3690 2715 3757 qui
2748 3688 2936 3742 harum
2968 3705 3147 3744 rerum
3177 3702 3301 3745 sunt
3328 3709 3420 3762 pe—

1824 3780 1910 3834 riti
1933 3821 1948 3844 ,
1977 3779 2139 3832 veluti
2169 3779 2505 3848 subtegmine
2527 3820 2542 3845 ,
2572 3778 2725 3845 illius
2753 3781 2874 3848 pilis
2916 3782 3030 3835 auri
3079 3782 3302 3837 laminas
3335 3785 3421 3838 in-

1824 3871 2163 3924 volvenlibus
2188 3887 2200 3922 :
2225 3879 2278 3922 et
2295 3869 2437 3937 jacet
2455 3877 2725 3938 tamquam
2750 3881 3069 3925 monstrum.
3094 3871 3276 3927 Gloria
3303 3874 3420 3938 tibi,

1823 3959 2066 4015 Christe!
2099 3975 2257 4028 quant
2307 3960 2490 4013 multis
2538 3974 2634 4012 nos
2682 3959 2971 4028 implevisti
3003 3961 3189 4028 bonis,
3223 3973 3277 4017 ut
3307 3967 3423 4020 Sani

1825 4067 2068 4107 essemus
2093 4053 2106 4104 !
2136 4067 2163 4102 a
2193 4065 2354 4121 quam
2389 4050 2568 4106 multis
2596 4052 2851 4105 monstris
2875 4061 2930 4106 et
2953 4055 3203 4109 amentiis
3231 4055 3424 4111 liberm

1829 4146 1977 4198 visti!
2011 4138 2150 4198 Eccé
2176 4143 2428 4213 praedico,
2461 4159 2566 4198 non
2586 4145 2820 4215 amplius
2847 4146 3070 4213 suadeo,
3095 4146 3188 4204 sed
3220 4154 3426 4218 impero

1829 4247 1884 4292 et
1911 4236 2168 4291 denuntio
2201 4253 2214 4287 :
2248 4235 2428 4290 audiat
2463 4235 2554 4306 qui
2595 4236 2762 4301 velit;
2791 4237 2879 4306 qui
2924 4254 3027 4291 non
3062 4239 3174 4293 vult
3210 4250 3423 4306 autem,

1833 4344 1937 4381 non
1967 4336 2149 4396 pareat
2182 4344 2194 4379 :
2225 4327 2366 4396 quod
2396 4327 2438 4382 si
2472 4328 2704 4397 pergatis
2733 4326 2847 4382 ha-e
2873 4328 3069 4396 facere,
3098 4346 3205 4385 non
3235 4330 3429 4386 tolera-

1833 4419 1901 4474 bo
1923 4426 2097 4488 neque
2123 4433 2218 4473 vos
2245 4418 2506 4487 exeipiam
2528 4461 2543 4484 ,
2579 4433 2750 4488 neque
2791 4419 2964 4474 sinam
3006 4431 3061 4474 ut
3092 4420 3206 4475 haec
3248 4422 3428 4476 limina

1835 4511 2139 4565 trauscatis.
2159 4509 2295 4576 Quid
2321 4495 2466 4566 enim
2489 4508 2618 4564 mihi
2641 4525 2774 4579 opus
2796 4519 2877 4565 est
2896 4513 3271 4582 mgrotantium
3294 4514 3433 4569 mul-

1836 4604 2100 4659 titudine?
2128 4603 2253 4674 quid
2293 4618 2453 4670 vero,
2497 4603 2540 4656 si
2581 4618 2677 4657 vos
2720 4603 2974 4657 erudiens
3019 4619 3125 4658 non
3175 4606 3436 4675 prohibeo

1835 4714 1956 4768 qua:
1986 4713 2091 4752 non
2120 4694 2704 4766 suntsupcrvacanea?
2730 4696 2889 4766 Atqui
2935 4696 3132 4751 Paulus
3161 4697 3438 4767 prohibuit

1839 4802 1890 4845 et
1918 4806 2107 4844 aurum
2133 4798 2189 4843 et
2227 4789 2564 4859 margaritas.
2596 4787 2858 4842 Ridentur
2885 4803 2912 4839 a
2946 4788 3150 4843 Graecis
3176 4805 3189 4842 :
3220 4805 3305 4843 res
3335 4805 3436 4843 nn-

1839 4893 1966 4937 stra:
1994 4882 2242 4936 videntur
2267 4897 2388 4936 esse
2417 4880 2632 4934 fabulae.
2669 4880 2731 4933 Et
2761 4881 2888 4934 viris
2920 4881 3033 4934 base
3071 4879 3274 4935 suadeo
3305 4898 3318 4934 :
3348 4896 3412 4936 ac

1841 4976 1988 5031 cedis
2015 4974 2081 5029 ad
2112 4974 2292 5027 ludum
2323 4972 2637 5036 literarium,
2670 4971 3062 5041 philosOpbiam
3089 4971 3305 5027 discens
3330 4974 3437 5041 spi-

1845 5066 2090 5121 ritualem
2113 5067 2135 5118 ’ἒ
2162 5066 2312 5118 aufer
2338 5063 2485 5118 illum
2516 5063 2732 5117 fastum.
2765 5063 2877 5116 lloc
2902 5073 2956 5117 et
2989 5063 3119 5117 viris
3157 5064 3357 5118 suadeo
3388 5074 3438 5121 et

1849 5159 2095 5222 feminis;
2127 5166 2180 5212 et
2207 5160 2248 5211 si
2278 5157 2540 5226 quispiam
2571 5155 2727 5210 aliter
2759 5155 2932 5216 faciat,
2968 5172 3073 5209 non
3099 5155 3330 5225 amplius
3361 5172 3441 5226 pa-

1850 5252 1970 5304 tior.
2003 5249 2294 5305 Duodecim
2319 5257 2472 5303 erant
2501 5247 2748 5316 discipuli
2775 5264 2788 5297 :
2817 5256 2872 5301 et
2897 5248 3017 5301 audi
3046 5247 3172 5316 quid
3198 5247 3441 5302 Christus

1848 5326 1928 5396 eis
1954 5343 2092 5397 dicat
2125 5359 2138 5396 :
2170 5341 2310 5395 Num
2342 5349 2385 5394 et
2413 5356 2498 5394 vos
2526 5338 2676 5393 vultis
2700 5338 2840 5391 abire
2865 5336 3041 5410 (Joan.
3077 5338 3127 5392 6.
3158 5338 3283 5402 68)?
3314 5338 3444 5392 Nam

1854 5437 1898 5493 si
1923 5451 2138 5504 semper
2162 5435 2462 5500 adulcmur,
2491 5430 2704 5503 quando
2732 5448 2826 5485 vos
2854 5431 3254 5485 recreabimus't
3279 5447 3447 5499 quan-

1853 5528 1925 5584 do
1966 5526 2346 5598 proficiemus?
2386 5525 2452 5580 At
2481 5533 2641 5588 sunt,
2688 5522 2893 5592 inquit,
2933 5522 3052 5575 alia:
3095 5521 3366 5586 haereses.
3394 5529 3449 5576 ct

1858 5625 2294 5673 transnmtantur.
2342 5615 2552 5686 Frigida
2596 5624 2680 5669 est
2725 5614 2839 5668 hzcc
2882 5615 3102 5684 orajio:
3148 5611 3334 5666 Melior
3380 5629 3451 5666 es.

1856 5727 1989 5765 unus
2016 5710 2204 5778 faciens
2228 5709 2529 5762 voluntatem
2553 5706 2758 5760 Domini
2781 5722 2933 5774 quant
2963 5703 3101 5757 mille
3126 5704 3283 5773 iniqui
3311 5701 3443 5771 (Ec-

1856 5804 1974 5857 cIcs.
2011 5802 2090 5857 16.
2121 5802 2208 5870 5).
2241 5799 2372 5855 Nam
2403 5807 2457 5854 tu
2484 5813 2716 5869 quoque,
2751 5797 2836 5852 die
2872 5796 3024 5865 mihi,
3053 5805 3232 5851 utrum
3262 5794 3432 5849 malis
