4050 6324
676 373 775 433 55!

676 486 989 541 innumeros
1011 481 1209 537 habere
1235 495 1420 537 servos
1447 483 1692 551 fugitivos
1717 491 1771 536 et
1799 480 1962 546 fures,
1989 495 2056 534 an
2083 495 2244 533 unum

677 572 1026 630 benevolum?
1056 572 1194 627 Ecce
1229 572 1429 626 suadeo
1460 582 1514 627 et
1552 572 1716 640 juben
1743 581 1800 625 ut
1827 579 1880 626 et
1906 570 2060 648 faciei
2085 585 2246 624 orna-

676 676 912 721 mentum
929 673 982 719 et
1001 664 1260 734 ejusmodi
1284 679 1404 718 vasa
1425 673 1692 727 conteras,
1711 673 1765 718 et
1785 664 1878 717 des
1900 662 2247 732 pauperibus,

675 765 728 810 et
763 770 831 811 ne
869 755 947 810 sic
981 755 1232 808 insanias.
1261 754 1362 819 Qui
1390 755 1500 807 vult
1526 754 1754 813 resiliat,
1784 754 1871 822 qui
1902 753 2010 805 vult
2033 760 2248 805 accaset

657 857 727 899 et
755 845 1103 915 reprehendat
1133 863 1145 897 :
1177 844 1379 898 nullum
1408 845 1594 913 patior.
1620 843 1840 912 Quando
1865 858 1984 896 sum
2004 842 2247 911 judican-

674 937 776 991 dus
813 947 959 990 stans
1005 935 1070 989 ad
1117 934 1345 988 tribunal
1387 933 1611 997 Christi,
1646 933 1832 1003 procul
1859 949 1953 987 vos
1975 932 2162 996 statis,
2191 941 2247 987 et

669 1027 836 1096 gratia
862 1036 1035 1080 vestra
1062 1027 1111 1077 in
1140 1025 1357 1079 nihilum
1383 1024 1547 1088 cedit,
1569 1039 1656 1079 me
1680 1023 1937 1079 reddente
1959 1024 2239 1076 rationem.

670 1117 796 1173 llaec
811 1118 968 1173 verba
995 1118 1170 1172 omnia
1192 1126 1539 1186 corrumpunt
1565 1119 1860 1185 :Discedet,
1886 1117 2074 1187 inquit,
2100 1127 2152 1171 et
2173 1116 2239 1170 ad

667 1208 823 1263 aliam
865 1207 1109 1262 haeresim
1139 1207 1349 1262 deficiet
1379 1225 1393 1261 :
1422 1216 1503 1263 est
1541 1207 1834 1262 imbecillus
1863 1223 1878 1261 :
1905 1217 1958 1260 te
1988 1206 2237 1268 demitte,

667 1307 722 1354 et
747 1309 798 1354 te
825 1299 873 1354 ei
896 1299 1276 1369 aliquantisper
1300 1298 1662 1354 accommoda.
1686 1297 1802 1365 Quo
1823 1301 2028 1367 usque?
2048 1297 2235 1362 semel,

664 1403 718 1446 et
747 1391 827 1446 bis
848 1429 862 1456 ,
894 1399 950 1444 et
975 1400 1058 1444 ter
1078 1431 1093 1454 ,
1124 1404 1227 1444 non
1261 1400 1534 1458 perpetuo.
1569 1388 1707 1443 Ecce
1732 1402 1916 1442 rursus
1943 1387 2198 1440 denuntio
2216 1425 2233 1448 ,

661 1489 715 1534 et
743 1494 865 1534 cum
895 1480 1051 1534 beato
1087 1479 1250 1534 Paulo
1279 1488 1543 1549 protestor
1571 1497 1582 1532 :
1616 1478 1765 1546 Quod
1794 1478 1838 1532 si
1866 1491 2046 1530 rursus
2076 1491 2237 1529 vene-

662 1585 725 1623 ro
748 1607 767 1637 ,
800 1585 907 1625 non
935 1585 1147 1640 parcam
1179 1570 1263 1641 (2.
1293 1570 1410 1624 Cor.
1439 1571 1525 1625 l3.
1556 1569 1626 1640 2)
1656 1587 1669 1623 :
1698 1567 1906 1638 quando
1935 1576 2111 1621 autem
2141 1581 2237 1620 vos

657 1669 803 1714 recte
827 1661 1118 1730 gesseritis,
1150 1670 1273 1714 tunc
1298 1661 1478 1716 scietis
1503 1669 1757 1730 quantum
1785 1661 2011 1724 lucrum,
2039 1667 2234 1730 quanta

655 1749 725 1804 sit
755 1751 971 1804 utilitas.
1003 1750 1159 1806 Certe
1189 1766 1318 1822 rogo
1345 1760 1400 1807 et
1426 1751 1673 1819 obsecro,
1702 1758 1880 1821 neQue
1918 1766 2085 1822 genua
2112 1750 2233 1819 qui-

1374 373 1430 428 s.
1471 371 1744 428 JOANNIS
1780 367 2250 426 CttltYSOSTUMI
2295 328 2619 426 Αωςιιιερί
2651 370 3179 428 consumma.

3835 385 3936 441 331

2354 478 2475 534 dem
2502 491 2672 536 vestra
2704 482 2938 539 dubitem
2965 489 3364 554 apprehendere
3388 534 3404 557 ,
3431 505 3484 549 et
3514 511 3609 564 pro
3638 514 3705 555 eo
3731 505 3928 573 δυρρῆ.

2352 586 2494 627 earc.
2527 575 2657 642 Qua:
2687 585 2769 630 est
2797 576 2912 631 lucc
2939 579 3207 643 mollities,
3237 599 3356 653 quae
3393 585 3615 654 delicia,
3648 609 3771 660 qua
3802 610 3928 650 con-

2354 662 2602 717 tumelia?
2643 668 2960 720 contumelia
3010 670 3150 723 enim
3197 683 3317 740 est,
3371 691 3474 731 non
3523 679 3747 737 deliciae.
3801 685 3928 751 Quae

2349 755 2614 808 amentia?
2641 771 2759 825 qua:
2799 758 3042 814 insania?
3082 760 3184 816 Tot
3227 777 3484 833 pauperes
3528 773 3926 832 circumsistunt

2349 843 2658 909 ecclesiam;
2689 853 2743 899 et
2769 857 2873 900 tant
2904 849 3097 903 multos
3124 850 3258 908 filios
3287 851 3486 911 habens
3525 858 3791 926 Eccle.~ia,
3823 874 3924 920 tam

2348 929 2539 987 divites
2563 974 2578 998 ,
2618 936 2746 989 nulli
2790 939 3004 1007 pauperi
3053 948 3224 1008 potest
3251 957 3407 1014 opem
3449 945 3628 1016 ferre;
3659 956 3754 1008 sed
3790 955 3925 1012 alius

2347 1025 2559 1092 quidem
2587 1027 2775 1093 esurit,
2802 1029 2937 1085 alius
2961 1046 3086 1086 vero
3111 1042 3191 1088 est
3219 1033 3420 1101 ebrius,
3450 1039 3588 1096 alius
3617 1043 3669 1098 in
3697 1057 3924 1113 argento

2345 1114 2543 1182 egerit,
2573 1115 2706 1170 alius
2750 1132 2819 1173 ne
2860 1133 3050 1188 panem
3087 1120 3298 1192 quidem
3333 1123 3494 1182 habet
3515 1145 3624 1199 quo
3650 1145 3920 1190 vescatur.

2344 1203 2596 1270 Quaenam
2622 1217 2702 1261 est
2728 1206 2843 1262 haec
2867 1209 3092 1277 insania,
3120 1228 3362 1282 quaenam
3389 1225 3531 1272 tanta
3563 1221 3743 1278 feritas
3766 1225 3794 1277 ?
3819 1226 3922 1280 Ab-

2343 1295 2407 1346 sit
2439 1303 2494 1348 ut
2520 1295 2588 1348 sit
2624 1295 2778 1350 nobis
2817 1297 3113 1356 faciendum
3158 1304 3448 1372 periculum
3491 1308 3784 1368 ulciscendi
3830 1330 3921 1370 eos

2341 1389 2430 1453 qui
2461 1400 2565 1440 non
2593 1387 2880 1454 obediunt,
2914 1391 2985 1445 ita
3016 1400 3076 1446 ut
3103 1393 3465 1465 indignatione
3493 1402 3622 1456 moti
3652 1402 3777 1458 illos
3807 1406 3920 1475 ple-

2340 1485 2581 1543 ctamus;
2609 1479 2703 1533 scd
2735 1480 2976 1537 lubentes
3002 1494 3056 1538 et
3086 1486 3345 1552 patientes
3375 1488 3451 1545 illi
3489 1491 3602 1546 haec
3627 1497 3808 1550 omnia
3835 1499 3918 1551 ob-

2340 1580 2462 1622 eant
2490 1585 2503 1622 :
2537 1578 2594 1624 ut
2617 1572 2668 1625 in
2695 1572 2920 1642 gloriam
2940 1555 3041 1631 'Dei
3068 1577 3330 1645 vivamus,
3357 1589 3413 1634 ut
3437 1597 3467 1635 a
3493 1585 3750 1654 supplicio
3777 1590 3916 1658 quod

2339 1659 2444 1712 illic
2469 1669 2550 1714 est
2579 1660 2897 1728 liberemur,
2931 1675 2986 1718 et
3026 1665 3160 1721 bona
3189 1683 3536 1737 assequamur
3566 1677 3827 1751 promissa
3857 1679 3917 1734 iis

2336 1752 2424 1820 qui
2454 1750 2628 1822 ipsum
2651 1752 2896 1825 diligunt,
2925 1759 3095 1827 gratia
3117 1769 3172 1814 et
3193 1760 3535 1832 benignitate,
3562 1750 3667 1823 etc.

657 1885 774 1898 —
1963 1956 2306 2019 HOMILIA
2350 1957 2541 2038 Vlll.‘

652 2098 778 2154 Car.
806 2099 861 2155 ὅ.
892 2115 940 2151 v.
970 2099 1024 2154 5.
1054 2098 1360 2167 Mortiﬁcate
1383 2115 1500 2170 ergo
1521 2100 1742 2153 membra
1767 2110 1948 2163 vestra,
1975 2117 2088 2171 qua!
2109 2111 2228 2156 sunt

720 2205 871 2258 super
887 2199 1090 2248 terram,
1117 2191 1518 2260 fornicationem,
1536 2191 1927 2258 immunditiam,
1947 2191 2221 2255 libidinem,

718 2280 1169 2348 concupiscentiam
1199 2281 1405 2344 malam,
1434 2289 1481 2333 et
1507 2281 1790 2345 avaritiam,
1818 2297 1930 2347 quae
1955 2292 2025 2334 est
2058 2283 2224 2336 idolo-

719 2387 833 2423 rum
855 2370 1064 2423 servitus
1087 2371 1173 2425 :6.
1201 2379 1404 2440 propter
1426 2387 1539 2441 quae
1562 2372 1691 2424 venit
1712 2371 1788 2424 ira
1809 2369 1906 2425 Dei
1924 2389 2073 2442 super
2091 2374 2223 2440 ﬁlios

706 2460 1076 2530 incredulitatis
1105 2477 1123 2513 :
1140 2463 1194 2516 ‘t'.
1223 2461 1274 2514 in
1299 2459 1476 2530 quibus
1500 2461 1790 2516 antbulastis
1812 2463 2084 2532 aliquando
2110 2481 2221 2518 cum

717 2553 937 2606 viveretis
963 2553 1015 2606 in
1043 2552 1164 2607 illis.

718 2644 771 2698 l.
803 2642 927 2697 Scio
953 2643 1146 2696 multos
1167 2658 1286 2696 esse
1312 2643 1544 2698 offensos
1563 2660 1624 2698 ea
1646 2660 1766 2714 qua:
1791 2645 1926 2702 hanc
1953 2647 2223 2716 praecessit

643 2731 1061 2801 disceptatione;
1090 2734 1182 2787 sed
1211 2734 1334 2802 quid
1358 2734 1832 2804 agantlaudivistis
1850 2737 1973 2805 quid
2000 2739 2220 2804 jusserit

647 2825 916 2878 Dominus.
939 2824 1070 2878 Nutu
1089 2840 1185 2893 ego
1203 2840 1319 2878 sum
1341 2826 1533 2878 causa?
1550 2825 1673 2895 quid
1695 2826 1881 2880 faciam
1896 2827 1919 2880 ?
1933 2828 2044 2883 Non
2072 2829 2219 2884 vidc-

644 2916 710 2968 tis
735 2907 1001 2984 quomodo
1029 2916 1116 2985 qui
1145 2915 1381 2970 debitum
1412 2916 1650 2987 exigunt,
1669 2919 1712 2971 si
1735 2919 1943 2974 solvere
1970 2931 2218 2977 recusent

640 3005 912 3060 debitores
932 3047 947 3069 ,
978 3021 1071 3058 eos
1100 3006 1149 3058 in
1177 3007 1386 3061 vincula
1425 3007 1753 3076 conjiciunt?
1781 3010 2069 3066 Audivistis
2094 3012 2216 3080 quid

641 3095 799 3148 hodie
827 3096 1134 3148 exclamavit
1161 3097 1351 3150 Paulus
1377 3115 1389 3149 :
1427 3095 1746 3165 Mortiﬁcate,
1780 3101 1966 3170 inquit,
2000 3103 2219 3155 membra

639 3196 819 3251 vestra,
849 3202 963 3255 quae
988 3199 1102 3239 sunt
1147 3204 1300 3256 super
1328 3197 1534 3254 terram,
1562 3188 1962 3258 fornicationem,
1993 3192 2214 3246 immun-

636 3276 834 3340 ditiam,
864 3275 1137 3339 libidinem,
1162 3278 1616 3346 concupiscentiam
1638 3279 1846 3345 malam,
1869 3291 1913 3334 et
1934 3283 2213 3348 avaritiam,

635 3381 748 3433 qua:
782 3375 852 3419 est
878 3367 1126 3419 idolorum
1162 3370 1388 3420 servitus.
1418 3367 1555 3435 Quid
1582 3378 1663 3422 est
1701 3370 1786 3423 illa
1817 3371 2034 3425 avaritia
2064 3372 2213 3428 dete-

636 3457 788 3510 rius?
821 3456 929 3510 lloc
957 3466 1039 3511 est
1081 3457 1295 3525 gravius
1339 3474 1498 3528 quant
1543 3459 1684 3529 quod
1713 3459 1954 3515 dicebam
1978 3503 1994 3528 ,
2024 3452 2214 3533 nempe

633 3547 896 3599 stoliditas
929 3547 1013 3599 illa
1040 3547 1179 3601 circa
1219 3555 1523 3616 argentum,
1568 3548 1631 3602 Et
1673 3552 1968 3614 avaritiam,
2003 3553 2210 3621 inquit,

632 3655 745 3706 qua:
764 3648 835 3690 est
861 3637 1110 3691 idolorum
1132 3639 1360 3692 servitus.
1392 3637 1594 3693 Videtis
1614 3639 1824 3694 ubinam
1854 3643 2048 3695 malum
2074 3643 2217 3697 desi-

633 3738 723 3783 nat
743 3729 766 3781 ‘t
788 3727 864 3783 Ne
883 3743 1023 3797 aegre
1048 3727 1230 3782 feratis
1255 3746 1268 3781 :
1298 3743 1402 3784 non
1431 3729 1573 3783 cnim
1605 3729 1790 3813 lubens
1811 3747 1981 3800 neque
2010 3741 2212 3788 temere

630 3820 754 3873 volo
781 3819 976 3872 habere
1005 3819 1250 3873 inimicos
1274 3836 1287 3884 ;
1319 3819 1412 3873 scd
1443 3820 1601 3874 velim
1633 3836 1725 3875 vos
1749 3837 1813 3876 eo
1838 3824 2018 3878 venire
2045 3825 2212 3878 virtu—

632 3909 722 3974 tis,
754 3917 810 3961 ttt
834 3919 933 3977 ego
958 3908 1025 3963 de
1054 3908 1201 3962 vobis
1229 3909 1437 3962 audiam
1460 3899 1577 3979 qua:
1603 3921 1830 3980 oportet.
1852 3913 2208 3981 Quamobrem

631 4014 742 4052 non
784 4007 908 4053 sunt
948 4013 1066 4068 quae
1107 3998 1215 4054 dixi
1256 4001 1586 4056 auctoritatis
1627 4018 1800 4078 neque
1844 4005 2083 4074 imperii,
2113 4008 2205 4062 sed

632 4088 860 4143 tristitia:
885 4098 937 4144 et
965 4088 1184 4142 doloris.
1218 4088 1494 4161 Ignoscite,
1533 4092 1787 4162 ignoscite
1819 4113 1832 4150 :
1865 4099 1987 4150 nolo
2015 4112 2098 4152 me
2129 4099 2208 4153 iu-

614 4182 822 4247 tit-core
856 4197 1041 4252 gerere
1084 4180 1151 4236 de
1197 4182 1260 4236 iis
1291 4181 1561 4259 disserens
1581 4226 1598 4250 ,
1626 4185 1718 4240 sed
1753 4203 1934 4257 cogor.
1965 4187 2079 4243 Non
2111 4205 2208 4258 pro

627 4272 817 4328 dolore
847 4287 1135 4343 pauperum
1179 4271 1291 4326 haec
1317 4274 1471 4336 dico,
1508 4275 1599 4330 sed
1641 4291 1738 4345 pro
1780 4288 1951 4332 vestra
1990 4281 2159 4336 salute
2190 4303 2204 4338 :

630 4362 876 4433 peribunt
900 4362 1041 4416 enim
1060 4403 1076 4425 ,
1104 4361 1350 4431 peribunt
1376 4365 1461 4434 qui
1489 4363 1761 4421 Clu-istum
1801 4383 1904 4422 non
1936 4370 2201 4426 aluerunt.

624 4451 763 4519 Quid
786 4453 962 4516 enim,
992 4453 1035 4506 si
1074 4452 1172 4507 alis
1208 4455 1533 4523 pauperem?
1554 4455 1648 4510 sed
1677 4459 1926 4526 quamdiu
1955 4460 2032 4514 sic
2057 4460 2202 4540 luxui

623 4556 679 4598 et
714 4542 916 4598 deliciis
959 4543 1228 4614 indulges,
1259 4555 1379 4598 sunt
1415 4547 1593 4600 omnia
1638 4562 2054 4616 supervacanea.
2085 4550 2201 4606 Non

624 4637 767 4689 enim
794 4636 1047 4706 quaeritur
1075 4637 1309 4691 multane
1338 4637 1548 4692 dederis
1572 4679 1586 4700 ,
1619 4639 1712 4693 sed
1751 4657 1875 4695 num
1907 4643 2083 4699 minus
2111 4645 2205 4700 de-

623 4727 770 4781 deris
796 4742 953 4798 quam
988 4727 1161 4783 ferant
1191 4726 1466 4784 facultates
1493 4747 1504 4783 :
1534 4729 1635 4785 hoc
1670 4732 1811 4786 enim
1841 4746 1922 4788 est
1950 4735 2199 4790 ludentis.

630 4817 681 4870 Μ
689 4817 932 4886 ortiﬁcate
953 4833 1092 4888 ergo,
1122 4819 1310 4889 inquit,
1335 4819 1556 4873 membra
1581 4831 1760 4889 vestra,
1781 4839 1893 4892 qua:
1910 4834 2026 4879 sunt
2048 4843 2205 4897 supra

623 4918 828 4960 terram.
857 4907 991 4974 Quid
1024 4906 1188 4961 dicis?
1228 4923 1404 4962 nonne
1441 4918 1494 4962 tu
1533 4910 1710 4964 dixisti
1741 4930 1753 4965 :
1785 4912 1990 4982 Sepulti
2031 4917 2162 4970 estis
2184 4958 2199 4980 ,

621 4997 918 5066 enusepulti
941 4999 1089 5063 estis,
1113 4998 1413 5053 circumcisi
1436 5000 1583 5066 estis,
1606 5002 1850 5057 exuimus
1870 5019 2063 5073 corpus
2089 5021 2206 5076 pec-

564 5098 572 5103 '
621 5102 860 5143 catnrum
882 5088 1057 5142 carnis
1084 5088 1256 5159 (Rom.
1289 5089 1340 5143 6.
1369 5090 1424 5144 4.
1466 5089 1577 5145 Col.
1605 5092 1660 5146 2.
1690 5093 1776 5146 ll.
1804 5102 1851 5147 et
1873 5095 1924 5149 5.
1951 5095 2005 5163 9)
2025 5098 2048 5149 ?
2071 5112 2204 5166 quo—

623 5179 783 5233 modo
812 5194 942 5250 ergo
978 5194 1164 5234 rursus
1188 5179 1320 5234 dicis
1339 5221 1353 5244 ,
1386 5181 1692 5251 Mortificate
1710 5185 1736 5238 1’
1759 5183 1837 5239 Ne
1868 5185 2016 5239 ludas
2046 5205 2058 5240 :
2087 5187 2202 5242 lure

621 5273 756 5327 dicis
782 5287 845 5328 ac
884 5273 929 5327 si
969 5273 1082 5329 haec
1110 5274 1217 5328 sint
1257 5273 1530 5345 innubis?
1558 5276 1672 5331 Non
1709 5286 1791 5331 est
1815 5278 2163 5335 contradictio
2183 5321 2198 5346 ,

617 5365 714 5419 sed
747 5363 888 5418 velut
908 5363 954 5418 si
979 5365 1097 5434 quis
1115 5380 1235 5420 cum
1260 5379 1290 5419 a
1313 5365 1563 5421 sordibus
1585 5368 1924 5424 abstersisset
1948 5380 2197 5436 statuam,

620 5455 701 5509 vel
743 5454 918 5524 potius
944 5469 1062 5510 eam
1091 5453 1277 5511 denuo
1297 5456 1516 5512 fudisset
1544 5466 1597 5512 et
1621 5459 1907 5515 conﬂasset
1928 5502 1944 5528 ,
1974 5476 2201 5531 eamque

616 5545 688 5599 de
731 5545 935 5617 integro
978 5545 1263 5617 fulgentem
1303 5547 1623 5604 reddidisset
1660 5559 1714 5604 et
1752 5551 1970 5607 nitidam
1995 5595 2011 5621 ,
2058 5553 2201 5609 dicat

618 5636 832 5707 quidem
872 5652 992 5693 esse
1025 5653 1240 5694 exesam
1270 5646 1324 5693 et
1353 5639 1573 5708 periisse
1614 5640 1906 5712 rubiginem
1927 5685 1942 5709 ,
1977 5645 2199 5701 suadeat

617 5737 794 5783 autem
823 5742 1009 5784 rursus
1029 5741 1245 5798 operam
1270 5727 1419 5799 dare,
1449 5740 1504 5786 ut
1532 5729 1827 5803 deponatur
1853 5734 2056 5807 rubigo,
2088 5752 2194 5795 non

2335 2102 2503 2156 utitur
2531 2090 2997 2166 contradictione:
3029 2129 3134 2169 non
3162 2118 3304 2172 enim
3343 2137 3500 2190 quam
3541 2127 3791 2184 abstersit
3823 2148 3910 2185 ru-

2333 2192 2585 2264 biginem,
2615 2197 2710 2252 sed
2739 2215 2859 2270 qua:
2898 2214 3079 2270 postea
3111 2208 3436 2278 adnascitur,
3465 2219 3654 2273 suadet
3677 2222 3912 2290 depone-

2332 2299 2409 2337 re.
2443 2285 2533 2340 Sic
2564 2302 2736 2358 neque
2773 2293 3004 2360 priorem
3041 2296 3169 2351 dicit
3209 2303 3670 2361 mortificationem
3692 2350 3706 2371 ,
3741 2285 3911 2382 neque

2331 2373 2446 2428 illas
2468 2376 2865 2446 fornicationes,
2887 2385 2980 2439 sed
2999 2403 3117 2456 qua:
3139 2401 3317 2459 postea
3339 2396 3614 2451 accedunt.
3635 2398 3737 2454 Sed
3760 2373 3908 2471 ecce,

2331 2465 2571 2535 inquiunt
2606 2470 2845 2527 haeretici
2868 2517 2883 2538 ,
2911 2492 2995 2530 res
3035 2489 3246 2536 creatas
3289 2483 3480 2539 Paulus
3507 2490 3860 2548 calumniatur
3893 2513 3905 2548 :

2328 2557 2460 2612 dixit
2485 2561 2626 2615 enim
2656 2566 2919 2633 superius,
2954 2568 3081 2634 Qua
3103 2588 3298 2627 sursum
3326 2589 3442 2630 sunt
3469 2582 3650 2649 sapite,
3677 2601 3772 2636 non
3798 2604 3908 2654 qua

2327 2663 2478 2716 super
2507 2660 2730 2716 terram;
2759 2671 2942 2710 rursus
2971 2659 3133 2724 dicit,
3165 2661 3471 2729 Mortiﬁcate
3497 2675 3715 2724 membra
3745 2689 3906 2729 vestra

2326 2755 2438 2806 qua:
2476 2753 2594 2795 sunt
2629 2761 2784 2813 super
2815 2756 3018 2802 terram.
3049 2750 3152 2806 Sed
3184 2753 3311 2809 illttd
3332 2800 3345 2822 ,
3377 2758 3546 2826 Super
3574 2771 3756 2816 terram
3776 2807 3792 2832 ,
3823 2768 3906 2819 hic

2325 2830 2586 2897 significat
2610 2848 2908 2902 peccatum,
2941 2856 3040 2895 nec
3069 2858 3156 2897 res
3181 2857 3389 2902 creatas
3416 2850 3788 2909 ealnmniatur.
3817 2857 3905 2913 Sic

2326 2919 2466 2973 enim
2497 2937 2558 2976 ea
2586 2940 2703 2992 qua:
2733 2941 2896 2998 super
2922 2937 3120 2987 terram
3161 2945 3285 2991 stmt
3315 2951 3466 2994 vocat
3510 2958 3725 3011 peccata
3746 2988 3762 3013 ,
3790 2950 3904 3005 sive

2323 3010 2462 3078 quod
2486 3029 2548 3067 ex
2577 3023 2784 3070 terrena
2807 3022 3129 3089 cogitatione
3148 3037 3202 3080 et
3225 3027 3274 3081 in
3305 3038 3445 3085 terra
3475 3045 3769 3103 patrcntur,
3793 3041 3904 3094 sive

2323 3101 2462 3168 quod
2493 3115 2801 3171 peccatores
2830 3118 3072 3166 terrenos
3102 3130 3222 3170 esse
3252 3101 3550 3178 ostendant.
3583 3124 3903 3184 Fornican'o-

2321 3207 2432 3243 nem
2457 3232 2472 3257 ,
2508 3193 2918 3277 immunditiam,
2961 3203 3150 3273 inquit.
3181 3206 3284 3262 Res
3311 3216 3654 3278 praetermisit
3677 3235 3809 3285 quas
3839 3238 3904 3273 ne

2323 3281 2600 3339 honestum
2641 3287 2852 3356 quidem
2900 3302 2982 3346 est
3021 3294 3234 3361 dicere,
3279 3308 3334 3354 et
3376 3316 3469 3369 per
3512 3281 3901 3363 immunditiam

2320 3374 2496 3427 omnia
2535 3378 2787 3432 ostendit.
2835 3378 3155 3450 Libidinem,
3203 3387 3408 3456 inquit,
3450 3395 3903 3462 concupiscentiam

2318 3461 2525 3517 malam.
2555 3464 2690 3519 Ecce
2719 3476 2885 3523 totum
2912 3470 3045 3527 dixit
3070 3474 3120 3528 in
3147 3491 3340 3545 genere
3369 3498 3382 3533 :
3407 3483 3583 3535 omnia
3609 3461 3750 3539 enim
3775 3502 3901 3542 sunt

2319 3552 2458 3605 mala
2487 3555 2748 3624 cupiditas
2773 3599 2786 3619 ,
2821 3560 3012 3614 invidia
3035 3603 3049 3626 ,
3089 3564 3164 3618 ira
3185 3607 3199 3628 ,
3234 3567 3463 3624 tristitia.
3497 3571 3562 3625 Et
3599 3578 3900 3643 avaritiam,

2319 3639 2507 3710 inquit,
2536 3660 2650 3712 quae
2674 3656 2747 3699 est
2773 3647 3024 3717 idolorum
3045 3655 3273 3709 servitus.
3310 3657 3525 3730 Propter
3543 3680 3656 3732 qua:
3675 3668 3799 3719 venit
3825 3639 3902 3721 ira

2319 3729 2415 3784 Dei
2441 3750 2595 3802 super
2619 3738 2754 3804 ﬁlios
2781 3739 3168 3798 incredulitatis.
3203 3747 3302 3802 Per
3329 3729 3491 3806 multa
3519 3729 3614 3809 eos
3639 3755 3858 3812 abduxit
3885 3778 3898 3812 :

2318 3836 2412 3890 per
2438 3838 2497 3875 ea
2528 3840 2647 3893 qua:
2676 3826 2886 3884 fuerunt
2914 3831 3171 3889 beneficia
3195 3851 3209 3901 ;
3242 3853 3336 3905 per
3362 3842 3498 3894 mala
3527 3843 3702 3901 futura
3727 3864 3752 3899 a
3777 3850 3901 3918 qui-

2315 3911 2415 3964 bus
2444 3928 2628 3968 sumus
2657 3917 2864 3974 liberati
2891 3937 2905 3984 ;
2935 3924 3150 3990 quinam
3179 3942 3298 3982 eum
3327 3946 3585 3999 essemus,
3615 3947 3669 3991 et
3691 3954 3855 4009 quare
3881 3959 3894 3996 :

2313 4013 2366 4056 et
2392 4008 2566 4060 omnia
2598 4009 2719 4074 illa;
2752 4020 2839 4077 ut,
2865 4014 3079 4082 quinam
3112 4018 3395 4088 fuerimus,
3426 4033 3480 4078 et
3507 4027 3559 4080 in
3589 4008 3811 4098 quibus;
3842 4045 3897 4088 et

2312 4096 2451 4162 quod
2479 4095 2547 4150 ab
2573 4099 2650 4153 eis
2677 4101 2842 4156 simus
2869 4103 3098 4174 liberati,
3131 4125 3236 4179 quo
3266 4124 3419 4181 pacto
3441 4124 3496 4171 et
3524 4095 3815 4188 quomodo,
3846 4138 3895 4178 et

2313 4197 2529 4256 propter
2551 4205 2691 4258 quur.
2724 4190 2847 4246 lucc
2877 4195 3145 4253 sufficiunt
3170 4201 3235 4255 ad
3263 4207 3608 4267 avertendum
3636 4228 3649 4264 :
3673 4213 3762 4266 sed
3789 4218 3895 4268 huc

2311 4286 2393 4332 est
2434 4281 2671 4334 omnium
2721 4283 3248 4344 vebementissimuut
3273 4333 3288 4358 ,
3325 4294 3469 4349 dictu
3510 4299 3724 4368 quidem
3757 4303 3896 4369 inju-

2311 4369 2561 4436 cuudum,
2592 4388 2695 4426 non
2730 4383 2906 4429 tamen
2943 4377 3148 4444 inutile,
3181 4381 3275 4436 sed
3304 4385 3462 4439 etiam
3492 4388 3641 4442 utile.
3676 4389 3894 4462 Propter

2308 4476 2439 4528 qum,
2468 4463 2656 4533 inquit,
2681 4467 2810 4519 venit
2833 4468 2910 4521 ira
2932 4467 3028 4523 Dei
3045 4488 3194 4542 super
3212 4476 3347 4544 ﬁlios
3367 4478 3732 4538 incredulitatis
3777 4484 3889 4540 Non

2309 4550 2478 4619 dixit,
2503 4554 2672 4624 Super
2702 4571 2796 4611 vos
2815 4597 2829 4618 ,
2858 4559 2951 4613 sed
2974 4601 2989 4625 ,
3020 4561 3188 4633 Super
3229 4566 3364 4633 ﬁlios
3404 4567 3790 4629 incredulittis.
3828 4576 3888 4630 fu

2309 4645 2484 4714 quibus
2510 4647 2803 4702 ambttlastis
2830 4650 3127 4721 aliquando,
3157 4671 3270 4709 cum
3299 4659 3523 4714 viveretis
3549 4664 3602 4716 in
3629 4665 3750 4719 illis.
3782 4666 3886 4721 Pu-

2309 4735 2491 4790 dorcm
2523 4737 2789 4795 incutiens
2813 4740 2960 4808 dicit,
2992 4742 3116 4799 Cum
3145 4746 3369 4803 viveretis
3397 4751 3450 4805 in
3477 4753 3620 4817 illis;
3650 4757 3805 4810 simul
3830 4769 3884 4811 et

2308 4844 2427 4883 cum
2459 4829 2631 4898 laude,
2662 4834 2830 4902 utqui
2863 4849 3002 4892 nunc
3031 4853 3138 4893 non
3165 4839 3341 4901 vivant
3368 4843 3419 4897 itt
3448 4843 3589 4898 illis:
3616 4857 3740 4902 tunc
3764 4849 3887 4904 lice-

2309 4920 2398 4974 bat
2425 4922 2492 4975 ita
2524 4922 2685 4994 loqui.
2713 4924 2764 4980 8.
2797 4924 2950 4981 Nunc
2977 4940 3143 4983 autat:
3163 4931 3398 5002 deponite
3419 4947 3466 4990 et
3493 4951 3580 4991 vos
3606 4942 3801 4998 omnia.
3826 4944 3888 4999 Et

2310 5011 2555 5068 universe
2598 5029 2812 5084 semper
2838 5016 2968 5072 dicit
2991 5027 3046 5074 et
3071 5019 3342 5091 sigillatim
3373 5042 3388 5080 :
3419 5025 3533 5081 haec
3559 5039 3682 5083 sunt
3708 5043 3882 5087 autem

2307 5118 2374 5157 ex
2403 5102 2614 5158 affectu.
2657 5103 2837 5173 Iram,
2874 5107 3265 5181 indignationem
3283 5137 3316 5180 ,κ
3334 5116 3612 5183 malitiam,
3646 5121 3882 5192 blasphe-

2307 5195 2480 5262 miam,
2511 5206 2705 5266 turpem
2731 5215 3008 5256 sermonem
3036 5203 3099 5259 de
3132 5221 3218 5259 ore
3247 5217 3429 5264 vestro.
3460 5210 3512 5265 9.
3549 5211 3724 5267 Nolite
3750 5232 3884 5270 mcu-

2309 5284 2392 5337 tiri
2415 5284 2640 5339 invicem.
2671 5285 2894 5358 Tui-pem
2918 5307 3230 5362 sermonem,
3260 5297 3462 5368 inquit,
3491 5317 3554 5356 ex
3577 5319 3663 5356 ore
3691 5317 3849 5360 vestro
3867 5349 3879 5366 .

2306 5391 2426 5431 cum
2457 5379 2720 5449 emphasi,
2747 5376 2995 5452 quoniam
3026 5386 3076 5440 id
3106 5391 3335 5444 maculat
3360 5400 3415 5445 et
3441 5394 3647 5462 polluit.
3681 5394 3880 5466 Exspao

2306 5469 2486 5524 liantes
2524 5485 2611 5525 vos
2655 5482 2867 5526 veterem
2913 5471 3162 5531 hominem
3196 5496 3308 5534 cum
3336 5481 3531 5536 actibus
3554 5484 3695 5550 suis,
3729 5489 3812 5541 to.
3839 5497 3882 5541 et

2304 5560 2568 5616 induentes
2593 5580 2797 5630 novum,
2825 5583 2938 5620 eum
2962 5569 3050 5638 qui
3069 5582 3336 5627 renovatur
3357 5574 3411 5628 in
3437 5575 3744 5646 agnitionem
3769 5579 3880 5648 Dei,

2305 5652 2581 5706 secundum
2620 5654 2892 5727 imaginem
2925 5662 3036 5729 eius
3058 5661 3147 5728 qui
3170 5664 3358 5717 aravit
3381 5680 3513 5721 eum.
3544 5665 3736 5739 Opera
3761 5687 3879 5741 pre-

2305 5740 2435 5799 tium
2463 5751 2547 5800 est
2582 5743 2670 5803 hic
2705 5763 2945 5818 quazrere
2972 5765 3071 5807 cur
3103 5754 3338 5812 membra
3362 5799 3378 5826 ,
3407 5766 3460 5815 et
3498 5740 3804 5832 hominem,
3831 5775 3879 5822 ct
