4050 6324
838 340 865 367 .1.

0 416 95 469 sas

0 542 180 595 roribus
203 533 364 578 vocet
391 525 553 578 vitam
583 533 885 591 corruptam
913 531 965 573 et
988 519 1333 588 depravatam
1353 534 1367 580 ;
1390 526 1443 570 et
1468 529 1583 569 rur—

0 633 81 671 sus
101 615 169 669 de
193 615 399 670 virtute
426 612 650 683 pnedito
676 611 921 666 similiter
949 617 1089 679 agat.
1122 607 1188 662 Et
1208 608 1251 661 si
1283 611 1443 660 homo
1465 612 1589 658 sunt

0 719 226 777 [naccam
250 704 530 776 quomodo
550 702 699 768 dicit,
722 700 848 758 Cum
869 701 1063 766 actibus
1081 700 1228 765 suis]
1248 697 1422 755 Semel
1444 695 1585 749 enim

0 801 119 854 .tisit
152 807 402 853 veterem
434 795 704 849 hominem
727 835 743 860 ,
775 792 1065 848 ostendens
1087 792 1227 862 quod
1258 790 1357 843 hoc
1388 803 1493 843 non
1522 788 1592 841 sit

0 894 172 954 hortm,
200 890 302 944 sed
340 887 489 943 illud.
519 886 765 941 Liberum
801 884 941 939 enim
973 883 1135 937 animi
1165 882 1442 937 arbitriutn
1473 894 1586 933 ma-

0 984 68 1053 gis
93 984 317 1037 obtinet
341 981 699 1051 principatum
725 993 882 1047 quam
910 976 1141 1031 essentia
1166 991 1182 1039 ;
1211 984 1263 1029 et
1293 972 1394 1027 hoc
1424 972 1593 1041 magis

0 1086 70 1126 est
100 1074 308 1135 homo,
344 1085 503 1140 quam
538 1068 687 1123 illud.
728 1066 843 1121 Non
885 1067 1026 1121 enim
1060 1065 1292 1120 essentia
1336 1064 1507 1133 injicit
1539 1064 1593 1117 in

0 1164 332 1228 gehennam,
358 1174 531 1229 neque
564 1158 763 1213 inducit
792 1158 843 1211 in
872 1172 1115 1228 regnum,
1142 1156 1235 1211 sed
1266 1157 1436 1225 ipsum
1465 1154 1596 1210 lihe-

0 1270 113 1308 rom
143 1252 437 1307 arbitrium
463 1267 479 1317 ;
507 1258 563 1306 et
592 1250 856 1305 neminem
882 1262 1123 1302 amamus
1142 1288 1157 1312 ,
1187 1262 1360 1316 neque
1385 1246 1596 1300 odimus

0 1355 265 1413 quan-nus
284 1352 378 1399 est
400 1342 581 1405 homo,
603 1341 697 1396 sed
718 1350 980 1412 quatenus
1002 1339 1120 1393 talis
1146 1350 1236 1391 aut
1264 1337 1384 1391 talis
1411 1335 1593 1390 homo.

0 1434 52 1488 Si
93 1449 227 1503 ergo
270 1446 474 1504 corpus
513 1432 727 1503 quidem
757 1441 839 1486 est
877 1430 1107 1485 essentia
1132 1470 1148 1493 ,
1186 1429 1297 1499 ipsa
1330 1436 1509 1482 autem
1543 1425 1596 1480 in

2 1528 242 1595 utrisque
272 1541 385 1581 non
406 1533 491 1580 est
512 1526 739 1580 obnoxia
771 1520 1059 1579 reddenda:
1086 1520 1301 1587 rationi,
1328 1518 1596 1590 quomodo

5 1618 171 1686 ipsum
201 1617 344 1671 dicit
372 1620 503 1670 esse
521 1613 759 1668 malum?

67 1708 121 1759 ‘2.
153 1705 305 1773 Quid
340 1720 467 1759 vero
493 1704 641 1771 dicit,
674 1705 799 1757 Cum
828 1704 933 1758 suis
962 1705 1153 1759 actibus
1175 1703 1200 1755 1’
1230 1703 1480 1757 Liberum
1513 1716 1599 1754 ar-

7 1799 222 1853 bitrium
256 1811 387 1850 cum
417 1794 687 1863 operibus.
719 1795 966 1850 Veterem
998 1804 1175 1848 autem
1210 1794 1379 1863 ipsum
1408 1801 1596 1855 vocat,

6 1890 117 1956 eius
146 1890 351 1943 volens
381 1886 666 1942 ostendere
706 1888 1090 1957 turpitudinem
1121 1894 1173 1941 et
1201 1885 1598 1941 deformitatem

9 1991 56 2033 rt
86 1980 553 2043 imbecillitatem;
586 1988 639 2032 et
659 1995 851 2031 novum
873 1978 1060 2048 inquit,
1089 1986 1357 2047 tamquam
1375 1975 1599 2039 diceret,

7 2071 77 2123 Ne
99 2071 437 2140 exspectetis
460 2070 688 2123 futurum
714 2080 769 2122 ut
790 2069 836 2122 ei
860 2068 999 2124 idem
1022 2068 1245 2130 accidat,
1268 2067 1361 2121 sed
1384 2077 1599 2121 contra:

10 2178 125 2213 nam
160 2175 275 2229 quo
327 2160 492 2229 magis
536 2161 896 2228 processerit,
927 2175 1034 2213 non
1066 2159 1234 2213 tendit
1261 2158 1325 2211 ad
1354 2158 1602 2223 senium,

10 2252 98 2303 sed
123 2252 191 2304 ad
226 2251 491 2318 majorem
520 2254 696 2320 priore
716 2251 1072 2317 juventutem.
1099 2250 1225 2304 Nam
1252 2248 1466 2319 quando
1490 2264 1605 2302 ma-

8 2343 178 2409 jorem
208 2342 490 2411 acceperit
518 2341 873 2410 cognitionem
896 2382 911 2406 ,
947 2341 1146 2411 majora
1179 2356 1390 2409 quoque
1420 2355 1608 2394 conse-
1638 2384 1641 2387 .

12 2433 189 2498 quitur
211 2473 227 2495 ,
264 2442 324 2484 et
356 2432 524 2501 magis
556 2432 694 2501 viget
733 2441 786 2485 et
832 2433 1089 2501 majorem
1135 2433 1238 2484 vim
1272 2432 1468 2496 habet,
1502 2447 1606 2484 non

13 2522 182 2573 slum
212 2523 289 2574 oh
318 2521 674 2590 juventntem,
704 2522 797 2575 scd
824 2522 982 2576 etiam
1008 2523 1075 2576 ob
1102 2521 1329 2576 formam
1358 2522 1423 2575 ad
1450 2538 1608 2591 quant

18 2610 277 2669 refertur.
325 2614 464 2669 Ecce
502 2624 744 2669 creatura
774 2617 973 2684 optima
1014 2618 1136 2671 vita:
1176 2617 1437 2671 institutio
1478 2617 1607 2671 dici-

19 2717 120 2760 tur.
158 2708 240 2761 Ad
292 2710 576 2778 imaginem
620 2707 817 2763 Christi
851 2711 987 2765 :hoc
1029 2711 1171 2765 enim
1209 2721 1292 2766 est
1328 2712 1490 2776 illud,
1532 2714 1612 2767 Ad

19 2800 297 2869 imaginem
339 2801 450 2869 ejus
486 2799 574 2870 qui
602 2800 786 2853 creavit
829 2802 1013 2872 ipsum.
1056 2801 1186 2855 Nam
1231 2817 1331 2858 nec
1371 2803 1615 2857 Christus

18 2906 179 2943 senex
212 2900 464 2942 mortuus
491 2898 592 2953 est,
617 2890 710 2943 Sed
742 2902 857 2945 erat
886 2891 1019 2945 adeo
1044 2893 1264 2960 pulcher
1291 2904 1347 2946 ut
1378 2892 1479 2947 dici
1509 2908 1612 2947 non

20 2980 210 3047 possit.
252 2978 357 3033 Ubi
384 2996 483 3032 non
515 2990 587 3032 est
618 2982 869 3034 masculus
907 2997 995 3034 nec
1030 2982 1217 3048 femina
1237 3025 1250 3046 ,
1287 2984 1374 3037 II.
1417 2985 1617 3053 gmtilis

20 3082 62 3121 ct
84 3069 337 3135 Jndcvus,
368 3070 683 3123 circumcisio
712 3079 757 3123 et
794 3072 1120 3139 prteputium,
1148 3070 1390 3125 barbarus
1416 3082 1460 3125 ct
1488 3073 1620 3140 Scy-

23 3162 128 3226 tha,
158 3176 340 3214 servus
366 3171 413 3215 et
438 3161 585 3226 liber,
613 3161 701 3213 sed
730 3162 920 3225 omnia,
953 3171 999 3215 et
1027 3162 1079 3214 in
1109 3162 1340 3215 omnibus
1369 3162 1618 3220 Christus.

28 3252 164 3304 Ecce
189 3250 413 3313 tertium
435 3249 594 3319 hujus
616 3250 712 3303 viri
732 3251 1056 3315 encotnium,
1075 3251 1289 3320 quando
1311 3267 1409 3306 nec
1426 3254 1618 3321 gentis,

28 3356 126 3394 nec
157 3340 536 3405 auctoritatis,
580 3356 752 3409 neque
793 3341 1053 3410 majorum
1101 3342 1394 3411 ingreditur
1436 3343 1623 3397 discri-

30 3449 174 3497 men,
223 3448 352 3487 cum
395 3432 526 3486 nihil
576 3430 771 3487 haheat
808 3443 1130 3500 externum,
1176 3449 1348 3505 neque
1379 3435 1462 3489 his
1492 3451 1624 3504 opus

32 3526 227 3579 haheat
254 3542 272 3578 :
300 3525 425 3579 talia
453 3524 596 3579 enim
626 3524 808 3580 omnia
849 3534 971 3579 sum
1003 3537 1245 3581 externa.
1278 3514 1627 3581 Circumcisio

32 3625 79 3666 ot
114 3618 467 3685 prmputium,
501 3629 689 3670 servus
715 3625 769 3669 et
799 3614 957 3680 liber,
986 3614 1236 3681 Graecus,
1267 3616 1368 3670 hoc
1396 3624 1480 3671 est
1508 3632 1630 3685 pro-

34 3707 240 3777 sclyttts
270 3748 285 3769 ,
316 3715 371 3760 et
398 3704 617 3761 Judceus
647 3719 678 3760 a
709 3705 1019 3775 majoribus.
1061 3706 1115 3761 Si
1162 3708 1301 3761 hunc
1331 3707 1503 3761 solum
1532 3708 1628 3761 ha-

37 3797 197 3859 beas,
236 3796 431 3851 eadem
474 3797 777 3866 assequeris
824 3813 943 3866 qua:
988 3796 1075 3851 alii
1124 3797 1212 3867 qui
1256 3796 1473 3852 trahent.
1524 3797 1630 3851 Sed

39 3891 245 3953 omnia,
285 3888 492 3958 inquit,
533 3895 578 3943 et
614 3888 669 3942 in
706 3888 936 3943 euntibus
984 3900 1055 3943 est
1096 3889 1369 3954 Christus;
1415 3889 1467 3945 id
1511 3900 1589 3944 est
1614 3932 1628 3953 ,

39 3983 216 4037 omnia
252 3982 412 4036 nobis
439 3962 542 4036 erit
565 3980 832 4043 Christus.
864 3989 918 4037 et
942 3981 1173 4053 dignitas
1201 3992 1255 4038 et
1277 3997 1467 4052 genus,
1500 3992 1553 4036 et
1579 3983 1631 4036 in

44 4075 192 4129 vobis
216 4075 480 4129 orstnibus
506 4076 643 4143 ipse.
676 4074 781 4130 Aut
808 4074 949 4129 aliud
984 4076 1148 4140 dicit,
1178 4092 1371 4145 nempe
1396 4094 1409 4129 :
1433 4076 1634 4130 Omnes

44 4182 179 4220 uotis
204 4167 462 4221 Christus
489 4166 612 4221 facti
652 4167 821 4233 estis,
851 4183 972 4221 cum
1013 4168 1128 4223 sitis
1157 4168 1275 4238 ejus
1300 4184 1511 4237 corpus.
1546 4169 1631 4225 12.

49 4284 62 4310 ι
80 4260 254 4313 nduite
274 4274 363 4311 vos
382 4275 502 4327 ergo
520 4260 650 4313 sicut
670 4261 814 4314 electi
845 4259 961 4327 Dei,
982 4264 1149 4315 sancti
1167 4272 1214 4316 et
1234 4265 1419 4317 dilecti.
1444 4266 1634 4319 Osten-

50 4349 126 4401 dit
153 4347 470 4401 facilitatem
502 4348 732 4412 virtutis,
769 4359 826 4404 ut
852 4360 905 4405 ct
931 4367 1047 4406 eam
1080 4364 1337 4422 perpetuo
1368 4355 1634 4422 habeant,

48 4448 99 4491 ct
136 4448 194 4492 ut
238 4448 515 4508 tamquam
558 4441 792 4494 maximo
831 4451 1046 4497 utantur
1085 4456 1420 4500 ornamento.
1465 4448 1531 4502 Et
1558 4460 1639 4503 est

49 4542 167 4579 cum
200 4527 365 4581 laude
405 4531 619 4581 suasio:
652 4540 779 4584 tunc
805 4534 948 4587 cn‘m
981 4533 1087 4587 vim
1129 4534 1287 4589 habet
1332 4539 1637 4593 maximam.

52 4617 295 4672 Fuerunt
322 4618 465 4672 enim
493 4621 661 4674 sancti
686 4661 702 4685 ,
730 4621 824 4675 sed
854 4638 957 4675 nun
986 4626 1142 4678 electi
1173 4643 1184 4677 :
1216 4642 1357 4680 nunc
1383 4638 1558 4681 autem
1588 4638 1643 4682 et

53 4707 205 4761 electi
247 4716 308 4762 et
336 4709 508 4763 sancti
540 4718 595 4763 et
624 4710 828 4769 dilecti.
869 4710 1073 4768 Viscera
1102 4716 1480 4770 misericordiae.
1524 4718 1638 4772 Non

53 4799 220 4862 dicit,
255 4798 713 4868 Misericordiam,
742 4804 836 4858 sed
878 4820 1001 4859 cum
1045 4807 1230 4875 majori
1274 4810 1513 4879 emphasi
1549 4827 1640 4881 per

54 4892 176 4943 dno.
201 4892 401 4968 Etiam
422 4892 575 4957 dixit,
594 4895 883 4969 Tamquam
908 4897 1179 4959 fratribus.
1204 4902 1318 4964 sed,
1344 4902 1637 4973 Tamquam

58 4982 174 5036 filiis
215 4992 435 5052 patres.
465 4984 541 5039 Ne
582 4987 711 5040 mihi
754 4990 897 5042 enim
938 4989 1139 5045 dixeris
1172 4993 1311 5060 quod
1360 4998 1635 5061 peccavit:

60 5082 338 5142 propterea
368 5073 755 5139 dixit,Viscera.
786 5078 852 5132 Et
883 5096 986 5133 non
1017 5080 1169 5145 dixit,
1198 5083 1637 5152 Misericordiam,

61 5179 121 5215 ne
146 5178 241 5217 eos
270 5164 645 5233 vilipenderet,
676 5168 789 5232 sed,
836 5168 1039 5224 Viscera
1071 5173 1447 5228 misericordicv.
1483 5176 1639 5229 Beni-

60 5255 331 5322 gnitatem,
373 5256 744 5327 humilitatem,
791 5263 1121 5326 modestiam,
1174 5267 1503 5334 patientiam;
1551 5271 1637 5328 15.

59 5356 417 5414 supportantes
437 5347 667 5415 invicem,
690 5360 738 5404 et
758 5353 1002 5407 donantes
1045 5357 1427 5426 nobismetipsis,
1460 5361 1505 5413 si
1532 5363 1642 5427 quis

60 5438 300 5491 aduersus
343 5438 563 5507 aliquem
609 5440 788 5495 habeat
825 5444 1083 5513 querelam
1114 5462 1133 5499 :
1160 5448 1285 5500 sicut
1330 5460 1375 5502 et
1414 5448 1645 5506 Christus

62 5525 265 5580 donauit
290 5529 468 5593 vobis,
498 5531 569 5583 ita
606 5541 654 5585 et
697 5549 802 5586 vos.
850 5534 1054 5590 Rorsos
1094 5536 1221 5592 dicit
1249 5555 1345 5607 per
1373 5544 1641 5610 Speciem:

66 5632 183 5669 nata
206 5635 237 5671 a
262 5619 589 5689 benignitate
611 5624 783 5678 oritur
804 5625 1094 5694 humilitas,
1121 5630 1261 5684 etab
1285 5647 1344 5685 ea
1372 5633 1643 5701 patientia.

67 5708 459 5779 Supponunt“,
487 5714 677 5784 inquit,
706 5717 953 5783 invicem;
980 5718 1083 5774 hoc
1107 5729 1189 5775 cst
1214 5723 1563 5792 sustinentes,
1593 5737 1646 5781 et

70 5800 200 5856 alter
220 5802 379 5858 alteri
403 5805 754 5866 dimittentes.
783 5811 845 5868 Et
872 5813 994 5870 vide
1020 5818 1289 5885 quomodo
1319 5820 1493 5891 ipsum
1520 5823 1650 5881 nihil

885 409 949 464 IN
992 406 1207 463 EI‘IST.
1250 406 1341 463 AD
1377 401 1651 460 COLOSS.
1692 402 1845 458 CAP.
1892 404 1975 460 Ill.
2019 406 2247 463 lIOMIL.
2293 408 2425 464 VIII.

3175 413 3275 466 33%

1695 529 1815 570 csse
1842 517 2167 585 ostenderit,
2199 528 2256 573 ut
2290 520 2380 589 qui
2412 521 2611 575 vocarit
2643 522 2941 590 querelam.
2975 522 3041 577 Et
3064 522 3240 591 adjici:
3261 562 3276 585 ,

1696 605 1843 660 Sicut
1880 616 1928 660 et
1952 607 2183 663 Christus
2215 610 2421 663 donavit
2452 611 2609 664 vobis.
2654 612 2901 683 Magnum
2932 614 3233 684 exemplum
3264 634 3275 668 :

1698 697 1839 766 quod
1868 713 2080 768 semper
2105 699 2248 761 facit.
2278 716 2306 754 a
2332 699 2549 757 Christo
2579 703 2723 772 ipsos
2748 703 3065 759 adhortans.
3092 705 3257 770 Qttcre

1698 786 1800 839 lam
1838 787 1985 842 dicit.
2020 787 2129 844 Illic
2162 790 2375 859 quidem
2413 807 2637 862 parvum
2676 792 2803 848 illud
2845 809 2969 849 esse
3008 794 3277 857 ostendit;

1698 877 1911 945 quando
1958 888 2133 932 autem
2177 880 2395 933 adduxit
2426 882 2729 950 exemplum
2756 924 2770 946 ,
2808 884 3071 949 rerSnasit
3097 884 3237 953 quod
3263 924 3279 949 ,

1697 970 1908 1025 etiamsi
1951 971 2017 1025 de
2058 973 2265 1042 magnis
2297 974 2563 1041 possimus
2588 966 2844 1029 aecusare
2870 1017 2884 1041 ,
2914 986 3125 1044 oportet
3150 991 3281 1029 con-

1700 1060 1901 1115 donare
1927 1077 1944 1120 :
1967 1062 2093 1116 illud
2116 1064 2279 1129 cnim,
2305 1064 2448 1118 Sicut
2470 1065 2718 1130 Christus,
2740 1064 2841 1120 hoc
2861 1066 3125 1136 signiﬁcat
3148 1084 3161 1119 :
3187 1082 3286 1119 nec

1702 1151 1804 1207 hoc
1829 1152 2024 1223 solum,
2053 1155 2145 1208 scd
2172 1156 2334 1211 etiam
2361 1156 2502 1226 quod
2531 1172 2595 1211 ex
2625 1165 2736 1211 toto
2761 1159 2959 1219 corde;
2990 1172 3162 1227 neque
3186 1157 3285 1211 hoc

1702 1251 1907 1298 tantum
1932 1285 1948 1309 ,
1975 1243 2068 1297 sed
2098 1244 2257 1298 etiam
2294 1246 2435 1313 quod
2476 1254 2723 1314 oporteat
2760 1247 3003 1317 diligere.
3042 1247 3286 1302 Christus

1700 1335 1845 1390 enim
1890 1335 1941 1388 in
1990 1334 2223 1388 medium
2267 1336 2528 1391 adductus
2572 1337 2687 1391 hzec
2730 1338 2907 1391 omnia
2946 1337 3204 1407 adducit:
3234 1347 3288 1392 et

1700 1426 1842 1498 quod
1881 1427 2090 1482 etiamsi
2135 1429 2244 1483 sint
2282 1443 2471 1499 magna
2497 1470 2514 1497 ,
2556 1430 2765 1485 etiamsi
2811 1431 2959 1499 prius
3000 1444 3111 1499 eos,
3140 1429 3286 1484 nulla

1702 1517 2040 1573 all’ecerimus
2069 1516 2259 1587 injuria
2284 1558 2300 1583 ,
2343 1519 2551 1573 etiamsi
2590 1534 2689 1574 nos
2714 1519 2928 1589 quidem
2965 1521 3181 1590 magni;
3213 1520 3289 1574 illi

1702 1622 1831 1663 vero
1861 1607 2071 1678 pusilli;
2104 1608 2313 1663 etiamsi
2345 1609 2453 1663 sint
2482 1623 2579 1663 nos
2610 1621 2793 1679 postea
2827 1610 3067 1664 all'eeturi
3096 1621 3288 1665 contn-

1704 1696 1861 1752 melia
1891 1714 1905 1750 :
1934 1706 1989 1751 et
2025 1682 2165 1767 quod
2206 1699 2382 1751 anima
2427 1714 2523 1767 pro
2565 1699 2697 1767 ipsis
2741 1700 2809 1753 sit
2850 1701 3127 1769 ponenda;
3158 1702 3288 1755 illud

1705 1790 1846 1845 enim
1871 1831 1886 1855 ,
1920 1788 2102 1854 Sicut,
2133 1789 2247 1843 hme
2278 1790 2512 1859 postulat
2539 1808 2552 1845 :
2578 1798 2633 1844 et
2661 1792 2803 1861 quod
2835 1809 2935 1847 I'It'C
2964 1792 3030 1847 ad
3062 1804 3291 1848 mortem

1706 1898 1875 1955 usque
1901 1883 2071 1937 solum
2103 1891 2246 1938 stare
2277 1891 2541 1952 oporteat,
2571 1883 2666 1937 sed
2695 1885 2738 1938 si
2772 1882 2886 1938 ﬁeri
2921 1887 3111 1955 possit,
3134 1888 3291 1942 etiam

1708 1983 1914 2045 postea.

1760 2065 1907 2133 Sine
1926 2066 2136 2118 caritate
2158 2066 2287 2119 nihil
2300 2064 2513 2119 bonum.
2538 2096 2609 2105 —
2634 2066 2719 2119 Μ.
2746 2064 2917 2135 Super
2938 2065 3107 2119 omnia
3127 2078 3296 2121 autem

1710 2157 1816 2210 ha'c
1845 2156 2107 2209 caritatem
2136 2155 2313 2209 habete
2332 2198 2348 2223 ,
2380 2158 2517 2225 quod
2560 2168 2631 2210 est
2659 2157 2913 2209 vinculum
2952 2159 3296 2229 perﬁ’CliOJtis.

1716 2247 1877 2301 Vides
1914 2246 2055 2318 quod
2098 2248 2199 2302 hoc
2231 2248 2394 2305 dicat.
2432 2247 2563 2302 Nam
2594 2250 2843 2317 quoniam
2885 2249 2999 2303 fieri
3038 2261 3207 2319 potest
3242 2264 3298 2305 nt

1710 2339 1798 2408 qui
1829 2338 2097 2403 condonet
2124 2352 2227 2392 non
2256 2337 2460 2407 diligat,
2485 2338 2659 2403 Ccrtc,
2690 2338 2881 2409 inquit,
2903 2350 3114 2408 oportet
3135 2343 3297 2395 etiam

1710 2425 1966 2499 diligere;
1996 2438 2052 2484 et
2088 2429 2323 2483 ostendit
2362 2428 2499 2483 viam
2544 2444 2640 2498 per
2682 2446 2841 2500 quam
2892 2430 3005 2485 fieri
3040 2443 3214 2502 potest
3248 2444 3303 2486 ut

1712 2521 2068 2575 condonetttr.
2099 2520 2239 2575 Fieri
2267 2522 2408 2575 enim
2438 2532 2609 2591 potest
2641 2532 2694 2575 nt
2725 2524 2793 2575 sit
2823 2523 3017 2592 aliquis
3042 2524 3303 2594 benignus

1713 2623 1768 2669 et
1793 2615 1939 2669 mitis
1959 2626 2012 2669 et
2040 2614 2255 2669 humilis
2284 2624 2337 2670 et
2362 2615 2517 2680 lenis,
2545 2624 2599 2669 et
2620 2615 2823 2685 diligat.
2852 2616 3216 2683 Quamobrem
3252 2619 3303 2673 in

1717 2705 1980 2776 principio
2006 2704 2158 2767 dixit,
2201 2704 2406 2759 Viscera
2433 2706 2829 2772 misericordite,
2861 2716 2915 2771 et
2943 2708 3220 2763 caritatem
3251 2720 3306 2763 et

1718 2788 2164 2852 misericordiam.
2215 2798 2387 2869 Super
2433 2800 2603 2852 omnia
2650 2809 2819 2853 autem
2864 2799 2972 2854 haec
3020 2802 3304 2869 caritatem,

1716 2904 1831 2951 quae
1867 2897 1941 2943 est
1982 2889 2235 2943 vinculum
2284 2890 2627 2960 perfectionis.
2661 2890 2775 2946 lloe
2814 2899 2898 2945 est
2942 2902 3123 2946 autem
3163 2894 3305 2963 quod

1720 2980 1829 3034 vult
1856 2980 2035 3035 dicere
2060 2998 2073 3035 :
2101 2981 2193 3035 Illa
2220 2981 2351 3035 nihil
2378 2992 2633 3050 prosunt;
2659 2981 3027 3036 dissolvuntur
3048 2984 3190 3037 enim
3219 2985 3306 3039 illa

1720 3070 1935 3133 omnia;
1968 3071 2068 3123 nisi
2114 3072 2237 3123 [iant
2263 3086 2383 3125 cum
2410 3071 2635 3125 caritate
2664 3087 2677 3122 :
2706 3070 2819 3127 hzec
2852 3072 3031 3126 omnia
3062 3073 3150 3127 illa
3176 3089 3309 3129 con-

1721 3161 1956 3230 stringit.
1999 3161 2383 3231 Quodcumque
2430 3162 2628 3216 honnm
2668 3161 2892 3229 dixeris,
2940 3164 2984 3218 si
3030 3180 3091 3220 ea
3136 3164 3309 3231 absit,

1724 3250 1856 3305 nihil
1883 3260 1984 3315 est,
2014 3251 2107 3305 sed
2138 3252 2350 3306 difﬂuit.
2382 3254 2445 3307 Et
2470 3253 2608 3307 sicut
2633 3253 2685 3306 in
2716 3254 2858 3321 navi,
2883 3236 3093 3309 etiamsi
3123 3272 3310 3327 magna

1726 3343 1833 3396 sint
1876 3342 2227 3417 instrumenta
2253 3383 2269 3408 ,
2304 3350 2361 3397 et
2405 3335 2510 3397 non
2556 3343 2665 3397 sint
2695 3358 2816 3413 qua:
2855 3358 2971 3398 eam
3004 3347 3316 3415 succingant

1728 3433 1983 3498 tabulata,
2017 3432 2147 3486 nihil
2175 3433 2422 3504 prodest;
2449 3443 2501 3488 et
2526 3432 2579 3486 in
2605 3432 2771 3488 domo
2796 3434 2843 3489 si
2871 3450 2977 3489 non
3004 3437 3111 3490 sint
3144 3440 3345 3492 conti-1

1727 3526 2039 3595 gnationes;
2071 3536 2124 3580 et
2160 3525 2211 3579 in
2252 3540 2513 3595 corpore,
2545 3526 2754 3582 etiamsi
2798 3542 2989 3596 magna
3017 3529 3128 3583 sint
3157 3543 3277 3582 ossa
3298 3569 3316 3595 ,

1729 3634 1835 3673 non
1873 3619 1981 3673 sint
2020 3625 2197 3671 autem
2238 3616 2520 3687 ligamenta
2545 3657 2561 3682 ,
2594 3616 2729 3671 nihil
2771 3617 2943 3687 juvat.
2983 3618 3320 3689 Cujusmodi-

1730 3722 1960 3775 cumque
1986 3708 2129 3761 enim
2158 3706 2421 3777 quispiam
2459 3706 2598 3761 bona
2646 3707 2839 3761 haheat
2878 3723 3039 3778 opera
3078 3719 3133 3763 et
3175 3723 3320 3766 recte

1732 3796 1892 3861 facta,
1925 3806 2251 3852 evanescunt
2278 3796 2454 3849 omnia
2479 3836 2493 3862 ,
2524 3797 2625 3851 nisi
2660 3797 2730 3851 sit
2754 3798 2967 3852 caritas.
2998 3798 3115 3855 Non
3144 3800 3319 3867 dixit,

1735 3890 1832 3945 Eal
1875 3890 2183 3977 fastigium,
2234 3889 2328 3944 sed
2360 3888 2499 3958 quod
2528 3889 2613 3944 est
2643 3890 2837 3959 majus,
2877 3887 3145 3944 Vinculum
3172 3908 3194 3947 :
3221 3893 3323 3947 hoc

1736 3985 1878 4040 enim
1909 3994 1993 4039 est
2018 3970 2187 4052 magis
2216 3981 2576 4037 necessarium
2599 4022 2617 4048 ,
2649 3997 2809 4052 quam
2839 3982 2987 4036 illud.
3015 3981 3147 4037 Nam
3179 3983 3325 4038 fasti-

1735 4076 1880 4147 gium
1908 4074 2122 4145 quidem
2149 4084 2231 4127 est
2262 4073 2483 4127 intentio
2522 4071 2866 4142 perfectionis
2890 4089 2905 4138 ;
2936 4074 3198 4129 vinculum
3224 4089 3325 4129 au-

1739 4175 1844 4221 tent
1875 4174 1957 4220 est
1986 4163 2297 4234 complexus
2323 4173 2377 4218 et
2402 4162 2813 4233 comprehensio
2837 4178 3025 4218 eorum
3058 4179 3177 4234 quae
3203 4182 3326 4236 per-

1742 4257 2026 4314 fectionem
2054 4256 2313 4321 efﬁciunt,
2344 4266 2614 4326 tantquam
2656 4255 2806 4310 radix
2829 4298 2843 4321 ,
2876 4257 2963 4312 l5.
3009 4257 3071 4311 Et
3102 4275 3205 4329 pas:
3234 4258 3329 4313 Dei

1740 4347 1952 4404 exsultet
1981 4349 2035 4402 in
2061 4347 2293 4401 cordibus
2319 4347 2516 4413 vestris,
2548 4348 2601 4400 in
2627 4361 2727 4417 qua
2756 4356 2803 4401 et
2829 4352 2989 4402 vocati
3020 4349 3137 4403 estis
3154 4349 3208 4403 in
3229 4366 3330 4404 uno

1740 4459 1972 4511 corpore,
2007 4452 2053 4495 et
2081 4443 2214 4511 grati
2244 4450 2417 4494 estote.

1813 4535 1864 4588 3.
1898 4534 2002 4588 Pax
2024 4533 2115 4586 Dei
2134 4541 2289 4585 estea
2308 4547 2426 4601 qua:
2441 4540 2524 4586 est
2542 4532 2691 4585 lii-ma
2715 4541 2767 4597 et
2790 4532 3017 4587 stabilis.
3036 4533 3091 4589 Si
3114 4545 3331 4604 propter

1745 4627 2013 4679 hominem
2039 4623 2250 4694 quidem
2280 4638 2465 4693 pacem
2496 4624 2693 4677 habeas
2718 4667 2733 4691 ,
2761 4640 2822 4679 ea
2851 4626 2958 4679 cito
2988 4626 3297 4679 diSSOIt'Ilttl‘
3317 4645 3363 4696 ;,
3440 4685 3445 4691 ,

1743 4719 1824 4773 sin
1845 4726 2019 4771 autem
2043 4726 2256 4785 propter
2276 4715 2463 4781 Dcnm,
2484 4730 2589 4769 non
2618 4715 2826 4769 itidem.
2849 4716 3181 4784 Quamquam
3202 4716 3335 4769 dixit

1746 4810 1991 4863 universe
2012 4848 2024 4869 ,
2056 4804 2331 4862 Caritatem
2352 4848 2367 4871 ,
2400 4821 2585 4860 rursus
2628 4816 2804 4861 tamen
2835 4809 2979 4861 venit
3009 4808 3073 4860 ad
3106 4806 3159 4861 id
3190 4808 3333 4877 quod

1744 4911 1827 4956 est
1851 4901 2151 4971 singulare:
2177 4908 2258 4952 cst
2282 4900 2422 4951 enim
2447 4902 2607 4951 etiam
2635 4898 2981 4952 immoderata
3006 4901 3233 4953 caritas:
3256 4910 3334 4964 ut,

1745 4994 1958 5063 quando
1975 4993 2235 5062 quispiam
2261 5007 2324 5045 ex
2346 4992 2506 5043 multa
2531 4992 2751 5045 caritate
2771 5002 2971 5045 temere
2993 5002 3224 5053 accusat,
3245 4993 3335 5046 de-

1747 5096 2049 5155 pttgnalque
2071 5095 2123 5139 et
2140 5092 2433 5138 aversatur.
2457 5082 2568 5136 Non
2592 5083 2739 5141 dicit.
2766 5083 2878 5136 Hoc
2903 5083 3025 5136 nolo
3045 5101 3060 5148 ;
3084 5083 3177 5136 sed
3201 5085 3336 5137 sicut

1750 5176 1891 5229 Deus
1919 5174 2193 5228 vohiscum
2237 5172 2360 5227 fecit
2404 5187 2630 5241 pacem,
2666 5173 2737 5225 ita
2771 5188 2863 5225 vos
2907 5188 3118 5242 quoque
3157 5172 3333 5225 facite.

1746 5265 2027 5332 Quomodo
2052 5263 2219 5319 fecit?
2242 5262 2374 5317 Cum
2408 5265 2518 5334 ipse
2552 5264 2836 5327 voluisset,
2867 5264 3005 5317 nulla
3037 5280 3095 5317 re
3125 5279 3152 5315 a
3184 5264 3337 5317 nobis

1748 5369 1985 5429 accepta.
2018 5357 2153 5425 Quid
2182 5366 2283 5421 est,
2308 5355 2422 5410 Pax
2442 5355 2539 5409 Dii
2560 5355 2771 5409 exsultet
2791 5357 2843 5409 in
2864 5356 3100 5409 cordibus
3120 5355 3338 5409 vestris!

1748 5454 1806 5507 Si
1828 5461 2058 5523 pugnent
2078 5452 2194 5504 dnze
2212 5450 2576 5519 cogitationes,
2601 5464 2666 5502 ne
2684 5457 2886 5501 statuas
2903 5448 3033 5501 iram
3057 5462 3156 5501 nec
3172 5447 3338 5500 insul-

1754 5548 2008 5599 tationem
2040 5551 2306 5597 tenentem
2332 5542 2570 5596 hravium
2594 5552 2647 5594 et
2675 5541 2975 5609 pra-mium,
2998 5539 3089 5593 sed
3120 5553 3336 5608 pacem:

1752 5640 1980 5707 exenipli
2004 5653 2184 5696 causa,
2213 5630 2568 5704 s‘t'quispiam
2598 5634 2793 5701 injuste
2817 5631 3039 5686 allectus
3058 5640 3341 5684 contume-

1754 5731 1824 5786 lia
1841 5745 1900 5785 :a
1921 5726 2239 5784 contumelia
2257 5735 2427 5781 enata:
2442 5733 2568 5779 sunt
2583 5724 2701 5778 duae
2717 5724 3088 5793 cogitationes,
3107 5737 3208 5776 una
3226 5723 3343 5791 qui-

1757 5822 1879 5878 dem
1919 5816 2115 5891 jubcns
2144 5816 2323 5872 ulcisci
2345 5856 2361 5884 ,
2393 5816 2557 5871 altera
2585 5829 2714 5870 vero
2743 5814 3006 5879 tolerare;
3036 5821 3091 5867 et
3120 5814 3257 5869 inter
3283 5827 3342 5868 se
