4050 6324
786 376 893 434 ειςδ

755 477 758 482 ’
788 488 1075 544 luctantur.
1102 488 1159 543 Si
1185 488 1391 544 steterit
1423 503 1522 558 pax
1568 489 1661 543 Dei
1706 489 1978 559 prtemium
2003 489 2352 558 distribuens,

789 581 881 634 dat
907 581 1183 651 praemium
1212 581 1259 634 ei
1289 594 1406 648 qure
1429 577 1582 649 jubet
1609 579 1858 647 tolerare,
1886 588 1941 634 et
1963 580 2110 634 illum
2142 579 2352 650 pudore

786 669 971 722 afﬁcit.
1003 668 1318 735 Quomodo?
1349 668 1686 723 Persuadens
1713 670 1878 724 Deum
1907 685 2030 725 esse
2061 685 2266 739 pacem,
2295 681 2349 725 et

789 774 969 828 pacem
1013 758 1286 813 nobiscum
1337 757 1547 814 fecisse.
1600 759 1713 813 Non
1756 760 1852 814 abs
1897 776 1957 815 re
1999 777 2100 816 nec
2155 770 2356 818 temere

789 849 1020 903 ostendit
1057 849 1133 904 rei
1162 834 1411 918 magnum
1443 865 1562 904 esse
1585 859 1878 906 certamen.
1910 849 1984 906 Ne
2009 851 2091 905 ira
2114 893 2128 918 ,
2163 852 2351 921 inquit,

786 939 1070 1006 praemium
1111 938 1415 1004 distribuat,
1469 955 1574 1011 non
1623 940 1911 1006 contentio,
1958 957 2064 996 non
2114 956 2211 1010 pax
2253 941 2353 996 hu-

787 1046 942 1085 mana
972 1050 984 1085 :
1017 1047 1113 1100 pax
1145 1032 1284 1086 enim
1315 1030 1541 1086 humana
1575 1033 1632 1085 lit
1656 1047 1720 1086 ex
1747 1047 1813 1087 eo
1840 1032 1980 1102 quod
2008 1048 2111 1087 non
2133 1032 2355 1088 ulcisca-

788 1138 925 1188 ntur,
955 1138 1018 1176 ex
1047 1137 1112 1177 eo
1142 1123 1282 1193 quod
1307 1123 1435 1176 nihil
1462 1138 1625 1192 grave
1653 1125 1933 1192 patiamur.
1961 1124 2029 1177 At
2056 1138 2161 1178 non
2194 1122 2351 1191 hanc,

785 1215 970 1286 inquit,
1001 1216 1122 1269 volo
1143 1255 1159 1281 ,
1192 1214 1286 1269 sed
1319 1215 1461 1269 illam
1489 1231 1648 1285 quam
1695 1215 1938 1269 Christus
1966 1215 2202 1285 reliquit.
2229 1215 2353 1271 Sta-

781 1308 926 1364 dium
959 1310 1098 1363 intus
1127 1307 1250 1363 fecit
1283 1351 1296 1371 ,
1330 1308 1382 1362 in
1413 1308 1823 1378 cogitationibus
1845 1345 1862 1371 ,
1888 1315 2270 1377 certamenque
2299 1314 2352 1360 et

781 1399 984 1467 praemii
1010 1399 1436 1453 distributorem.
1470 1397 1670 1452 Deinde
1697 1411 1879 1452 rursus
1898 1396 2211 1452 adhortatio
2240 1413 2253 1448 :
2283 1395 2350 1450 In

778 1504 876 1556 qua
897 1498 940 1540 et
968 1489 1130 1541 uocati
1149 1489 1266 1542 estis
1289 1506 1305 1553 ,'
1335 1489 1434 1542 hoc
1458 1497 1559 1552 est,
1588 1488 1812 1557 Propter
1827 1502 1986 1557 quam
2007 1487 2176 1541 vocati
2199 1486 2350 1540 estis.

780 1577 1143 1632 ltevocavitin
1190 1579 1500 1632 memoriam
1549 1593 1707 1648 quam
1757 1578 2039 1632 multorum
2086 1575 2348 1630 bonorum

776 1683 932 1721 causa
958 1668 1026 1722 sit
1057 1684 1178 1737 pax.
1209 1669 1432 1739 Propter
1457 1663 1656 1722 eam'te
1683 1668 1906 1732 vocavit,
1932 1668 2048 1736 ejus
2072 1680 2230 1721 causa
2252 1681 2350 1722 vo-

774 1761 949 1824 cavit,
980 1768 1036 1812 ut
1077 1759 1181 1813 ﬁde
1209 1759 1430 1828 dignum
1456 1760 1728 1828 acciperes
1755 1759 2050 1828 prmmium.
2080 1757 2211 1829 Nam
2253 1772 2351 1812 cur

773 1863 932 1902 unum
958 1847 1079 1902 fecit
1101 1847 1337 1916 corpus?
1363 1862 1540 1902 nonne
1570 1858 1623 1901 ut
1650 1847 1760 1916 ipsa
1783 1847 2110 1902 dominatum
2139 1847 2348 1902 obtine-

772 1939 895 1992 ret?
943 1953 1121 1992 nonne
1147 1948 1201 1992 ut
1233 1938 1285 1990 in
1317 1952 1444 2006 pace
1489 1937 1714 2008 degendi
1757 1937 2073 1992 haberemus
2111 1935 2348 1990 occasio-

770 2029 936 2082 nem?
985 2025 1091 2080 Cur
1139 2041 1327 2081 omnes
1367 2041 1551 2081 sumus
1593 2042 1754 2080 unum
1801 2026 2037 2096 corpus?
2080 2025 2347 2096 quomodo

769 2129 945 2173 autem
990 2134 1174 2173 sumus
1218 2134 1376 2172 unum
1408 2118 1643 2186 corpus?
1690 2118 1912 2188 Propter
1959 2133 2141 2187 pacem
2183 2134 2344 2172 unum

767 2225 962 2279 corpus
987 2224 1189 2274 sumus,
1221 2218 1274 2264 et
1310 2219 1592 2280 pr0pterca
1640 2209 1783 2279 quod
1807 2225 1989 2263 sumus
2029 2224 2191 2263 unum
2228 2224 2349 2264 cor-

768 2317 870 2371 pus
897 2342 914 2368 ,
944 2303 995 2357 in
1027 2317 1152 2372 pace
1180 2303 1405 2371 agimus.
1434 2302 1544 2356 Cur
1567 2293 1744 2355 autem
1776 2319 1879 2356 non
1906 2287 2040 2356 dixit
2063 2344 2078 2369 ,
2112 2303 2218 2358 Pax
2249 2303 2345 2357 Dei

757 2394 964 2458 'vincat,
998 2393 1112 2458 sed,
1147 2392 1396 2459 Exsultat,
1426 2398 1537 2447 sive
1564 2394 1841 2464 pr:emium
1866 2393 2188 2448 distribuat?
2215 2395 2342 2449 Eam

767 2483 943 2538 effecit
987 2482 1089 2537 ﬁde
1116 2484 1412 2554 digniorem
1444 2503 1459 2537 :
1488 2498 1594 2537 non
1641 2484 1765 2538 sivit
1794 2491 1850 2536 ut
1875 2498 1994 2537 cum
2023 2499 2088 2538 ea
2117 2484 2344 2538 luctare.

768 2584 853 2628 tur
876 2576 1011 2628 mala
1031 2574 1302 2645 cogitatio,
1325 2573 1418 2629 sed
1441 2583 1609 2628 staret
1632 2574 1874 2630 inferius.
1902 2577 1965 2630 Et
1984 2591 2176 2632 nomen
2206 2591 2343 2647 pra:-

766 2667 856 2720 mii
888 2667 1137 2721 excitavit
1165 2666 1484 2721 auditorem.
1529 2665 1663 2721 Nam
1712 2667 1757 2722 si
1801 2665 2011 2722 dederit
2058 2667 2340 2736 prcemium

764 2755 920 2811 bona:
949 2755 1277 2827 cogitationi,
1304 2765 1790 2827 quantumcumque
1821 2757 1929 2824 illa,
1959 2772 2149 2828 nempe
2178 2759 2338 2821 mala,

763 2849 1153 2919 sitimpudens,
1181 2849 1229 2905 ei
1253 2849 1321 2904 de
1341 2858 1537 2905 extero
1566 2850 1695 2902 nihil
1724 2848 1976 2918 proderit.
2002 2849 2211 2920 Alioqui
2238 2863 2339 2904 au-

767 2948 871 2994 tem
907 2939 1083 2995 sciens
1108 2939 1215 3004 illa,
1242 2937 1385 3008 quod
1411 2937 1663 3009 quidquid
1697 2938 1902 3003 fecerit,
1931 2940 2204 3008 prannium
2233 2955 2338 2995 non

767 3031 837 3082 sit
884 3039 1165 3098 acceptura
1192 3070 1208 3095 ,
1238 3029 1491 3099 quidquid
1531 3031 1748 3099 spirarit
1794 3039 1845 3083 et
1873 3032 2239 3087 vehementius
2267 3032 2342 3086 ir-

762 3136 921 3175 ruere
948 3135 1196 3191 aggressa
1219 3119 1399 3187 fuerit,
1430 3130 1489 3174 ut
1513 3136 1632 3191 qua:
1661 3122 1919 3177 inutiliter
1941 3123 2161 3187 laboret,
2192 3123 2338 3179 desi-

763 3221 888 3268 stet.
922 3212 1085 3267 Recte
1127 3222 1304 3266 autem
1345 3213 1586 3279 addidit,
1638 3213 1704 3267 Et
1732 3215 1868 3285 grati
1900 3224 2074 3270 estote.
2120 3216 2232 3271 Hoc
2257 3226 2338 3272 est

762 3305 903 3358 enim
934 3318 1054 3359 esse
1077 3315 1309 3375 gratum,
1338 3313 1391 3358 et
1415 3303 1482 3358 ad
1514 3305 1876 3360 incutiendum
1896 3305 2156 3376 pudorem
2181 3307 2338 3361 valde

761 3395 1083 3464 appositum,
1129 3404 1185 3448 ut
1226 3396 1499 3470 conservis
1528 3395 1779 3450 similiter
1816 3405 2026 3462 utatur,
2060 3397 2198 3452 sicut
2222 3398 2337 3466 ipso

763 3486 924 3548 Deus,
974 3484 1191 3539 domino
1232 3486 1409 3551 cedat,
1461 3495 1679 3555 pareat,
1712 3501 1808 3555 pro
1851 3487 2100 3541 omnibus
2136 3489 2336 3558 gratias

759 3584 899 3644 agat,
930 3590 1024 3629 seu
1062 3575 1386 3630 contumelia
1416 3575 1657 3630 aﬁecerit
1687 3575 1971 3646 quispiam,
2003 3594 2097 3631 seu
2120 3594 2335 3648 percus-

759 3666 912 3720 serit.
959 3665 1059 3732 Qui
1088 3667 1230 3719 enim
1265 3665 1373 3721 Deo
1403 3666 1511 3734 agit
1549 3667 1747 3734 gratias
1775 3683 1870 3736 pro
1899 3669 1962 3721 iis
1989 3654 2108 3737 qua:
2150 3684 2335 3737 passus

759 3769 862 3822 est,
896 3774 1001 3810 non
1021 3773 1141 3812 eum
1161 3758 1250 3827 qui
1281 3758 1402 3812 fecit
1429 3757 1714 3810 nlciscetur
1739 3775 1753 3811 :
1784 3772 1905 3811 nam
1935 3757 1980 3812 is
2007 3758 2219 3828 quidem
2242 3760 2331 3828 qui

761 3848 1054 3914 ulciscitur,
1107 3864 1211 3900 non
1254 3848 1359 3915 agit
1391 3848 1607 3916 gratias.
1639 3847 1745 3901 Sed
1775 3863 1841 3901 ne
1875 3849 2042 3902 simus
2067 3850 2202 3903 sicut
2245 3849 2334 3905 ille

758 3939 846 4008 qui
895 3949 1110 3992 centum
1139 3937 1380 4006 exigebat
1418 3937 1686 3998 denarios,
1736 3952 1802 3992 ne
1830 3937 2105 3992 audiamus
2130 3978 2146 4004 ,
2179 3939 2335 3993 Serve

758 4045 970 4098 nequam
998 4027 1209 4097 (Matth.
1245 4029 1328 4081 18.
1353 4027 1442 4096 32)
1466 4043 1477 4078 :
1508 4027 1607 4081 ltoc
1628 4029 1769 4081 enim
1792 4028 1979 4098 ingrati
2004 4020 2168 4082 animi
2201 4030 2330 4083 vitio

761 4123 888 4175 nihil
918 4131 1000 4175 est
1045 4120 1214 4189 pejus.
1263 4121 1443 4190 Itaque
1489 4121 1678 4190 ingrati
1709 4130 1828 4174 sunt
1861 4121 1948 4190 qui
1983 4123 2328 4178 ulciscuntur.

758 4213 863 4264 Cur
890 4221 1068 4263 autem
1095 4211 1237 4264 venit
1263 4210 1327 4262 ad
1349 4211 1748 4264 fornicationem
1780 4211 2000 4280 primam
2023 4214 2045 4264 ?
2066 4227 2186 4265 nam
2209 4229 2330 4268 cum

758 4300 1012 4361 dixisset,
1048 4298 1355 4366 Mortiﬁcate
1394 4300 1616 4353 membra
1669 4310 1830 4353 vestra
1865 4317 1978 4370 qua:
2019 4312 2132 4354 sunt
2177 4320 2331 4371 supra

759 4397 965 4452 terram,
1000 4389 1175 4442 statim
1205 4388 1354 4453 dicit,
1381 4388 1794 4443 Fornicationem
1814 4407 1834 4446 .°
1859 4402 1913 4445 et
1941 4391 2040 4445 hoc
2065 4392 2177 4447 fere
2207 4393 2331 4449 facit

706 4521 710 4524 .
759 4479 971 4548 ubique.
1001 4479 1261 4544 Quoniam
1310 4480 1411 4534 hoc
1464 4481 1648 4534 vitium
1700 4483 1928 4537 maxime
1967 4484 2269 4540 dominatur
2314 4505 2327 4540 :

757 4570 998 4622 scribens
1027 4569 1168 4622 enim
1217 4571 1266 4623 in
1301 4569 1530 4638 Epistola
1556 4571 1623 4624 ad
1651 4570 2154 4628 Thessalonicenses
2182 4616 2197 4641 ,
2229 4576 2331 4629 hoc

758 4660 898 4712 fecit.
935 4659 1001 4712 Et
1043 4659 1166 4727 quid
1216 4659 1431 4724 mirum,
1463 4673 1582 4712 cum
1638 4660 1795 4714 etiam
1839 4662 1979 4715 dicat
2025 4663 2326 4732 Timotheo,

761 4747 993 4818 Teipsum
1033 4760 1224 4802 castum
1275 4750 1469 4802 custodi
1519 4749 1594 4818 (ι.
1642 4749 1775 4804 Tim.
1806 4751 1859 4806 5.
1891 4751 2015 4822 22);
2057 4765 2110 4808 et
2146 4772 2329 4812 rursus

755 4839 878 4892 alibi
907 4855 921 4893 :
952 4837 1137 4892 Parem
1163 4840 1416 4894 sectamini
1457 4857 1574 4893 cum
1615 4841 1845 4896 omnibus
1885 4852 1931 4896 et
1971 4847 2329 4912 sanctiﬁcatio-

755 4947 889 4998 nem,
921 4931 1027 4985 sine
1054 4947 1151 4999 qua
1177 4932 1349 4985 nullus
1368 4932 1548 4985 videbit
1579 4931 1853 4986 Dominum
1876 4933 2060 5004 (Hebr.
2093 4937 2177 4990 12.
2210 4940 2324 5009 M).

757 5022 1085 5090 Mortiﬁcate,
1110 5024 1300 5092 inquit,
1321 5025 1548 5095 membra
1574 5033 1752 5079 vestra.
1777 5026 1927 5094 Quod
1955 5035 2037 5081 est
2058 5040 2325 5084 mortuum

753 5113 909 5181 quale
930 5113 1000 5166 sit
1031 5126 1134 5165 non
1164 5112 1439 5181 ignoratis,
1473 5128 1718 5179 exosum,
1747 5115 2184 5180 abominandum,
2216 5120 2321 5173 dil—

755 5204 950 5258 lluens.
989 5202 1047 5258 Si
1081 5203 1483 5259 mortiﬁcaveris
1509 5246 1524 5270 ,
1557 5222 1661 5260 non
1689 5217 1868 5262 manet
1907 5219 2192 5274 mortuum,
2227 5212 2319 5266 sed

755 5294 931 5348 statim
960 5294 1323 5362 corrumpitur
1346 5303 1399 5348 et
1425 5283 1603 5350 interit
1631 5297 1771 5352 sicut
1793 5313 2005 5370 corpus.
2031 5300 2322 5372 Exstingue

754 5400 882 5455 ergo
933 5386 1193 5450 calorem,
1227 5395 1283 5441 et
1331 5386 1464 5441 nihil
1516 5399 1693 5443 manet
1738 5401 2022 5453 mortuum.
2078 5393 2322 5449 Ostendit

753 5477 924 5546 ipsum
955 5478 1053 5531 hoc
1079 5475 1274 5542 facere,
1295 5478 1437 5548 quod
1461 5477 1706 5535 Christus
1722 5481 1773 5537 in
1801 5483 2010 5538 lavacro
2035 5503 2048 5538 :
2069 5497 2319 5557 propter-

750 5581 812 5621 ea
854 5566 1012 5621 etiam
1049 5567 1288 5622 membra
1333 5579 1485 5624 vocat
1516 5587 1531 5623 :
1565 5577 1829 5642 tamquam
1867 5575 2097 5646 aliquem
2151 5578 2320 5632 virum

750 5659 941 5713 fortem
969 5657 1334 5724 introducens,
1366 5669 1421 5714 et
1439 5659 1506 5714 ad
1524 5661 1780 5732 majorem
1809 5663 2078 5722 deducens
2095 5669 2321 5738 empha-

751 5749 876 5803 sim.
907 5747 976 5801 Et
1002 5758 1146 5803 recte
1174 5750 1328 5817 dixit,
1357 5749 1484 5817 Qua
1510 5763 1626 5807 sunt
1650 5769 1803 5824 super
1825 5764 2048 5811 terram:
2069 5755 2154 5812 hic
2171 5760 2312 5813 enim

1557 378 1614 434 S.
1649 377 1922 440 JOANNIS
1955 379 2425 438 CIIRYSOSTOMI
2465 382 2778 443 ABCHIEP.
2818 386 3327 450 CONSTANTINOP
3946 399 4039 456 3561

2465 506 2701 560 manent,
2731 506 2782 552 et
2811 496 2898 552 hic
2934 499 3102 554 multo
3125 503 3292 571 magis
3325 515 3745 575 corrumpuntur
3793 518 3850 563 et
3879 509 4022 564 inter-

2462 593 2589 638 eunt
2613 626 2629 650 ,
2659 601 2814 655 quam
2863 587 2979 644 haec
3017 590 3273 646 membra.
3315 593 3675 661 Quamobrem
3705 614 3812 653 non
3845 611 3927 654 est
3954 605 4016 655 sic

2460 688 2652 744 corpus
2677 691 2708 730 a
2751 687 2888 748 terra
2911 713 2930 746 ,
2955 681 3092 737 sicut
3115 693 3392 752 peccatum
3421 698 3503 741 est
3547 698 3810 744 terrestre
3864 708 3877 743 :
3920 707 4021 744 nam

2460 778 2654 834 corpus
2700 767 2985 839 aliquando
3026 773 3241 842 quidem
3283 775 3560 844 pulchrum
3613 781 3862 834 cernitur
3905 782 4023 834 :ilLt

2459 865 2634 909 autem
2679 873 2985 929 numquam.
3020 861 3085 940 Et
3110 863 3287 916 omnia
3330 880 3448 934 qua:
3475 875 3600 922 sunt
3643 883 3814 939 super
3842 879 4023 924 terram

2459 945 2842 1014 concupiscunt
2873 945 2988 1004 haec
3014 952 3272 1006 membra.
3304 952 3359 1008 Si
3392 955 3515 1009 talis
3557 957 3626 1010 sit
3666 959 3884 1026 oculus,
3935 978 4023 1015 non

2461 1033 2608 1088 videt
2633 1051 2752 1106 qua:
2772 1048 2896 1093 sunt
2921 1040 2973 1094 itt
2997 1041 3160 1104 cadis,
3181 1043 3400 1107 siauris,
3430 1045 3475 1100 si
3506 1062 3693 1102 manus
3710 1091 3724 1114 ,
3746 1051 3794 1103 si
3813 1055 4022 1120 quodvis

2460 1125 2756 1182 membrum
2809 1129 3027 1186 dixeris.
3079 1131 3277 1188 Oculus
3325 1135 3468 1191 videt
3520 1152 3768 1208 corpora,
3813 1151 3870 1195 et
3921 1145 4020 1209 ρυεο

2456 1217 2805 1288 chritudines,
2835 1232 2890 1278 et
2937 1224 3129 1294 ﬁguras
3160 1224 3258 1281 has
3301 1242 3421 1297 qua:
3469 1241 3594 1285 sunt
3635 1245 3703 1286 ex
3735 1241 3922 1296 terra;
3956 1235 4023 1288 his

2456 1305 2748 1364 delectatur
2779 1328 2794 1377 ;
2828 1314 2973 1368 auris
3009 1316 3153 1369 molli
3194 1326 3375 1382 cantu,
3402 1317 3607 1373 cithara
3653 1330 3710 1376 et
3747 1323 3948 1378 ﬁstula.
3979 1338 4022 1378 et

2437 1399 2594 1468 "turpi
2623 1415 2870 1457 sermone
2903 1424 2917 1459 :
2949 1403 3065 1460 hrec
3089 1418 3267 1460 autem
3298 1416 3424 1461 sunt
3455 1408 3596 1464 circa
3622 1420 3846 1465 terram.
3881 1413 4023 1466 Ρυει-

2455 1503 2614 1557 quant
2665 1508 2792 1563 ergo
2843 1498 3087 1565 superius
3117 1513 3211 1553 eos
3253 1500 3529 1555 collocarit
3553 1503 3705 1570 juxta
3735 1503 3983 1559 thronum
4009 1550 4021 1571 ,

2457 1585 2578 1633 tunc
2602 1579 2750 1650 dicit,
2786 1583 3092 1654 Mortiﬁcate
3133 1591 3352 1644 membra
3383 1601 3546 1645 uestra
3573 1609 3686 1663 qua:
3719 1605 3842 1648 sunt
3886 1614 4024 1665 ηψπ

2455 1675 2658 1724 terram.
2692 1669 2806 1727 Non
2838 1675 2960 1730 licet
2983 1685 3127 1732 stare
3154 1680 3398 1750 superius
3442 1698 3567 1738 cum
3607 1684 3691 1739 his
3730 1687 4016 1741 membris:

2453 1770 2558 1812 non
2588 1768 2669 1814 est
2697 1763 2839 1818 enim
2867 1765 2974 1821 illic
3000 1768 3053 1821 in
3081 1770 3218 1838 quod
3249 1786 3311 1825 ea
3337 1775 3546 1841 Operari
3574 1785 3806 1844 oportet.
3841 1777 3908 1832 Et
3933 1779 4017 1832 hoc

2453 1849 2620 1905 lutum
2649 1861 2731 1907 est
2759 1854 2852 1910 illo
2883 1857 3031 1927 pejus
3057 1876 3072 1912 :
3102 1877 3224 1915 nam
3256 1863 3385 1917 illud
3407 1865 3619 1934 quidem
3650 1867 3820 1923 lutum
3852 1870 3907 1924 ﬁt
3941 1888 4019 1924 au-

2452 1956 2609 2009 rum;
2646 1942 2855 2014 Oportet
2897 1950 3030 2003 enim
3053 1992 3067 2014 ,
3097 1951 3305 2023 inquit,
3337 1956 3661 2024 corruptibile
3702 1960 3798 2013 hoc
3826 1963 4022 2015 induere

2452 2032 2879 2108 incorruptionem
2907 2041 2986 2109 (Ι.
3013 2045 3136 2098 Uor.
3179 2045 3267 2100 15.
3299 2047 3390 2116 53)
3433 2063 3447 2099 :
3493 2049 3596 2104 hoc
3640 2061 3819 2107 autem
3863 2053 4018 2107 lutum

2450 2139 2556 2179 non
2583 2137 2758 2196 potest
2786 2146 2970 2210 rursus
2994 2132 3137 2188 fundi
3159 2145 3212 2189 et
3237 2136 3477 2192 conﬂari.
3511 2141 3873 2207 Quamobrem
3914 2147 4017 2198 tunc

2451 2216 2620 2286 magis
2664 2229 2789 2274 sunt
2817 2236 2978 2290 supra
3007 2232 3201 2278 terram
3223 2267 3238 2291 ,
3267 2242 3424 2296 quam
3452 2229 3560 2282 illa.
3597 2231 3893 2301 Propterea
3927 2252 4018 2288 non

2449 2303 2579 2359 dixit
2606 2345 2623 2372 ,
2649 2307 2778 2374 Quae
2808 2320 2933 2365 sunt
2960 2327 2990 2367 e
3021 2322 3183 2380 terra,
3233 2316 3327 2371 sed
3347 2357 3363 2383 ,
3421 2318 3548 2384 Qua
3591 2337 3749 2390 supra
3792 2333 3977 2376 terram
4007 2342 4017 2374 :

2448 2394 2561 2449 ﬁeri
2606 2399 2748 2452 enim
2777 2407 2951 2468 potest
2981 2411 3040 2456 ut
3077 2403 3192 2459 haec
3220 2421 3323 2460 non
3367 2407 3474 2462 sint
3501 2425 3532 2464 e
3559 2419 3720 2466 terra.
3751 2412 3888 2468 Nam
3922 2415 4018 2469 hac

2446 2484 2660 2552 quidem
2680 2502 2902 2545 necesse
2922 2501 3002 2546 est
3028 2507 3150 2549 esse
3172 2510 3333 2564 super
3350 2510 3545 2552 terram
3568 2517 3581 2560 ;
3614 2501 3696 2554 illa
3720 2512 3903 2558 autem
3934 2521 4015 2558 nc.-

2445 2589 2708 2646 quaquam
2738 2588 2822 2635 est
2849 2597 3090 2639 necesse.
3130 2586 3260 2641 Nam
3293 2591 3439 2644 auris
3480 2592 3694 2661 quidem
3725 2611 3852 2648 cum
3902 2598 4017 2650 nihil

2447 2665 2594 2720 audit
2621 2683 2685 2723 ex
2715 2669 2780 2724 iis
2806 2687 2922 2742 quas
2955 2674 3039 2729 hic
3061 2675 3329 2743 dicuntur,
3363 2681 3456 2735 sed
3487 2697 3555 2737 ex
3582 2685 3646 2739 iis
3670 2701 3791 2755 qua:
3822 2701 3948 2742 Suttl
3978 2693 4017 2743 in

2445 2756 2626 2824 uelis;
2653 2762 2866 2829 quando
2887 2765 3072 2821 oculus
3101 2769 3231 2823 nihil
3261 2770 3402 2826 ridet
3429 2787 3494 2827 ex
3527 2775 3590 2828 iis
3618 2792 3736 2844 qua:
3762 2790 3892 2832 sunt
3924 2780 4016 2845 hic,

2444 2848 2538 2901 sed
2569 2865 2686 2920 qua:
2715 2869 2896 2924 supra,
2921 2868 3126 2914 nonest
3150 2874 3311 2930 super
3333 2871 3560 2930 terram;
3579 2868 3790 2936 quando
3815 2886 3882 2925 os
3901 2874 4016 2925 nihil

2445 2937 2680 3008 loquitur
2704 2959 2770 2998 ex
2801 2947 2869 3002 iis
2911 2963 3030 3017 quae
3057 2949 3145 3005 hic
3171 2961 3317 3018 sunt,
3353 2970 3456 3009 non
3484 2968 3564 3011 est
3594 2973 3757 3028 super
3789 2971 4013 3017 terram:

2444 3035 2657 3102 quando
2683 3052 2871 3094 manus
2896 3039 3026 3094 nihil
3053 3042 3237 3098 fecerit
3261 3059 3327 3099 ex
3357 3046 3421 3101 iis
3441 3063 3560 3117 qua:
3575 3059 3700 3103 sunt
3726 3054 3893 3120 mala,
3925 3072 4014 3107 non

2442 3134 2525 3213 est
2549 3140 2613 3179 ex
2646 3125 2709 3181 iis
2735 3141 2854 3196 qua:
2881 3139 3005 3185 sunt
3026 3145 3185 3201 supra
3215 3141 3434 3202 terram,
3465 3137 3559 3192 sed
3585 3154 3650 3193 ex
3675 3140 3740 3195 iis
3760 3159 3888 3213 qua:
3908 3155 4015 3199 sunt

2441 3212 2493 3266 in
2524 3215 2688 3270 cadis.
2731 3259 2740 3268 .

2513 3307 2567 3360 4.
2596 3306 2709 3362 Hoc
2735 3309 2893 3364 etiam
2920 3310 3050 3367 dicit
3093 3312 3338 3370 Christus
3368 3333 3382 3370 :
3416 3318 3479 3372 Si
3499 3321 3676 3375 oculus
3710 3332 3827 3378 tuus
3858 3326 4016 3381 dexter

2442 3406 2490 3450 te
2524 3400 2853 3467 scandalizet,
2897 3403 2949 3457 id
2988 3413 3092 3472 est,
3138 3406 3185 3461 si
3227 3410 3420 3477 aspicis
3469 3411 3759 3481 impudice,
3793 3396 4014 3472 exscindi

2437 3507 2553 3544 cum
2587 3492 2798 3560 (Matth.
2851 3496 2906 3551 5.
2938 3497 3068 3567 29);
3105 3496 3207 3553 hoc
3246 3512 3345 3567 εει,
3381 3503 3574 3558 malam
3615 3507 4008 3577 cogitationem.

2442 3580 2566 3634 Mihi
2593 3591 2772 3638 autem
2803 3585 3014 3639 videtur
3049 3589 3475 3657 fornicationem,
3505 3595 3926 3664 immunditiam,
3963 3603 4012 3654 li-

2442 3670 2710 3740 bidinem,
2772 3678 3284 3755 concupiscentiam,
3343 3682 3647 3753 signiﬁcare
3701 3687 4010 3746 fornicatio-

2441 3777 2584 3828 nem,
2617 3764 2871 3838 perhaec
2920 3769 3095 3822 omnia
3139 3757 3235 3824 nos
3283 3771 3352 3825 ab
3397 3787 3457 3827 ea
3505 3790 3564 3830 re
3614 3777 3914 3836 abducens.
3968 3784 4039 3837 lilt

2439 3854 2580 3908 enim
2609 3865 2692 3909 est
2723 3871 2924 3931 revera
2950 3861 3108 3912 animi
3155 3863 3405 3927 morbus;
3448 3876 3502 3918 et
3530 3867 3665 3922 sicut
3693 3885 3897 3939 corpus
3929 3890 4009 3942 pa-

2441 3943 2606 4011 titur,
2663 3955 2752 4000 aut
2809 3947 2937 4001 febri
2992 3949 3234 4014 laborat,
3265 3963 3356 4006 aut
3410 3956 3721 4014 vulneratur
3766 3946 3889 4017 :ita
3940 3966 4012 4018 hic

2438 4049 2650 4105 quoque
2671 4036 2911 4091 allectus.
2939 4039 3005 4093 Et
3027 4057 3129 4094 non
3155 4041 3306 4108 dixit,
3337 4043 3651 4114 ltepritnite,
3680 4051 3800 4115 sed,
3835 4053 4008 4106 ,Ποντί-

2439 4117 2606 4192 ﬁcate,
2633 4138 2686 4180 ttt
2714 4128 2779 4181 de
2805 4138 3002 4183 cancro
3029 4146 3130 4184 nun
3159 4135 3325 4200 possit
3366 4150 3644 4205 resurgere
3667 4180 3680 4202 ,
3706 4151 3763 4194 et
3789 4142 4006 4197 auferte.

2438 4214 2698 4269 Mortutun
2723 4218 3008 4274 auferimus
3035 4240 3047 4272 :
3079 4223 3241 4287 velut,
3286 4225 3330 4278 si
3357 4227 3478 4280 calli
3520 4228 3626 4281 sint
3668 4231 3717 4284 in
3747 4247 4004 4303 corpore.

2439 4321 2632 4376 corpus
2659 4318 2742 4363 est
2771 4321 3056 4378 mortuum,
3086 4323 3139 4368 et
3163 4315 3210 4368 id
3238 4316 3552 4373 auferimus.
3599 4321 3722 4377 Scd-
3749 4325 3793 4377 si
3842 4330 4003 4379 vivam

2439 4401 2671 4453 secueris
2696 4441 2709 4464 ,
2736 4400 2888 4455 aﬁ‘ert
2913 4403 3150 4458 dolorem
3179 4423 3193 4470 ;
3225 4408 3306 4460 sin
3334 4417 3509 4463 autem
3541 4425 3711 4468 morte
3738 4416 4000 4483 affecmm,

2440 4503 2504 4541 ne
2526 4491 2784 4543 sentimus
2814 4493 3046 4561 quidem.
3081 4495 3152 4548 lla
3196 4498 3356 4551 etiam
3386 4500 3436 4552 itt
3466 4503 3628 4556 animi
3650 4503 3930 4563 affectibus
3963 4522 4004 4562 et

2439 4578 2639 4631 morbis
2665 4595 2678 4643 ;
2707 4596 2766 4634 ea
2800 4582 3028 4636 animam
3057 4584 3294 4640 cfticiuut
3334 4591 3626 4658 patibilem,
3653 4608 3772 4664 qua:
3804 4611 3890 4652 εει
3919 4602 3999 4650 im-

2439 4669 2697 4721 mortalis.
2732 4669 3012 4734 Quomodo
3057 4674 3356 4730 idololatria
3388 4680 3525 4733 dicta
3555 4683 3626 4736 sit
3655 4687 3878 4741 avaritia
3911 4705 4001 4742 5.:-

2439 4760 2555 4828 pius
2579 4760 2829 4816 diximus.
2859 4764 2987 4828 Qna-
3017 4767 3158 4819 enint
3182 4768 3232 4820 in
3263 4768 3548 4826 humanum
3578 4790 3744 4844 genus
3775 4783 4002 4848 tyranni-

2437 4848 2558 4904 dem
2588 4850 2822 4906 maxime
2849 4864 3100 4908 exercent
3125 4897 3139 4919 ,
3169 4857 3280 4912 haec
3306 4873 3450 4926 sunt,
3483 4867 3701 4919 avaritia
3737 4881 3791 4922 et
3820 4869 4001 4926 intem-

2437 4943 2673 5010 perantia
2695 4952 2748 4997 et
2771 4948 3196 5016 concupiscentia
3227 4952 3386 5006 mala.
3416 4952 3632 5025 Propter
3647 4974 3759 5026 qua
3782 4965 3911 5015 venit
3938 4965 4000 5013 ira

2439 5029 2533 5085 Dei
2549 5048 2698 5101 super
2713 5035 2847 5100 ﬁlios
2869 5036 3232 5093 iuobedientite.
3261 5040 3424 5098 Filios
3452 5046 3582 5101 dicit
3610 5049 3995 5115 inobedientias,

2435 5138 2529 5178 eos
2556 5126 2772 5194 privans
2799 5129 2971 5190 venia.
2999 5141 3051 5184 et
3078 5134 3366 5190 osmadens
3393 5152 3484 5191 eos
3512 5138 3562 5192 in
3592 5139 3675 5196 his
3695 5158 3837 5210 esse,
3870 5151 3997 5215 (μιυά

2436 5230 2541 5271 non
2572 5219 2864 5286 paruerint.
2893 5217 2958 5273 In
2980 5223 3178 5289 quibus,
3203 5224 3391 5296 inquit,
3415 5239 3461 5281 et
3483 5246 3565 5283 ros
3586 5233 3882 5288 atttbulustis
3908 5239 3995 5287 ali-

2432 5307 2656 5374 quando,
2685 5317 2733 5361 et
2758 5312 2989 5378 persuasi
3014 5313 3153 5367 estis.
3184 5314 3430 5371 Ostendit
3469 5335 3561 5374 eos
3588 5322 3765 5378 adhuc
3789 5339 3908 5378 esse
3951 5328 3992 5377 iu

2433 5399 2496 5452 iis
2521 5437 2537 5463 ,
2563 5407 2616 5453 et
2643 5399 2822 5454 laudat
2844 5439 2858 5463 ,
2889 5401 3072 5456 dicens
3103 5420 3116 5456 :
3150 5403 3302 5458 Nunc
3346 5420 3513 5461 autem
3548 5411 3800 5481 deponitis
3826 5427 3872 5467 et
3917 5431 3988 5467 ros

2431 5490 2622 5557 omnia,
2652 5492 2803 5558 irant,
2829 5492 3228 5563 indignationem
3250 5538 3264 5560 ,
3297 5500 3566 5566 muluium,
3597 5502 3984 5575 blasphemiam,

2429 5589 2625 5649 turpem
2652 5597 2948 5635 sermonem.
2977 5582 3092 5638 Non
3117 5592 3182 5639 ad
3209 5587 3354 5657 illos,
3381 5590 3477 5645 sed
3507 5593 3805 5649 cntionem
3834 5595 3983 5650 dedu-

2429 5669 2504 5728 cit
2527 5668 2595 5724 ad
2637 5669 2771 5724 alios
2794 5712 2811 5739 ,
2843 5686 2911 5726 ne
2940 5671 3114 5729 feriat.
3149 5675 3517 5750 Blaspheutias
3543 5682 3677 5739 dicit
3718 5686 3983 5741 maledicta

2430 5771 2483 5817 et
2509 5764 2784 5829 convrcia;
2814 5764 2950 5819 sicut
2991 5767 3122 5822 iram
3166 5770 3294 5826 dicit
3339 5774 3612 5830 malitiam.
3657 5779 3798 5834 Alibi
3824 5790 3985 5835 autem
