4050 6324
117 387 220 444 357

116 503 182 558 ad
211 498 584 558 incutiendum
614 497 873 569 pudorem
902 495 1053 562 dicit,
1082 498 1222 551 Alter
1249 497 1459 578 citerius
1483 493 1708 549 mentm

117 611 296 649 σιιιιιιω
317 591 536 664 (Epiros.
566 590 622 646 ι.
649 589 763 661 i5).
794 589 920 645 Ilios
946 589 1071 645 facit
1099 589 1375 644 hominum
1397 586 1564 643 veluti
1589 585 1711 656 opi-

118 689 270 752 tices,
293 688 528 740 alterum
550 683 762 752 quidem
783 683 1179 754 repellentium,
1197 681 1423 737 alterum
1443 694 1574 737 vero
1593 693 1714 735 sus-

117 777 457 848 cipientinm.
493 775 606 830 Illic
630 774 858 828 Bevum
874 774 1034 839 dicit;
1055 773 1140 827 hic
1163 773 1509 838 οιιιιιὶιιςεετ,
1539 771 1710 836 iram;

117 882 201 927 os.
233 852 633 934 blasphemiam
658 881 674 928 ;
699 863 908 929 oculos,
931 862 1359 922 fornicationem.
1388 860 1666 916 avaritiam
1691 874 1708 925 ;

116 971 318 1011 mnus
343 965 399 1008 et
424 953 586 1023 pedes
607 994 626 1021 ,
653 939 989 1008 mendacium
1009 993 1028 1019 ,
1057 953 1435 1024 cogitationem
1463 952 1630 1020 ipsam
1655 959 1712 1004 ct

118 1056 366 1103 mentem
389 1044 831 1102 veterem.Unam
849 1043 1007 1100 habet
1027 1042 1252 1099 formam
1275 1041 1499 1113 regiam,
1519 1055 1713 1110 nempe

116 1134 346 1192 Christi.
375 1134 637 1192 Videntur
672 1134 759 1189 isti
799 1133 928 1187 mihi
967 1136 1136 1202 magis
1164 1147 1285 1188 esse
1312 1147 1379 1187 ex
1420 1131 1672 1201 gentibus
1693 1171 1710 1194 ,

118 1243 261 1298 quos
290 1228 552 1298 respicit,
583 1226 874 1282 ostendens
918 1226 1156 1280 membra
1201 1226 1314 1280 sive
1349 1224 1551 1294 majora
1597 1208 1714 1280 sivé

117 1319 340 1372 minora
387 1334 544 1373 unam
594 1317 792 1386 regiam
832 1316 1065 1372 formam
1105 1317 1321 1372 habere.
1368 1317 1520 1372 Sient
1566 1315 1711 1370 enim

119 1419 297 1472 terra,
327 1424 389 1463 ει.
430 1425 448 1462 ι
474 1411 547 1464 sit
570 1423 756 1478 arena,
783 1423 876 1462 sua
895 1411 1044 1478 prius
1074 1408 1282 1478 perdita
1302 1406 1495 1473 forma,
1528 1416 1712 1476 postea

119 1501 183 1553 tit
208 1516 405 1553 aurum
430 1517 446 1564 ;
479 1511 532 1554 ct
569 1500 738 1566 lanae,
762 1501 1175 1570 qualescumque
1205 1502 1333 1566 sint,
1352 1501 1576 1555 alteram
1607 1498 1714 1552 for-

119 1608 270 1644 nnnn
295 1593 565 1662 accipiunt
584 1603 639 1647 et
653 1594 886 1663 priorem
909 1594 1176 1650 occultant
1201 1613 1214 1648 :
1243 1596 1312 1649 ita
1333 1596 1494 1650 etiam
1519 1593 1706 1652 ﬁdelia.

121 1680 534 1750 Supportantes,
569 1682 770 1750 inquit,
799 1684 1026 1736 invicem.
1058 1683 1305 1738 Ostendit
1342 1683 1483 1752 quod
1511 1683 1713 1752 justum

119 1777 209 1823 est
240 1788 254 1822 :
289 1781 344 1822 tu
379 1771 526 1824 ilhnn
557 1780 740 1839 patere
761 1811 778 1836 ,
809 1783 863 1826 et
895 1772 984 1827 ille
1030 1781 1082 1828 te
1113 1791 1124 1824 :
1154 1773 1297 1842 quod
1344 1773 1557 1843 quidem
1588 1773 1718 1827 dicit

122 1862 176 1912 in
221 1862 460 1930 Epistola
492 1861 556 1915 ad
599 1861 814 1916 Galatas
847 1880 860 1916 :
902 1865 1044 1918 A'ter
1084 1867 1293 1919 alterius
1332 1881 1485 1918 onera
1522 1875 1720 1935 portate

123 1949 278 2016 ‘Gal.
322 1951 374 2005 6.
419 1952 498 2022 2).
559 1951 624 2004 Et
672 1955 822 2022 grati,
869 1954 1058 2022 inquit,
1116 1965 1272 2009 estote
1306 1954 1443 2025 (Col.
1489 1957 1575 2011 3.-
1602 1957 1714 2025 15).

123 2040 363 2104 Μειίιιιε
387 2042 530 2095 enim
551 2042 743 2112 ubique
770 2045 871 2097 hoc
901 2046 1113 2114 qumrit,
1149 2053 1205 2098 ut
1228 2046 1370 2114 quod
1401 2047 1471 2099 sit
1500 2060 1710 2099 suunna

126 2133 418 2187 bonorum.

199 2225 260 2280 5.
297 2223 503 2279 Gratias
540 2241 690 2296 agere
725 2227 926 2296 quando
954 2237 1203 2298 oporteat.
1235 2227 1504 2299 Ligamina
1528 2245 1715 2299 super-

128 2316 354 2370 stitiosa.
384 2345 456 2357 -ο
479 2317 688 2372 Gratias
706 2333 836 2388 ergo
861 2334 1079 2388 agamus
1103 2320 1153 2373 in
1181 2321 1430 2384 omnibus
1457 2321 1716 2391 quidquid

126 2410 377 2464 everterit
403 2427 414 2462 :
445 2409 546 2463 hoc
571 2411 714 2464 enim
741 2420 824 2464 est
870 2413 1158 2480 gratiarum
1185 2412 1344 2466 actio.
1373 2411 1507 2466 Nam
1550 2413 1604 2466 in
1635 2427 1722 2467 re-

127 2501 233 2555 bus
265 2501 518 2556 secundis
538 2500 640 2557 hoc
666 2517 848 2572 agere,
874 2517 978 2557 non
1010 2511 1093 2557 est
1118 2519 1367 2573 magmnn
1395 2520 1408 2568 ;
1440 2504 1553 2573 ipsa
1576 2504 1718 2557 enim

130 2609 318 2646 rerum
368 2603 553 2645 natura
601 2608 700 2646 nos
738 2593 808 2647 ad
855 2594 955 2647 hoc
984 2594 1209 2663 impellit
1242 2615 1256 2649 :
1285 2594 1499 2664 quando
1541 2604 1720 2649 autem

128 2697 257 2736 cunt
291 2683 358 2736 ad
385 2693 621 2737 extrema
649 2695 864 2738 ventmn
893 2694 997 2750 est,
1018 2687 1218 2755 gratias
1239 2689 1462 2757 agimus,
1492 2695 1617 2741 tunc
1641 2696 1728 2741 est

130 2779 536 2833 admirandum.
579 2779 806 2844 Quando
833 2780 978 2834 enim
1009 2789 1228 2850 propter
1255 2797 1316 2834 ca
1343 2797 1462 2848 qua:
1487 2782 1579 2836 alii
1611 2797 1724 2835 ma-

131 2871 350 2925 ledictis
396 2857 726 2926 insectantur
749 2880 804 2926 et
829 2887 968 2942 mgre
993 2871 1170 2927 ferunt
1195 2915 1210 2934 .
1240 2875 1442 2940 gratias
1465 2876 1674 2944 agimus
1707 2917 1721 2938 ,

135 2960 263 3015 vide
302 2969 498 3030 quanta
527 2962 597 3014 sit
623 2961 976 3031 philosophia.
1006 2963 1186 3018 Primo
1221 2965 1384 3020 Deum
1411 2965 1722 3019 exhilaras:

133 3051 379 3106 secundo
416 3051 688 3106 diabolum
717 3053 920 3122 pudore
961 3053 1167 3120 afficis;
1197 3057 1354 3109 tertio
1391 3066 1447 3109 et
1467 3057 1612 3126 quod
1641 3056 1723 3110 ia-

133 3155 286 3196 ctum
309 3150 394 3196 est
415 3141 544 3195 nihil
562 3157 682 3196 esse
707 3144 1054 3212 pronuntias:
1084 3146 1240 3199 simul
1276 3147 1420 3201 enim
1448 3156 1504 3201 ιιι
1530 3148 1727 3216 gratias

135 3232 281 3298 agis,
309 3240 366 3286 et
398 3231 540 3286 Deus
577 3232 818 3287 dolorem
858 3245 1116 3303 amputat,
1150 3246 1205 3290 et
1230 3238 1431 3292 recedit
1454 3238 1724 3294 diabolus.

120 3313 280 3374 Nam
310 3321 355 3375 si
385 3337 528 3390 aegre
557 3324 763 3386 tuleris,
783 3325 851 3388 is,
877 3334 935 3378 ut
960 3329 1046 3393 qui
1074 3327 1217 3396 quod
1234 3328 1446 3384 volebat
1467 3329 1725 3396 elfecerit,

136 3412 339 3478 adest;
370 3423 424 3468 et
471 3415 630 3480 Deus,
672 3425 729 3468 ut
771 3415 860 3485 qui
888 3418 956 3471 sit
984 3418 1314 3487 blasphemia
1342 3430 1398 3475 et
1444 3423 1730 3477 maledicto

138 3504 370 3559 affectus
391 3545 407 3570 ,
437 3505 721 3575 relinquit,
750 3517 806 3561 et
849 3508 1044 3562 malum
1075 3511 1305 3564 intendit
1330 3520 1380 3566 et
1409 3523 1569 3582 auget
1601 3532 1613 3565 :
1646 3514 1728 3567 sin

140 3605 326 3648 autem
354 3596 553 3664 gratias
583 3597 774 3665 egeris,
822 3608 880 3651 ut
907 3599 998 3666 qui
1027 3600 1156 3654 nihil
1188 3603 1454 3670 proliciat,
1488 3603 1690 3659 recedit
1715 3621 1730 3669 ;

141 3697 196 3739 ct
229 3671 394 3748 Deus,
425 3695 482 3739 ut
511 3688 597 3755 qui
642 3690 712 3740 sit
752 3688 961 3744 honore
998 3691 1240 3758 all'ectus,
1273 3693 1532 3749 honorem
1563 3699 1733 3766 magis

142 3777 415 3845 rependit.
445 3776 552 3831 Nec
592 3779 708 3832 fieri
753 3791 925 3849 potest
954 3792 1013 3835 ιιι
1041 3783 1201 3836 homo
1226 3786 1312 3854 qui
1345 3799 1565 3855 propter
1592 3789 1733 3842 mala

143 3870 256 3936 agit
295 3867 512 3935 gratias,
545 3869 682 3922 mala
727 3870 939 3924 sentiat.
973 3871 1382 3928 Laitaturrnint
1433 3878 1632 3944 anima,
1679 3888 1737 3932 ut

145 3974 269 4024 ιιιιςε
300 3969 447 4011 recte
475 3972 532 4011 se
557 3970 710 4027 gerat
739 3976 752 4011 τ
781 3962 960 4015 statim
1003 3964 1122 4016 beta
1168 3975 1251 4018 cst
1284 3967 1610 4022 conscientia
1636 4010 1652 4034 ,
1682 3977 1739 4023 ct

145 4048 264 4099 suis
293 4050 453 4115 gestit
485 4061 535 4102 et
562 4050 793 4104 exsultat
834 4051 1078 4108 laudibus
1108 4071 1122 4107 :
1152 4071 1272 4125 qua:
1312 4072 1442 4112 vero
1467 4059 1584 4113 laeta
1615 4069 1733 4125 est,

148 4153 257 4188 non
313 4147 490 4206 potest
513 4153 633 4192 esse
675 4141 860 4194 tristis.
889 4143 1001 4197 illic
1046 4153 1223 4199 autem
1269 4163 1390 4201 cum
1436 4151 1738 4206 calamitate

147 4240 309 4301 urget
337 4233 499 4285 etiam
553 4231 828 4302 flagellatis
865 4237 1235 4305 conscientia;
1289 4239 1376 4295 hic
1415 4255 1641 4298 coronat
1685 4255 1741 4299 ct

149 4333 427 4393 tamquam
481 4328 748 4393 prasconio
777 4329 1089 4397 proclamat.
1141 4331 1284 4387 Nihil
1331 4344 1414 4389 est
1442 4336 1616 4405 lingua
1647 4337 1737 4392 illa

149 4417 414 4478 sanctius,
464 4430 582 4484 qua:
635 4418 688 4471 in
733 4420 887 4473 malis
920 4420 1027 4475 Deo
1052 4423 1160 4493 agit
1189 4426 1385 4492 gratias
1415 4444 1428 4478 :
1460 4443 1646 4482 revera
1673 4444 1737 4484 ca

150 4505 288 4560 nihil
316 4506 479 4560 distat
503 4523 532 4560 a
574 4507 752 4578 lingua
782 4521 1074 4583 martyrum
1109 4532 1139 4568 :.
1165 4515 1412 4572 similiter
1449 4528 1504 4572 et
1548 4521 1660 4589 ipsa
1686 4531 1742 4576 et

151 4599 247 4654 ille
292 4608 603 4654 coronatur.
653 4601 786 4657 Nam
815 4620 932 4658 eam
958 4622 1172 4679 quoque
1217 4620 1369 4680 urget
1413 4612 1574 4668 lictor
1600 4656 1615 4680 ,
1647 4617 1738 4684 qui

151 4691 302 4760 cogit
335 4690 502 4745 Deum
544 4707 744 4763 negare
769 4710 865 4765 per
890 4697 1278 4767 blasphemiam
1311 4720 1326 4755 :
1359 4704 1520 4758 instat
1544 4714 1600 4759 et
1627 4707 1743 4761 dia-

154 4783 314 4838 bolus
355 4785 742 4854 cogitationum
789 4805 984 4860 urgens
1013 4792 1369 4861 carnificinis,
1399 4807 1454 4851 et
1493 4800 1742 4855 tenebras

154 4873 444 4930 oﬂ'undens
473 4877 653 4930 animo
680 4880 1105 4948 :ugritudinibus.
1137 4885 1191 4939 Si
1223 4889 1343 4954 quis
1370 4903 1498 4958 ergo
1525 4890 1742 4947 dolores

156 4970 365 5036 tulerit,
395 4978 450 5025 et
476 4972 676 5041 gratias
703 4975 871 5043 egerit
894 5016 910 5040 ,
939 4990 1193 5032 coronam
1224 4982 1414 5050 accipit
1441 4986 1688 5056 martyrii
1720 5001 1736 5040 :

155 5062 393 5133 exempli
420 5063 608 5133 gratia,
651 5064 826 5121 infans
863 5079 1108 5138 a’grotat,
1134 5081 1189 5127 et
1215 5072 1326 5128 Deo
1362 5077 1471 5146 agit
1504 5079 1741 5147 gratias;

159 5153 264 5210 hoc
328 5155 484 5210 matri
551 5171 750 5212 corona
815 5169 916 5213 est.
981 5161 1099 5229 Quo
1169 5172 1439 5222 tormento
1501 5185 1607 5224 non
1659 5182 1744 5227 est

158 5248 400 5304 deterior
446 5249 608 5305 animi
654 5251 949 5320 a'gritudo?
1003 5255 1097 5310 sed
1145 5272 1206 5311 ea
1271 5274 1375 5312 non
1416 5263 1558 5331 cogit
1618 5279 1746 5320 ver-

159 5340 286 5395 bum
324 5341 574 5396 acerbum
625 5343 887 5398 emittere.
929 5344 1149 5402 Moritur
1182 5365 1195 5400 :
1244 5365 1430 5406 rursus
1468 5355 1577 5423 agit
1617 5370 1744 5425 gra-

161 5431 302 5484 tias?
358 5430 514 5486 Facta
563 5443 646 5487 est
690 5434 794 5488 tilia
844 5435 1152 5492 Abrahami.
1201 5439 1334 5494 Nam
1387 5443 1488 5498 etsi
1534 5448 1742 5516 propria

160 5539 323 5578 manu
369 5540 478 5579 non
525 5526 739 5594 occidit,
792 5529 886 5584 sed
939 5540 1117 5587 tamen
1165 5533 1339 5589 laetata
1391 5549 1473 5592 est
1526 5551 1746 5611 propter

164 5614 508 5681 sacriﬁcium,
541 5617 683 5686 quod
730 5633 824 5688 par
861 5630 944 5678 est
975 5639 988 5674 :
1024 5638 1130 5678 non
1164 5629 1469 5682 succensuit
1496 5644 1617 5684 cum
1643 5630 1743 5686 do-

163 5719 292 5796 num
336 5704 660 5796 auferretur.
707 5710 911 5767 Rursus
953 5717 1235 5784 agrotavit
1265 5726 1418 5776 :‘non
1466 5721 1589 5779 fecit
1613 5725 1750 5796 liga-

169 5792 662 5867 mhaiﬂeputatur
696 5800 746 5854 ei
775 5804 1119 5869 martyrium:
1162 5820 1340 5866 mente
1365 5811 1506 5868 enim
1537 5792 1743 5872 aacriti.

490 5890 761 5956 PATROL.
810 5893 928 5954 Gn.
980 5891 1170 5956 ιΧιι.

977 383 1043 439 IN
1085 382 1298 440 EPIST.
1339 382 1430 438 AD
1465 378 1745 442 COLUSS.
1784 377 1936 436 CAP.
1979 381 2066 441 Ill.
2109 382 2342 441 "Olim.
2373 334 2522 445 ¹ΠΗ.

3290 390 3396 450 358

1820 493 1968 549 cavit
2018 495 2204 552 lilium.
2246 496 2383 566 Quid
2430 505 2597 562 enim,
2651 495 2696 553 ai
2729 498 2816 554 illa
2853 491 3263 570 nihil'prosunt,
3305 509 3402 560 sui

1817 594 1944 640 sunt
1985 573 2210 642 fallacizs
2247 598 2303 644 et
2331 587 2604 645 ludibria?
2646 587 2785 646 Sunt
2836 600 3016 646 tamen
3057 591 3146 661 qui
3175 593 3408 649 suadent

1813 691 1878 731 ea
1925 678 2295 746 prodesse;et
2331 679 2517 734 maluit
2564 679 2822 736 infantem
2869 681 3052 737 videre
3094 693 3402 747 mortuum,

1821 781 1980 836 quam
2008 769 2116 838 pati
2143 768 2525 826 idololatrian.
2555 769 2628 827 Ut
2648 785 2777 840 ergo
2807 773 2918 842 ipsa
2948 782 3030 828 est
3055 785 3278 846 martyr,
3293 777 3409 832 sive

1817 858 1871 913 in
1898 858 2098 928 seipsa,
2124 860 2240 915 sive
2266 876 2320 914 ιιι
2343 859 2454 916 filio
2481 860 2583 916 hoc
2611 861 2791 926 faciat,
2821 864 2938 918 sive
2967 864 3019 918 in
3052 867 3266 931 marito,
3292 883 3407 920 sive

1816 947 1870 1003 in
1896 949 2076 1018 aliquo
2103 949 2194 1021 qui
2224 956 2307 1006 est
2333 950 2384 1005 ei
2411 951 2722 1006 carissimus
2754 968 2768 1005 :
2801 953 2872 1006 ita
2904 952 3070 1007 altera
3098 963 3184 1008 est
3210 954 3408 1010 cultrix

1820 1037 2121 1105 idolorum;
2151 1048 2235 1096 est
2263 1041 2406 1095 enim
2439 1041 2778 1109 perspicuum
2805 1041 2948 1110 quod
2976 1041 3080 1098 diis
3109 1045 3411 1099 sacrificas-

1819 1136 1931 1193 εει.
1958 1129 2003 1184 si
2035 1129 2273 1184 licuisset
2297 1129 2602 1186 sacriﬁcare
2635 1148 2648 1183 :
2679 1131 2788 1185 imo
2813 1148 2943 1186 vero
2969 1133 3078 1200 jam
3106 1131 3238 1188 fecit
3263 1133 3407 1204 quod

1819 1231 1904 1275 est
1923 1219 2193 1276 sacrificii.
2221 1219 2496 1289 Ligamiaa
2521 1222 2687 1284 cnim,
2711 1221 2811 1276 ειεί
2839 1221 2906 1276 de
2932 1222 2998 1278 iis
3021 1223 3214 1279 millies
3240 1223 3416 1295 philo-

1820 1311 2115 1380 sophentur
2133 1312 2222 1382 qui
2246 1312 2308 1365 iis
2330 1320 2566 1377 utuntur.
2592 1311 2854 1378 dicentes,
2880 1311 3044 1368 Deum
3069 1315 3379 1371 invocamus
3395 1358 3412 1383 ,

1819 1414 1876 1458 et
1899 1403 2027 1459 nihil
2054 1404 2281 1473 amplius
2313 1405 2534 1458 facimus
2558 1419 2574 1468 ;
2600 1411 2658 1458 et
2682 1419 2800 1472 quat
2827 1413 2952 1458 sunt
2974 1404 3276 1474 huiusmodi
3300 1423 3316 1472 ;
3338 1417 3412 1474 et,

1821 1495 2121 1550 Christiana
2145 1504 2226 1550 est
2252 1496 2428 1550 vetula
2457 1503 2512 1551 et
2540 1495 2712 1550 fidelis
2740 1511 2838 1551 :ea
2866 1512 2953 1551 res
2980 1506 3062 1552 est
3091 1497 3412 1554 idololatria.

1823 1587 1894 1642 Es
1922 1586 2128 1641 ﬁdelis?
2169 1588 2316 1656 signa
2348 1594 2402 1641 te
2429 1604 2442 1640 :
2471 1585 2578 1650 dic,
2619 1586 2745 1641 llaec
2767 1602 2918 1642 arma
2949 1587 3118 1643 habeo
3145 1589 3280 1655 sola,
3314 1590 3419 1646 hoc

1825 1678 2302 1742 medicamentum;
2326 1677 2470 1732 aliud
2494 1687 2672 1732 autem
2700 1679 2905 1733 nescio.
2931 1678 3026 1734 Dic
3046 1680 3200 1744 mihi,
3227 1682 3269 1735 si
3297 1684 3418 1752 quis

1822 1769 2112 1824 accesserit
2131 1767 2390 1834 medicus',
2411 1777 2466 1823 et
2491 1769 2775 1823 medicina:
2794 1770 3033 1824 dimissis
3055 1772 3420 1828 medicamen-

1827 1863 1894 1916 tis
1920 1864 2178 1927 incantet,
2208 1876 2403 1916 eittnne
2432 1860 2674 1915 dicemus
2701 1862 3009 1915 medicum?
3033 1862 3378 1934 Nequaquam
3403 1883 3416 1918 :

1827 1954 2106 2009 medicina!
2145 1956 2288 2006 enim
2327 1968 2434 2006 non
2477 1952 2720 2006 videmus
2753 1953 3059 2022 pharmaca.
3107 1955 3178 2007 Ita
3205 1971 3307 2010 nec
3335 1955 3421 2012 hic

1825 2044 2227 2100 christianismi.
2254 2042 2388 2098 Alia:
2414 2053 2594 2097 autem
2618 2058 2807 2097 rursus
2827 2044 3047 2113 alligant
3071 2048 3286 2101 nomina
3312 2047 3419 2102 fitt-

1825 2139 2057 2201 viorum,
2090 2143 2144 2190 et
2187 2135 2290 2190 alia
2333 2135 2533 2188 audent
2583 2134 3016 2189 innumerabilia.
3052 2137 3186 2192 Ecce
3214 2138 3337 2194 dico
3364 2150 3421 2194 et

1827 2229 2061 2300 praedico
2090 2227 2240 2282 vobis
2277 2227 2528 2281 omnibus
2554 2245 2566 2280 :
2596 2227 2738 2296 quod
2770 2229 2814 2282 si
2840 2227 3103 2298 quispiam
3137 2230 3294 2286 fuerit
3319 2231 3417 2286 de-

1829 2322 2126 2391 prehensus
2150 2363 2164 2386 ,
2197 2335 2300 2374 non
2346 2334 2561 2388 parcam
2610 2321 2800 2374 iterum
2821 2361 2837 2385 ,
2868 2321 2984 2376 sive
3014 2323 3239 2391 ligamen
3260 2365 3275 2389 ,
3306 2325 3421 2383 sive

1829 2407 2242 2467 incantationem
2269 2452 2284 2476 ,
2312 2412 2425 2465 sive
2459 2409 2618 2479 hujus
2658 2413 2792 2466 artis
2839 2412 3039 2483 aliquid
3069 2415 3212 2468 aliud
3239 2415 3419 2472 faciat.

1828 2507 1965 2574 Quid
2009 2507 2176 2561 vero?
2203 2505 2463 2559 morietur
2486 2545 2502 2568 ,
2532 2505 2701 2574 inquit
2729 2546 2745 2571 ,
2785 2504 2982 2561 infans.
3014 2506 3068 2562 Si
3099 2508 3177 2565 sic
3204 2509 3420 2578 vixerit,

1832 2609 1958 2654 tunc
1981 2599 2273 2662 morietur;
2297 2597 2378 2650 sin
2399 2606 2581 2650 autem
2613 2595 2816 2664 absque
2841 2596 2945 2652 iiiis
2974 2610 3215 2655 mortuus
3243 2603 3421 2670 fuerit,

1832 2698 1961 2744 tunc
1991 2689 2138 2742 vivit.
2169 2687 2318 2741 Nunc
2349 2693 2527 2740 autem
2555 2686 2598 2739 si
2625 2685 2824 2741 videris
2851 2687 3065 2756 quidem
3103 2690 3268 2746 tilium
3304 2708 3423 2749 vcr-

1832 2789 2038 2834 santem
2065 2794 2189 2833 cum
2223 2776 2617 2836 meretricibus,
2653 2785 2808 2844 optas
2850 2791 2974 2831 cum
3007 2779 3056 2831 in
3086 2788 3226 2835 terra
3255 2781 3422 2838 infos-

1832 2889 1972 2934 sum,
2001 2881 2053 2924 ct
2079 2869 2235 2928 dicis,
2277 2865 2412 2933 Quid
2439 2867 2486 2920 ei
2519 2866 2739 2935 prodest
2769 2883 2783 2912 ι
2802 2867 2990 2921 ivero?
3033 2870 3216 2924 videns
3241 2883 3421 2928 autem

1832 2978 1954 3015 cum
1979 2961 2034 3014 in
2063 2958 2300 3028 periculo
2330 2959 2517 3012 salutis
2542 2997 2557 3019 ,
2589 2958 2668 3011 vis
2696 2957 2877 3014 videre
2904 2975 3025 3013 eum
3055 2963 3275 3018 vivumf
3306 2965 3422 3021 Non

1831 3050 2081 3104 audivisti
2129 3048 2400 3102 Clirismm
2442 3047 2753 3113 dicentem,
2801 3048 2901 3111 Qui
2943 3053 3161 3117 perdidit
3202 3057 3433 3110 animum

1836 3159 1980 3196 suam
2005 3183 2018 3206 ,
2054 3140 2269 3193 inveniet
2312 3153 2462 3201 eam;
2504 3139 2594 3206 qui
2631 3149 2798 3191 autem
2841 3140 3056 3207 inuenit,
3098 3144 3272 3212 perdet
3316 3164 3429 3201 eam

1839 3233 2065 3304 (Haltlt.
2121 3233 2207 3286 iii.
2252 3231 2324 3285 25
2345 3229 2402 3297 )?
2443 3230 2618 3283 credis
2644 3231 2708 3283 iis
2735 3247 2853 3298 qua:
2878 3233 3016 3287 dicta
3044 3245 3191 3300 sunt,
3221 3253 3286 3291 an
3333 3241 3426 3295 tibi

1837 3325 2086 3378 videntur
2125 3336 2245 3375 csse
2296 3319 2530 3373 i'abuizn?
2560 3320 2653 3374 Dic
2681 3319 2832 3386 mihi,
2861 3323 2906 3374 si
2933 3325 3052 3390 quis
3080 3326 3293 3389 dixerit.
3319 3330 3429 3385 Duc

1836 3416 1889 3470 in
1919 3416 2175 3483 templum
2203 3412 2489 3474 idolorum,
2520 3402 2757 3477 et'vivet,
2787 3412 3043 3480 patieris?
3069 3414 3206 3484 Non,
3234 3418 3427 3491 inquit.

1836 3506 2050 3573 Quare?
2080 3505 2213 3572 Quia
2259 3503 2400 3571 cogit
2441 3501 2622 3555 colere
2668 3501 2807 3554 idola
2843 3519 2856 3555 :
2893 3504 2979 3557 hic
3005 3516 3181 3562 autem
3209 3527 3316 3565 non
3347 3523 3430 3568 est

1839 3596 2161 3656 idololatria.
2185 3592 2278 3648 sed
2305 3592 2500 3654 solum,
2528 3591 2718 3659 inquit,
2745 3592 3055 3649 incantatio.
3084 3597 3207 3652 llzec
3231 3611 3316 3655 est
3338 3620 3431 3658 co~

1838 3691 2025 3759 gitatio
2055 3688 2313 3752 satanica,
2345 3686 2427 3739 lia:
2473 3695 2597 3738 sunt
2642 3685 2925 3742 diabolica:
2972 3689 3180 3746 insidize
3201 3736 3216 3759 ,
3250 3705 3430 3765 tegere

1839 3797 2101 3844 errorem,
2130 3792 2183 3834 et
2224 3781 2275 3833 in
2317 3780 2474 3833 melle
2499 3779 2631 3833 dare
2661 3794 2944 3835 venenum.
2979 3782 3240 3849 Quoniam
3283 3791 3434 3845 "mi;

1841 3890 1900 3928 se
1940 3875 2025 3927 illa
2068 3873 2168 3925 hac
2208 3872 2290 3923 via
2333 3884 2440 3924 non
2485 3883 2887 3938 persuasurum,
2917 3872 3186 3941 ingressus
3233 3888 3316 3944 cst
3365 3884 3432 3934 ad

1842 3965 2072 4018 atnnleta
2103 3973 2159 4017 et
2186 3963 2355 4015 aniles
2383 3959 2588 4014 fabulas
2617 3976 2629 4012 :
2659 3969 2714 4015 et
2736 3976 2869 4015 crux
2895 3965 3106 4033 quidem
3135 3967 3322 4026 affecta
3349 3984 3434 4028 est

1845 4056 2158 4128 ignominia,
2209 4055 2376 4109 litera:
2419 4063 2597 4106 autem
2632 4051 2684 4107 in
2715 4054 2904 4122 majori
2951 4055 3155 4114 honore
3181 4073 3305 4118 sunt
3335 4064 3433 4118 ha-

1845 4151 1970 4204 bitae
1997 4165 2010 4200 :
2038 4147 2286 4202 Christus
2308 4144 2408 4199 fuit
2432 4145 2655 4210 ejectus,
2677 4153 2732 4199 et
2756 4145 3111 4203 introducitur
3130 4167 3263 4208 anus
3286 4155 3433 4211 ebria

1845 4251 1899 4295 ct
1926 4239 2160 4296 delirans
2195 4256 2206 4290 :
2241 4235 2610 4289 conculcatur"
2643 4244 2725 4290 est
2747 4245 2988 4292 nostrum
3016 4245 3352 4313 mysterium,
3381 4259 3436 4302 ct

1845 4334 2041 4388 choros
2071 4329 2216 4384 ducit
2247 4327 2390 4380 fraus
2421 4325 2639 4380 diaboli.
2674 4326 2782 4380 Cur
2810 4341 2939 4397 ergo
2969 4345 3076 4385 non
3105 4337 3280 4405 arguit
3300 4379 3315 4403 ,
3349 4339 3434 4393 in—

1847 4426 1980 4494 quit,
2016 4420 2200 4477 Deus?
2227 4417 2380 4487 Quod
2410 4418 2479 4472 ab
2507 4417 2572 4472 iis
2597 4417 2757 4472 datur
2781 4421 3037 4477 auxilium
3068 4439 3211 4495 saepe
3241 4434 3431 4501 arguit,

1847 4524 1904 4570 et
1928 4514 2022 4567 tibi
2043 4529 2147 4566 non
2177 4510 2442 4581 persuasit
2469 4527 2483 4562 :
2507 4508 2618 4578 jam
2637 4508 2857 4564 dimittit
2875 4523 3167 4570 errantem.
3201 4518 3435 4576 Tradidit

1847 4606 2015 4669 enim,
2063 4603 2252 4673 inquit,
2299 4602 2436 4670 ipsos
2466 4598 2605 4655 Deus
2633 4600 2687 4653 in
2715 4602 2984 4670 reprobum
3013 4621 3215 4663 sensum
3253 4611 3434 4680 (fiant.

1851 4696 2036 4766 1.28).
2056 4693 2182 4749 Ηίεε
2204 4707 2270 4748 ne
2290 4691 2538 4746 ethnicus
2557 4691 2794 4762 quidem,
2814 4693 2904 4763 qui
2922 4696 3079 4765 sapit,
3105 4700 3434 4760 toleraverit.

1851 4790 2055 4846 Dicitur
2080 4786 2296 4859 quidam
2323 4794 2508 4841 orator
2536 4787 2716 4857 pOpuli
2745 4786 2968 4844 Athenis
2993 4791 3282 4861 aliquando
3321 4798 3436 4855 ιιωε

1850 4881 1952 4938 sibi
1975 4879 2274 4950 applicasse
2304 4895 2316 4930 :
2346 4877 2542 4933 deinde
2565 4892 2687 4934 cum
2714 4878 2932 4948 quidam
2974 4882 3341 4958 philosOphus,
3373 4893 3437 4948 il-

1834 5046 1836 5048 ν
1851 4972 1954 5027 lius
1970 4971 2223 5041 magister
2237 4984 2357 5022 eum
2375 4968 2617 5032 vidisset,
2635 4970 3065 5042 reprehendisse,
3082 4991 3436 5049 conquestum

1850 5078 1993 5128 esse,
2016 5057 2390 5121 momordisse.
2416 5057 2736 5113 traduxisse.
2756 5058 2867 5116 Nos
2886 5072 3064 5119 autem
3085 5066 3222 5124 adeo
3242 5071 3440 5128 misere

1851 5151 2026 5209 allecti
2052 5165 2237 5206 sumus
2258 5191 2272 5215 ,
2303 5158 2361 5204 ut
2390 5149 2472 5202 liis
2500 5149 2800 5205 credamus.

1924 5246 2027 5301 Cur
2051 5245 2297 5298 miracula
2327 5260 2426 5296 non
2453 5243 2600 5310 ﬁant.
2640 5243 2991 5310 Quorumdam
3023 5255 3435 5320 superstitionum

1851 5338 2144 5407 descriptio.
2187 5335 2380 5391 -—Cur
2402 5350 2507 5389 non
2531 5344 2677 5399 sunt,
2707 5336 2935 5406 inquies,
2953 5341 3044 5410 qui
3059 5355 3302 5402 mortuos
3315 5365 3434 5406 sus-

1851 5434 2038 5495 citent,
2069 5439 2124 5483 et
2165 5427 2466 5483 curationes
2499 5427 2786 5496 peragant?
2815 5426 2943 5496 Cur,
2989 5446 3094 5485 non
3121 5433 3242 5488 dico
3273 5454 3287 5489 :
3339 5455 3438 5494 cur

1851 5536 1994 5577 nunc
2019 5535 2126 5574 non
2154 5527 2278 5572 sunt
2307 5517 2397 5587 qui
2428 5516 2592 5570 vitam
2617 5516 2914 5586 despiciant
2947 5526 3312 5590 praesentem?
3337 5544 3435 5585 cur

1853 5611 2102 5669 mercede
2148 5610 2256 5665 Deo
2299 5609 2598 5664 servimus?
2632 5609 2856 5676 Quando
2897 5612 3216 5674 imbecillius
3243 5619 3432 5677 aﬂecta

1852 5713 1974 5761 erat
2009 5702 2240 5759 humana
2286 5713 2506 5766 natura;
2535 5702 2748 5772 quando
2790 5707 3069 5773 oportebat
3117 5709 3341 5780 plantari
3371 5717 3431 5769 ii-

1853 5796 2002 5855 dem.
2033 5803 2186 5850 erant
2212 5794 2365 5849 multi
2394 5793 2734 5867 huiusmodi;
2778 5810 2916 5852 nunc
2944 5809 3121 5854 autem
3165 5817 3271 5857 non
3321 5808 3435 5862 vult

3046 5893 3127 5954 23
