4050 6324
684 399 790 453 5339

682 525 781 562 nos
816 509 1044 581 pendere
1072 509 1139 562 ab
1171 506 1252 561 his
1283 506 1465 577 signis,
1496 505 1589 559 sed
1632 513 1842 574 paratos
1867 519 1986 559 esse
2017 503 2080 556 ad
2113 517 2254 556 mor-

677 610 814 653 tem.
833 600 940 652 Cur
969 614 1093 669 ergo
1120 599 1240 651 vita:
1267 597 1512 666 praesenti
1541 595 1808 649 inlneres?
1834 610 1927 649 cur
1951 593 2120 648 futura
2149 609 2252 648 non

682 692 915 760 aspicis?
953 700 1006 744 et
1035 705 1127 758 pro
1156 690 1254 742 hac
1282 687 1494 757 quidem
1526 687 1685 740 etiam
1724 685 1859 740 idola
1889 687 2064 738 colere
2093 688 2254 737 susti-

683 799 801 847 nes,
835 797 930 850 pro
959 782 1048 834 illa
1075 787 1250 832 autem
1282 794 1347 831 ne
1378 777 1556 830 subire
1585 775 1798 842 quidem
1825 776 2058 845 aliquam
2090 775 2252 828 animi

683 868 1089 940 aigritudinem?
1121 868 1406 935 Propterea
1448 881 1551 917 non
1593 874 1714 918 sunt
1758 878 1896 918 nunc
1940 865 2092 928 tales,
2117 879 2223 932 quo

683 963 820 1016 niam
852 959 1017 1028 turpis
1045 957 1197 1011 nobis
1225 959 1334 1010 visa
1361 965 1444 1009 est
1471 954 1557 1007 illa
1586 954 1722 1014 vita;
1752 954 2012 1022 siquidem
2042 969 2136 1022 pro
2164 953 2252 1006 illa

683 1052 808 1104 nihil
832 1051 1056 1120 agimus,
1088 1062 1180 1115 pro
1208 1046 1306 1099 hac
1331 1056 1506 1098 autem
1539 1044 1668 1097 nihil
1687 1058 1993 1096 recusamus
2022 1043 2249 1111 perpeti.

679 1142 812 1210 Quid
839 1155 966 1194 vero
994 1137 1132 1193 aliud
1159 1151 1371 1206 quoilue.
1399 1132 1678 1187 ridiculum
1706 1173 1720 1196 ,
1765 1133 1900 1186 cinis
1924 1143 1976 1185 et
2004 1130 2169 1201 fuligo
2196 1140 2252 1185 et

678 1233 933 1286 sales?et
957 1243 1139 1283 rursus
1165 1229 1218 1281 in
1248 1225 1480 1281 medium
1513 1225 1687 1292 prodit
1711 1223 1935 1277 anicula.
1964 1222 2069 1277 Res
2098 1224 2249 1291 plane

679 1320 895 1376 ridicula
923 1326 977 1374 et
1006 1317 1266 1388 pudenda.
1296 1315 1364 1369 Et
1390 1315 1599 1380 oculus,
1632 1315 1801 1383 inquit
1827 1354 1843 1378 ,
1871 1315 2046 1382 rapuit
2075 1311 2245 1367 infan-

675 1421 805 1467 tem.

746 1502 797 1557 6.
830 1502 1114 1569 Quousque
1146 1501 1259 1555 hac
1279 1499 1512 1554 satsnica
1534 1498 1559 1552 τ
1579 1497 1847 1569 quomodo
1874 1511 1976 1550 non
2005 1494 2250 1550 ridebunt

676 1592 892 1696 Crte-gi?
919 1590 1188 1661 quomodo
1215 1604 1322 1646 non
1355 1587 1796 1696 subsannabunto,
1825 1586 2034 1696 quando
2058 1586 2140 1696 eis

669 1671 855 1739 (τεπιῦ
879 1697 1122 1752 magnam
1148 1695 1270 1736 esse
1292 1681 1540 1734 virtutem
1562 1677 1774 1732 erucis?
1795 1675 2064 1746 quomodo
2093 1676 2142 1729 id
2169 1677 2247 1731 eis

670 1775 1074 1843 persuadebitur
1094 1815 1107 1837 ,
1135 1788 1256 1826 cum
1287 1771 1498 1825 videant
1527 1785 1624 1822 nos
1652 1767 1787 1838 o'pus
1813 1768 2010 1822 habere
2035 1769 2099 1822 iis
2128 1783 2247 1837 qua:

669 1867 766 1934 ipsi
799 1864 1062 1920 irrident?
1105 1873 1386 1935 propterea
1421 1862 1563 1916 Deus
1606 1861 1753 1916 dedit
1787 1861 2023 1915 medicos
2051 1869 2103 1915 et
2131 1874 2244 1912 me-

667 1955 1011 2009 dicamenta?
1056 1954 1191 2021 Quid
1225 1968 1352 2008 vero
1376 1994 1392 2014 ,
1419 1951 1463 2005 si
1496 1952 1568 2005 illi
1603 1967 1704 2004 non
1731 1943 1959 2013 curent,
1991 1949 2085 2003 sed
2117 1962 2247 2017 puer

668 2047 921 2101 excedat?
939 2045 1054 2111 Quo
1075 2045 1202 2109 abit,
1218 2045 1530 2112 dic,qu:eso,
1555 2040 1737 2096 infelix
1763 2050 1814 2095 et
1837 2041 2033 2095 miser?
2051 2041 2115 2093 ad
2138 2040 2246 2094 dar--

667 2153 924 2192 monesne
951 2138 1060 2192 abit
1080 2145 1127 2188 ct
1153 2135 1216 2188 ad
1245 2134 1564 2205 tyrannum?
1588 2147 1764 2188 annon
1794 2133 1904 2187 abit
1930 2134 1980 2187 in
2011 2133 2245 2188 etclam?

666 2244 842 2284 annon
889 2227 954 2281 ad
999 2243 1150 2280 suum
1200 2225 1524 2279 Dominum?
1558 2224 1682 2295 quid
1729 2241 1857 2295 ergo
1898 2223 2242 2294 doles?quid

664 2320 804 2376 ﬂes?
830 2319 953 2388 quid
985 2317 1170 2388 luges?
1216 2316 1342 2386 quid
1390 2314 1647 2370 infantem
1677 2317 1844 2385 magis
1868 2315 2045 2385 diligis
2083 2331 2240 2385 quam

667 2412 990 2467 Dominum?
1035 2424 1214 2463 nonne
1258 2417 1474 2477 preptcr
1526 2407 1672 2460 illum
1721 2422 1840 2460 eum
1897 2406 2103 2460 habes?
2143 2421 2241 2459 cur

673 2514 756 2558 est
803 2505 1078 2573 ingratus,
1126 2501 1214 2569 qui
1268 2499 1462 2553 donum
1515 2499 1634 2568 plus
1683 2515 1830 2553 ames
1881 2514 2037 2568 quam
2091 2499 2239 2553 illum

664 2597 752 2666 qui
780 2591 968 2649 dedit?
1016 2596 1081 2646 At
1106 2607 1222 2645 sum
1251 2633 1263 2656 ,
1296 2591 1486 2656 inquit,
1520 2591 1840 2657 imbecillus,
1874 2600 1927 2644 et
1969 2606 2073 2645 non
2123 2591 2240 2645 fero

669 2687 758 2740 Dei
800 2686 1066 2739 timorem.
1097 2682 1228 2736 Nam
1272 2682 1314 2734 si
1363 2681 1417 2734 in
1459 2681 1615 2734 mulis
1656 2681 2025 2749 corporalibus
2067 2680 2240 2749 majus

667 2777 794 2845 tegit
839 2775 1012 2828 minus
1036 2812 1052 2837 ,
1080 2771 1248 2825 multo
1291 2770 1458 2840 magis
1501 2771 1552 2824 in
1593 2769 1766 2822 anima
1799 2769 1956 2824 timor
1981 2771 2141 2824 solvit
2170 2771 2240 2823 ti-

663 2883 887 2929 morem,
916 2873 972 2921 et
996 2866 1150 2919 dolor
1177 2864 1439 2918 dolorem.
1483 2861 1611 2916 Erat
1658 2877 1790 2932 puer
1838 2861 2099 2930 pulcher?
2128 2862 2237 2917 Sed

661 2957 1184 3029 eujusmodicumque
1213 2961 1378 3017 esset,
1413 2967 1518 3006 non
1547 2961 1664 3006 erat
1694 2952 1876 3006 Isaaco
1902 2949 2186 3020 pulchrior
2219 2969 2233 3004 :

661 3061 774 3104 erat
798 3049 884 3102 ille
910 3061 1120 3117 quoque
1148 3043 1357 3099 unicus.
1398 3040 1454 3095 in
1482 3049 1761 3096 senectute
1791 3039 1884 3094 tibi
1919 3049 2076 3095 natus
2105 3040 2237 3093 est?

662 3141 731 3195 Et
757 3139 869 3194 ille.
903 3136 1006 3192 Sed
1049 3146 1130 3190 est
1175 3143 1432 3188 venustus
1459 3142 1514 3189 et
1538 3130 1793 3201 elegans?
1838 3129 2034 3186 Verum
2060 3129 2237 3199 cujus-

659 3232 1033 3299 tnodicumque
1059 3229 1146 3291 sit,
1171 3241 1275 3280 non
1298 3234 1380 3278 est
1405 3224 1587 3294 Moyse
1628 3221 1901 3279 venustior
1930 3230 1984 3277 et
2010 3223 2227 3292 elegan-

659 3324 782 3387 tior,
816 3321 903 3388 qui
934 3321 1092 3374 etiam
1122 3315 1429 3371 barbaricos
1454 3314 1640 3368 oculos
1669 3313 1840 3367 illexit
1866 3311 1932 3366 ad
1965 3311 2045 3367 sui
2079 3327 2236 3365 amo-

660 3430 795 3477 rem,
828 3413 986 3480 idque
1009 3427 1074 3464 eo
1104 3419 1344 3477 tempore
1370 3407 1563 3468 aetatis,
1599 3407 1648 3459 in
1676 3419 1782 3473 quo
1808 3403 2044 3460 nondum
2074 3419 2238 3472 appa-

662 3513 744 3557 ret
772 3511 1022 3556 venustas
1047 3507 1100 3554 et
1131 3495 1430 3567 elegantia;
1458 3494 1552 3549 sed
1603 3504 1777 3547 tamen
1819 3509 1941 3548 eum
1981 3492 2234 3548 dilectum

659 3596 712 3648 in
743 3593 959 3646 ﬂuvium
984 3591 1236 3660 jecerunt
1262 3595 1532 3657 parentes.
1555 3584 1633 3639 Tu
1664 3584 1877 3653 quidem
1904 3593 1959 3637 et
1985 3584 2131 3638 vides
2156 3583 2237 3653 ja-

656 3693 865 3739 eentem
888 3723 903 3748 ,
927 3691 976 3737 et
1009 3680 1228 3736 mandas
1258 3677 1549 3747 sepulturas
1568 3717 1584 3742 ,
1614 3686 1670 3729 et
1695 3678 1810 3730 abis
1839 3675 1902 3730 ad
1934 3676 2235 3729 monimen-

657 3787 769 3830 tum
803 3793 816 3827 :
848 3775 923 3828 illi
967 3783 1146 3826 autem
1179 3771 1493 3825 nesciebant
1520 3782 1644 3821 num
1677 3767 1911 3837 piscibus
1940 3781 2064 3821 esca
2095 3775 2238 3821 esset

655 3867 883 3926 futurus,
906 3879 972 3917 an
1003 3862 1223 3916 canibus
1251 3901 1266 3925 ,
1296 3875 1363 3912 an
1393 3857 1550 3911 alicui
1583 3857 1673 3908 alii
1705 3856 1890 3909 bestia:
1919 3871 1985 3910 ex
2019 3857 2083 3910 iis
2113 3872 2234 3926 qute

657 3938 945 4025 pascuntur
964 3952 1017 4005 in
1043 3950 1175 4004 mari
1200 3965 1214 4003 :
1240 3957 1293 4002 et
1313 3947 1430 4001 hzec
1451 3945 1738 4009 faciebant,
1763 3959 1883 3999 cum
1906 3946 2035 4028 nihil
2059 3946 2232 4000 adhuc

655 4048 852 4103 scirent
875 4044 943 4097 de
969 4055 1152 4110 regno,
1180 4053 1355 4108 neque
1381 4037 1449 4092 de
1472 4035 1885 4091 resurrectione.
1916 4037 1984 4089 At
2011 4050 2115 4088 non
2147 4043 2230 4088 est.

656 4136 863 4201 unicus,
891 4129 984 4188 sed
1026 4131 1140 4199 ipse
1167 4142 1379 4199 quoque
1402 4135 1529 4197 post
1556 4127 1754 4180 multos
1806 4126 2079 4181 excessit?
2125 4125 2232 4180 Sed

655 4240 763 4279 non
803 4233 908 4277 tam
956 4219 1234 4290 repentina
1258 4226 1311 4272 et
1340 4226 1446 4270 tam
1471 4217 1805 4270 accumulata
1836 4215 2108 4284 tristisque
2137 4214 2237 4276 fuit

655 4316 950 4380 calamitas,
973 4326 1129 4382 quam
1154 4324 1273 4379 qua:
1292 4306 1427 4364 Jobo
1447 4307 1641 4362 accidit
1665 4325 1678 4360 :
1709 4322 1812 4361 non
1839 4315 1978 4362 tecto
1998 4307 2232 4377 dejeeto,

654 4424 760 4461 non
793 4405 931 4458 inter
959 4381 1343 4471 prandendum,
1378 4413 1483 4452 non
1513 4381 1905 4453 calamitatibus
1950 4401 2095 4468 prius
2140 4415 2236 4453 an-

657 4496 928 4551 nuntiatis.
969 4497 1035 4547 At
1064 4508 1093 4546 a
1125 4503 1176 4545 te
1205 4491 1567 4559 diligebatur?
1610 4490 1715 4546 Sed
1743 4507 1848 4545 non
1881 4493 2048 4560 magis
2073 4508 2231 4562 quam

656 4589 850 4659 Joscph
876 4587 1162 4640 devoratus
1187 4599 1217 4637 a
1249 4584 1416 4636 bestia
1441 4600 1454 4646 ;
1485 4582 1580 4636 sed
1609 4591 1784 4637 tamen
1812 4583 1930 4636 tulit
1953 4583 2232 4638 calamita-

656 4693 785 4744 tem,
807 4686 860 4732 et
879 4691 998 4745 qute
1027 4683 1144 4744 post
1165 4673 1309 4726 illam
1332 4672 1556 4738 exstitit,
1580 4681 1632 4728 et
1660 4688 1780 4742 qua:
1807 4683 1927 4743 post
1953 4675 2106 4730 hanc.
2133 4675 2232 4728 Pa-

1401 399 1457 449 S.
1497 393 1773 449 JOANNIS
1810 388 2278 454 CHRYSOSTOMI
2316 389 2626 447 AliClllEi‘.
2668 393 3196 462 CONSTA‘NTiNOP.

3841 400 3935 454 5130

2367 512 2445 556 ter
2472 502 2634 571 ﬂevit,
2664 507 2756 561 sed
2788 523 2890 562 uon
2920 509 3080 577 impie
3106 526 3164 563 se
3193 511 3396 579 gessit;
3426 511 3578 574 luxit,
3603 512 3697 567 sed
3724 527 3831 566 non
3862 517 3932 565 in-

2364 593 2710 649 tolerabilitcr
2735 599 2874 662 tulit,
2915 598 3008 653 sed
3043 614 3208 669 usque
3233 600 3297 653 ad
3332 601 3445 654 [nec
3476 602 3636 656 verba
3665 605 3925 666 constitit,

2361 684 2576 747 dicens,
2607 685 2797 754 Joseph
2829 706 2929 743 non
2957 700 3047 754 est,
3079 690 3298 761 Symeon
3325 709 3424 746 non
3454 705 3560 757 est,
3595 704 3638 747 et
3670 694 3932 764 Benjamin

2360 776 2642 842 auferetis?
2667 779 2721 830 in
2753 795 2830 832 me
2855 783 2991 848 facta
3024 792 3138 833 sunt
3170 783 3338 835 omnia
3366 781 3532 854 (Gen.
3555 783 3645 837 42.
3670 785 3738 840 56
3762 786 3804 855 ).
3841 784 3928 837 Vi-

2360 866 2454 920 des
2480 869 2744 936 quomodo
2772 870 2843 923 illi
2873 873 3195 940 persuaserit
3239 872 3396 927 famis
3434 874 3672 943 tyrannis
3704 885 3760 927 ut
3789 874 3925 929 ﬁlios

2360 955 2693 1026 despiceret;
2726 959 2864 1029 apud
2911 970 2961 1014 te
3004 970 3180 1014 autem
3232 977 3335 1016 non
3386 971 3587 1017 tantum
3635 974 3805 1033 poteSI
3843 964 3926 1016 Dei

2359 1059 2533 1103 metus
2554 1091 2570 1113 ,
2597 1061 2853 1120 quantum
2891 1051 3097 1106 fames?
3125 1051 3445 1124 Lacrymare
3468 1093 3484 1116 ,
3515 1070 3620 1108 non
3649 1066 3772 1108 veto
3796 1070 3814 1118 ;
3840 1055 3928 1108 sed

2359 1139 2487 1194 nihil
2511 1142 2877 1210 blasphemum
2898 1143 3099 1199 dixeris
3121 1160 3216 1198 nec
3237 1144 3445 1199 feceris.
3473 1132 3928 1215 Cujusmodicum-

2359 1247 2461 1302 que
2509 1233 2577 1285 sit
2622 1232 2780 1298 ﬁlius,
2809 1250 2914 1287 non
2948 1244 3030 1288 est
3057 1249 3179 1288 cum
3207 1234 3374 1288 Abele
3403 1228 3756 1290 conferendus
3791 1253 3804 1287 :
3837 1234 3928 1289 sed

2359 1322 2489 1376 nihil
2520 1322 2623 1375 tale
2652 1322 2787 1376 dixit
2818 1323 3009 1378 Adam.
3066 1325 3223 1395 Atqui
3254 1325 3429 1395 gravis
3453 1335 3568 1380 erat
3599 1326 3686 1379 illa
3713 1327 3926 1379 calami-

2359 1421 2438 1466 tas
2467 1430 2480 1466 :
2513 1413 2638 1483 quid
2669 1415 2810 1468 enim
2853 1417 3065 1484 gravius
3088 1457 3104 1480 ,
3134 1431 3290 1485 quam
3322 1416 3463 1486 quod
3509 1419 3671 1471 frater
3715 1417 3923 1470 fratrem

2355 1500 2721 1558 interfecerit?
2749 1505 2852 1559 Sed
2878 1505 3020 1560 enim
3050 1505 3274 1558 aliorum
3302 1523 3512 1575 quoque
3539 1505 3924 1561 fratricidarum

2354 1602 2650 1663 Opportune
2695 1595 2836 1649 subit
2879 1595 3132 1649 memoria
3183 1611 3196 1648 :
3249 1595 3393 1649 velut
3436 1597 3652 1664 quando
3700 1597 3922 1649 Abs-don

2355 1684 2580 1736 Ammon
2626 1683 2892 1738 interfecit
2937 1685 3343 1753 primogenitum
3373 1685 3463 1754 (2.
3518 1686 3639 1754 Reg.
3690 1687 3795 1756 15)
3825 1702 3840 1738 :
3873 1697 3924 1739 et

2354 1773 2517 1826 David
2543 1788 2638 1828 rex
2668 1774 2878 1829 amabat
2922 1790 3167 1844 puerum,
3197 1786 3246 1828 et
3281 1777 3330 1828 in
3362 1790 3519 1829 sat-co
3541 1776 3751 1844 quidem
3771 1776 3919 1844 jace-

2352 1865 2443 1919 hat
2468 1876 2523 1920 et
2549 1867 2764 1927 cinere.
2793 1865 2907 1922 Non
2943 1882 3072 1920 vero
3100 1867 3321 1920 adduxit
3355 1867 3682 1920 divinatores
3707 1908 3720 1926 .
3755 1883 3922 1932 neque

2353 1955 2732 2018 int-amatores,
2763 1957 2861 2009 etsi
2892 1967 3016 2010 tunc
3045 1967 3233 2022 erant;
3283 1957 3440 2024 idque
3485 1958 3717 2010 ostendit
3751 1958 3875 2009 Saitl
3906 1972 3918 2007 :

2350 2057 2406 2098 at
2432 2047 2543 2100 Deo
2569 2047 2916 2116 supplicabat.
2967 2047 3045 2101 Tu
3083 2063 3295 2118 quoque
3329 2049 3378 2102 id
3427 2049 3507 2103 fac
3539 2067 3550 2103 :
3578 2049 3718 2118 quod
3751 2049 3919 2117 justus

2353 2135 2495 2200 facit,
2520 2136 2601 2190 fac
2633 2146 2685 2190 tu
2715 2151 2925 2206 quoque
2955 2156 2967 2190 :
3003 2138 3188 2192 eadem
3220 2139 3305 2205 die
3331 2141 3510 2203 verba,
3536 2139 3748 2208 quando
3777 2155 3920 2193 mor-

2358 2237 2476 2280 tuus
2505 2227 2662 2280 fuerit
2703 2227 2916 2282 infans:
2949 2229 3059 2297 Ego
3101 2229 3166 2282 ad
3212 2231 3381 2299 ipsum
3425 2231 3606 2296 abibo,
3637 2234 3751 2303 ipse
3801 2251 3920 2289 vero

2350 2333 2456 2370 non
2481 2319 2657 2372 veniet
2687 2321 2753 2372 ad
2781 2335 2886 2381 me.
2920 2318 3031 2374 lloc
3053 2328 3138 2374 est
3164 2320 3518 2392 philosophia:
3541 2366 3555 2385 ,
3580 2323 3684 2379 hoc
3711 2335 3794 2378 est
3828 2327 3918 2379 be-

2349 2408 2683 2464 nevolentiae.
2716 2408 2786 2464 Ut
2829 2425 2979 2466 ames
3023 2409 3314 2476 infantem,
3345 2427 3450 2466 non
3502 2422 3706 2468 tantum
3753 2432 3918 2481 amas,

2349 2512 2602 2570 quantum
2631 2502 2721 2557 ille
2748 2512 2873 2557 tunc
2896 2544 2911 2570 ,
2939 2503 3146 2557 etiamsi
3174 2513 3316 2558 esset
3345 2515 3499 2558 natus
3524 2520 3590 2559 ex
3619 2506 3877 2560 adulterio
3907 2525 3919 2559 :

2350 2592 2630 2645 tenebatur
2674 2603 2851 2647 autem
2881 2601 3009 2647 tunc
3039 2593 3127 2647 ille
3155 2593 3340 2646 beatus
3367 2608 3582 2647 summo
3614 2597 3797 2648 matris
3828 2595 3919 2649 de-

2347 2681 2562 2735 siderio.
2611 2683 2768 2736 Scitis
2818 2692 2994 2738 autem
3044 2681 3203 2738 fastus
3249 2685 3446 2738 amoris
3495 2697 3768 2754 parentum
3800 2700 3920 2754 pznr-

2350 2773 2536 2840 ticipes
2561 2788 2702 2828 esse.
2753 2774 2817 2828 Et
2849 2784 3026 2829 tantus
3068 2785 3185 2830 erat
3227 2789 3396 2842 amor,
3425 2786 3481 2829 ut
3527 2785 3582 2830 et
3621 2778 3665 2830 si
3711 2787 3922 2846 propter

2345 2879 2467 2918 eum
2498 2865 2638 2920 male
2661 2865 2897 2931 audiret,
2930 2867 3088 2920 vellet
3117 2876 3290 2921 tamen
3320 2882 3440 2920 eum
3473 2869 3697 2923 vivere:
3727 2868 3820 2922 sed
3851 2880 3923 2920 ta-

2347 2973 2468 3012 tnen
2498 2958 2606 3012 Deo
2635 2959 2741 3026 egit
2769 2959 2988 3027 gratias.
3039 2958 3318 3025 Quomodo
3363 2957 3607 3013 an‘eetam
3649 2962 3921 3014 existimas

2346 3045 2508 3101 fuisse
2536 3047 2856 3110 Rebeceam,
2883 3049 3093 3117 quando
3119 3048 3317 3103 Jacobo
3349 3051 3580 3104 minatus
3608 3059 3692 3104 est
3717 3049 3921 3104 frater?

2346 3137 2592 3190 maritum
2626 3154 2729 3190 non
2760 3137 2939 3192 affecit
2971 3140 3214 3192 molestia
3241 3179 3255 3201 ,
3286 3140 3381 3194 sed
3409 3140 3566 3209 jussit
3592 3155 3714 3195 eum
3743 3131 3921 3195 eam"-

2344 3227 2493 3281 dare.
2516 3229 2700 3298 Cogita
2735 3243 2853 3297 quas
2880 3237 3004 3282 sunt
3031 3229 3112 3282 his
3143 3230 3321 3298 pejora
3349 3271 3364 3294 ,
3394 3245 3514 3285 cum
3538 3245 3698 3300 grave
3727 3231 3920 3301 aliquid

2346 3319 2560 3386 pateris,
2575 3329 2628 3373 et
2650 3318 3000 3372 sufficientem
3021 3319 3237 3373 habebis
3253 3320 3666 3374 consolationem
3684 3338 3697 3380 ;
3717 3330 3772 3375 et
3787 3322 3919 3391 apud

2346 3416 2398 3461 te
2423 3417 2629 3476 reputa,
2657 3409 2784 3478 quid
2815 3410 2859 3462 si
2889 3410 2939 3462 in
2969 3409 3109 3463 bello
3141 3419 3286 3463 esset
3312 3419 3554 3464 mortuus
3579 3410 3602 3462 ?
3645 3411 3770 3480 quid
3798 3414 3844 3466 si
3871 3414 3921 3466 in

2346 3497 2583 3567 igne?et
2607 3496 2865 3568 quidquid
2911 3498 3052 3567 passi
3104 3497 3382 3564 fuerimus,
3432 3500 3676 3569 graviora
3720 3505 3918 3571 cogite-

2346 3604 2463 3642 mus
2483 3630 2496 3653 ,
2525 3598 2580 3644 ct
2605 3590 2682 3643 sic
2711 3589 3068 3644 sufficientem
3114 3589 3428 3646 habebimus
3455 3593 3874 3662 consolationem
3901 3611 3914 3655 ;

2343 3690 2397 3735 ct
2420 3695 2511 3734 eos
2535 3680 2624 3750 qui
2649 3682 2892 3749 graviora
2918 3683 3057 3750 passi
3077 3691 3222 3745 sunt,
3247 3697 3458 3751 semper
3478 3681 3914 3744 consideremus;

2344 3785 2550 3824 necnon
2583 3771 2627 3824 si
2659 3772 2757 3840 ipsi
2788 3770 3031 3840 graviora
3081 3770 3369 3840 aliquando
3413 3772 3554 3840 passi
3598 3786 3799 3825 smnus.
3835 3771 3919 3825 Sic

2343 3861 2501 3912 etiam
2530 3860 2773 3914 hortatur
2797 3861 3014 3926 Paulus,
3045 3872 3103 3914 ut
3140 3861 3355 3930 quando
3381 3861 3530 3927 dicit,
3561 3861 3808 3915 Nondum
3833 3879 3916 3915 us-

2342 3965 2438 4016 que
2457 3951 2524 4002 ad
2543 3951 2832 4020 sanguinem
2855 3950 3101 4004 restitistis
3117 3949 3357 4005 adversus
3381 3963 3639 4016 peccatum
3661 3951 3936 4014 det-crtum,

2344 4050 2413 4095 tes
2430 4040 2611 4114 (Hebr.
2638 4041 2723 4096 12.
2750 4043 2804 4110 4)
2822 4060 2836 4106 ;
2856 4052 2910 4097 et
2929 4057 3135 4107 rursus,
3157 4041 3390 4096 Tentatio
3411 4059 3495 4097 vos
3517 4060 3618 4097 non
3635 4046 3915 4114 apprehen-

2342 4133 2437 4198 dit,
2463 4135 2560 4188 nisi
2587 4134 2809 4187 humana
2835 4133 2919 4205 (1.
2947 4132 3066 4189 Cor.
3097 4133 3185 4189 10.
3215 4134 3282 4189 15
3307 4134 3346 4205 ).
3379 4134 3448 4188 lis
3477 4150 3604 4205 ergo
3629 4151 3749 4205 qua:
3777 4136 3910 4206 passi

2321 4223 2601 4291 fuerimus
2625 4227 2867 4296 graviora
2894 4225 3330 4284 consideremus:
3362 4226 3692 4282 inveniemus
3733 4231 3908 4289 enim;

2343 4326 2394 4370 et
2415 4316 2491 4371 sic
2509 4317 2710 4371 erimus
2729 4317 2883 4385 grati.
2914 4317 3051 4370 Ante
3071 4317 3248 4369 omnia
3271 4325 3474 4382 autem,
3501 4327 3716 4386 propter
3736 4320 3910 4372 otmns

2341 4405 2553 4459 assidue
2580 4406 2778 4474 gratias
2807 4419 3026 4475 agamus
3056 4422 3070 4459 τ
3103 4405 3180 4458 sic
3209 4407 3352 4460 enim
3381 4417 3436 4460 et
3466 4406 3582 4461 ha‘c
3608 4408 3907 4469 cessabunt,

2342 4505 2397 4552 et
2423 4511 2519 4550 nos
2547 4495 2612 4549 ad
2644 4495 2733 4548 Dei
2760 4496 2983 4566 gloriam
3015 4495 3275 4561 vivemds,
3298 4505 3354 4551 et
3377 4497 3516 4550 bona
3545 4496 3805 4566 promissa
3835 4513 3912 4550 as-

2343 4601 2630 4655 sequemur
2659 4602 2672 4637 :
2703 4601 2821 4655 quae
2866 4584 3024 4640 detur
3062 4585 3216 4640 nobis
3243 4588 3457 4656 assequi
3487 4591 3653 4656 gratia
3681 4596 3734 4641 et
3767 4588 3910 4643 beni-

2342 4682 2559 4749 gnitate,
2591 4687 2696 4733 etc.

2031 4859 2374 4921 HOMILIA
2415 4859 2537 4923 IX.

656 4999 786 5054 Car.
818 5001 870 5056 3.
899 5017 951 5055 ν.
982 5001 1071 5056 l6.
1117 5000 1334 5054 Verbum
1373 4998 1558 5053 Christi
1587 4998 1770 5053 habitet
1811 4999 1864 5053 in
1902 5002 2039 5054 vobis
2074 5002 2236 5055 abun-

730 5091 931 5156 danter,
968 5091 1021 5144 in
1057 5093 1194 5146 omni
1230 5092 1478 5162 sapientia
1516 5090 1749 5145 docentes
1787 5101 1835 5146 et
1864 5104 2235 5147 commonentes

735 5199 818 5235 vos
847 5184 984 5252 ipsos
1012 5185 1063 5236 in
1091 5183 1301 5251 psalmis
1327 5191 1373 5236 et
1403 5179 1602 5252 hymnis
1641 5190 1691 5235 et
1714 5183 1920 5236 comicis
1947 5185 2235 5253 spirituali-

731 5272 846 5337 bus,
872 5274 922 5325 in
952 5273 1119 5342 gratia
1142 5282 1399 5326 cantantes
1425 5273 1477 5326 in
1501 5273 1736 5326 cordibus
1763 5273 1938 5326 vestris
1967 5271 2188 5327 Domino
2216 5288 2237 5328 :

733 5365 819 5419 l7.
875 5375 922 5419 et
976 5380 1121 5418 omne
1164 5364 1511 5434 quodcumque
1539 5364 1707 5434 facitis
1751 5365 1805 5417 in
1845 5363 1994 5417 verbo
2046 5373 2137 5417 aut
2181 5365 2235 5418 in

729 5474 899 5526 opere,
926 5457 1098 5512 omnia
1134 5457 1188 5511 in
1214 5457 1418 5510 nomine
1442 5454 1653 5509 Domini
1683 5456 1841 5509 nostri
1874 5454 1998 5510 Iesu
2023 5454 2232 5521 Christi,

727 5549 918 5619 gratius
938 5557 1140 5618 agentes
1168 5546 1273 5601 Deo
1299 5556 1346 5601 et
1377 5544 1520 5599 Patri
1545 5561 1632 5615 per
1659 5547 1846 5615 ipsum.

727 5639 779 5692 ι.
809 5637 1074 5703 Quomodo
1094 5639 1224 5707 grati
1250 5636 1303 5690 in
1322 5633 1486 5690 Deum
1515 5634 1628 5702 fieri
1655 5635 1924 5702 possimus.
1951 5633 2237 5706 Scriptura:

648 5740 811 5781 sacra
835 5727 1077 5794 legenda.
1111 5755 1180 5768 -
1209 5726 1341 5781 Cum
1381 5725 1637 5781 suasisset
1681 5738 1800 5780 esse
1840 5733 2044 5794 gratos,
2093 5724 2231 5780 viam

2341 4999 2594 5056 ostendit.
2637 5001 2806 5069 Quam
2834 4999 3147 5060 illamt'De
3187 5021 3289 5075 qua
3328 5019 3426 5060 nos
3454 5003 3726 5060 vobiscum
3774 5007 3911 5076 prius

2342 5091 2712 5147 disseruimus.
2759 5092 2897 5162 Quid
2923 5093 3148 5150 dicens?
3183 5094 3397 5150 Verbum
3429 5095 3616 5150 Christi
3643 5096 3834 5150 habitet
3862 5099 3904 5149 is

2341 5181 2478 5234 vobis
2519 5181 2856 5238 abundanter.
2910 5184 3020 5238 lmo
3058 5200 3188 5240 vero
3237 5201 3342 5240 non
3388 5187 3526 5242 hanc
3573 5187 3768 5251 solum,
3825 5186 3911 5240 sed

2344 5272 2507 5324 etiam
2529 5271 2708 5326 aliam.
2737 5272 2870 5327 Nam
2889 5290 2994 5344 ego
3013 5276 3228 5345 quidem
3256 5276 3388 5342 dixi,
3416 5276 3559 5346 quod
3584 5285 3800 5347 oportet
3823 5288 3906 5330 eos

2345 5363 2508 5415 etiam
2555 5377 2841 5420 recensere
2867 5367 2958 5435 qui
2998 5369 3244 5436 graviora
3279 5369 3422 5440 passi
3451 5379 3596 5434 sunt,
3643 5378 3700 5424 et
3739 5371 3909 5426 animo

2343 5466 2558 5508 versare
2584 5467 2679 5508 eos
2711 5456 2801 5525 qui
2839 5458 3205 5512 sustinuerunt
3239 5472 3303 5514 ac
3327 5459 3629 5514 tolerarunt
3673 5461 3908 5529 graviora

2343 5561 2501 5616 quam
2525 5561 2642 5612 nos,
2675 5557 2729 5602 et
2752 5550 2952 5619 gratias
2983 5565 3143 5620 agere
3167 5553 3307 5622 quod
3339 5551 3429 5606 illa
3460 5567 3565 5606 non
3591 5554 3866 5607 evenerint
3893 5570 3903 5601 :

2345 5635 2458 5704 ipse
2485 5652 2610 5692 vero
2635 5638 2760 5707 quid
2790 5639 2957 5695 dicit?
3007 5639 3222 5696 Verbum
3263 5641 3447 5701 Christi
3476 5642 3663 5697 habitet
3699 5645 3756 5697 in
3781 5643 3908 5697 vobis

2347 5729 2692 5794 abundanter;
2736 5729 2836 5786 hoc
2860 5742 2964 5801 est,
2992 5733 3255 5812 doctrina,
3285 5736 3555 5808 dogmata,
3597 5734 3906 5800 admonitio,
