  <div class='ocr_page' id='page_1' title='image "/cluster/home/n/w/nwhite01/storage/ocr_20150623/62/pst.000005712625/368.png"; bbox 0 0 4050 6324; ppageno 0'>
   <div class='ocr_carea' id='block_1_1' title="bbox 122 421 1655 488">
    <p class='ocr_par' dir='ltr' id='par_1_1' title="bbox 122 422 1655 488">
     <span class='ocr_line' id='line_1_1' title="bbox 122 422 1655 488; baseline -0.007 0"><span class='ocrx_word' id='word_1_1' title='bbox 122 434 210 488; x_wconf 66' lang='grc' dir='ltr'><strong>ωι</strong></span> <span class='ocrx_word' id='word_1_2' title='bbox 974 426 1040 482; x_wconf 78' lang='grc' dir='ltr'><strong>ΙΝ</strong></span> <span class='ocrx_word' id='word_1_3' title='bbox 1075 424 1286 484; x_wconf 77' lang='grc' dir='ltr'><strong>ειηδτ.</strong></span> <span class='ocrx_word' id='word_1_4' title='bbox 1328 425 1414 477; x_wconf 83' lang='lat' dir='ltr'><strong>AD</strong></span> <span class='ocrx_word' id='word_1_5' title='bbox 1451 422 1655 480; x_wconf 78' lang='lat' dir='ltr'><strong>COLOS</strong></span> 
     </span>
    </p>
   </div>
   <div class='ocr_carea' id='block_1_2' title="bbox 1758 421 2433 488">
    <p class='ocr_par' dir='ltr' id='par_1_2' title="bbox 1761 424 2433 484">
     <span class='ocr_line' id='line_1_2' title="bbox 1761 424 2433 484; baseline 0.007 -5"><span class='ocrx_word' id='word_1_6' title='bbox 1761 424 1911 479; x_wconf 79' lang='lat' dir='ltr'><strong>CAP.</strong></span> <span class='ocrx_word' id='word_1_7' title='bbox 1953 424 2037 479; x_wconf 90' lang='lat' dir='ltr'><strong>Ill.</strong></span> <span class='ocrx_word' id='word_1_8' title='bbox 2080 425 2300 480; x_wconf 70' lang='lat' dir='ltr'><strong>HOMIL.</strong></span> <span class='ocrx_word' id='word_1_9' title='bbox 2344 427 2433 484; x_wconf 64' lang='grc' dir='ltr'><strong>ιχ.</strong></span> 
     </span>
    </p>
   </div>
   <div class='ocr_carea' id='block_1_3' title="bbox 119 535 1649 614">
    <p class='ocr_par' dir='ltr' id='par_1_3' title="bbox 119 535 1649 614">
     <span class='ocr_line' id='line_1_3' title="bbox 119 535 1649 614; baseline -0.006 -16"><span class='ocrx_word' id='word_1_10' title='bbox 119 543 370 614; x_wconf 78' lang='lat' dir='ltr'><strong>inquibus</strong></span> <span class='ocrx_word' id='word_1_11' title='bbox 410 544 570 595; x_wconf 83' lang='lat' dir='ltr'><strong>vitam</strong></span> <span class='ocrx_word' id='word_1_12' title='bbox 601 547 912 609; x_wconf 77' lang='lat' dir='ltr'><strong>pra-sentem</strong></span> <span class='ocrx_word' id='word_1_13' title='bbox 955 537 1084 591; x_wconf 83' lang='lat' dir='ltr'><strong>nihil</strong></span> <span class='ocrx_word' id='word_1_14' title='bbox 1130 551 1248 591; x_wconf 88' lang='lat' dir='ltr'><strong>esse</strong></span> <span class='ocrx_word' id='word_1_15' title='bbox 1285 535 1432 599; x_wconf 83' lang='lat' dir='ltr'><strong>dicit,</strong></span> <span class='ocrx_word' id='word_1_16' title='bbox 1479 550 1649 602; x_wconf 91' lang='lat' dir='ltr'><strong>neque</strong></span> 
     </span>
    </p>
   </div>
   <div class='ocr_carea' id='block_1_4' title="bbox 116 623 1652 704">
    <p class='ocr_par' dir='ltr' id='par_1_4' title="bbox 116 623 1652 704">
     <span class='ocr_line' id='line_1_4' title="bbox 116 623 1652 704; baseline -0.007 -18"><span class='ocrx_word' id='word_1_17' title='bbox 116 637 219 704; x_wconf 78' lang='lat' dir='ltr'><strong>ejus</strong></span> <span class='ocrx_word' id='word_1_18' title='bbox 241 633 397 686; x_wconf 83' lang='lat' dir='ltr'><strong>bona.</strong></span> <span class='ocrx_word' id='word_1_19' title='bbox 438 631 497 685; x_wconf 92' lang='lat' dir='ltr'><strong>Si</strong></span> <span class='ocrx_word' id='word_1_20' title='bbox 523 631 662 684; x_wconf 86' lang='lat' dir='ltr'><strong>enim</strong></span> <span class='ocrx_word' id='word_1_21' title='bbox 687 625 801 682; x_wconf 72' lang='lat' dir='ltr'><strong>haec</strong></span> <span class='ocrx_word' id='word_1_22' title='bbox 832 627 1137 690; x_wconf 81' lang='lat' dir='ltr'><strong>viderimus,</strong></span> <span class='ocrx_word' id='word_1_23' title='bbox 1170 625 1300 679; x_wconf 85' lang='lat' dir='ltr'><strong>nulli</strong></span> <span class='ocrx_word' id='word_1_24' title='bbox 1329 639 1392 679; x_wconf 87' lang='lat' dir='ltr'><strong>ex</strong></span> <span class='ocrx_word' id='word_1_25' title='bbox 1437 623 1502 678; x_wconf 88' lang='lat' dir='ltr'><strong>iis</strong></span> <span class='ocrx_word' id='word_1_26' title='bbox 1533 639 1652 694; x_wconf 64' lang='lat' dir='ltr'><strong>quae</strong></span> 
     </span>
    </p>
   </div>
   <div class='ocr_carea' id='block_1_5' title="bbox 117 713 1650 788">
    <p class='ocr_par' dir='ltr' id='par_1_5' title="bbox 117 713 1650 788">
     <span class='ocr_line' id='line_1_5' title="bbox 117 713 1650 788; baseline -0.007 -11"><span class='ocrx_word' id='word_1_27' title='bbox 117 734 226 777; x_wconf 82' lang='lat' dir='ltr'><strong>sunt</strong></span> <span class='ocrx_word' id='word_1_28' title='bbox 242 735 428 788; x_wconf 87' lang='lat' dir='ltr'><strong>aspera</strong></span> <span class='ocrx_word' id='word_1_29' title='bbox 454 730 509 774; x_wconf 92' lang='lat' dir='ltr'><strong>et</strong></span> <span class='ocrx_word' id='word_1_30' title='bbox 531 716 768 772; x_wconf 84' lang='lat' dir='ltr'><strong>difficilia</strong></span> <span class='ocrx_word' id='word_1_31' title='bbox 789 715 1059 770; x_wconf 76' lang='lat' dir='ltr'><strong>cedemus.</strong></span> <span class='ocrx_word' id='word_1_32' title='bbox 1089 713 1357 775; x_wconf 82' lang='lat' dir='ltr'><strong>lnltabitet,</strong></span> <span class='ocrx_word' id='word_1_33' title='bbox 1387 713 1574 782; x_wconf 79' lang='lat' dir='ltr'><strong>inquit,</strong></span> <span class='ocrx_word' id='word_1_34' title='bbox 1596 714 1650 766; x_wconf 85' lang='lat' dir='ltr'><strong>in</strong></span> 
     </span>
    </p>
   </div>
   <div class='ocr_carea' id='block_1_6' title="bbox 114 803 1649 869">
    <p class='ocr_par' dir='ltr' id='par_1_6' title="bbox 114 803 1649 869">
     <span class='ocr_line' id='line_1_6' title="bbox 114 803 1649 869; baseline -0.008 -1"><span class='ocrx_word' id='word_1_35' title='bbox 114 815 236 868; x_wconf 68' lang='lat' dir='ltr'><strong>vobis</strong></span> <span class='ocrx_word' id='word_1_36' title='bbox 258 811 592 866; x_wconf 72' lang='lat' dir='ltr'><strong>abundenter.</strong></span> <span class='ocrx_word' id='word_1_37' title='bbox 615 808 729 864; x_wconf 77' lang='lat' dir='ltr'><strong>Non</strong></span> <span class='ocrx_word' id='word_1_38' title='bbox 750 806 920 861; x_wconf 88' lang='lat' dir='ltr'><strong>solum</strong></span> <span class='ocrx_word' id='word_1_39' title='bbox 945 805 1098 869; x_wconf 90' lang='lat' dir='ltr'><strong>dixit,</strong></span> <span class='ocrx_word' id='word_1_40' title='bbox 1125 803 1354 864; x_wconf 88' lang='lat' dir='ltr'><strong>llabitet,</strong></span> <span class='ocrx_word' id='word_1_41' title='bbox 1381 803 1474 858; x_wconf 85' lang='lat' dir='ltr'><strong>sed</strong></span> <span class='ocrx_word' id='word_1_42' title='bbox 1492 803 1649 857; x_wconf 90' lang='lat' dir='ltr'><strong>etiam</strong></span> 
     </span>
    </p>
   </div>
   <div class='ocr_carea' id='block_1_7' title="bbox 113 893 1652 969">
    <p class='ocr_par' dir='ltr' id='par_1_7' title="bbox 113 893 1652 969">
     <span class='ocr_line' id='line_1_7' title="bbox 113 893 1652 969; baseline -0.008 -11"><span class='ocrx_word' id='word_1_43' title='bbox 113 920 224 958; x_wconf 87' lang='lat' dir='ltr'><strong>cum</strong></span> <span class='ocrx_word' id='word_1_44' title='bbox 278 917 471 969; x_wconf 80' lang='lat' dir='ltr'><strong>magna</strong></span> <span class='ocrx_word' id='word_1_45' title='bbox 524 897 864 953; x_wconf 72' lang='lat' dir='ltr'><strong>abundantia.</strong></span> <span class='ocrx_word' id='word_1_46' title='bbox 915 896 1106 950; x_wconf 77' lang='lat' dir='ltr'><strong>Audite</strong></span> <span class='ocrx_word' id='word_1_47' title='bbox 1154 895 1472 964; x_wconf 81' lang='lat' dir='ltr'><strong>quicumque</strong></span> <span class='ocrx_word' id='word_1_48' title='bbox 1523 893 1652 946; x_wconf 81' lang='lat' dir='ltr'><strong>estis</strong></span> 
     </span>
    </p>
   </div>
   <div class='ocr_carea' id='block_1_8' title="bbox 112 981 1652 1057">
    <p class='ocr_par' dir='ltr' id='par_1_8' title="bbox 112 981 1652 1057">
     <span class='ocr_line' id='line_1_8' title="bbox 112 981 1652 1057; baseline -0.009 -9"><span class='ocrx_word' id='word_1_49' title='bbox 112 992 374 1053; x_wconf 80' lang='lat' dir='ltr'><strong>mundani,</strong></span> <span class='ocrx_word' id='word_1_50' title='bbox 399 999 455 1045; x_wconf 90' lang='lat' dir='ltr'><strong>et</strong></span> <span class='ocrx_word' id='word_1_51' title='bbox 478 989 626 1044; x_wconf 91' lang='lat' dir='ltr'><strong>uxori</strong></span> <span class='ocrx_word' id='word_1_52' title='bbox 651 987 889 1057; x_wconf 59' lang='lat' dir='ltr'><strong>pratestis</strong></span> <span class='ocrx_word' id='word_1_53' title='bbox 911 995 965 1040; x_wconf 91' lang='lat' dir='ltr'><strong>et</strong></span> <span class='ocrx_word' id='word_1_54' title='bbox 985 984 1187 1044; x_wconf 89' lang='lat' dir='ltr'><strong>liberis,</strong></span> <span class='ocrx_word' id='word_1_55' title='bbox 1213 983 1476 1052; x_wconf 85' lang='lat' dir='ltr'><strong>quomodo</strong></span> <span class='ocrx_word' id='word_1_56' title='bbox 1499 981 1652 1034; x_wconf 78' lang='lat' dir='ltr'><strong>vobis</strong></span> 
     </span>
    </p>
   </div>
   <div class='ocr_carea' id='block_1_9' title="bbox 110 1072 1650 1152">
    <p class='ocr_par' dir='ltr' id='par_1_9' title="bbox 110 1072 1650 1152">
     <span class='ocr_line' id='line_1_9' title="bbox 110 1072 1650 1152; baseline -0.009 -15"><span class='ocrx_word' id='word_1_57' title='bbox 110 1097 308 1152; x_wconf 86' lang='lat' dir='ltr'><strong>quoque</strong></span> <span class='ocrx_word' id='word_1_58' title='bbox 350 1081 582 1134; x_wconf 89' lang='lat' dir='ltr'><strong>maxime</strong></span> <span class='ocrx_word' id='word_1_59' title='bbox 625 1075 839 1130; x_wconf 87' lang='lat' dir='ltr'><strong>mandet</strong></span> <span class='ocrx_word' id='word_1_60' title='bbox 876 1075 1052 1144; x_wconf 85' lang='lat' dir='ltr'><strong>legere</strong></span> <span class='ocrx_word' id='word_1_61' title='bbox 1093 1072 1411 1140; x_wconf 73' lang='lat' dir='ltr'><strong>Scriptores,</strong></span> <span class='ocrx_word' id='word_1_62' title='bbox 1457 1080 1511 1125; x_wconf 92' lang='lat' dir='ltr'><strong>et</strong></span> <span class='ocrx_word' id='word_1_63' title='bbox 1546 1085 1650 1123; x_wconf 91' lang='lat' dir='ltr'><strong>nou</strong></span> 
     </span>
    </p>
   </div>
   <div class='ocr_carea' id='block_1_10' title="bbox 111 1160 1648 1247">
    <p class='ocr_par' dir='ltr' id='par_1_10' title="bbox 111 1160 1648 1247">
     <span class='ocr_line' id='line_1_10' title="bbox 111 1160 1648 1247; baseline -0.008 -22"><span class='ocrx_word' id='word_1_64' title='bbox 111 1173 289 1225; x_wconf 78' lang='lat' dir='ltr'><strong>leviter</strong></span> <span class='ocrx_word' id='word_1_65' title='bbox 331 1184 431 1224; x_wconf 86' lang='lat' dir='ltr'><strong>nec</strong></span> <span class='ocrx_word' id='word_1_66' title='bbox 457 1179 677 1229; x_wconf 87' lang='lat' dir='ltr'><strong>temere,</strong></span> <span class='ocrx_word' id='word_1_67' title='bbox 703 1165 796 1221; x_wconf 81' lang='lat' dir='ltr'><strong>sed</strong></span> <span class='ocrx_word' id='word_1_68' title='bbox 817 1179 1017 1247; x_wconf 57' lang='lat' dir='ltr'><strong>‘magno</strong></span> <span class='ocrx_word' id='word_1_69' title='bbox 1055 1163 1231 1218; x_wconf 90' lang='lat' dir='ltr'><strong>studio</strong></span> <span class='ocrx_word' id='word_1_70' title='bbox 1269 1176 1332 1216; x_wconf 87' lang='lat' dir='ltr'><strong>ac</strong></span> <span class='ocrx_word' id='word_1_71' title='bbox 1357 1160 1648 1229; x_wconf 76' lang='lat' dir='ltr'><strong>diligentia.</strong></span> 
     </span>
    </p>
   </div>
   <div class='ocr_carea' id='block_1_11' title="bbox 109 1249 1652 1326">
    <p class='ocr_par' dir='ltr' id='par_1_11' title="bbox 109 1249 1652 1326">
     <span class='ocr_line' id='line_1_11' title="bbox 109 1249 1652 1326; baseline -0.01 -11"><span class='ocrx_word' id='word_1_72' title='bbox 109 1260 228 1316; x_wconf 77' lang='lat' dir='ltr'><strong>Nam</strong></span> <span class='ocrx_word' id='word_1_73' title='bbox 256 1259 397 1313; x_wconf 92' lang='lat' dir='ltr'><strong>sicut</strong></span> <span class='ocrx_word' id='word_1_74' title='bbox 420 1259 506 1326; x_wconf 90' lang='lat' dir='ltr'><strong>qui</strong></span> <span class='ocrx_word' id='word_1_75' title='bbox 531 1266 615 1310; x_wconf 87' lang='lat' dir='ltr'><strong>est</strong></span> <span class='ocrx_word' id='word_1_76' title='bbox 637 1256 789 1310; x_wconf 88' lang='lat' dir='ltr'><strong>dives</strong></span> <span class='ocrx_word' id='word_1_77' title='bbox 817 1253 868 1308; x_wconf 91' lang='lat' dir='ltr'><strong>in</strong></span> <span class='ocrx_word' id='word_1_78' title='bbox 901 1253 1158 1322; x_wconf 81' lang='lat' dir='ltr'><strong>pecuniis.</strong></span> <span class='ocrx_word' id='word_1_79' title='bbox 1189 1251 1328 1305; x_wconf 91' lang='lat' dir='ltr'><strong>ferre</strong></span> <span class='ocrx_word' id='word_1_80' title='bbox 1352 1258 1528 1320; x_wconf 82' lang='lat' dir='ltr'><strong>potest</strong></span> <span class='ocrx_word' id='word_1_81' title='bbox 1553 1249 1652 1304; x_wconf 84' lang='lat' dir='ltr'><strong>da-</strong></span> 
     </span>
    </p>
   </div>
   <div class='ocr_carea' id='block_1_12' title="bbox 109 1329 1650 1407">
    <p class='ocr_par' dir='ltr' id='par_1_12' title="bbox 109 1329 1650 1407">
     <span class='ocr_line' id='line_1_12' title="bbox 109 1329 1650 1407; baseline -0.008 -5"><span class='ocrx_word' id='word_1_82' title='bbox 109 1364 278 1402; x_wconf 89' lang='lat' dir='ltr'><strong>tnnum</strong></span> <span class='ocrx_word' id='word_1_83' title='bbox 301 1356 358 1401; x_wconf 89' lang='lat' dir='ltr'><strong>et</strong></span> <span class='ocrx_word' id='word_1_84' title='bbox 376 1346 869 1400; x_wconf 79' lang='lat' dir='ltr'><strong>condemnationem</strong></span> <span class='ocrx_word' id='word_1_85' title='bbox 894 1357 909 1394; x_wconf 90' lang='lat'><strong>:</strong></span> <span class='ocrx_word' id='word_1_86' title='bbox 942 1342 1010 1395; x_wconf 85' lang='lat' dir='ltr'><strong>ita</strong></span> <span class='ocrx_word' id='word_1_87' title='bbox 1030 1329 1189 1394; x_wconf 86' lang='lat' dir='ltr'><strong>etiam</strong></span> <span class='ocrx_word' id='word_1_88' title='bbox 1215 1340 1300 1407; x_wconf 93' lang='lat' dir='ltr'><strong>qui</strong></span> <span class='ocrx_word' id='word_1_89' title='bbox 1326 1349 1406 1393; x_wconf 90' lang='lat' dir='ltr'><strong>est</strong></span> <span class='ocrx_word' id='word_1_90' title='bbox 1432 1339 1579 1392; x_wconf 80' lang='lat' dir='ltr'><strong>dives</strong></span> <span class='ocrx_word' id='word_1_91' title='bbox 1600 1339 1650 1391; x_wconf 93' lang='lat' dir='ltr'><strong>in</strong></span> 
     </span>
    </p>
   </div>
   <div class='ocr_carea' id='block_1_13' title="bbox 106 1429 1653 1507">
    <p class='ocr_par' dir='ltr' id='par_1_13' title="bbox 106 1429 1653 1507">
     <span class='ocr_line' id='line_1_13' title="bbox 106 1429 1653 1507; baseline -0.006 -17"><span class='ocrx_word' id='word_1_92' title='bbox 106 1437 430 1507; x_wconf 78' lang='lat' dir='ltr'><strong>dogmatibus</strong></span> <span class='ocrx_word' id='word_1_93' title='bbox 458 1432 822 1503; x_wconf 70' lang='lat' dir='ltr'><strong>philosophiae,</strong></span> <span class='ocrx_word' id='word_1_94' title='bbox 854 1431 1004 1485; x_wconf 78' lang='lat' dir='ltr'><strong>facile</strong></span> <span class='ocrx_word' id='word_1_95' title='bbox 1032 1429 1169 1484; x_wconf 87' lang='lat' dir='ltr'><strong>ferre</strong></span> <span class='ocrx_word' id='word_1_96' title='bbox 1211 1436 1386 1499; x_wconf 83' lang='lat' dir='ltr'><strong>potest</strong></span> <span class='ocrx_word' id='word_1_97' title='bbox 1415 1444 1518 1482; x_wconf 89' lang='lat' dir='ltr'><strong>non</strong></span> <span class='ocrx_word' id='word_1_98' title='bbox 1565 1443 1653 1481; x_wconf 85' lang='lat' dir='ltr'><strong>so-</strong></span> 
     </span>
    </p>
   </div>
   <div class='ocr_carea' id='block_1_14' title="bbox 107 1517 1650 1593">
    <p class='ocr_par' dir='ltr' id='par_1_14' title="bbox 107 1517 1650 1593">
     <span class='ocr_line' id='line_1_14' title="bbox 107 1517 1650 1593; baseline -0.006 -16"><span class='ocrx_word' id='word_1_99' title='bbox 107 1526 206 1578; x_wconf 90' lang='lat' dir='ltr'><strong>lum</strong></span> <span class='ocrx_word' id='word_1_100' title='bbox 235 1534 620 1593; x_wconf 85' lang='lat' dir='ltr'><strong>paupertatem,</strong></span> <span class='ocrx_word' id='word_1_101' title='bbox 651 1520 743 1575; x_wconf 86' lang='lat' dir='ltr'><strong>sed</strong></span> <span class='ocrx_word' id='word_1_102' title='bbox 772 1522 929 1574; x_wconf 88' lang='lat' dir='ltr'><strong>etiam</strong></span> <span class='ocrx_word' id='word_1_103' title='bbox 957 1519 1088 1573; x_wconf 88' lang='lat' dir='ltr'><strong>alias</strong></span> <span class='ocrx_word' id='word_1_104' title='bbox 1119 1519 1467 1580; x_wconf 79' lang='lat' dir='ltr'><strong>calamitates,</strong></span> <span class='ocrx_word' id='word_1_105' title='bbox 1494 1517 1650 1570; x_wconf 90' lang='lat' dir='ltr'><strong>etiam</strong></span> 
     </span>
    </p>
   </div>
   <div class='ocr_carea' id='block_1_15' title="bbox 108 1604 1650 1677">
    <p class='ocr_par' dir='ltr' id='par_1_15' title="bbox 108 1604 1650 1677">
     <span class='ocr_line' id='line_1_15' title="bbox 108 1604 1650 1677; baseline -0.007 -11"><span class='ocrx_word' id='word_1_106' title='bbox 108 1615 190 1667; x_wconf 93' lang='lat' dir='ltr'><strong>illo</strong></span> <span class='ocrx_word' id='word_1_107' title='bbox 217 1613 441 1667; x_wconf 82' lang='lat' dir='ltr'><strong>facilius.</strong></span> <span class='ocrx_word' id='word_1_108' title='bbox 468 1610 598 1666; x_wconf 82' lang='lat' dir='ltr'><strong>Nam</strong></span> <span class='ocrx_word' id='word_1_109' title='bbox 625 1610 730 1664; x_wconf 91' lang='lat' dir='ltr'><strong>illic</strong></span> <span class='ocrx_word' id='word_1_110' title='bbox 757 1607 968 1677; x_wconf 90' lang='lat' dir='ltr'><strong>quidem</strong></span> <span class='ocrx_word' id='word_1_111' title='bbox 995 1607 1119 1659; x_wconf 90' lang='lat' dir='ltr'><strong>dum</strong></span> <span class='ocrx_word' id='word_1_112' title='bbox 1143 1605 1392 1659; x_wconf 81' lang='lat' dir='ltr'><strong>damnum</strong></span> <span class='ocrx_word' id='word_1_113' title='bbox 1422 1604 1650 1659; x_wconf 85' lang='lat' dir='ltr'><strong>exsolvi-</strong></span> 
     </span>
    </p>
   </div>
   <div class='ocr_carea' id='block_1_16' title="bbox 110 1695 1655 1768">
    <p class='ocr_par' dir='ltr' id='par_1_16' title="bbox 110 1695 1655 1768">
     <span class='ocr_line' id='line_1_16' title="bbox 110 1695 1655 1768; baseline -0.007 -11"><span class='ocrx_word' id='word_1_114' title='bbox 110 1714 208 1768; x_wconf 87' lang='lat' dir='ltr'><strong>tur,</strong></span> <span class='ocrx_word' id='word_1_115' title='bbox 251 1716 472 1757; x_wconf 76' lang='lat' dir='ltr'><strong>necesse</strong></span> <span class='ocrx_word' id='word_1_116' title='bbox 509 1709 590 1755; x_wconf 87' lang='lat' dir='ltr'><strong>est</strong></span> <span class='ocrx_word' id='word_1_117' title='bbox 626 1709 683 1754; x_wconf 92' lang='lat' dir='ltr'><strong>ut</strong></span> <span class='ocrx_word' id='word_1_118' title='bbox 707 1701 794 1768; x_wconf 92' lang='lat' dir='ltr'><strong>qui</strong></span> <span class='ocrx_word' id='word_1_119' title='bbox 822 1706 905 1754; x_wconf 88' lang='lat' dir='ltr'><strong>est</strong></span> <span class='ocrx_word' id='word_1_120' title='bbox 930 1696 1077 1750; x_wconf 82' lang='lat' dir='ltr'><strong>dives</strong></span> <span class='ocrx_word' id='word_1_121' title='bbox 1105 1695 1476 1749; x_wconf 84' lang='lat' dir='ltr'><strong>detrimentum</strong></span> <span class='ocrx_word' id='word_1_122' title='bbox 1517 1695 1655 1747; x_wconf 84' lang='lat' dir='ltr'><strong>acci-</strong></span> 
     </span>
    </p>
   </div>
   <div class='ocr_carea' id='block_1_17' title="bbox 108 1784 1654 1863">
    <p class='ocr_par' dir='ltr' id='par_1_17' title="bbox 108 1784 1654 1863">
     <span class='ocr_line' id='line_1_17' title="bbox 108 1784 1654 1863; baseline -0.006 -17"><span class='ocrx_word' id='word_1_123' title='bbox 108 1796 211 1863; x_wconf 83' lang='lat' dir='ltr'><strong>piat</strong></span> <span class='ocrx_word' id='word_1_124' title='bbox 248 1801 305 1848; x_wconf 92' lang='lat' dir='ltr'><strong>et</strong></span> <span class='ocrx_word' id='word_1_125' title='bbox 342 1799 626 1859; x_wconf 72' lang='lat' dir='ltr'><strong>arguatur;</strong></span> <span class='ocrx_word' id='word_1_126' title='bbox 671 1797 727 1842; x_wconf 87' lang='lat' dir='ltr'><strong>et</strong></span> <span class='ocrx_word' id='word_1_127' title='bbox 766 1788 811 1841; x_wconf 86' lang='lat' dir='ltr'><strong>si</strong></span> <span class='ocrx_word' id='word_1_128' title='bbox 840 1787 943 1841; x_wconf 87' lang='lat' dir='ltr'><strong>hoc</strong></span> <span class='ocrx_word' id='word_1_129' title='bbox 981 1786 1029 1840; x_wconf 88' lang='lat' dir='ltr'><strong>ci</strong></span> <span class='ocrx_word' id='word_1_130' title='bbox 1061 1799 1200 1852; x_wconf 71' lang='lat' dir='ltr'><strong>saepe</strong></span> <span class='ocrx_word' id='word_1_131' title='bbox 1247 1784 1518 1848; x_wconf 88' lang='lat' dir='ltr'><strong>acciderit,</strong></span> <span class='ocrx_word' id='word_1_132' title='bbox 1546 1797 1654 1837; x_wconf 90' lang='lat' dir='ltr'><strong>non</strong></span> 
     </span>
    </p>
   </div>
   <div class='ocr_carea' id='block_1_18' title="bbox 107 1873 1646 1953">
    <p class='ocr_par' dir='ltr' id='par_1_18' title="bbox 107 1873 1646 1953">
     <span class='ocr_line' id='line_1_18' title="bbox 107 1873 1646 1953; baseline -0.009 -14"><span class='ocrx_word' id='word_1_133' title='bbox 107 1885 290 1953; x_wconf 89' lang='lat' dir='ltr'><strong>poterit</strong></span> <span class='ocrx_word' id='word_1_134' title='bbox 314 1882 542 1950; x_wconf 88' lang='lat' dir='ltr'><strong>amplius</strong></span> <span class='ocrx_word' id='word_1_135' title='bbox 567 1880 704 1935; x_wconf 85' lang='lat' dir='ltr'><strong>ferre</strong></span> <span class='ocrx_word' id='word_1_136' title='bbox 731 1895 745 1931; x_wconf 88' lang='lat'><strong>:</strong></span> <span class='ocrx_word' id='word_1_137' title='bbox 777 1879 862 1932; x_wconf 92' lang='lat' dir='ltr'><strong>hic</strong></span> <span class='ocrx_word' id='word_1_138' title='bbox 896 1885 1071 1930; x_wconf 91' lang='lat' dir='ltr'><strong>autem</strong></span> <span class='ocrx_word' id='word_1_139' title='bbox 1099 1889 1203 1928; x_wconf 90' lang='lat' dir='ltr'><strong>non</strong></span> <span class='ocrx_word' id='word_1_140' title='bbox 1232 1875 1344 1937; x_wconf 89' lang='lat' dir='ltr'><strong>sic;</strong></span> <span class='ocrx_word' id='word_1_141' title='bbox 1371 1888 1474 1926; x_wconf 89' lang='lat' dir='ltr'><strong>non</strong></span> <span class='ocrx_word' id='word_1_142' title='bbox 1506 1873 1646 1927; x_wconf 91' lang='lat' dir='ltr'><strong>enim</strong></span> 
     </span>
    </p>
   </div>
   <div class='ocr_carea' id='block_1_19' title="bbox 108 1964 1650 2034">
    <p class='ocr_par' dir='ltr' id='par_1_19' title="bbox 108 1964 1650 2034">
     <span class='ocr_line' id='line_1_19' title="bbox 108 1964 1650 2034; baseline -0.009 -5"><span class='ocrx_word' id='word_1_143' title='bbox 108 1988 256 2028; x_wconf 84' lang='lat' dir='ltr'><strong>sanas</strong></span> <span class='ocrx_word' id='word_1_144' title='bbox 279 1982 336 2027; x_wconf 87' lang='lat' dir='ltr'><strong>ct</strong></span> <span class='ocrx_word' id='word_1_145' title='bbox 359 1980 532 2026; x_wconf 83' lang='lat' dir='ltr'><strong>rectas</strong></span> <span class='ocrx_word' id='word_1_146' title='bbox 553 1969 912 2025; x_wconf 82' lang='lat' dir='ltr'><strong>consumimus</strong></span> <span class='ocrx_word' id='word_1_147' title='bbox 936 1964 1282 2034; x_wconf 75' lang='lat' dir='ltr'><strong>cogitationes</strong></span> <span class='ocrx_word' id='word_1_148' title='bbox 1310 1978 1372 2018; x_wconf 89' lang='lat' dir='ltr'><strong>ac</strong></span> <span class='ocrx_word' id='word_1_149' title='bbox 1400 1964 1650 2028; x_wconf 81' lang='lat' dir='ltr'><strong>rationes,</strong></span> 
     </span>
    </p>
   </div>
   <div class='ocr_carea' id='block_1_20' title="bbox 108 2053 1656 2129">
    <p class='ocr_par' dir='ltr' id='par_1_20' title="bbox 108 2053 1656 2129">
     <span class='ocr_line' id='line_1_20' title="bbox 108 2053 1656 2129; baseline -0.008 -11"><span class='ocrx_word' id='word_1_150' title='bbox 108 2079 218 2118; x_wconf 88' lang='lat' dir='ltr'><strong>cum</strong></span> <span class='ocrx_word' id='word_1_151' title='bbox 242 2063 383 2117; x_wconf 88' lang='lat' dir='ltr'><strong>ferre</strong></span> <span class='ocrx_word' id='word_1_152' title='bbox 406 2067 643 2129; x_wconf 76' lang='lat' dir='ltr'><strong>oporteat</strong></span> <span class='ocrx_word' id='word_1_153' title='bbox 668 2056 862 2127; x_wconf 89' lang='lat' dir='ltr'><strong>aliquid</strong></span> <span class='ocrx_word' id='word_1_154' title='bbox 884 2056 1021 2125; x_wconf 91' lang='lat' dir='ltr'><strong>quod</strong></span> <span class='ocrx_word' id='word_1_155' title='bbox 1043 2056 1307 2118; x_wconf 89' lang='lat' dir='ltr'><strong>nolumus,</strong></span> <span class='ocrx_word' id='word_1_156' title='bbox 1327 2053 1421 2108; x_wconf 90' lang='lat' dir='ltr'><strong>sed</strong></span> <span class='ocrx_word' id='word_1_157' title='bbox 1442 2061 1656 2107; x_wconf 88' lang='lat' dir='ltr'><strong>manent</strong></span> 
     </span>
    </p>
   </div>
   <div class='ocr_carea' id='block_1_21' title="bbox 109 2143 1652 2221">
    <p class='ocr_par' dir='ltr' id='par_1_21' title="bbox 109 2143 1652 2221">
     <span class='ocr_line' id='line_1_21' title="bbox 109 2143 1652 2221; baseline -0.006 -15"><span class='ocrx_word' id='word_1_158' title='bbox 109 2162 379 2221; x_wconf 86' lang='lat' dir='ltr'><strong>perpetuo.</strong></span> <span class='ocrx_word' id='word_1_159' title='bbox 409 2149 538 2203; x_wconf 90' lang='lat' dir='ltr'><strong>Vide</strong></span> <span class='ocrx_word' id='word_1_160' title='bbox 566 2157 741 2201; x_wconf 89' lang='lat' dir='ltr'><strong>autem</strong></span> <span class='ocrx_word' id='word_1_161' title='bbox 783 2147 936 2214; x_wconf 85' lang='lat' dir='ltr'><strong>hujus</strong></span> <span class='ocrx_word' id='word_1_162' title='bbox 979 2146 1116 2198; x_wconf 85' lang='lat' dir='ltr'><strong>beati</strong></span> <span class='ocrx_word' id='word_1_163' title='bbox 1145 2144 1494 2214; x_wconf 89' lang='lat' dir='ltr'><strong>prudentiam.</strong></span> <span class='ocrx_word' id='word_1_164' title='bbox 1537 2143 1652 2198; x_wconf 85' lang='lat' dir='ltr'><strong>Non</strong></span> 
     </span>
    </p>
   </div>
   <div class='ocr_carea' id='block_1_22' title="bbox 107 2231 1654 2307">
    <p class='ocr_par' dir='ltr' id='par_1_22' title="bbox 107 2231 1654 2307">
     <span class='ocr_line' id='line_1_22' title="bbox 107 2231 1654 2307; baseline -0.006 -11"><span class='ocrx_word' id='word_1_165' title='bbox 107 2243 253 2307; x_wconf 90' lang='lat' dir='ltr'><strong>dixit,</strong></span> <span class='ocrx_word' id='word_1_166' title='bbox 291 2240 523 2295; x_wconf 83' lang='lat' dir='ltr'><strong>Verbum</strong></span> <span class='ocrx_word' id='word_1_167' title='bbox 548 2237 744 2292; x_wconf 82' lang='lat' dir='ltr'><strong>Christi</strong></span> <span class='ocrx_word' id='word_1_168' title='bbox 773 2237 841 2289; x_wconf 88' lang='lat' dir='ltr'><strong>sit</strong></span> <span class='ocrx_word' id='word_1_169' title='bbox 871 2236 920 2288; x_wconf 93' lang='lat' dir='ltr'><strong>in</strong></span> <span class='ocrx_word' id='word_1_170' title='bbox 948 2236 1116 2299; x_wconf 84' lang='lat' dir='ltr'><strong>vobis,</strong></span> <span class='ocrx_word' id='word_1_171' title='bbox 1162 2233 1529 2296; x_wconf 86' lang='lat' dir='ltr'><strong>solummodo;</strong></span> <span class='ocrx_word' id='word_1_172' title='bbox 1559 2231 1654 2286; x_wconf 89' lang='lat' dir='ltr'><strong>sed</strong></span> 
     </span>
    </p>
   </div>
   <div class='ocr_carea' id='block_1_23' title="bbox 107 2323 1654 2402">
    <p class='ocr_par' dir='ltr' id='par_1_23' title="bbox 107 2323 1654 2402">
     <span class='ocr_line' id='line_1_23' title="bbox 107 2323 1654 2402; baseline -0.007 -17"><span class='ocrx_word' id='word_1_173' title='bbox 107 2334 264 2402; x_wconf 72' lang='lat' dir='ltr'><strong>quid?</strong></span> <span class='ocrx_word' id='word_1_174' title='bbox 309 2331 584 2392; x_wconf 70' lang='lat' dir='ltr'><strong>Iubebitet,</strong></span> <span class='ocrx_word' id='word_1_175' title='bbox 624 2337 698 2393; x_wconf 77' lang='lat' dir='ltr'><strong>et,</strong></span> <span class='ocrx_word' id='word_1_176' title='bbox 730 2326 1050 2380; x_wconf 79' lang='lat' dir='ltr'><strong>Abundanter</strong></span> <span class='ocrx_word' id='word_1_177' title='bbox 1085 2341 1103 2377; x_wconf 90' lang='lat'><strong><em>:</em></strong></span> <span class='ocrx_word' id='word_1_178' title='bbox 1127 2323 1191 2377; x_wconf 79' lang='lat' dir='ltr'><strong>In</strong></span> <span class='ocrx_word' id='word_1_179' title='bbox 1233 2325 1368 2376; x_wconf 84' lang='lat' dir='ltr'><strong>omni</strong></span> <span class='ocrx_word' id='word_1_180' title='bbox 1406 2323 1654 2390; x_wconf 78' lang='lat' dir='ltr'><strong>sapientia</strong></span> 
     </span>
    </p>
   </div>
   <div class='ocr_carea' id='block_1_24' title="bbox 108 2411 1657 2483">
    <p class='ocr_par' dir='ltr' id='par_1_24' title="bbox 108 2411 1657 2483">
     <span class='ocr_line' id='line_1_24' title="bbox 108 2411 1657 2483; baseline -0.009 -5"><span class='ocrx_word' id='word_1_181' title='bbox 108 2414 329 2477; x_wconf 65' lang='grc' dir='ltr'><strong>ἄθεωῶ</strong></span> <span class='ocrx_word' id='word_1_182' title='bbox 370 2430 420 2475; x_wconf 83' lang='lat' dir='ltr'><strong>et</strong></span> <span class='ocrx_word' id='word_1_183' title='bbox 459 2428 822 2473; x_wconf 70' lang='lat' dir='ltr'><strong>commacules</strong></span> <span class='ocrx_word' id='word_1_184' title='bbox 862 2415 1201 2483; x_wconf 73' lang='lat' dir='ltr'><strong>vosmetipsos.</strong></span> <span class='ocrx_word' id='word_1_185' title='bbox 1234 2412 1492 2466; x_wconf 78' lang='lat' dir='ltr'><strong>Virtutem</strong></span> <span class='ocrx_word' id='word_1_186' title='bbox 1527 2411 1657 2464; x_wconf 91' lang='lat' dir='ltr'><strong>dicit</strong></span> 
     </span>
    </p>
   </div>
   <div class='ocr_carea' id='block_1_25' title="bbox 109 2502 1652 2582">
    <p class='ocr_par' dir='ltr' id='par_1_25' title="bbox 109 2502 1652 2582">
     <span class='ocr_line' id='line_1_25' title="bbox 109 2502 1652 2582; baseline -0.008 -16"><span class='ocrx_word' id='word_1_187' title='bbox 109 2513 447 2582; x_wconf 75' lang='lat' dir='ltr'><strong>sapientiam;</strong></span> <span class='ocrx_word' id='word_1_188' title='bbox 477 2518 532 2562; x_wconf 88' lang='lat' dir='ltr'><strong>et</strong></span> <span class='ocrx_word' id='word_1_189' title='bbox 555 2509 744 2561; x_wconf 90' lang='lat' dir='ltr'><strong>merito</strong></span> <span class='ocrx_word' id='word_1_190' title='bbox 772 2523 786 2560; x_wconf 89' lang='lat'>:</span> <span class='ocrx_word' id='word_1_191' title='bbox 811 2505 1077 2558; x_wconf 87' lang='lat' dir='ltr'><strong>humilitas</strong></span> <span class='ocrx_word' id='word_1_192' title='bbox 1102 2504 1240 2556; x_wconf 89' lang='lat' dir='ltr'><strong>enim</strong></span> <span class='ocrx_word' id='word_1_193' title='bbox 1267 2513 1347 2556; x_wconf 90' lang='lat' dir='ltr'><strong>est</strong></span> <span class='ocrx_word' id='word_1_194' title='bbox 1376 2502 1652 2569; x_wconf 89' lang='lat' dir='ltr'><strong>sapientia,</strong></span> 
     </span>
    </p>
   </div>
   <div class='ocr_carea' id='block_1_26' title="bbox 111 2591 1656 2669">
    <p class='ocr_par' dir='ltr' id='par_1_26' title="bbox 111 2591 1656 2669">
     <span class='ocr_line' id='line_1_26' title="bbox 111 2591 1656 2669; baseline -0.007 -15"><span class='ocrx_word' id='word_1_195' title='bbox 111 2604 336 2669; x_wconf 81' lang='lat' dir='ltr'><strong>itemque</strong></span> <span class='ocrx_word' id='word_1_196' title='bbox 363 2600 720 2665; x_wconf 81' lang='lat' dir='ltr'><strong>eleemosyna,</strong></span> <span class='ocrx_word' id='word_1_197' title='bbox 751 2603 806 2648; x_wconf 90' lang='lat' dir='ltr'><strong>et</strong></span> <span class='ocrx_word' id='word_1_198' title='bbox 832 2609 948 2662; x_wconf 77' lang='lat' dir='ltr'><strong>qua:</strong></span> <span class='ocrx_word' id='word_1_199' title='bbox 972 2600 1097 2645; x_wconf 90' lang='lat' dir='ltr'><strong>sunt</strong></span> <span class='ocrx_word' id='word_1_200' title='bbox 1127 2591 1428 2658; x_wconf 70' lang='lat' dir='ltr'><strong>huiusmodi</strong></span> <span class='ocrx_word' id='word_1_201' title='bbox 1457 2606 1471 2644; x_wconf 88' lang='lat'>:</span> <span class='ocrx_word' id='word_1_202' title='bbox 1506 2601 1561 2644; x_wconf 91' lang='lat' dir='ltr'><strong>ut</strong></span> <span class='ocrx_word' id='word_1_203' title='bbox 1603 2600 1656 2644; x_wconf 92' lang='lat' dir='ltr'><strong>et</strong></span> 
     </span>
    </p>
   </div>
   <div class='ocr_carea' id='block_1_27' title="bbox 109 2680 1654 2754">
    <p class='ocr_par' dir='ltr' id='par_1_27' title="bbox 109 2680 1654 2754">
     <span class='ocr_line' id='line_1_27' title="bbox 109 2680 1654 2754; baseline -0.007 -9"><span class='ocrx_word' id='word_1_204' title='bbox 109 2690 368 2745; x_wconf 82' lang='lat' dir='ltr'><strong>contraria</strong></span> <span class='ocrx_word' id='word_1_205' title='bbox 419 2695 541 2742; x_wconf 85' lang='lat' dir='ltr'><strong>sunt</strong></span> <span class='ocrx_word' id='word_1_206' title='bbox 580 2683 913 2754; x_wconf 87' lang='lat' dir='ltr'><strong>insipientia;</strong></span> <span class='ocrx_word' id='word_1_207' title='bbox 950 2691 1032 2738; x_wconf 86' lang='lat' dir='ltr'><strong>est</strong></span> <span class='ocrx_word' id='word_1_208' title='bbox 1074 2681 1216 2736; x_wconf 87' lang='lat' dir='ltr'><strong>enim</strong></span> <span class='ocrx_word' id='word_1_209' title='bbox 1263 2680 1551 2736; x_wconf 84' lang='lat' dir='ltr'><strong>crudelitas</strong></span> <span class='ocrx_word' id='word_1_210' title='bbox 1589 2695 1654 2734; x_wconf 82' lang='lat' dir='ltr'><strong>ex</strong></span> 
     </span>
    </p>
   </div>
   <div class='ocr_carea' id='block_1_28' title="bbox 111 2772 1653 2850">
    <p class='ocr_par' dir='ltr' id='par_1_28' title="bbox 111 2772 1653 2850">
     <span class='ocr_line' id='line_1_28' title="bbox 111 2772 1653 2850; baseline -0.008 -15"><span class='ocrx_word' id='word_1_211' title='bbox 111 2778 426 2850; x_wconf 87' lang='lat' dir='ltr'><strong>insipientia.</strong></span> <span class='ocrx_word' id='word_1_212' title='bbox 473 2774 622 2831; x_wconf 81' lang='lat' dir='ltr'><strong>Unde</strong></span> <span class='ocrx_word' id='word_1_213' title='bbox 659 2773 841 2828; x_wconf 91' lang='lat' dir='ltr'><strong>multis</strong></span> <span class='ocrx_word' id='word_1_214' title='bbox 890 2774 943 2826; x_wconf 89' lang='lat' dir='ltr'><strong>in</strong></span> <span class='ocrx_word' id='word_1_215' title='bbox 996 2772 1128 2825; x_wconf 89' lang='lat' dir='ltr'><strong>locis</strong></span> <span class='ocrx_word' id='word_1_216' title='bbox 1175 2786 1332 2825; x_wconf 92' lang='lat' dir='ltr'><strong>omne</strong></span> <span class='ocrx_word' id='word_1_217' title='bbox 1382 2780 1653 2838; x_wconf 89' lang='lat' dir='ltr'><strong>peccatum</strong></span> 
     </span>
    </p>
   </div>
   <div class='ocr_carea' id='block_1_29' title="bbox 111 2859 1657 2938">
    <p class='ocr_par' dir='ltr' id='par_1_29' title="bbox 111 2859 1657 2938">
     <span class='ocr_line' id='line_1_29' title="bbox 111 2859 1657 2938; baseline -0.006 -17"><span class='ocrx_word' id='word_1_218' title='bbox 111 2879 258 2924; x_wconf 73' lang='lat' dir='ltr'><strong>meat</strong></span> <span class='ocrx_word' id='word_1_219' title='bbox 292 2865 650 2938; x_wconf 88' lang='lat' dir='ltr'><strong>insipientiam</strong></span> <span class='ocrx_word' id='word_1_220' title='bbox 677 2882 689 2916; x_wconf 91' lang='lat'><strong>:</strong></span> <span class='ocrx_word' id='word_1_221' title='bbox 722 2861 859 2915; x_wconf 72' lang='lat' dir='ltr'><strong>Dixit</strong></span> <span class='ocrx_word' id='word_1_222' title='bbox 900 2862 1064 2924; x_wconf 90' lang='lat' dir='ltr'><strong>enim,</strong></span> <span class='ocrx_word' id='word_1_223' title='bbox 1110 2861 1298 2927; x_wconf 80' lang='lat' dir='ltr'><strong>inquit,</strong></span> <span class='ocrx_word' id='word_1_224' title='bbox 1331 2861 1570 2928; x_wconf 79' lang='lat' dir='ltr'><strong>insipiens</strong></span> <span class='ocrx_word' id='word_1_225' title='bbox 1603 2859 1657 2911; x_wconf 84' lang='lat' dir='ltr'><strong>in</strong></span> 
     </span>
    </p>
   </div>
   <div class='ocr_carea' id='block_1_30' title="bbox 113 2948 1658 3022">
    <p class='ocr_par' dir='ltr' id='par_1_30' title="bbox 113 2948 1658 3022">
     <span class='ocr_line' id='line_1_30' title="bbox 113 2948 1658 3022; baseline -0.01 -8"><span class='ocrx_word' id='word_1_226' title='bbox 113 2961 252 3014; x_wconf 82' lang='lat' dir='ltr'><strong>corde</strong></span> <span class='ocrx_word' id='word_1_227' title='bbox 294 2975 407 3022; x_wconf 77' lang='lat' dir='ltr'><strong>sua,</strong></span> <span class='ocrx_word' id='word_1_228' title='bbox 451 2972 551 3008; x_wconf 85' lang='lat' dir='ltr'><strong>non</strong></span> <span class='ocrx_word' id='word_1_229' title='bbox 593 2964 665 3008; x_wconf 88' lang='lat' dir='ltr'><strong>est</strong></span> <span class='ocrx_word' id='word_1_230' title='bbox 708 2952 879 3013; x_wconf 85' lang='lat' dir='ltr'><strong>Deus;</strong></span> <span class='ocrx_word' id='word_1_231' title='bbox 924 2961 978 3006; x_wconf 90' lang='lat' dir='ltr'><strong>et</strong></span> <span class='ocrx_word' id='word_1_232' title='bbox 1023 2966 1228 3014; x_wconf 84' lang='lat' dir='ltr'><strong>rursus,</strong></span> <span class='ocrx_word' id='word_1_233' title='bbox 1263 2948 1572 3002; x_wconf 77' lang='lat' dir='ltr'><strong>Putruerunt</strong></span> <span class='ocrx_word' id='word_1_234' title='bbox 1611 2957 1658 3006; x_wconf 81' lang='lat' dir='ltr'><strong>et</strong></span> 
     </span>
    </p>
   </div>
   <div class='ocr_carea' id='block_1_31' title="bbox 111 3038 1658 3114">
    <p class='ocr_par' dir='ltr' id='par_1_31' title="bbox 111 3038 1658 3114">
     <span class='ocr_line' id='line_1_31' title="bbox 111 3038 1658 3114; baseline -0.006 -13"><span class='ocrx_word' id='word_1_235' title='bbox 111 3059 352 3114; x_wconf 67' lang='lat' dir='ltr'><strong>corruptae</strong></span> <span class='ocrx_word' id='word_1_236' title='bbox 377 3055 493 3099; x_wconf 76' lang='lat' dir='ltr'><strong>sunt</strong></span> <span class='ocrx_word' id='word_1_237' title='bbox 531 3041 783 3095; x_wconf 80' lang='lat' dir='ltr'><strong>cicatrices</strong></span> <span class='ocrx_word' id='word_1_238' title='bbox 813 3054 932 3093; x_wconf 64' lang='lat' dir='ltr'><strong>mea</strong></span> <span class='ocrx_word' id='word_1_239' title='bbox 973 3056 1004 3091; x_wconf 91' lang='lat' dir='ltr'><strong>a</strong></span> <span class='ocrx_word' id='word_1_240' title='bbox 1029 3039 1158 3106; x_wconf 80' lang='lat' dir='ltr'><strong>facie</strong></span> <span class='ocrx_word' id='word_1_241' title='bbox 1195 3038 1496 3105; x_wconf 68' lang='lat' dir='ltr'><strong>insipientia:</strong></span> <span class='ocrx_word' id='word_1_242' title='bbox 1534 3052 1658 3091; x_wconf 65' lang='lat' dir='ltr'><strong>mea</strong></span> 
     </span>
    </p>
   </div>
   <div class='ocr_carea' id='block_1_32' title="bbox 114 3129 1656 3212">
    <p class='ocr_par' dir='ltr' id='par_1_32' title="bbox 114 3129 1656 3212">
     <span class='ocr_line' id='line_1_32' title="bbox 114 3129 1656 3212; baseline -0.008 -20"><span class='ocrx_word' id='word_1_243' title='bbox 114 3140 273 3212; x_wconf 78' lang='lat' dir='ltr'><strong>(Psal.</strong></span> <span class='ocrx_word' id='word_1_244' title='bbox 305 3139 395 3193; x_wconf 76' lang='lat' dir='ltr'><strong>l3.</strong></span> <span class='ocrx_word' id='word_1_245' title='bbox 429 3137 481 3188; x_wconf 85' lang='lat' dir='ltr'><strong>l.</strong></span> <span class='ocrx_word' id='word_1_246' title='bbox 503 3143 548 3188; x_wconf 83' lang='lat' dir='ltr'><strong>et</strong></span> <span class='ocrx_word' id='word_1_247' title='bbox 575 3134 664 3187; x_wconf 78' lang='lat'><strong>57.</strong></span> <span class='ocrx_word' id='word_1_248' title='bbox 692 3133 768 3198; x_wconf 85' lang='lat'><strong>6).</strong></span> <span class='ocrx_word' id='word_1_249' title='bbox 797 3129 931 3195; x_wconf 90' lang='lat' dir='ltr'><strong>Quid</strong></span> <span class='ocrx_word' id='word_1_250' title='bbox 960 3129 1120 3192; x_wconf 90' lang='lat' dir='ltr'><strong>enim,</strong></span> <span class='ocrx_word' id='word_1_251' title='bbox 1141 3131 1459 3196; x_wconf 76' lang='lat' dir='ltr'><strong>dic,qu:eso,</strong></span> <span class='ocrx_word' id='word_1_252' title='bbox 1485 3138 1563 3182; x_wconf 87' lang='lat' dir='ltr'><strong>est</strong></span> <span class='ocrx_word' id='word_1_253' title='bbox 1591 3142 1656 3180; x_wconf 92' lang='lat' dir='ltr'><strong>eo</strong></span> 
     </span>
    </p>
   </div>
   <div class='ocr_carea' id='block_1_33' title="bbox 113 3216 1658 3299">
    <p class='ocr_par' dir='ltr' id='par_1_33' title="bbox 113 3216 1658 3299">
     <span class='ocr_line' id='line_1_33' title="bbox 113 3216 1658 3299; baseline -0.014 -11"><span class='ocrx_word' id='word_1_254' title='bbox 113 3234 338 3298; x_wconf 85' lang='lat' dir='ltr'><strong>stultius,</strong></span> <span class='ocrx_word' id='word_1_255' title='bbox 366 3229 454 3299; x_wconf 86' lang='lat' dir='ltr'><strong>qui</strong></span> <span class='ocrx_word' id='word_1_256' title='bbox 483 3223 810 3281; x_wconf 81' lang='lat' dir='ltr'><strong>vestimentis</strong></span> <span class='ocrx_word' id='word_1_257' title='bbox 829 3221 1041 3290; x_wconf 86' lang='lat' dir='ltr'><strong>quidem</strong></span> <span class='ocrx_word' id='word_1_258' title='bbox 1067 3219 1311 3278; x_wconf 86' lang='lat' dir='ltr'><strong>vestitur,</strong></span> <span class='ocrx_word' id='word_1_259' title='bbox 1343 3216 1531 3270; x_wconf 83' lang='lat' dir='ltr'><strong>fratres</strong></span> <span class='ocrx_word' id='word_1_260' title='bbox 1564 3230 1658 3267; x_wconf 91' lang='lat' dir='ltr'><strong>au-</strong></span> 
     </span>
    </p>
   </div>
   <div class='ocr_carea' id='block_1_34' title="bbox 114 3303 1656 3386">
    <p class='ocr_par' dir='ltr' id='par_1_34' title="bbox 114 3303 1656 3386">
     <span class='ocr_line' id='line_1_34' title="bbox 114 3303 1656 3386; baseline -0.014 -10"><span class='ocrx_word' id='word_1_261' title='bbox 114 3333 212 3377; x_wconf 90' lang='lat' dir='ltr'><strong>tem</strong></span> <span class='ocrx_word' id='word_1_262' title='bbox 235 3335 362 3375; x_wconf 85' lang='lat' dir='ltr'><strong>suos</strong></span> <span class='ocrx_word' id='word_1_263' title='bbox 389 3316 613 3386; x_wconf 84' lang='lat' dir='ltr'><strong>despicit</strong></span> <span class='ocrx_word' id='word_1_264' title='bbox 638 3311 841 3367; x_wconf 86' lang='lat' dir='ltr'><strong>nudos?</strong></span> <span class='ocrx_word' id='word_1_265' title='bbox 871 3311 955 3377; x_wconf 89' lang='lat' dir='ltr'><strong>qui</strong></span> <span class='ocrx_word' id='word_1_266' title='bbox 984 3322 1142 3360; x_wconf 89' lang='lat' dir='ltr'><strong>canes</strong></span> <span class='ocrx_word' id='word_1_267' title='bbox 1183 3305 1393 3374; x_wconf 89' lang='lat' dir='ltr'><strong>quidem</strong></span> <span class='ocrx_word' id='word_1_268' title='bbox 1420 3304 1532 3366; x_wconf 88' lang='lat' dir='ltr'><strong>alit,</strong></span> <span class='ocrx_word' id='word_1_269' title='bbox 1564 3303 1656 3356; x_wconf 91' lang='lat' dir='ltr'><strong>Dei</strong></span> 
     </span>
    </p>
   </div>
   <div class='ocr_carea' id='block_1_35' title="bbox 113 3395 1658 3477">
    <p class='ocr_par' dir='ltr' id='par_1_35' title="bbox 113 3395 1658 3477">
     <span class='ocr_line' id='line_1_35' title="bbox 113 3395 1658 3477; baseline -0.014 -11"><span class='ocrx_word' id='word_1_270' title='bbox 113 3421 278 3466; x_wconf 81' lang='lat' dir='ltr'><strong>autem</strong></span> <span class='ocrx_word' id='word_1_271' title='bbox 300 3407 580 3477; x_wconf 73' lang='lat' dir='ltr'><strong>imaginem</strong></span> <span class='ocrx_word' id='word_1_272' title='bbox 601 3405 654 3458; x_wconf 89' lang='lat' dir='ltr'><strong>in</strong></span> <span class='ocrx_word' id='word_1_273' title='bbox 676 3403 811 3455; x_wconf 86' lang='lat' dir='ltr'><strong>fame</strong></span> <span class='ocrx_word' id='word_1_274' title='bbox 829 3396 1151 3453; x_wconf 78' lang='lat' dir='ltr'><strong>contemnit?</strong></span> <span class='ocrx_word' id='word_1_275' title='bbox 1171 3395 1253 3448; x_wconf 92' lang='lat' dir='ltr'><strong>cui</strong></span> <span class='ocrx_word' id='word_1_276' title='bbox 1282 3397 1432 3462; x_wconf 89' lang='lat' dir='ltr'><strong>plane</strong></span> <span class='ocrx_word' id='word_1_277' title='bbox 1451 3405 1530 3448; x_wconf 90' lang='lat' dir='ltr'><strong>est</strong></span> <span class='ocrx_word' id='word_1_278' title='bbox 1547 3409 1658 3462; x_wconf 89' lang='lat' dir='ltr'><strong>per-</strong></span> 
     </span>
    </p>
   </div>
   <div class='ocr_carea' id='block_1_36' title="bbox 114 3487 1658 3556">
    <p class='ocr_par' dir='ltr' id='par_1_36' title="bbox 114 3487 1658 3556">
     <span class='ocr_line' id='line_1_36' title="bbox 114 3487 1658 3556; baseline -0.013 0"><span class='ocrx_word' id='word_1_279' title='bbox 114 3515 315 3556; x_wconf 81' lang='lat' dir='ltr'><strong>suasum</strong></span> <span class='ocrx_word' id='word_1_280' title='bbox 335 3497 464 3552; x_wconf 86' lang='lat' dir='ltr'><strong>nihil</strong></span> <span class='ocrx_word' id='word_1_281' title='bbox 480 3509 598 3550; x_wconf 90' lang='lat' dir='ltr'><strong>esse</strong></span> <span class='ocrx_word' id='word_1_282' title='bbox 620 3508 702 3547; x_wconf 91' lang='lat' dir='ltr'><strong>res</strong></span> <span class='ocrx_word' id='word_1_283' title='bbox 733 3491 1005 3549; x_wconf 88' lang='lat' dir='ltr'><strong>humanas,</strong></span> <span class='ocrx_word' id='word_1_284' title='bbox 1019 3497 1073 3540; x_wconf 94' lang='lat' dir='ltr'><strong>et</strong></span> <span class='ocrx_word' id='word_1_285' title='bbox 1097 3487 1175 3539; x_wconf 90' lang='lat' dir='ltr'><strong>eis</strong></span> <span class='ocrx_word' id='word_1_286' title='bbox 1194 3495 1274 3539; x_wconf 87' lang='lat' dir='ltr'><strong>est</strong></span> <span class='ocrx_word' id='word_1_287' title='bbox 1298 3487 1506 3548; x_wconf 78' lang='lat' dir='ltr'><strong>afﬁxus,</strong></span> <span class='ocrx_word' id='word_1_288' title='bbox 1527 3493 1658 3536; x_wconf 85' lang='lat' dir='ltr'><strong>tam-</strong></span> 
     </span>
    </p>
   </div>
   <div class='ocr_carea' id='block_1_37' title="bbox 115 3573 1657 3662">
    <p class='ocr_par' dir='ltr' id='par_1_37' title="bbox 115 3573 1657 3662">
     <span class='ocr_line' id='line_1_37' title="bbox 115 3573 1657 3662; baseline -0.014 -15"><span class='ocrx_word' id='word_1_289' title='bbox 115 3607 263 3662; x_wconf 85' lang='lat' dir='ltr'><strong>quam</strong></span> <span class='ocrx_word' id='word_1_290' title='bbox 300 3595 411 3643; x_wconf 88' lang='lat' dir='ltr'><strong>sint</strong></span> <span class='ocrx_word' id='word_1_291' title='bbox 437 3575 795 3639; x_wconf 75' lang='lat' dir='ltr'><strong>immortales?</strong></span> <span class='ocrx_word' id='word_1_292' title='bbox 822 3579 972 3633; x_wconf 89' lang='lat' dir='ltr'><strong>Sicut</strong></span> <span class='ocrx_word' id='word_1_293' title='bbox 998 3591 1124 3646; x_wconf 88' lang='lat' dir='ltr'><strong>ergo</strong></span> <span class='ocrx_word' id='word_1_294' title='bbox 1161 3575 1288 3628; x_wconf 88' lang='lat' dir='ltr'><strong>nihil</strong></span> <span class='ocrx_word' id='word_1_295' title='bbox 1318 3583 1397 3627; x_wconf 90' lang='lat' dir='ltr'><strong>est</strong></span> <span class='ocrx_word' id='word_1_296' title='bbox 1427 3573 1516 3626; x_wconf 85' lang='lat' dir='ltr'><strong>tali</strong></span> <span class='ocrx_word' id='word_1_297' title='bbox 1547 3575 1657 3626; x_wconf 91' lang='lat' dir='ltr'><strong>viro</strong></span> 
     </span>
    </p>
   </div>
   <div class='ocr_carea' id='block_1_38' title="bbox 115 3666 1659 3751">
    <p class='ocr_par' dir='ltr' id='par_1_38' title="bbox 115 3666 1659 3751">
     <span class='ocr_line' id='line_1_38' title="bbox 115 3666 1659 3751; baseline -0.012 -14"><span class='ocrx_word' id='word_1_298' title='bbox 115 3680 463 3751; x_wconf 87' lang='lat' dir='ltr'><strong>insipientius,</strong></span> <span class='ocrx_word' id='word_1_299' title='bbox 477 3677 545 3731; x_wconf 87' lang='lat' dir='ltr'><strong>ita</strong></span> <span class='ocrx_word' id='word_1_300' title='bbox 560 3675 685 3728; x_wconf 89' lang='lat' dir='ltr'><strong>nihil</strong></span> <span class='ocrx_word' id='word_1_301' title='bbox 702 3682 785 3726; x_wconf 88' lang='lat' dir='ltr'><strong>est</strong></span> <span class='ocrx_word' id='word_1_302' title='bbox 802 3669 1167 3739; x_wconf 88' lang='lat' dir='ltr'><strong>eosapieutius</strong></span> <span class='ocrx_word' id='word_1_303' title='bbox 1188 3667 1274 3735; x_wconf 88' lang='lat' dir='ltr'><strong>qui</strong></span> <span class='ocrx_word' id='word_1_304' title='bbox 1301 3681 1365 3719; x_wconf 86' lang='lat' dir='ltr'><strong>ex</strong></span> <span class='ocrx_word' id='word_1_305' title='bbox 1390 3666 1579 3718; x_wconf 87' lang='lat' dir='ltr'><strong>virtute</strong></span> <span class='ocrx_word' id='word_1_306' title='bbox 1600 3680 1659 3719; x_wconf 89' lang='lat' dir='ltr'><strong>se</strong></span> 
     </span>
    </p>
   </div>
   <div class='ocr_carea' id='block_1_39' title="bbox 115 3755 1652 3839">
    <p class='ocr_par' dir='ltr' id='par_1_39' title="bbox 115 3755 1652 3839">
     <span class='ocr_line' id='line_1_39' title="bbox 115 3755 1652 3839; baseline -0.014 -12"><span class='ocrx_word' id='word_1_307' title='bbox 115 3781 249 3826; x_wconf 87' lang='lat' dir='ltr'><strong>recte</strong></span> <span class='ocrx_word' id='word_1_308' title='bbox 273 3769 432 3839; x_wconf 89' lang='lat' dir='ltr'><strong>gerit.</strong></span> <span class='ocrx_word' id='word_1_309' title='bbox 457 3765 586 3820; x_wconf 87' lang='lat' dir='ltr'><strong>Vide</strong></span> <span class='ocrx_word' id='word_1_310' title='bbox 611 3764 773 3824; x_wconf 89' lang='lat' dir='ltr'><strong>enim,</strong></span> <span class='ocrx_word' id='word_1_311' title='bbox 797 3761 982 3828; x_wconf 90' lang='lat' dir='ltr'><strong>inquit,</strong></span> <span class='ocrx_word' id='word_1_312' title='bbox 1005 3756 1269 3827; x_wconf 88' lang='lat' dir='ltr'><strong>quomodo</strong></span> <span class='ocrx_word' id='word_1_313' title='bbox 1289 3757 1357 3811; x_wconf 87' lang='lat' dir='ltr'><strong>sit</strong></span> <span class='ocrx_word' id='word_1_314' title='bbox 1398 3755 1608 3824; x_wconf 87' lang='lat' dir='ltr'><strong>sapiens</strong></span> <span class='ocrx_word' id='word_1_315' title='bbox 1639 3773 1652 3807; x_wconf 89' lang='lat'>:</span> 
     </span>
    </p>
   </div>
   <div class='ocr_carea' id='block_1_40' title="bbox 117 3845 1655 3920">
    <p class='ocr_par' dir='ltr' id='par_1_40' title="bbox 117 3845 1655 3920">
     <span class='ocr_line' id='line_1_40' title="bbox 117 3845 1655 3920; baseline -0.013 -5"><span class='ocrx_word' id='word_1_316' title='bbox 117 3861 384 3915; x_wconf 86' lang='lat' dir='ltr'><strong>facultates</strong></span> <span class='ocrx_word' id='word_1_317' title='bbox 422 3869 545 3908; x_wconf 89' lang='lat' dir='ltr'><strong>suas</strong></span> <span class='ocrx_word' id='word_1_318' title='bbox 577 3851 828 3920; x_wconf 87' lang='lat' dir='ltr'><strong>impertit,</strong></span> <span class='ocrx_word' id='word_1_319' title='bbox 861 3859 940 3902; x_wconf 90' lang='lat' dir='ltr'><strong>est</strong></span> <span class='ocrx_word' id='word_1_320' title='bbox 972 3847 1275 3900; x_wconf 88' lang='lat' dir='ltr'><strong>misericors</strong></span> <span class='ocrx_word' id='word_1_321' title='bbox 1300 3854 1355 3898; x_wconf 87' lang='lat' dir='ltr'><strong>et</strong></span> <span class='ocrx_word' id='word_1_322' title='bbox 1381 3845 1655 3912; x_wconf 88' lang='lat' dir='ltr'><strong>benignus,</strong></span> 
     </span>
    </p>
   </div>
   <div class='ocr_carea' id='block_1_41' title="bbox 116 3929 1660 4021">
    <p class='ocr_par' dir='ltr' id='par_1_41' title="bbox 116 3929 1660 4021">
     <span class='ocr_line' id='line_1_41' title="bbox 116 3929 1660 4021; baseline -0.01 -18"><span class='ocrx_word' id='word_1_323' title='bbox 116 3952 318 4021; x_wconf 71' lang='lat' dir='ltr'><strong>agnovit</strong></span> <span class='ocrx_word' id='word_1_324' title='bbox 346 3959 680 4002; x_wconf 87' lang='lat' dir='ltr'><strong>communem</strong></span> <span class='ocrx_word' id='word_1_325' title='bbox 706 3955 822 3994; x_wconf 82' lang='lat' dir='ltr'><strong>esse</strong></span> <span class='ocrx_word' id='word_1_326' title='bbox 865 3948 1125 3998; x_wconf 87' lang='lat' dir='ltr'><strong>naturam,</strong></span> <span class='ocrx_word' id='word_1_327' title='bbox 1164 3929 1373 4004; x_wconf 76' lang='lat' dir='ltr'><strong>agnovit</strong></span> <span class='ocrx_word' id='word_1_328' title='bbox 1417 3951 1541 3989; x_wconf 91' lang='lat' dir='ltr'><strong>usus</strong></span> <span class='ocrx_word' id='word_1_329' title='bbox 1569 3951 1660 4003; x_wconf 85' lang='lat' dir='ltr'><strong>pe-</strong></span> 
     </span>
    </p>
   </div>
   <div class='ocr_carea' id='block_1_42' title="bbox 116 4026 1655 4093">
    <p class='ocr_par' dir='ltr' id='par_1_42' title="bbox 116 4026 1655 4093">
     <span class='ocr_line' id='line_1_42' title="bbox 116 4026 1655 4093; baseline -0.01 0"><span class='ocrx_word' id='word_1_330' title='bbox 116 4041 277 4093; x_wconf 80' lang='lat' dir='ltr'><strong>cunia:</strong></span> <span class='ocrx_word' id='word_1_331' title='bbox 307 4038 507 4091; x_wconf 90' lang='lat' dir='ltr'><strong>nullam</strong></span> <span class='ocrx_word' id='word_1_332' title='bbox 546 4047 664 4086; x_wconf 89' lang='lat' dir='ltr'><strong>esse</strong></span> <span class='ocrx_word' id='word_1_333' title='bbox 700 4028 991 4082; x_wconf 88' lang='lat' dir='ltr'><strong>habendam</strong></span> <span class='ocrx_word' id='word_1_334' title='bbox 1020 4027 1298 4089; x_wconf 86' lang='lat' dir='ltr'><strong>rationem,</strong></span> <span class='ocrx_word' id='word_1_335' title='bbox 1327 4026 1438 4079; x_wconf 88' lang='lat' dir='ltr'><strong>suis</strong></span> <span class='ocrx_word' id='word_1_336' title='bbox 1466 4040 1655 4092; x_wconf 86' lang='lat' dir='ltr'><strong>corpo—</strong></span> 
     </span>
    </p>
   </div>
   <div class='ocr_carea' id='block_1_43' title="bbox 118 4117 1656 4196">
    <p class='ocr_par' dir='ltr' id='par_1_43' title="bbox 118 4117 1656 4196">
     <span class='ocr_line' id='line_1_43' title="bbox 118 4117 1656 4196; baseline -0.01 -12"><span class='ocrx_word' id='word_1_337' title='bbox 118 4132 252 4184; x_wconf 82' lang='lat' dir='ltr'><strong>ribus</strong></span> <span class='ocrx_word' id='word_1_338' title='bbox 276 4127 446 4196; x_wconf 88' lang='lat' dir='ltr'><strong>magis</strong></span> <span class='ocrx_word' id='word_1_339' title='bbox 469 4138 588 4179; x_wconf 88' lang='lat' dir='ltr'><strong>esse</strong></span> <span class='ocrx_word' id='word_1_340' title='bbox 615 4121 955 4191; x_wconf 85' lang='lat' dir='ltr'><strong>parcendum,</strong></span> <span class='ocrx_word' id='word_1_341' title='bbox 984 4132 1138 4186; x_wconf 89' lang='lat' dir='ltr'><strong>quam</strong></span> <span class='ocrx_word' id='word_1_342' title='bbox 1172 4117 1424 4185; x_wconf 89' lang='lat' dir='ltr'><strong>pecuniis.</strong></span> <span class='ocrx_word' id='word_1_343' title='bbox 1457 4117 1656 4181; x_wconf 87' lang='lat' dir='ltr'><strong>Quant-</strong></span> 
     </span>
    </p>
   </div>
   <div class='ocr_carea' id='block_1_44' title="bbox 116 4208 1654 4286">
    <p class='ocr_par' dir='ltr' id='par_1_44' title="bbox 116 4208 1654 4286">
     <span class='ocr_line' id='line_1_44' title="bbox 116 4208 1654 4286; baseline -0.009 -11"><span class='ocrx_word' id='word_1_344' title='bbox 116 4223 290 4275; x_wconf 91' lang='lat' dir='ltr'><strong>obrem</strong></span> <span class='ocrx_word' id='word_1_345' title='bbox 319 4220 634 4286; x_wconf 86' lang='lat' dir='ltr'><strong>quicumque</strong></span> <span class='ocrx_word' id='word_1_346' title='bbox 655 4212 873 4282; x_wconf 88' lang='lat' dir='ltr'><strong>gloriam</strong></span> <span class='ocrx_word' id='word_1_347' title='bbox 899 4210 1140 4277; x_wconf 88' lang='lat' dir='ltr'><strong>despicit,</strong></span> <span class='ocrx_word' id='word_1_348' title='bbox 1171 4218 1253 4261; x_wconf 90' lang='lat' dir='ltr'><strong>est</strong></span> <span class='ocrx_word' id='word_1_349' title='bbox 1283 4208 1654 4276; x_wconf 87' lang='lat' dir='ltr'><strong>philosophus:</strong></span> 
     </span>
    </p>
   </div>
   <div class='ocr_carea' id='block_1_45' title="bbox 118 4297 1656 4365">
    <p class='ocr_par' dir='ltr' id='par_1_45' title="bbox 118 4297 1656 4365">
     <span class='ocr_line' id='line_1_45' title="bbox 118 4297 1656 4365; baseline -0.011 0"><span class='ocrx_word' id='word_1_350' title='bbox 118 4311 252 4365; x_wconf 87' lang='lat' dir='ltr'><strong>novit</strong></span> <span class='ocrx_word' id='word_1_351' title='bbox 276 4309 422 4362; x_wconf 87' lang='lat' dir='ltr'><strong>enim</strong></span> <span class='ocrx_word' id='word_1_352' title='bbox 465 4318 548 4358; x_wconf 88' lang='lat' dir='ltr'><strong>res</strong></span> <span class='ocrx_word' id='word_1_353' title='bbox 579 4303 851 4355; x_wconf 90' lang='lat' dir='ltr'><strong>humanas.</strong></span> <span class='ocrx_word' id='word_1_354' title='bbox 888 4299 1186 4352; x_wconf 86' lang='lat' dir='ltr'><strong>Divinarum</strong></span> <span class='ocrx_word' id='word_1_355' title='bbox 1232 4307 1284 4350; x_wconf 91' lang='lat' dir='ltr'><strong>et</strong></span> <span class='ocrx_word' id='word_1_356' title='bbox 1308 4297 1656 4350; x_wconf 87' lang='lat' dir='ltr'><strong>ltumanartun</strong></span> 
     </span>
    </p>
   </div>
   <div class='ocr_carea' id='block_1_46' title="bbox 116 4385 1656 4462">
    <p class='ocr_par' dir='ltr' id='par_1_46' title="bbox 116 4385 1656 4462">
     <span class='ocr_line' id='line_1_46' title="bbox 116 4385 1656 4462; baseline -0.01 -9"><span class='ocrx_word' id='word_1_357' title='bbox 116 4413 281 4455; x_wconf 81' lang='lat' dir='ltr'><strong>rerum</strong></span> <span class='ocrx_word' id='word_1_358' title='bbox 323 4393 559 4462; x_wconf 72' lang='lat' dir='ltr'><strong>cognitio</strong></span> <span class='ocrx_word' id='word_1_359' title='bbox 597 4398 684 4444; x_wconf 89' lang='lat' dir='ltr'><strong>est</strong></span> <span class='ocrx_word' id='word_1_360' title='bbox 708 4387 1059 4457; x_wconf 87' lang='lat' dir='ltr'><strong>philosophia.</strong></span> <span class='ocrx_word' id='word_1_361' title='bbox 1095 4387 1227 4454; x_wconf 85' lang='lat' dir='ltr'><strong>Ergo</strong></span> <span class='ocrx_word' id='word_1_362' title='bbox 1253 4387 1404 4438; x_wconf 90' lang='lat' dir='ltr'><strong>novit</strong></span> <span class='ocrx_word' id='word_1_363' title='bbox 1441 4385 1656 4453; x_wconf 90' lang='lat' dir='ltr'><strong>quidem</strong></span> 
     </span>
    </p>
   </div>
   <div class='ocr_carea' id='block_1_47' title="bbox 116 4475 1655 4556">
    <p class='ocr_par' dir='ltr' id='par_1_47' title="bbox 116 4475 1655 4556">
     <span class='ocr_line' id='line_1_47' title="bbox 116 4475 1655 4556; baseline -0.011 -14"><span class='ocrx_word' id='word_1_364' title='bbox 116 4503 224 4556; x_wconf 65' lang='lat' dir='ltr'><strong>quae</strong></span> <span class='ocrx_word' id='word_1_365' title='bbox 246 4486 355 4540; x_wconf 88' lang='lat' dir='ltr'><strong>sint</strong></span> <span class='ocrx_word' id='word_1_366' title='bbox 380 4499 467 4537; x_wconf 87' lang='lat' dir='ltr'><strong>res</strong></span> <span class='ocrx_word' id='word_1_367' title='bbox 491 4481 702 4543; x_wconf 72' lang='lat' dir='ltr'><strong>divinzc,</strong></span> <span class='ocrx_word' id='word_1_368' title='bbox 733 4488 787 4532; x_wconf 92' lang='lat' dir='ltr'><strong>et</strong></span> <span class='ocrx_word' id='word_1_369' title='bbox 811 4493 927 4545; x_wconf 75' lang='lat' dir='ltr'><strong>qua:</strong></span> <span class='ocrx_word' id='word_1_370' title='bbox 955 4477 1198 4528; x_wconf 77' lang='lat' dir='ltr'><strong>humana:</strong></span> <span class='ocrx_word' id='word_1_371' title='bbox 1223 4490 1238 4537; x_wconf 92' lang='lat'><strong>;</strong></span> <span class='ocrx_word' id='word_1_372' title='bbox 1266 4483 1319 4527; x_wconf 93' lang='lat' dir='ltr'><strong>et</strong></span> <span class='ocrx_word' id='word_1_373' title='bbox 1346 4475 1411 4527; x_wconf 91' lang='lat' dir='ltr'><strong>ab</strong></span> <span class='ocrx_word' id='word_1_374' title='bbox 1438 4475 1517 4527; x_wconf 89' lang='lat' dir='ltr'><strong>hls</strong></span> <span class='ocrx_word' id='word_1_375' title='bbox 1535 4475 1655 4544; x_wconf 81' lang='lat' dir='ltr'><strong>qui-</strong></span> 
     </span>
    </p>
   </div>
   <div class='ocr_carea' id='block_1_48' title="bbox 115 4567 1658 4634">
    <p class='ocr_par' dir='ltr' id='par_1_48' title="bbox 115 4567 1658 4634">
     <span class='ocr_line' id='line_1_48' title="bbox 115 4567 1658 4634; baseline -0.007 -7"><span class='ocrx_word' id='word_1_376' title='bbox 115 4579 225 4628; x_wconf 89' lang='lat' dir='ltr'><strong>dem</strong></span> <span class='ocrx_word' id='word_1_377' title='bbox 256 4573 506 4634; x_wconf 88' lang='lat' dir='ltr'><strong>abstinet,</strong></span> <span class='ocrx_word' id='word_1_378' title='bbox 521 4570 633 4622; x_wconf 89' lang='lat' dir='ltr'><strong>illas</strong></span> <span class='ocrx_word' id='word_1_379' title='bbox 661 4583 787 4621; x_wconf 85' lang='lat' dir='ltr'><strong>vero</strong></span> <span class='ocrx_word' id='word_1_380' title='bbox 808 4576 1018 4620; x_wconf 82' lang='lat' dir='ltr'><strong>exercet</strong></span> <span class='ocrx_word' id='word_1_381' title='bbox 1039 4574 1092 4618; x_wconf 86' lang='lat' dir='ltr'><strong>et</strong></span> <span class='ocrx_word' id='word_1_382' title='bbox 1119 4575 1366 4632; x_wconf 88' lang='lat' dir='ltr'><strong>operatur</strong></span> <span class='ocrx_word' id='word_1_383' title='bbox 1398 4583 1411 4617; x_wconf 90' lang='lat'>:</span> <span class='ocrx_word' id='word_1_384' title='bbox 1444 4567 1542 4617; x_wconf 88' lang='lat' dir='ltr'><strong>scit</strong></span> <span class='ocrx_word' id='word_1_385' title='bbox 1566 4580 1658 4617; x_wconf 81' lang='lat' dir='ltr'><strong>au-</strong></span> 
     </span>
    </p>
   </div>
   <div class='ocr_carea' id='block_1_49' title="bbox 117 4656 1660 4725">
    <p class='ocr_par' dir='ltr' id='par_1_49' title="bbox 117 4656 1660 4725">
     <span class='ocr_line' id='line_1_49' title="bbox 117 4656 1660 4725; baseline -0.006 -6"><span class='ocrx_word' id='word_1_386' title='bbox 117 4675 211 4718; x_wconf 79' lang='lat' dir='ltr'><strong>tem</strong></span> <span class='ocrx_word' id='word_1_387' title='bbox 232 4662 462 4718; x_wconf 90' lang='lat' dir='ltr'><strong>etiamin</strong></span> <span class='ocrx_word' id='word_1_388' title='bbox 492 4659 734 4713; x_wconf 90' lang='lat' dir='ltr'><strong>omnibus</strong></span> <span class='ocrx_word' id='word_1_389' title='bbox 763 4657 872 4711; x_wconf 91' lang='lat' dir='ltr'><strong>Deo</strong></span> <span class='ocrx_word' id='word_1_390' title='bbox 896 4670 1050 4725; x_wconf 87' lang='lat' dir='ltr'><strong>agere</strong></span> <span class='ocrx_word' id='word_1_391' title='bbox 1075 4656 1268 4724; x_wconf 84' lang='lat' dir='ltr'><strong>gratias</strong></span> <span class='ocrx_word' id='word_1_392' title='bbox 1296 4671 1310 4708; x_wconf 89' lang='lat'><strong>:</strong></span> <span class='ocrx_word' id='word_1_393' title='bbox 1336 4660 1492 4708; x_wconf 89' lang='lat' dir='ltr'><strong>vitam</strong></span> <span class='ocrx_word' id='word_1_394' title='bbox 1521 4672 1660 4724; x_wconf 76' lang='lat' dir='ltr'><strong>pra:-</strong></span> 
     </span>
    </p>
   </div>
   <div class='ocr_carea' id='block_1_50' title="bbox 115 4749 1660 4815">
    <p class='ocr_par' dir='ltr' id='par_1_50' title="bbox 115 4749 1660 4815">
     <span class='ocr_line' id='line_1_50' title="bbox 115 4749 1660 4815; baseline -0.005 -5"><span class='ocrx_word' id='word_1_395' title='bbox 115 4765 311 4810; x_wconf 85' lang='lat' dir='ltr'><strong>seutem</strong></span> <span class='ocrx_word' id='word_1_396' title='bbox 334 4752 464 4807; x_wconf 84' lang='lat' dir='ltr'><strong>nihil</strong></span> <span class='ocrx_word' id='word_1_397' title='bbox 485 4764 601 4804; x_wconf 87' lang='lat' dir='ltr'><strong>esse</strong></span> <span class='ocrx_word' id='word_1_398' title='bbox 625 4749 915 4802; x_wconf 89' lang='lat' dir='ltr'><strong>existimat:</strong></span> <span class='ocrx_word' id='word_1_399' title='bbox 933 4756 1203 4815; x_wconf 81' lang='lat' dir='ltr'><strong>propterea</strong></span> <span class='ocrx_word' id='word_1_400' title='bbox 1228 4762 1325 4800; x_wconf 89' lang='lat' dir='ltr'><strong>nec</strong></span> <span class='ocrx_word' id='word_1_401' title='bbox 1345 4749 1549 4800; x_wconf 74' lang='lat' dir='ltr'><strong>lzetatur</strong></span> <span class='ocrx_word' id='word_1_402' title='bbox 1571 4763 1660 4802; x_wconf 90' lang='lat' dir='ltr'><strong>re-</strong></span> 
     </span>
    </p>
   </div>
   <div class='ocr_carea' id='block_1_51' title="bbox 118 4836 1666 4906">
    <p class='ocr_par' dir='ltr' id='par_1_51' title="bbox 118 4836 1666 4906">
     <span class='ocr_line' id='line_1_51' title="bbox 118 4836 1666 4906; baseline -0.004 -10"><span class='ocrx_word' id='word_1_403' title='bbox 118 4843 206 4896; x_wconf 82' lang='lat' dir='ltr'><strong>bus</strong></span> <span class='ocrx_word' id='word_1_404' title='bbox 223 4841 489 4901; x_wconf 87' lang='lat' dir='ltr'><strong>secundis,</strong></span> <span class='ocrx_word' id='word_1_405' title='bbox 512 4853 680 4906; x_wconf 89' lang='lat' dir='ltr'><strong>neque</strong></span> <span class='ocrx_word' id='word_1_406' title='bbox 705 4848 915 4905; x_wconf 85' lang='lat' dir='ltr'><strong>propter</strong></span> <span class='ocrx_word' id='word_1_407' title='bbox 939 4837 1187 4889; x_wconf 86' lang='lat' dir='ltr'><strong>adversas</strong></span> <span class='ocrx_word' id='word_1_408' title='bbox 1207 4836 1389 4890; x_wconf 86' lang='lat' dir='ltr'><strong>dolore</strong></span> <span class='ocrx_word' id='word_1_409' title='bbox 1414 4837 1666 4895; x_wconf 66' lang='lat' dir='ltr'><strong>aflicitur.</strong></span> 
     </span>
    </p>
   </div>
   <div class='ocr_carea' id='block_1_52' title="bbox 118 4923 1657 5000">
    <p class='ocr_par' dir='ltr' id='par_1_52' title="bbox 118 4923 1657 5000">
     <span class='ocr_line' id='line_1_52' title="bbox 118 4923 1657 5000; baseline -0.006 -16"><span class='ocrx_word' id='word_1_410' title='bbox 118 4930 287 5000; x_wconf 78' lang='lat' dir='ltr'><strong>Neque</strong></span> <span class='ocrx_word' id='word_1_411' title='bbox 309 4930 472 4983; x_wconf 91' lang='lat' dir='ltr'><strong>alium</strong></span> <span class='ocrx_word' id='word_1_412' title='bbox 494 4935 767 4994; x_wconf 77' lang='lat' dir='ltr'><strong>exSpectes</strong></span> <span class='ocrx_word' id='word_1_413' title='bbox 787 4926 1055 4977; x_wconf 90' lang='lat' dir='ltr'><strong>doctorem</strong></span> <span class='ocrx_word' id='word_1_414' title='bbox 1082 4941 1096 4976; x_wconf 90' lang='lat'><strong>:</strong></span> <span class='ocrx_word' id='word_1_415' title='bbox 1128 4923 1288 4975; x_wconf 86' lang='lat' dir='ltr'><strong>habes</strong></span> <span class='ocrx_word' id='word_1_416' title='bbox 1313 4924 1398 4976; x_wconf 89' lang='lat' dir='ltr'><strong>Dei</strong></span> <span class='ocrx_word' id='word_1_417' title='bbox 1418 4924 1620 4993; x_wconf 90' lang='lat' dir='ltr'><strong>eloquia</strong></span> <span class='ocrx_word' id='word_1_418' title='bbox 1644 4945 1657 4979; x_wconf 88' lang='lat'><strong>:</strong></span> 
     </span>
    </p>
   </div>
   <div class='ocr_carea' id='block_1_53' title="bbox 119 5011 1659 5080">
    <p class='ocr_par' dir='ltr' id='par_1_53' title="bbox 119 5011 1659 5080">
     <span class='ocr_line' id='line_1_53' title="bbox 119 5011 1659 5080; baseline -0.003 -8"><span class='ocrx_word' id='word_1_419' title='bbox 119 5019 286 5072; x_wconf 91' lang='lat' dir='ltr'><strong>nullus</strong></span> <span class='ocrx_word' id='word_1_420' title='bbox 306 5028 360 5072; x_wconf 91' lang='lat' dir='ltr'><strong>te</strong></span> <span class='ocrx_word' id='word_1_421' title='bbox 374 5017 531 5071; x_wconf 87' lang='lat' dir='ltr'><strong>docet</strong></span> <span class='ocrx_word' id='word_1_422' title='bbox 551 5016 686 5068; x_wconf 90' lang='lat' dir='ltr'><strong>sicut</strong></span> <span class='ocrx_word' id='word_1_423' title='bbox 706 5013 812 5066; x_wconf 88' lang='lat' dir='ltr'><strong>illa.</strong></span> <span class='ocrx_word' id='word_1_424' title='bbox 831 5011 958 5065; x_wconf 81' lang='lat' dir='ltr'><strong>Nam</strong></span> <span class='ocrx_word' id='word_1_425' title='bbox 986 5012 1073 5065; x_wconf 89' lang='lat' dir='ltr'><strong>ille</strong></span> <span class='ocrx_word' id='word_1_426' title='bbox 1097 5012 1307 5079; x_wconf 89' lang='lat' dir='ltr'><strong>quidem</strong></span> <span class='ocrx_word' id='word_1_427' title='bbox 1339 5027 1477 5080; x_wconf 59' lang='lat' dir='ltr'><strong>satpe</strong></span> <span class='ocrx_word' id='word_1_428' title='bbox 1497 5027 1554 5067; x_wconf 90' lang='lat' dir='ltr'><strong>se</strong></span> <span class='ocrx_word' id='word_1_429' title='bbox 1574 5028 1659 5067; x_wconf 86' lang='lat' dir='ltr'><strong>oc-</strong></span> 
     </span>
    </p>
   </div>
   <div class='ocr_carea' id='block_1_54' title="bbox 121 5100 1663 5176">
    <p class='ocr_par' dir='ltr' id='par_1_54' title="bbox 121 5100 1663 5176">
     <span class='ocr_line' id='line_1_54' title="bbox 121 5100 1663 5176; baseline -0.005 -15"><span class='ocrx_word' id='word_1_430' title='bbox 121 5107 273 5161; x_wconf 86' lang='lat' dir='ltr'><strong>cultat</strong></span> <span class='ocrx_word' id='word_1_431' title='bbox 288 5113 506 5176; x_wconf 81' lang='lat' dir='ltr'><strong>propter</strong></span> <span class='ocrx_word' id='word_1_432' title='bbox 519 5117 710 5155; x_wconf 67' lang='lat' dir='ltr'><strong>vanam</strong></span> <span class='ocrx_word' id='word_1_433' title='bbox 726 5100 945 5169; x_wconf 84' lang='lat' dir='ltr'><strong>gloriam</strong></span> <span class='ocrx_word' id='word_1_434' title='bbox 964 5109 1018 5153; x_wconf 88' lang='lat' dir='ltr'><strong>et</strong></span> <span class='ocrx_word' id='word_1_435' title='bbox 1041 5109 1253 5168; x_wconf 87' lang='lat' dir='ltr'><strong>propter</strong></span> <span class='ocrx_word' id='word_1_436' title='bbox 1270 5100 1534 5153; x_wconf 87' lang='lat' dir='ltr'><strong>invidiam.</strong></span> <span class='ocrx_word' id='word_1_437' title='bbox 1556 5104 1663 5154; x_wconf 81' lang='lat' dir='ltr'><strong>Au-</strong></span> 
     </span>
    </p>
   </div>
   <div class='ocr_carea' id='block_1_55' title="bbox 124 5191 1663 5266">
    <p class='ocr_par' dir='ltr' id='par_1_55' title="bbox 124 5191 1663 5266">
     <span class='ocr_line' id='line_1_55' title="bbox 124 5191 1663 5266; baseline -0.003 -16"><span class='ocrx_word' id='word_1_438' title='bbox 124 5199 241 5263; x_wconf 89' lang='lat' dir='ltr'><strong>dite,</strong></span> <span class='ocrx_word' id='word_1_439' title='bbox 254 5210 460 5266; x_wconf 66' lang='lat' dir='ltr'><strong>quasso.</strong></span> <span class='ocrx_word' id='word_1_440' title='bbox 482 5209 568 5247; x_wconf 80' lang='lat' dir='ltr'><strong>vos</strong></span> <span class='ocrx_word' id='word_1_441' title='bbox 588 5206 794 5255; x_wconf 88' lang='lat' dir='ltr'><strong>omnes,</strong></span> <span class='ocrx_word' id='word_1_442' title='bbox 809 5191 995 5258; x_wconf 89' lang='lat' dir='ltr'><strong>quibus</strong></span> <span class='ocrx_word' id='word_1_443' title='bbox 1017 5206 1155 5243; x_wconf 75' lang='lat' dir='ltr'><strong>cura:</strong></span> <span class='ocrx_word' id='word_1_444' title='bbox 1172 5201 1292 5244; x_wconf 88' lang='lat' dir='ltr'><strong>sunt</strong></span> <span class='ocrx_word' id='word_1_445' title='bbox 1309 5207 1423 5259; x_wconf 68' lang='lat' dir='ltr'><strong>qua:</strong></span> <span class='ocrx_word' id='word_1_446' title='bbox 1440 5193 1503 5244; x_wconf 93' lang='lat' dir='ltr'><strong>ad</strong></span> <span class='ocrx_word' id='word_1_447' title='bbox 1529 5192 1663 5246; x_wconf 89' lang='lat' dir='ltr'><strong>hanc</strong></span> 
     </span>
    </p>
   </div>
   <div class='ocr_carea' id='block_1_56' title="bbox 123 5279 1663 5353">
    <p class='ocr_par' dir='ltr' id='par_1_56' title="bbox 123 5279 1663 5353">
     <span class='ocr_line' id='line_1_56' title="bbox 123 5279 1663 5353; baseline -0.001 -18"><span class='ocrx_word' id='word_1_448' title='bbox 123 5287 269 5338; x_wconf 76' lang='lat' dir='ltr'><strong>vita</strong></span> <span class='ocrx_word' id='word_1_449' title='bbox 299 5284 585 5353; x_wconf 86' lang='lat' dir='ltr'><strong>pertinent,</strong></span> <span class='ocrx_word' id='word_1_450' title='bbox 613 5290 666 5334; x_wconf 90' lang='lat' dir='ltr'><strong>et</strong></span> <span class='ocrx_word' id='word_1_451' title='bbox 691 5289 870 5348; x_wconf 88' lang='lat' dir='ltr'><strong>parate</strong></span> <span class='ocrx_word' id='word_1_452' title='bbox 906 5279 1052 5332; x_wconf 88' lang='lat' dir='ltr'><strong>vobis</strong></span> <span class='ocrx_word' id='word_1_453' title='bbox 1081 5280 1242 5332; x_wconf 90' lang='lat' dir='ltr'><strong>libros</strong></span> <span class='ocrx_word' id='word_1_454' title='bbox 1281 5280 1663 5334; x_wconf 87' lang='lat' dir='ltr'><strong>medicamenta</strong></span> 
     </span>
    </p>
   </div>
   <div class='ocr_carea' id='block_1_57' title="bbox 123 5367 1661 5431">
    <p class='ocr_par' dir='ltr' id='par_1_57' title="bbox 123 5367 1661 5431">
     <span class='ocr_line' id='line_1_57' title="bbox 123 5367 1661 5431; baseline -0.001 -7"><span class='ocrx_word' id='word_1_455' title='bbox 123 5376 320 5427; x_wconf 72' lang='lat' dir='ltr'><strong>animae.</strong></span> <span class='ocrx_word' id='word_1_456' title='bbox 344 5371 403 5427; x_wconf 87' lang='lat' dir='ltr'><strong>Si</strong></span> <span class='ocrx_word' id='word_1_457' title='bbox 434 5370 634 5424; x_wconf 87' lang='lat' dir='ltr'><strong>nullum</strong></span> <span class='ocrx_word' id='word_1_458' title='bbox 661 5369 824 5422; x_wconf 91' lang='lat' dir='ltr'><strong>alium</strong></span> <span class='ocrx_word' id='word_1_459' title='bbox 845 5367 1020 5431; x_wconf 84' lang='lat' dir='ltr'><strong>vultis,</strong></span> <span class='ocrx_word' id='word_1_460' title='bbox 1039 5367 1239 5421; x_wconf 80' lang='lat' dir='ltr'><strong>Novum</strong></span> <span class='ocrx_word' id='word_1_461' title='bbox 1269 5367 1661 5423; x_wconf 85' lang='lat' dir='ltr'><strong>Testamentum</strong></span> 
     </span>
    </p>
   </div>
   <div class='ocr_carea' id='block_1_58' title="bbox 124 5454 1664 5529">
    <p class='ocr_par' dir='ltr' id='par_1_58' title="bbox 124 5454 1664 5529">
     <span class='ocr_line' id='line_1_58' title="bbox 124 5454 1664 5529; baseline -0.01 -16"><span class='ocrx_word' id='word_1_462' title='bbox 124 5461 261 5514; x_wconf 83' lang='lat' dir='ltr'><strong>vobis</strong></span> <span class='ocrx_word' id='word_1_463' title='bbox 288 5469 492 5529; x_wconf 88' lang='lat' dir='ltr'><strong>parate,</strong></span> <span class='ocrx_word' id='word_1_464' title='bbox 521 5456 879 5525; x_wconf 81' lang='lat' dir='ltr'><strong>apostolorum</strong></span> <span class='ocrx_word' id='word_1_465' title='bbox 922 5457 1104 5514; x_wconf 82' lang='lat' dir='ltr'><strong>Actus,</strong></span> <span class='ocrx_word' id='word_1_466' title='bbox 1145 5454 1450 5523; x_wconf 77' lang='lat' dir='ltr'><strong>Evangelia,</strong></span> <span class='ocrx_word' id='word_1_467' title='bbox 1495 5460 1664 5525; x_wconf 70' lang='lat' dir='ltr'><strong>magi-</strong></span> 
     </span>
    </p>
   </div>
   <div class='ocr_carea' id='block_1_59' title="bbox 125 5544 1666 5618">
    <p class='ocr_par' dir='ltr' id='par_1_59' title="bbox 125 5544 1666 5618">
     <span class='ocr_line' id='line_1_59' title="bbox 125 5544 1666 5618; baseline -0.002 -17"><span class='ocrx_word' id='word_1_468' title='bbox 125 5559 253 5604; x_wconf 84' lang='lat' dir='ltr'><strong>stros</strong></span> <span class='ocrx_word' id='word_1_469' title='bbox 275 5555 580 5618; x_wconf 89' lang='lat' dir='ltr'><strong>perpetuos.</strong></span> <span class='ocrx_word' id='word_1_470' title='bbox 617 5544 671 5599; x_wconf 84' lang='lat' dir='ltr'><strong>Si</strong></span> <span class='ocrx_word' id='word_1_471' title='bbox 699 5544 850 5596; x_wconf 81' lang='lat' dir='ltr'><strong>dolor</strong></span> <span class='ocrx_word' id='word_1_472' title='bbox 877 5544 1146 5606; x_wconf 81' lang='lat' dir='ltr'><strong>acciderit,</strong></span> <span class='ocrx_word' id='word_1_473' title='bbox 1176 5553 1438 5610; x_wconf 76' lang='lat' dir='ltr'><strong>tamquam</strong></span> <span class='ocrx_word' id='word_1_474' title='bbox 1469 5547 1520 5597; x_wconf 88' lang='lat' dir='ltr'><strong>itt</strong></span> <span class='ocrx_word' id='word_1_475' title='bbox 1549 5561 1666 5599; x_wconf 87' lang='lat' dir='ltr'><strong>tue-</strong></span> 
     </span>
    </p>
   </div>
   <div class='ocr_carea' id='block_1_60' title="bbox 125 5633 1664 5704">
    <p class='ocr_par' dir='ltr' id='par_1_60' title="bbox 125 5633 1664 5704">
     <span class='ocr_line' id='line_1_60' title="bbox 125 5633 1664 5704; baseline 0 -12"><span class='ocrx_word' id='word_1_476' title='bbox 125 5639 530 5693; x_wconf 80' lang='lat' dir='ltr'><strong>dicamentorum</strong></span> <span class='ocrx_word' id='word_1_477' title='bbox 560 5634 866 5704; x_wconf 83' lang='lat' dir='ltr'><strong>apethecam</strong></span> <span class='ocrx_word' id='word_1_478' title='bbox 897 5633 1094 5702; x_wconf 63' lang='grc' dir='ltr'><strong>διεβίω,</strong></span> <span class='ocrx_word' id='word_1_479' title='bbox 1142 5633 1284 5688; x_wconf 89' lang='lat' dir='ltr'><strong>illinc</strong></span> <span class='ocrx_word' id='word_1_480' title='bbox 1325 5636 1448 5689; x_wconf 90' lang='lat' dir='ltr'><strong>mali</strong></span> <span class='ocrx_word' id='word_1_481' title='bbox 1484 5639 1664 5700; x_wconf 86' lang='lat' dir='ltr'><strong>accipe</strong></span> 
     </span>
    </p>
   </div>
   <div class='ocr_carea' id='block_1_61' title="bbox 128 5723 1664 5790">
    <p class='ocr_par' dir='ltr' id='par_1_61' title="bbox 128 5723 1664 5790">
     <span class='ocr_line' id='line_1_61' title="bbox 128 5723 1664 5790; baseline -0.003 -6"><span class='ocrx_word' id='word_1_482' title='bbox 128 5730 532 5784; x_wconf 79' lang='lat' dir='ltr'><strong>consolationem</strong></span> <span class='ocrx_word' id='word_1_483' title='bbox 553 5743 568 5790; x_wconf 89' lang='lat'><strong>;</strong></span> <span class='ocrx_word' id='word_1_484' title='bbox 592 5727 634 5781; x_wconf 90' lang='lat' dir='ltr'><strong>si</strong></span> <span class='ocrx_word' id='word_1_485' title='bbox 655 5726 925 5788; x_wconf 89' lang='lat' dir='ltr'><strong>dantnunt,</strong></span> <span class='ocrx_word' id='word_1_486' title='bbox 949 5723 992 5776; x_wconf 86' lang='lat' dir='ltr'><strong>si</strong></span> <span class='ocrx_word' id='word_1_487' title='bbox 1020 5739 1182 5789; x_wconf 80' lang='lat' dir='ltr'><strong>mors,</strong></span> <span class='ocrx_word' id='word_1_488' title='bbox 1205 5724 1248 5778; x_wconf 91' lang='lat' dir='ltr'><strong>si</strong></span> <span class='ocrx_word' id='word_1_489' title='bbox 1277 5732 1479 5780; x_wconf 89' lang='lat' dir='ltr'><strong>tuorum</strong></span> <span class='ocrx_word' id='word_1_490' title='bbox 1507 5727 1664 5780; x_wconf 87' lang='lat' dir='ltr'><strong>antis-</strong></span> 
     </span>
    </p>
   </div>
   <div class='ocr_carea' id='block_1_62' title="bbox 3203 436 3308 490">
    <p class='ocr_par' dir='ltr' id='par_1_62' title="bbox 3203 436 3308 490">
     <span class='ocr_line' id='line_1_62' title="bbox 3203 436 3308 490; baseline 0.01 -1"><span class='ocrx_word' id='word_1_491' title='bbox 3203 436 3308 490; x_wconf 73' lang='lat'><strong>36!</strong></span> 
     </span>
    </p>
   </div>
   <div class='ocr_carea' id='block_1_63' title="bbox 1758 533 3310 617">
    <p class='ocr_par' dir='ltr' id='par_1_63' title="bbox 1758 533 3310 617">
     <span class='ocr_line' id='line_1_63' title="bbox 1758 533 3310 617; baseline 0.013 -30"><span class='ocrx_word' id='word_1_492' title='bbox 1758 533 1874 589; x_wconf 83' lang='lat' dir='ltr'><strong>sio:</strong></span> <span class='ocrx_word' id='word_1_493' title='bbox 1905 535 2010 588; x_wconf 83' lang='lat' dir='ltr'><strong>imo</strong></span> <span class='ocrx_word' id='word_1_494' title='bbox 2057 551 2182 590; x_wconf 87' lang='lat' dir='ltr'><strong>vero</strong></span> <span class='ocrx_word' id='word_1_495' title='bbox 2232 553 2334 592; x_wconf 89' lang='lat' dir='ltr'><strong>non</strong></span> <span class='ocrx_word' id='word_1_496' title='bbox 2384 541 2582 609; x_wconf 85' lang='lat' dir='ltr'><strong>aspice,</strong></span> <span class='ocrx_word' id='word_1_497' title='bbox 2628 541 2720 596; x_wconf 68' lang='lat' dir='ltr'><strong>sed</strong></span> <span class='ocrx_word' id='word_1_498' title='bbox 2762 546 2936 598; x_wconf 80' lang='lat' dir='ltr'><strong>otttnia</strong></span> <span class='ocrx_word' id='word_1_499' title='bbox 2987 550 3215 617; x_wconf 81' lang='lat' dir='ltr'><strong>suspice,</strong></span> <span class='ocrx_word' id='word_1_500' title='bbox 3254 562 3310 606; x_wconf 86' lang='lat' dir='ltr'><strong>ct</strong></span> 
     </span>
    </p>
   </div>
   <div class='ocr_carea' id='block_1_64' title="bbox 1753 622 3308 697">
    <p class='ocr_par' dir='ltr' id='par_1_64' title="bbox 1753 622 3308 697">
     <span class='ocr_line' id='line_1_64' title="bbox 1753 622 3308 697; baseline 0.013 -24"><span class='ocrx_word' id='word_1_501' title='bbox 1753 632 1928 676; x_wconf 90' lang='lat' dir='ltr'><strong>mente</strong></span> <span class='ocrx_word' id='word_1_502' title='bbox 1950 631 2089 677; x_wconf 85' lang='lat' dir='ltr'><strong>tene.</strong></span> <span class='ocrx_word' id='word_1_503' title='bbox 2115 622 2226 676; x_wconf 87' lang='lat' dir='ltr'><strong>lloc</strong></span> <span class='ocrx_word' id='word_1_504' title='bbox 2245 633 2326 679; x_wconf 86' lang='lat' dir='ltr'><strong>est</strong></span> <span class='ocrx_word' id='word_1_505' title='bbox 2349 625 2584 680; x_wconf 86' lang='lat' dir='ltr'><strong>omnium</strong></span> <span class='ocrx_word' id='word_1_506' title='bbox 2613 630 2871 694; x_wconf 81' lang='lat' dir='ltr'><strong>malorum</strong></span> <span class='ocrx_word' id='word_1_507' title='bbox 2896 647 3075 697; x_wconf 87' lang='lat' dir='ltr'><strong>causa,</strong></span> <span class='ocrx_word' id='word_1_508' title='bbox 3103 640 3308 693; x_wconf 82' lang='lat' dir='ltr'><strong>nescire</strong></span> 
     </span>
    </p>
   </div>
   <div class='ocr_carea' id='block_1_65' title="bbox 1753 709 3305 800">
    <p class='ocr_par' dir='ltr' id='par_1_65' title="bbox 1753 709 3305 800">
     <span class='ocr_line' id='line_1_65' title="bbox 1753 709 3305 800; baseline 0.013 -35"><span class='ocrx_word' id='word_1_509' title='bbox 1753 709 2070 780; x_wconf 86' lang='lat' dir='ltr'><strong>Scripturas.</strong></span> <span class='ocrx_word' id='word_1_510' title='bbox 2115 714 2329 785; x_wconf 78' lang='lat' dir='ltr'><strong>Absque</strong></span> <span class='ocrx_word' id='word_1_511' title='bbox 2364 716 2529 772; x_wconf 87' lang='lat' dir='ltr'><strong>armis</strong></span> <span class='ocrx_word' id='word_1_512' title='bbox 2571 717 2706 775; x_wconf 89' lang='lat' dir='ltr'><strong>imus</strong></span> <span class='ocrx_word' id='word_1_513' title='bbox 2734 721 2799 776; x_wconf 92' lang='lat' dir='ltr'><strong>ad</strong></span> <span class='ocrx_word' id='word_1_514' title='bbox 2826 723 3056 792; x_wconf 88' lang='lat' dir='ltr'><strong>bellum;</strong></span> <span class='ocrx_word' id='word_1_515' title='bbox 3099 739 3153 782; x_wconf 92' lang='lat' dir='ltr'><strong>et</strong></span> <span class='ocrx_word' id='word_1_516' title='bbox 3178 745 3305 800; x_wconf 64' lang='lat' dir='ltr'><strong>quo.</strong></span> 
     </span>
    </p>
   </div>
   <div class='ocr_carea' id='block_1_66' title="bbox 1754 803 3309 889">
    <p class='ocr_par' dir='ltr' id='par_1_66' title="bbox 1754 803 3309 889">
     <span class='ocr_line' id='line_1_66' title="bbox 1754 803 3309 889; baseline 0.012 -34"><span class='ocrx_word' id='word_1_517' title='bbox 1754 803 1911 856; x_wconf 89' lang='lat' dir='ltr'><strong>modo</strong></span> <span class='ocrx_word' id='word_1_518' title='bbox 1939 813 2147 870; x_wconf 83' lang='lat' dir='ltr'><strong>oportet</strong></span> <span class='ocrx_word' id='word_1_519' title='bbox 2169 820 2288 860; x_wconf 86' lang='lat' dir='ltr'><strong>esse</strong></span> <span class='ocrx_word' id='word_1_520' title='bbox 2307 807 2486 862; x_wconf 82' lang='lat' dir='ltr'><strong>salvos</strong></span> <span class='ocrx_word' id='word_1_521' title='bbox 2499 807 2802 889; x_wconf 50' lang='lat' dir='ltr'><strong>{Praeclare</strong></span> <span class='ocrx_word' id='word_1_522' title='bbox 2825 814 3095 871; x_wconf 84' lang='lat' dir='ltr'><strong>nobiscum</strong></span> <span class='ocrx_word' id='word_1_523' title='bbox 3116 821 3309 888; x_wconf 87' lang='lat' dir='ltr'><strong>agitur,</strong></span> 
     </span>
    </p>
   </div>
   <div class='ocr_carea' id='block_1_67' title="bbox 1753 891 3312 978">
    <p class='ocr_par' dir='ltr' id='par_1_67' title="bbox 1753 891 3312 978">
     <span class='ocr_line' id='line_1_67' title="bbox 1753 891 3312 978; baseline 0.013 -34"><span class='ocrx_word' id='word_1_524' title='bbox 1753 891 1801 944; x_wconf 88' lang='lat' dir='ltr'><strong>si</strong></span> <span class='ocrx_word' id='word_1_525' title='bbox 1838 907 1956 946; x_wconf 91' lang='lat' dir='ltr'><strong>cum</strong></span> <span class='ocrx_word' id='word_1_526' title='bbox 1988 893 2073 948; x_wconf 87' lang='lat' dir='ltr'><strong>his</strong></span> <span class='ocrx_word' id='word_1_527' title='bbox 2100 895 2228 948; x_wconf 86' lang='lat' dir='ltr'><strong>salvi</strong></span> <span class='ocrx_word' id='word_1_528' title='bbox 2254 896 2456 962; x_wconf 89' lang='lat' dir='ltr'><strong>simus;</strong></span> <span class='ocrx_word' id='word_1_529' title='bbox 2488 906 2687 953; x_wconf 88' lang='lat' dir='ltr'><strong>tantum</strong></span> <span class='ocrx_word' id='word_1_530' title='bbox 2730 902 2881 957; x_wconf 87' lang='lat' dir='ltr'><strong>abest</strong></span> <span class='ocrx_word' id='word_1_531' title='bbox 2922 915 2978 958; x_wconf 94' lang='lat' dir='ltr'><strong>ut</strong></span> <span class='ocrx_word' id='word_1_532' title='bbox 3005 908 3203 978; x_wconf 82' lang='lat' dir='ltr'><strong>absque</strong></span> <span class='ocrx_word' id='word_1_533' title='bbox 3230 908 3312 964; x_wconf 88' lang='lat' dir='ltr'><strong>his</strong></span> 
     </span>
    </p>
   </div>
   <div class='ocr_carea' id='block_1_68' title="bbox 1753 982 3310 1066">
    <p class='ocr_par' dir='ltr' id='par_1_68' title="bbox 1753 982 3310 1066">
     <span class='ocr_line' id='line_1_68' title="bbox 1753 982 3310 1066; baseline 0.016 -33"><span class='ocrx_word' id='word_1_534' title='bbox 1753 982 1882 1036; x_wconf 79' lang='lat' dir='ltr'><strong>salvi</strong></span> <span class='ocrx_word' id='word_1_535' title='bbox 1910 997 2029 1038; x_wconf 90' lang='lat' dir='ltr'><strong>esse</strong></span> <span class='ocrx_word' id='word_1_536' title='bbox 2059 986 2339 1053; x_wconf 87' lang='lat' dir='ltr'><strong>possimus.</strong></span> <span class='ocrx_word' id='word_1_537' title='bbox 2386 987 2462 1042; x_wconf 85' lang='lat' dir='ltr'><strong>Ne</strong></span> <span class='ocrx_word' id='word_1_538' title='bbox 2498 992 2678 1050; x_wconf 76' lang='lat' dir='ltr'><strong>omnia</strong></span> <span class='ocrx_word' id='word_1_539' title='bbox 2729 993 2781 1046; x_wconf 90' lang='lat' dir='ltr'><strong>in</strong></span> <span class='ocrx_word' id='word_1_540' title='bbox 2823 1009 2921 1048; x_wconf 90' lang='lat' dir='ltr'><strong>nos</strong></span> <span class='ocrx_word' id='word_1_541' title='bbox 2965 999 3260 1066; x_wconf 85' lang='lat' dir='ltr'><strong>conjiciatis</strong></span> <span class='ocrx_word' id='word_1_542' title='bbox 3295 1018 3310 1058; x_wconf 89' lang='lat'><strong>:</strong></span> 
     </span>
    </p>
   </div>
   <div class='ocr_carea' id='block_1_69' title="bbox 1753 1073 3310 1149">
    <p class='ocr_par' dir='ltr' id='par_1_69' title="bbox 1753 1073 3310 1149">
     <span class='ocr_line' id='line_1_69' title="bbox 1753 1073 3310 1149; baseline 0.015 -26"><span class='ocrx_word' id='word_1_543' title='bbox 1753 1086 1880 1125; x_wconf 85' lang='lat' dir='ltr'><strong>oves</strong></span> <span class='ocrx_word' id='word_1_544' title='bbox 1916 1073 2061 1136; x_wconf 89' lang='lat' dir='ltr'><strong>estis,</strong></span> <span class='ocrx_word' id='word_1_545' title='bbox 2094 1075 2188 1129; x_wconf 89' lang='lat' dir='ltr'><strong>sed</strong></span> <span class='ocrx_word' id='word_1_546' title='bbox 2219 1091 2323 1129; x_wconf 86' lang='lat' dir='ltr'><strong>non</strong></span> <span class='ocrx_word' id='word_1_547' title='bbox 2352 1078 2570 1131; x_wconf 86' lang='lat' dir='ltr'><strong>rationts</strong></span> <span class='ocrx_word' id='word_1_548' title='bbox 2596 1092 2861 1149; x_wconf 82' lang='lat' dir='ltr'><strong>expertes,</strong></span> <span class='ocrx_word' id='word_1_549' title='bbox 2893 1100 3076 1140; x_wconf 88' lang='lat' dir='ltr'><strong>verum</strong></span> <span class='ocrx_word' id='word_1_550' title='bbox 3107 1092 3310 1146; x_wconf 77' lang='lat' dir='ltr'><strong>ratione</strong></span> 
     </span>
    </p>
   </div>
   <div class='ocr_carea' id='block_1_70' title="bbox 1754 1162 3308 1250">
    <p class='ocr_par' dir='ltr' id='par_1_70' title="bbox 1754 1162 3308 1250">
     <span class='ocr_line' id='line_1_70' title="bbox 1754 1162 3308 1250; baseline 0.015 -37"><span class='ocrx_word' id='word_1_551' title='bbox 1754 1162 2026 1230; x_wconf 68' lang='lat' dir='ltr'><strong>praeditas:</strong></span> <span class='ocrx_word' id='word_1_552' title='bbox 2058 1166 2220 1218; x_wconf 90' lang='lat' dir='ltr'><strong>multa</strong></span> <span class='ocrx_word' id='word_1_553' title='bbox 2253 1168 2402 1221; x_wconf 88' lang='lat' dir='ltr'><strong>vobis</strong></span> <span class='ocrx_word' id='word_1_554' title='bbox 2451 1184 2661 1239; x_wconf 88' lang='lat' dir='ltr'><strong>quoque</strong></span> <span class='ocrx_word' id='word_1_555' title='bbox 2709 1174 2920 1228; x_wconf 90' lang='lat' dir='ltr'><strong>mandat</strong></span> <span class='ocrx_word' id='word_1_556' title='bbox 2962 1177 3168 1233; x_wconf 83' lang='lat' dir='ltr'><strong>Paulus.</strong></span> <span class='ocrx_word' id='word_1_557' title='bbox 3209 1183 3308 1250; x_wconf 88' lang='lat' dir='ltr'><strong>Qui</strong></span> 
     </span>
    </p>
   </div>
   <div class='ocr_carea' id='block_1_71' title="bbox 1753 1253 3308 1336">
    <p class='ocr_par' dir='ltr' id='par_1_71' title="bbox 1753 1253 3308 1336">
     <span class='ocr_line' id='line_1_71' title="bbox 1753 1253 3308 1336; baseline 0.012 -29"><span class='ocrx_word' id='word_1_558' title='bbox 1753 1253 2027 1318; x_wconf 86' lang='lat' dir='ltr'><strong>docentur,</strong></span> <span class='ocrx_word' id='word_1_559' title='bbox 2075 1270 2178 1308; x_wconf 91' lang='lat' dir='ltr'><strong>non</strong></span> <span class='ocrx_word' id='word_1_560' title='bbox 2224 1272 2435 1325; x_wconf 85' lang='lat' dir='ltr'><strong>semper</strong></span> <span class='ocrx_word' id='word_1_561' title='bbox 2474 1269 2680 1328; x_wconf 85' lang='lat' dir='ltr'><strong>tempus</strong></span> <span class='ocrx_word' id='word_1_562' title='bbox 2720 1271 2895 1317; x_wconf 89' lang='lat' dir='ltr'><strong>terunt</strong></span> <span class='ocrx_word' id='word_1_563' title='bbox 2941 1267 2990 1319; x_wconf 89' lang='lat' dir='ltr'><strong>in</strong></span> <span class='ocrx_word' id='word_1_564' title='bbox 3034 1269 3308 1336; x_wconf 86' lang='lat' dir='ltr'><strong>discendo,</strong></span> 
     </span>
    </p>
   </div>
   <div class='ocr_carea' id='block_1_72' title="bbox 1752 1344 3307 1431">
    <p class='ocr_par' dir='ltr' id='par_1_72' title="bbox 1752 1344 3307 1431">
     <span class='ocr_line' id='line_1_72' title="bbox 1752 1344 3307 1431; baseline 0.016 -38"><span class='ocrx_word' id='word_1_565' title='bbox 1752 1344 1997 1431; x_wconf 88' lang='lat' dir='ltr'><strong>quoniam</strong></span> <span class='ocrx_word' id='word_1_566' title='bbox 2025 1360 2130 1398; x_wconf 87' lang='lat' dir='ltr'><strong>non</strong></span> <span class='ocrx_word' id='word_1_567' title='bbox 2159 1344 2422 1423; x_wconf 86' lang='lat' dir='ltr'><strong>docentur</strong></span> <span class='ocrx_word' id='word_1_568' title='bbox 2448 1365 2461 1400; x_wconf 96' lang='lat'><strong>:</strong></span> <span class='ocrx_word' id='word_1_569' title='bbox 2491 1351 2533 1402; x_wconf 90' lang='lat' dir='ltr'><strong>si</strong></span> <span class='ocrx_word' id='word_1_570' title='bbox 2556 1364 2770 1422; x_wconf 87' lang='lat' dir='ltr'><strong>semper</strong></span> <span class='ocrx_word' id='word_1_571' title='bbox 2794 1355 2988 1422; x_wconf 88' lang='lat' dir='ltr'><strong>discas,</strong></span> <span class='ocrx_word' id='word_1_572' title='bbox 3022 1375 3307 1431; x_wconf 88' lang='lat' dir='ltr'><strong>numquam</strong></span> 
     </span>
    </p>
   </div>
   <div class='ocr_carea' id='block_1_73' title="bbox 1751 1429 3281 1506">
    <p class='ocr_par' dir='ltr' id='par_1_73' title="bbox 1751 1429 3281 1506">
     <span class='ocr_line' id='line_1_73' title="bbox 1751 1429 3281 1506; baseline 0.016 -25"><span class='ocrx_word' id='word_1_573' title='bbox 1751 1429 1946 1484; x_wconf 86' lang='lat' dir='ltr'><strong>disces.</strong></span> <span class='ocrx_word' id='word_1_574' title='bbox 1974 1431 2049 1485; x_wconf 84' lang='lat' dir='ltr'><strong>Ne</strong></span> <span class='ocrx_word' id='word_1_575' title='bbox 2076 1433 2145 1486; x_wconf 89' lang='lat' dir='ltr'><strong>ita</strong></span> <span class='ocrx_word' id='word_1_576' title='bbox 2183 1434 2406 1488; x_wconf 84' lang='lat' dir='ltr'><strong>accedas</strong></span> <span class='ocrx_word' id='word_1_577' title='bbox 2435 1443 2702 1506; x_wconf 83' lang='lat' dir='ltr'><strong>tamquam</strong></span> <span class='ocrx_word' id='word_1_578' title='bbox 2732 1439 2962 1497; x_wconf 86' lang='lat' dir='ltr'><strong>futurum</strong></span> <span class='ocrx_word' id='word_1_579' title='bbox 2992 1448 3059 1501; x_wconf 89' lang='lat' dir='ltr'><strong>sit</strong></span> <span class='ocrx_word' id='word_1_580' title='bbox 3091 1459 3145 1501; x_wconf 86' lang='grc' dir='ltr'><strong>ιιι</strong></span> <span class='ocrx_word' id='word_1_581' title='bbox 3170 1429 3281 1505; x_wconf 81' lang='lat' dir='ltr'><strong>sem</strong></span> 
     </span>
    </p>
   </div>
   <div class='ocr_carea' id='block_1_74' title="bbox 1755 1520 3303 1612">
    <p class='ocr_par' dir='ltr' id='par_1_74' title="bbox 1755 1520 3303 1612">
     <span class='ocr_line' id='line_1_74' title="bbox 1755 1520 3303 1612; baseline 0.017 -42"><span class='ocrx_word' id='word_1_582' title='bbox 1755 1533 1848 1612; x_wconf 80' lang='lat' dir='ltr'><strong>per</strong></span> <span class='ocrx_word' id='word_1_583' title='bbox 1884 1520 2089 1612; x_wconf 79' lang='lat' dir='ltr'><strong>discas;</strong></span> <span class='ocrx_word' id='word_1_584' title='bbox 2133 1524 2327 1590; x_wconf 86' lang='lat' dir='ltr'><strong>alioqui</strong></span> <span class='ocrx_word' id='word_1_585' title='bbox 2371 1541 2654 1595; x_wconf 88' lang='lat' dir='ltr'><strong>numquam</strong></span> <span class='ocrx_word' id='word_1_586' title='bbox 2702 1533 2872 1598; x_wconf 87' lang='lat' dir='ltr'><strong>scies;</strong></span> <span class='ocrx_word' id='word_1_587' title='bbox 2923 1537 3015 1590; x_wconf 91' lang='lat' dir='ltr'><strong>sed</strong></span> <span class='ocrx_word' id='word_1_588' title='bbox 3046 1549 3303 1612; x_wconf 82' lang='lat' dir='ltr'><strong>tamquam</strong></span> 
     </span>
    </p>
   </div>
   <div class='ocr_carea' id='block_1_75' title="bbox 1755 1606 3298 1689">
    <p class='ocr_par' dir='ltr' id='par_1_75' title="bbox 1755 1606 3298 1689">
     <span class='ocr_line' id='line_1_75' title="bbox 1755 1606 3298 1689; baseline 0.02 -31"><span class='ocrx_word' id='word_1_589' title='bbox 1755 1606 1989 1662; x_wconf 88' lang='lat' dir='ltr'><strong>discendi</strong></span> <span class='ocrx_word' id='word_1_590' title='bbox 2016 1610 2173 1666; x_wconf 87' lang='lat' dir='ltr'><strong>linem</strong></span> <span class='ocrx_word' id='word_1_591' title='bbox 2200 1624 2600 1682; x_wconf 88' lang='lat' dir='ltr'><strong>assequuturus,</strong></span> <span class='ocrx_word' id='word_1_592' title='bbox 2626 1628 2679 1672; x_wconf 88' lang='lat' dir='ltr'><strong>et</strong></span> <span class='ocrx_word' id='word_1_593' title='bbox 2716 1621 2876 1675; x_wconf 90' lang='lat' dir='ltr'><strong>alium</strong></span> <span class='ocrx_word' id='word_1_594' title='bbox 2899 1606 3183 1684; x_wconf 54' lang='lat' dir='ltr'><strong>docturus:</strong></span> <span class='ocrx_word' id='word_1_595' title='bbox 3215 1634 3298 1689; x_wconf 71' lang='lat' dir='ltr'><strong>Dii</strong></span> 
     </span>
    </p>
   </div>
   <div class='ocr_carea' id='block_1_76' title="bbox 1754 1700 3309 1791">
    <p class='ocr_par' dir='ltr' id='par_1_76' title="bbox 1754 1700 3309 1791">
     <span class='ocr_line' id='line_1_76' title="bbox 1754 1700 3309 1791; baseline 0.017 -39"><span class='ocrx_word' id='word_1_596' title='bbox 1754 1700 1902 1764; x_wconf 90' lang='lat' dir='ltr'><strong>mihi,</strong></span> <span class='ocrx_word' id='word_1_597' title='bbox 1934 1716 2109 1756; x_wconf 86' lang='lat' dir='ltr'><strong>annon</strong></span> <span class='ocrx_word' id='word_1_598' title='bbox 2144 1702 2360 1758; x_wconf 80' lang='lat' dir='ltr'><strong>deﬁnita</strong></span> <span class='ocrx_word' id='word_1_599' title='bbox 2411 1716 2645 1777; x_wconf 89' lang='lat' dir='ltr'><strong>tempora</strong></span> <span class='ocrx_word' id='word_1_600' title='bbox 2682 1712 2734 1763; x_wconf 91' lang='lat' dir='ltr'><strong>in</strong></span> <span class='ocrx_word' id='word_1_601' title='bbox 2776 1713 3071 1783; x_wconf 82' lang='lat' dir='ltr'><strong>disciplinis</strong></span> <span class='ocrx_word' id='word_1_602' title='bbox 3111 1736 3309 1791; x_wconf 82' lang='lat' dir='ltr'><strong>exspe-</strong></span> 
     </span>
    </p>
   </div>
   <div class='ocr_carea' id='block_1_77' title="bbox 1753 1792 3312 1866">
    <p class='ocr_par' dir='ltr' id='par_1_77' title="bbox 1753 1792 3312 1866">
     <span class='ocr_line' id='line_1_77' title="bbox 1753 1792 3312 1866; baseline 0.017 -26"><span class='ocrx_word' id='word_1_603' title='bbox 1753 1797 1894 1842; x_wconf 89' lang='lat' dir='ltr'><strong>ctant</strong></span> <span class='ocrx_word' id='word_1_604' title='bbox 1920 1804 2126 1856; x_wconf 87' lang='lat' dir='ltr'><strong>omnes,</strong></span> <span class='ocrx_word' id='word_1_605' title='bbox 2149 1803 2202 1845; x_wconf 91' lang='lat' dir='ltr'><strong>et</strong></span> <span class='ocrx_word' id='word_1_606' title='bbox 2231 1792 2282 1845; x_wconf 91' lang='lat' dir='ltr'><strong>in</strong></span> <span class='ocrx_word' id='word_1_607' title='bbox 2314 1795 2557 1848; x_wconf 90' lang='lat' dir='ltr'><strong>omnibus</strong></span> <span class='ocrx_word' id='word_1_608' title='bbox 2591 1797 2830 1854; x_wconf 83' lang='lat' dir='ltr'><strong>artibus?</strong></span> <span class='ocrx_word' id='word_1_609' title='bbox 2860 1803 2948 1858; x_wconf 92' lang='lat' dir='ltr'><strong>Sic</strong></span> <span class='ocrx_word' id='word_1_610' title='bbox 2983 1820 3168 1864; x_wconf 89' lang='lat' dir='ltr'><strong>omnes</strong></span> <span class='ocrx_word' id='word_1_611' title='bbox 3194 1827 3312 1866; x_wconf 83' lang='lat' dir='ltr'><strong>cer-</strong></span> 
     </span>
    </p>
   </div>
   <div class='ocr_carea' id='block_1_78' title="bbox 1755 1880 3311 1964">
    <p class='ocr_par' dir='ltr' id='par_1_78' title="bbox 1755 1880 3311 1964">
     <span class='ocr_line' id='line_1_78' title="bbox 1755 1880 3311 1964; baseline 0.019 -36"><span class='ocrx_word' id='word_1_612' title='bbox 1755 1885 1864 1930; x_wconf 89' lang='lat' dir='ltr'><strong>tum</strong></span> <span class='ocrx_word' id='word_1_613' title='bbox 1888 1886 2092 1947; x_wconf 89' lang='lat' dir='ltr'><strong>tempus</strong></span> <span class='ocrx_word' id='word_1_614' title='bbox 2117 1880 2396 1935; x_wconf 84' lang='lat' dir='ltr'><strong>definimus</strong></span> <span class='ocrx_word' id='word_1_615' title='bbox 2426 1899 2438 1936; x_wconf 91' lang='lat'>:</span> <span class='ocrx_word' id='word_1_616' title='bbox 2472 1886 2553 1939; x_wconf 88' lang='lat' dir='ltr'><strong>sin</strong></span> <span class='ocrx_word' id='word_1_617' title='bbox 2578 1896 2751 1942; x_wconf 85' lang='lat' dir='ltr'><strong>autem</strong></span> <span class='ocrx_word' id='word_1_618' title='bbox 2779 1905 2987 1962; x_wconf 85' lang='lat' dir='ltr'><strong>semper</strong></span> <span class='ocrx_word' id='word_1_619' title='bbox 3013 1897 3203 1964; x_wconf 85' lang='lat' dir='ltr'><strong>diseas,</strong></span> <span class='ocrx_word' id='word_1_620' title='bbox 3229 1913 3311 1957; x_wconf 90' lang='lat' dir='ltr'><strong>est</strong></span> 
     </span>
    </p>
   </div>
   <div class='ocr_carea' id='block_1_79' title="bbox 1754 1969 2663 2039">
    <p class='ocr_par' dir='ltr' id='par_1_79' title="bbox 1754 1969 2663 2039">
     <span class='ocr_line' id='line_1_79' title="bbox 1754 1969 2663 2039; baseline 0.01 -17"><span class='ocrx_word' id='word_1_621' title='bbox 1754 1969 1958 2037; x_wconf 85' lang='lat' dir='ltr'><strong>signum</strong></span> <span class='ocrx_word' id='word_1_622' title='bbox 1979 1971 2118 2039; x_wconf 90' lang='lat' dir='ltr'><strong>quod</strong></span> <span class='ocrx_word' id='word_1_623' title='bbox 2147 1972 2273 2025; x_wconf 91' lang='lat' dir='ltr'><strong>nihil</strong></span> <span class='ocrx_word' id='word_1_624' title='bbox 2300 1972 2572 2030; x_wconf 87' lang='lat' dir='ltr'><strong>didiceris.</strong></span> <span class='ocrx_word' id='word_1_625' title='bbox 2660 1977 2663 1980; x_wconf 81' lang='grc'><em>’</em></span> 
     </span>
    </p>
   </div>
   <div class='ocr_carea' id='block_1_80' title="bbox 1822 2057 3306 2135">
    <p class='ocr_par' dir='ltr' id='par_1_80' title="bbox 1822 2057 3306 2135">
     <span class='ocr_line' id='line_1_80' title="bbox 1822 2057 3306 2135; baseline 0.018 -26"><span class='ocrx_word' id='word_1_626' title='bbox 1822 2057 1874 2110; x_wconf 74' lang='lat'><strong>2.</strong></span> <span class='ocrx_word' id='word_1_627' title='bbox 1909 2057 2018 2113; x_wconf 82' lang='lat' dir='ltr'><strong>Hoc</strong></span> <span class='ocrx_word' id='word_1_628' title='bbox 2048 2059 2184 2114; x_wconf 89' lang='lat' dir='ltr'><strong>Deus</strong></span> <span class='ocrx_word' id='word_1_629' title='bbox 2216 2063 2549 2130; x_wconf 86' lang='lat' dir='ltr'><strong>exprobravit</strong></span> <span class='ocrx_word' id='word_1_630' title='bbox 2575 2065 2799 2131; x_wconf 66' lang='lat' dir='ltr'><strong>Judwis,</strong></span> <span class='ocrx_word' id='word_1_631' title='bbox 2840 2072 2939 2135; x_wconf 78' lang='lat' dir='ltr'><strong>Qui</strong></span> <span class='ocrx_word' id='word_1_632' title='bbox 2967 2077 3212 2132; x_wconf 82' lang='lat' dir='ltr'><strong>tolluntur</strong></span> <span class='ocrx_word' id='word_1_633' title='bbox 3242 2099 3306 2135; x_wconf 68' lang='lat' dir='ltr'><strong>rx</strong></span> 
     </span>
    </p>
   </div>
   <div class='ocr_carea' id='block_1_81' title="bbox 1755 2151 3306 2240">
    <p class='ocr_par' dir='ltr' id='par_1_81' title="bbox 1755 2151 3306 2240">
     <span class='ocr_line' id='line_1_81' title="bbox 1755 2151 3306 2240; baseline 0.018 -40"><span class='ocrx_word' id='word_1_634' title='bbox 1755 2158 1916 2240; x_wconf 65' lang='lat' dir='ltr'><strong>utero,</strong></span> <span class='ocrx_word' id='word_1_635' title='bbox 1956 2159 2002 2202; x_wconf 83' lang='lat' dir='ltr'><strong>et</strong></span> <span class='ocrx_word' id='word_1_636' title='bbox 2035 2151 2333 2204; x_wconf 76' lang='lat' dir='ltr'><strong>erudiuntur</strong></span> <span class='ocrx_word' id='word_1_637' title='bbox 2359 2170 2510 2222; x_wconf 77' lang='lat' dir='ltr'><strong>usque</strong></span> <span class='ocrx_word' id='word_1_638' title='bbox 2535 2155 2602 2207; x_wconf 84' lang='lat' dir='ltr'><strong>ad</strong></span> <span class='ocrx_word' id='word_1_639' title='bbox 2629 2160 2822 2212; x_wconf 81' lang='lat' dir='ltr'><strong>senium</strong></span> <span class='ocrx_word' id='word_1_640' title='bbox 2851 2161 2998 2231; x_wconf 83' lang='lat' dir='ltr'><strong>(Isai.</strong></span> <span class='ocrx_word' id='word_1_641' title='bbox 3028 2167 3115 2222; x_wconf 75' lang='grc'><strong>46.</strong></span> <span class='ocrx_word' id='word_1_642' title='bbox 3147 2171 3192 2224; x_wconf 73' lang='grc' dir='ltr'><strong>ὅ.</strong></span> <span class='ocrx_word' id='word_1_643' title='bbox 3228 2172 3306 2240; x_wconf 72' lang='grc'><strong>4).</strong></span> 
     </span>
    </p>
   </div>
   <div class='ocr_carea' id='block_1_82' title="bbox 1756 2236 3306 2316">
    <p class='ocr_par' dir='ltr' id='par_1_82' title="bbox 1756 2236 3306 2316">
     <span class='ocr_line' id='line_1_82' title="bbox 1756 2236 3306 2316; baseline 0.015 -26"><span class='ocrx_word' id='word_1_644' title='bbox 1756 2236 1812 2290; x_wconf 93' lang='lat' dir='ltr'><strong>Si</strong></span> <span class='ocrx_word' id='word_1_645' title='bbox 1853 2252 1955 2291; x_wconf 91' lang='lat' dir='ltr'><strong>non</strong></span> <span class='ocrx_word' id='word_1_646' title='bbox 1981 2254 2191 2310; x_wconf 81' lang='lat' dir='ltr'><strong>semper</strong></span> <span class='ocrx_word' id='word_1_647' title='bbox 2232 2240 2333 2296; x_wconf 90' lang='lat' dir='ltr'><strong>hoc</strong></span> <span class='ocrx_word' id='word_1_648' title='bbox 2365 2248 2853 2316; x_wconf 87' lang='lat' dir='ltr'><strong>exspectavissetis,</strong></span> <span class='ocrx_word' id='word_1_649' title='bbox 2900 2269 3002 2308; x_wconf 88' lang='lat' dir='ltr'><strong>nou</strong></span> <span class='ocrx_word' id='word_1_650' title='bbox 3031 2258 3107 2311; x_wconf 90' lang='lat' dir='ltr'><strong>sic</strong></span> <span class='ocrx_word' id='word_1_651' title='bbox 3133 2236 3306 2314; x_wconf 78' lang='lat' dir='ltr'><strong>omnia</strong></span> 
     </span>
    </p>
   </div>
   <div class='ocr_carea' id='block_1_83' title="bbox 1756 2327 3307 2411">
    <p class='ocr_par' dir='ltr' id='par_1_83' title="bbox 1756 2327 3307 2411">
     <span class='ocr_line' id='line_1_83' title="bbox 1756 2327 3307 2411; baseline 0.014 -30"><span class='ocrx_word' id='word_1_652' title='bbox 1756 2336 1898 2381; x_wconf 87' lang='lat' dir='ltr'><strong>retro</strong></span> <span class='ocrx_word' id='word_1_653' title='bbox 1925 2327 2195 2383; x_wconf 87' lang='lat' dir='ltr'><strong>abiissent.</strong></span> <span class='ocrx_word' id='word_1_654' title='bbox 2227 2330 2283 2385; x_wconf 93' lang='lat' dir='ltr'><strong>Si</strong></span> <span class='ocrx_word' id='word_1_655' title='bbox 2310 2347 2392 2385; x_wconf 87' lang='lat' dir='ltr'><strong>res</strong></span> <span class='ocrx_word' id='word_1_656' title='bbox 2415 2334 2483 2386; x_wconf 89' lang='lat' dir='ltr'><strong>ita</strong></span> <span class='ocrx_word' id='word_1_657' title='bbox 2515 2335 2732 2392; x_wconf 80' lang='lat' dir='ltr'><strong>haberet</strong></span> <span class='ocrx_word' id='word_1_658' title='bbox 2755 2349 2811 2393; x_wconf 91' lang='lat' dir='ltr'><strong>ut</strong></span> <span class='ocrx_word' id='word_1_659' title='bbox 2830 2342 2918 2397; x_wconf 89' lang='lat' dir='ltr'><strong>alii</strong></span> <span class='ocrx_word' id='word_1_660' title='bbox 2940 2347 3148 2411; x_wconf 88' lang='lat' dir='ltr'><strong>quidem</strong></span> <span class='ocrx_word' id='word_1_661' title='bbox 3170 2349 3307 2404; x_wconf 73' lang='lat' dir='ltr'><strong>(lidi-</strong></span> 
     </span>
    </p>
   </div>
   <div class='ocr_carea' id='block_1_84' title="bbox 1756 2415 3307 2508">
    <p class='ocr_par' dir='ltr' id='par_1_84' title="bbox 1756 2415 3307 2508">
     <span class='ocr_line' id='line_1_84' title="bbox 1756 2415 3307 2508; baseline 0.016 -39"><span class='ocrx_word' id='word_1_662' title='bbox 1756 2415 1972 2508; x_wconf 82' lang='lat' dir='ltr'><strong>cissent,</strong></span> <span class='ocrx_word' id='word_1_663' title='bbox 2003 2417 2091 2472; x_wconf 88' lang='lat' dir='ltr'><strong>alii</strong></span> <span class='ocrx_word' id='word_1_664' title='bbox 2121 2433 2245 2473; x_wconf 90' lang='lat' dir='ltr'><strong>vero</strong></span> <span class='ocrx_word' id='word_1_665' title='bbox 2275 2431 2454 2475; x_wconf 88' lang='lat' dir='ltr'><strong>essent</strong></span> <span class='ocrx_word' id='word_1_666' title='bbox 2477 2425 2772 2492; x_wconf 91' lang='lat' dir='ltr'><strong>erudiendi,</strong></span> <span class='ocrx_word' id='word_1_667' title='bbox 2802 2445 2933 2498; x_wconf 90' lang='lat' dir='ltr'><strong>optts</strong></span> <span class='ocrx_word' id='word_1_668' title='bbox 2959 2436 3107 2489; x_wconf 79' lang='lat' dir='ltr'><strong>nobis</strong></span> <span class='ocrx_word' id='word_1_669' title='bbox 3130 2442 3307 2508; x_wconf 84' lang='lat' dir='ltr'><strong>profe-</strong></span> 
     </span>
    </p>
   </div>
   <div class='ocr_carea' id='block_1_85' title="bbox 1756 2506 3307 2589">
    <p class='ocr_par' dir='ltr' id='par_1_85' title="bbox 1756 2506 3307 2589">
     <span class='ocr_line' id='line_1_85' title="bbox 1756 2506 3307 2589; baseline 0.017 -32"><span class='ocrx_word' id='word_1_670' title='bbox 1756 2506 1950 2570; x_wconf 85' lang='lat' dir='ltr'><strong>cisset;</strong></span> <span class='ocrx_word' id='word_1_671' title='bbox 1983 2508 2100 2560; x_wconf 90' lang='lat' dir='ltr'><strong>aliis</strong></span> <span class='ocrx_word' id='word_1_672' title='bbox 2129 2510 2330 2562; x_wconf 85' lang='lat' dir='ltr'><strong>cessuri</strong></span> <span class='ocrx_word' id='word_1_673' title='bbox 2365 2513 2559 2576; x_wconf 89' lang='lat' dir='ltr'><strong>eratis,</strong></span> <span class='ocrx_word' id='word_1_674' title='bbox 2596 2525 2650 2568; x_wconf 91' lang='lat' dir='ltr'><strong>et</strong></span> <span class='ocrx_word' id='word_1_675' title='bbox 2679 2519 2831 2573; x_wconf 90' lang='lat' dir='ltr'><strong>nobis</strong></span> <span class='ocrx_word' id='word_1_676' title='bbox 2857 2536 3008 2589; x_wconf 84' lang='lat' dir='ltr'><strong>opem</strong></span> <span class='ocrx_word' id='word_1_677' title='bbox 3041 2506 3307 2585; x_wconf 53' lang='lat' dir='ltr'><strong>tulissetis.</strong></span> 
     </span>
    </p>
   </div>
   <div class='ocr_carea' id='block_1_86' title="bbox 1758 2592 3311 2680">
    <p class='ocr_par' dir='ltr' id='par_1_86' title="bbox 1758 2592 3311 2680">
     <span class='ocr_line' id='line_1_86' title="bbox 1758 2592 3311 2680; baseline 0.017 -32"><span class='ocrx_word' id='word_1_678' title='bbox 1758 2595 1850 2650; x_wconf 89' lang='lat' dir='ltr'><strong>Dic</strong></span> <span class='ocrx_word' id='word_1_679' title='bbox 1873 2597 2020 2658; x_wconf 91' lang='lat' dir='ltr'><strong>mihi,</strong></span> <span class='ocrx_word' id='word_1_680' title='bbox 2045 2613 2244 2666; x_wconf 65' lang='lat' dir='ltr'><strong>quaeso,</strong></span> <span class='ocrx_word' id='word_1_681' title='bbox 2269 2600 2312 2653; x_wconf 87' lang='lat' dir='ltr'><strong>si</strong></span> <span class='ocrx_word' id='word_1_682' title='bbox 2333 2601 2489 2670; x_wconf 84' lang='lat' dir='ltr'><strong>aliqui</strong></span> <span class='ocrx_word' id='word_1_683' title='bbox 2511 2603 2648 2658; x_wconf 89' lang='lat' dir='ltr'><strong>irent</strong></span> <span class='ocrx_word' id='word_1_684' title='bbox 2667 2607 2730 2660; x_wconf 87' lang='lat' dir='ltr'><strong>ad</strong></span> <span class='ocrx_word' id='word_1_685' title='bbox 2754 2609 3095 2680; x_wconf 89' lang='lat' dir='ltr'><strong>literatorem,</strong></span> <span class='ocrx_word' id='word_1_686' title='bbox 3119 2592 3311 2676; x_wconf 83' lang='lat' dir='ltr'><strong>deinde</strong></span> 
     </span>
    </p>
   </div>
   <div class='ocr_carea' id='block_1_87' title="bbox 1757 2688 3308 2766">
    <p class='ocr_par' dir='ltr' id='par_1_87' title="bbox 1757 2688 3308 2766">
     <span class='ocr_line' id='line_1_87' title="bbox 1757 2688 3308 2766; baseline 0.015 -27"><span class='ocrx_word' id='word_1_687' title='bbox 1757 2695 2032 2741; x_wconf 87' lang='lat' dir='ltr'><strong>manerent</strong></span> <span class='ocrx_word' id='word_1_688' title='bbox 2076 2702 2284 2759; x_wconf 87' lang='lat' dir='ltr'><strong>semper</strong></span> <span class='ocrx_word' id='word_1_689' title='bbox 2329 2688 2593 2747; x_wconf 89' lang='lat' dir='ltr'><strong>discentes</strong></span> <span class='ocrx_word' id='word_1_690' title='bbox 2631 2695 2926 2766; x_wconf 86' lang='lat' dir='ltr'><strong>elementa,</strong></span> <span class='ocrx_word' id='word_1_691' title='bbox 2975 2716 3148 2760; x_wconf 86' lang='lat' dir='ltr'><strong>annon</strong></span> <span class='ocrx_word' id='word_1_692' title='bbox 3194 2724 3308 2763; x_wconf 88' lang='lat' dir='ltr'><strong>tua-</strong></span> 
     </span>
    </p>
   </div>
   <div class='ocr_carea' id='block_1_88' title="bbox 1755 2775 3310 2867">
    <p class='ocr_par' dir='ltr' id='par_1_88' title="bbox 1755 2775 3310 2867">
     <span class='ocr_line' id='line_1_88' title="bbox 1755 2775 3310 2867; baseline 0.019 -42"><span class='ocrx_word' id='word_1_693' title='bbox 1755 2775 1918 2867; x_wconf 83' lang='lat' dir='ltr'><strong>gistro</strong></span> <span class='ocrx_word' id='word_1_694' title='bbox 1947 2777 2166 2867; x_wconf 83' lang='lat' dir='ltr'><strong>multum</strong></span> <span class='ocrx_word' id='word_1_695' title='bbox 2212 2779 2403 2833; x_wconf 89' lang='lat' dir='ltr'><strong>laboris</strong></span> <span class='ocrx_word' id='word_1_696' title='bbox 2447 2793 2627 2836; x_wconf 88' lang='lat' dir='ltr'><strong>essent</strong></span> <span class='ocrx_word' id='word_1_697' title='bbox 2658 2786 2983 2844; x_wconf 33' lang='lat' dir='ltr'><strong>exhibituriv?</strong></span> <span class='ocrx_word' id='word_1_698' title='bbox 3029 2795 3310 2867; x_wconf 79' lang='lat' dir='ltr'><strong>Quousque</strong></span> 
     </span>
    </p>
   </div>
   <div class='ocr_carea' id='block_1_89' title="bbox 1759 2865 3310 2948">
    <p class='ocr_par' dir='ltr' id='par_1_89' title="bbox 1759 2865 3310 2948">
     <span class='ocr_line' id='line_1_89' title="bbox 1759 2865 3310 2948; baseline 0.019 -34"><span class='ocrx_word' id='word_1_699' title='bbox 1759 2865 2026 2917; x_wconf 78' lang='lat' dir='ltr'><strong>vobiscum</strong></span> <span class='ocrx_word' id='word_1_700' title='bbox 2066 2865 2134 2918; x_wconf 90' lang='lat' dir='ltr'><strong>de</strong></span> <span class='ocrx_word' id='word_1_701' title='bbox 2170 2867 2274 2918; x_wconf 86' lang='lat' dir='ltr'><strong>vita</strong></span> <span class='ocrx_word' id='word_1_702' title='bbox 2312 2868 2666 2926; x_wconf 80' lang='lat' dir='ltr'><strong>disseremus?</strong></span> <span class='ocrx_word' id='word_1_703' title='bbox 2707 2875 2858 2944; x_wconf 83' lang='lat' dir='ltr'><strong>Apud</strong></span> <span class='ocrx_word' id='word_1_704' title='bbox 2901 2884 3168 2948; x_wconf 80' lang='lat' dir='ltr'><strong>apostolos</strong></span> <span class='ocrx_word' id='word_1_705' title='bbox 3205 2865 3310 2943; x_wconf 78' lang='lat' dir='ltr'><strong>non</strong></span> 
     </span>
    </p>
   </div>
   <div class='ocr_carea' id='block_1_90' title="bbox 1758 2952 3312 3039">
    <p class='ocr_par' dir='ltr' id='par_1_90' title="bbox 1758 2952 3312 3039">
     <span class='ocr_line' id='line_1_90' title="bbox 1758 2952 3312 3039; baseline 0.015 -33"><span class='ocrx_word' id='word_1_706' title='bbox 1758 2952 1829 3006; x_wconf 84' lang='lat' dir='ltr'><strong>ita</strong></span> <span class='ocrx_word' id='word_1_707' title='bbox 1860 2963 1994 3019; x_wconf 88' lang='lat' dir='ltr'><strong>erat,</strong></span> <span class='ocrx_word' id='word_1_708' title='bbox 2025 2954 2118 3008; x_wconf 90' lang='lat' dir='ltr'><strong>sed</strong></span> <span class='ocrx_word' id='word_1_709' title='bbox 2147 2956 2355 3010; x_wconf 89' lang='lat' dir='ltr'><strong>assidue</strong></span> <span class='ocrx_word' id='word_1_710' title='bbox 2396 2961 2788 3026; x_wconf 82' lang='lat' dir='ltr'><strong>transiliebant,</strong></span> <span class='ocrx_word' id='word_1_711' title='bbox 2815 2979 2907 3020; x_wconf 91' lang='lat' dir='ltr'><strong>eos</strong></span> <span class='ocrx_word' id='word_1_712' title='bbox 2946 2971 3033 3037; x_wconf 86' lang='lat' dir='ltr'><strong>qui</strong></span> <span class='ocrx_word' id='word_1_713' title='bbox 3062 2975 3203 3039; x_wconf 89' lang='lat' dir='ltr'><strong>prius</strong></span> <span class='ocrx_word' id='word_1_714' title='bbox 3233 2977 3312 3029; x_wconf 87' lang='lat' dir='ltr'><strong>di-</strong></span> 
     </span>
    </p>
   </div>
   <div class='ocr_carea' id='block_1_91' title="bbox 1756 3045 3309 3125">
    <p class='ocr_par' dir='ltr' id='par_1_91' title="bbox 1756 3045 3309 3125">
     <span class='ocr_line' id='line_1_91' title="bbox 1756 3045 3309 3125; baseline 0.015 -27"><span class='ocrx_word' id='word_1_715' title='bbox 1756 3045 1971 3098; x_wconf 87' lang='lat' dir='ltr'><strong>scebant</strong></span> <span class='ocrx_word' id='word_1_716' title='bbox 1986 3046 2366 3099; x_wconf 86' lang='lat' dir='ltr'><strong>constituentes</strong></span> <span class='ocrx_word' id='word_1_717' title='bbox 2383 3050 2659 3118; x_wconf 87' lang='lat' dir='ltr'><strong>magistros</strong></span> <span class='ocrx_word' id='word_1_718' title='bbox 2671 3054 2890 3109; x_wconf 82' lang='lat' dir='ltr'><strong>aliorum</strong></span> <span class='ocrx_word' id='word_1_719' title='bbox 2914 3062 3000 3125; x_wconf 91' lang='lat' dir='ltr'><strong>qui</strong></span> <span class='ocrx_word' id='word_1_720' title='bbox 3018 3061 3309 3122; x_wconf 64' lang='lat' dir='ltr'><strong>discebdltl.</strong></span> 
     </span>
    </p>
   </div>
   <div class='ocr_carea' id='block_1_92' title="bbox 1756 3132 3311 3214">
    <p class='ocr_par' dir='ltr' id='par_1_92' title="bbox 1756 3132 3311 3214">
     <span class='ocr_line' id='line_1_92' title="bbox 1756 3132 3311 3214; baseline 0.017 -30"><span class='ocrx_word' id='word_1_721' title='bbox 1756 3132 1843 3194; x_wconf 80' lang='lat' dir='ltr'><strong>Sic</strong></span> <span class='ocrx_word' id='word_1_722' title='bbox 1897 3141 2176 3199; x_wconf 89' lang='lat' dir='ltr'><strong>potuerunt</strong></span> <span class='ocrx_word' id='word_1_723' title='bbox 2214 3134 2360 3187; x_wconf 86' lang='lat' dir='ltr'><strong>obire</strong></span> <span class='ocrx_word' id='word_1_724' title='bbox 2403 3138 2582 3190; x_wconf 89' lang='lat' dir='ltr'><strong>orbem</strong></span> <span class='ocrx_word' id='word_1_725' title='bbox 2635 3148 2824 3206; x_wconf 69' lang='lat' dir='ltr'><strong>terrm,</strong></span> <span class='ocrx_word' id='word_1_726' title='bbox 2867 3147 3007 3214; x_wconf 91' lang='lat' dir='ltr'><strong>quod</strong></span> <span class='ocrx_word' id='word_1_727' title='bbox 3065 3153 3152 3204; x_wconf 90' lang='lat' dir='ltr'><strong>uni</strong></span> <span class='ocrx_word' id='word_1_728' title='bbox 3192 3154 3311 3209; x_wconf 90' lang='lat' dir='ltr'><strong>loco</strong></span> 
     </span>
    </p>
   </div>
   <div class='ocr_carea' id='block_1_93' title="bbox 1759 3223 3311 3313">
    <p class='ocr_par' dir='ltr' id='par_1_93' title="bbox 1759 3223 3311 3313">
     <span class='ocr_line' id='line_1_93' title="bbox 1759 3223 3311 3313; baseline 0.015 -38"><span class='ocrx_word' id='word_1_729' title='bbox 1759 3237 1863 3275; x_wconf 90' lang='lat' dir='ltr'><strong>non</strong></span> <span class='ocrx_word' id='word_1_730' title='bbox 1891 3232 2073 3313; x_wconf 83' lang='lat' dir='ltr'><strong>essent</strong></span> <span class='ocrx_word' id='word_1_731' title='bbox 2099 3223 2314 3292; x_wconf 81' lang='lat' dir='ltr'><strong>alligati.</strong></span> <span class='ocrx_word' id='word_1_732' title='bbox 2355 3225 2520 3291; x_wconf 92' lang='lat' dir='ltr'><strong>Quam</strong></span> <span class='ocrx_word' id='word_1_733' title='bbox 2553 3231 2743 3283; x_wconf 90' lang='lat' dir='ltr'><strong>multos</strong></span> <span class='ocrx_word' id='word_1_734' title='bbox 2770 3244 2980 3288; x_wconf 88' lang='lat' dir='ltr'><strong>nostros</strong></span> <span class='ocrx_word' id='word_1_735' title='bbox 3005 3238 3195 3297; x_wconf 86' lang='lat' dir='ltr'><strong>fratres</strong></span> <span class='ocrx_word' id='word_1_736' title='bbox 3221 3250 3311 3313; x_wconf 88' lang='lat' dir='ltr'><strong>qui</strong></span> 
     </span>
    </p>
   </div>
   <div class='ocr_carea' id='block_1_94' title="bbox 1758 3311 3313 3402">
    <p class='ocr_par' dir='ltr' id='par_1_94' title="bbox 1758 3311 3313 3402">
     <span class='ocr_line' id='line_1_94' title="bbox 1758 3311 3313 3402; baseline 0.019 -41"><span class='ocrx_word' id='word_1_737' title='bbox 1758 3321 1880 3402; x_wconf 77' lang='lat' dir='ltr'><strong>sunt</strong></span> <span class='ocrx_word' id='word_1_738' title='bbox 1913 3311 1969 3402; x_wconf 84' lang='lat' dir='ltr'><strong>in</strong></span> <span class='ocrx_word' id='word_1_739' title='bbox 2006 3313 2175 3402; x_wconf 70' lang='lat' dir='ltr'><strong>agris,</strong></span> <span class='ocrx_word' id='word_1_740' title='bbox 2207 3324 2258 3365; x_wconf 89' lang='lat' dir='ltr'><strong>et</strong></span> <span class='ocrx_word' id='word_1_741' title='bbox 2296 3328 2476 3368; x_wconf 89' lang='lat' dir='ltr'><strong>eorum</strong></span> <span class='ocrx_word' id='word_1_742' title='bbox 2510 3319 2784 3386; x_wconf 88' lang='lat' dir='ltr'><strong>magistros</strong></span> <span class='ocrx_word' id='word_1_743' title='bbox 2811 3325 3120 3384; x_wconf 85' lang='lat' dir='ltr'><strong>existimatis</strong></span> <span class='ocrx_word' id='word_1_744' title='bbox 3157 3311 3313 3402; x_wconf 76' lang='lat' dir='ltr'><strong>egere</strong></span> 
     </span>
    </p>
   </div>
   <div class='ocr_carea' id='block_1_95' title="bbox 1759 3399 3309 3491">
    <p class='ocr_par' dir='ltr' id='par_1_95' title="bbox 1759 3399 3309 3491">
     <span class='ocr_line' id='line_1_95' title="bbox 1759 3399 3309 3491; baseline 0.015 -41"><span class='ocrx_word' id='word_1_745' title='bbox 1759 3399 2031 3452; x_wconf 83' lang='lat' dir='ltr'><strong>doctrina?</strong></span> <span class='ocrx_word' id='word_1_746' title='bbox 2059 3400 2159 3455; x_wconf 89' lang='lat' dir='ltr'><strong>Sed</strong></span> <span class='ocrx_word' id='word_1_747' title='bbox 2183 3417 2274 3455; x_wconf 89' lang='lat' dir='ltr'><strong>vos</strong></span> <span class='ocrx_word' id='word_1_748' title='bbox 2297 3418 2378 3455; x_wconf 90' lang='lat' dir='ltr'><strong>me</strong></span> <span class='ocrx_word' id='word_1_749' title='bbox 2401 3405 2586 3458; x_wconf 82' lang='lat' dir='ltr'><strong>tenetis</strong></span> <span class='ocrx_word' id='word_1_750' title='bbox 2603 3406 2834 3463; x_wconf 88' lang='lat' dir='ltr'><strong>aflixum.</strong></span> <span class='ocrx_word' id='word_1_751' title='bbox 2854 3412 2985 3468; x_wconf 81' lang='lat' dir='ltr'><strong>Nam</strong></span> <span class='ocrx_word' id='word_1_752' title='bbox 3010 3399 3309 3491; x_wconf 80' lang='lat' dir='ltr'><strong>priusquam</strong></span> 
     </span>
    </p>
   </div>
   <div class='ocr_carea' id='block_1_96' title="bbox 1758 3489 3308 3568">
    <p class='ocr_par' dir='ltr' id='par_1_96' title="bbox 1758 3489 3308 3568">
     <span class='ocr_line' id='line_1_96' title="bbox 1758 3489 3308 3568; baseline 0.014 -27"><span class='ocrx_word' id='word_1_753' title='bbox 1758 3497 1914 3557; x_wconf 83' lang='lat' dir='ltr'><strong>caput</strong></span> <span class='ocrx_word' id='word_1_754' title='bbox 1941 3499 2083 3543; x_wconf 90' lang='lat' dir='ltr'><strong>recte</strong></span> <span class='ocrx_word' id='word_1_755' title='bbox 2123 3489 2192 3543; x_wconf 87' lang='lat' dir='ltr'><strong>sit</strong></span> <span class='ocrx_word' id='word_1_756' title='bbox 2233 3490 2507 3556; x_wconf 80' lang='lat' dir='ltr'><strong>alfectum,</strong></span> <span class='ocrx_word' id='word_1_757' title='bbox 2540 3508 2985 3562; x_wconf 87' lang='lat' dir='ltr'><strong>supervacaneum</strong></span> <span class='ocrx_word' id='word_1_758' title='bbox 3023 3519 3100 3560; x_wconf 90' lang='lat' dir='ltr'><strong>est</strong></span> <span class='ocrx_word' id='word_1_759' title='bbox 3131 3489 3204 3565; x_wconf 74' lang='lat' dir='ltr'><strong>ire</strong></span> <span class='ocrx_word' id='word_1_760' title='bbox 3244 3517 3308 3568; x_wconf 80' lang='lat' dir='ltr'><strong>ad</strong></span> 
     </span>
    </p>
   </div>
   <div class='ocr_carea' id='block_1_97' title="bbox 1761 3577 3312 3665">
    <p class='ocr_par' dir='ltr' id='par_1_97' title="bbox 1761 3577 3312 3665">
     <span class='ocr_line' id='line_1_97' title="bbox 1761 3577 3312 3665; baseline 0.01 -37"><span class='ocrx_word' id='word_1_761' title='bbox 1761 3577 2018 3645; x_wconf 89' lang='lat' dir='ltr'><strong>reliquum</strong></span> <span class='ocrx_word' id='word_1_762' title='bbox 2039 3593 2248 3647; x_wconf 91' lang='lat' dir='ltr'><strong>corpus.</strong></span> <span class='ocrx_word' id='word_1_763' title='bbox 2279 3579 2462 3634; x_wconf 89' lang='lat' dir='ltr'><strong>Omnia</strong></span> <span class='ocrx_word' id='word_1_764' title='bbox 2494 3583 2544 3634; x_wconf 91' lang='lat' dir='ltr'><strong>in</strong></span> <span class='ocrx_word' id='word_1_765' title='bbox 2575 3599 2669 3637; x_wconf 90' lang='lat' dir='ltr'><strong>nos</strong></span> <span class='ocrx_word' id='word_1_766' title='bbox 2698 3592 3312 3665; x_wconf 53' lang='lat' dir='ltr'><strong>congcritis.,0portere;</strong></span> 
     </span>
    </p>
   </div>
   <div class='ocr_carea' id='block_1_98' title="bbox 1762 3666 3308 3756">
    <p class='ocr_par' dir='ltr' id='par_1_98' title="bbox 1762 3666 3308 3756">
     <span class='ocr_line' id='line_1_98' title="bbox 1762 3666 3308 3756; baseline 0.017 -38"><span class='ocrx_word' id='word_1_767' title='bbox 1762 3679 1861 3756; x_wconf 70' lang='lat' dir='ltr'><strong>vos</strong></span> <span class='ocrx_word' id='word_1_768' title='bbox 1887 3681 1917 3718; x_wconf 92' lang='lat' dir='ltr'><strong>a</strong></span> <span class='ocrx_word' id='word_1_769' title='bbox 1950 3666 2100 3721; x_wconf 87' lang='lat' dir='ltr'><strong>nobis</strong></span> <span class='ocrx_word' id='word_1_770' title='bbox 2143 3669 2312 3721; x_wconf 87' lang='lat' dir='ltr'><strong>solum</strong></span> <span class='ocrx_word' id='word_1_771' title='bbox 2354 3670 2589 3735; x_wconf 90' lang='lat' dir='ltr'><strong>discere;</strong></span> <span class='ocrx_word' id='word_1_772' title='bbox 2636 3688 2825 3729; x_wconf 86' lang='lat' dir='ltr'><strong>uxores</strong></span> <span class='ocrx_word' id='word_1_773' title='bbox 2854 3691 3029 3736; x_wconf 87' lang='lat' dir='ltr'><strong>autem</strong></span> <span class='ocrx_word' id='word_1_774' title='bbox 3072 3702 3100 3738; x_wconf 91' lang='lat' dir='ltr'><strong>a</strong></span> <span class='ocrx_word' id='word_1_775' title='bbox 3130 3691 3308 3756; x_wconf 86' lang='lat' dir='ltr'><strong>vobis,</strong></span> 
     </span>
    </p>
   </div>
   <div class='ocr_carea' id='block_1_99' title="bbox 1761 3752 3308 3844">
    <p class='ocr_par' dir='ltr' id='par_1_99' title="bbox 1761 3752 3308 3844">
     <span class='ocr_line' id='line_1_99' title="bbox 1761 3752 3308 3844; baseline 0.012 -39"><span class='ocrx_word' id='word_1_776' title='bbox 1761 3752 1895 3806; x_wconf 80' lang='lat' dir='ltr'><strong>filios</strong></span> <span class='ocrx_word' id='word_1_777' title='bbox 1923 3770 1952 3807; x_wconf 88' lang='lat' dir='ltr'><strong>a</strong></span> <span class='ocrx_word' id='word_1_778' title='bbox 1982 3755 2162 3820; x_wconf 88' lang='lat' dir='ltr'><strong>vobis;</strong></span> <span class='ocrx_word' id='word_1_779' title='bbox 2192 3756 2284 3810; x_wconf 85' lang='lat' dir='ltr'><strong>sed</strong></span> <span class='ocrx_word' id='word_1_780' title='bbox 2313 3758 2463 3812; x_wconf 88' lang='lat' dir='ltr'><strong>nobis</strong></span> <span class='ocrx_word' id='word_1_781' title='bbox 2489 3760 2663 3814; x_wconf 87' lang='lat' dir='ltr'><strong>omnia</strong></span> <span class='ocrx_word' id='word_1_782' title='bbox 2687 3763 2992 3836; x_wconf 85' lang='lat' dir='ltr'><strong>relinquitis.</strong></span> <span class='ocrx_word' id='word_1_783' title='bbox 3027 3752 3308 3844; x_wconf 59' lang='lat' dir='ltr'><strong>Proptequ</strong></span> 
     </span>
    </p>
   </div>
   <div class='ocr_carea' id='block_1_100' title="bbox 1741 3846 3310 3924">
    <p class='ocr_par' dir='ltr' id='par_1_100' title="bbox 1741 3846 3310 3924">
     <span class='ocr_line' id='line_1_100' title="bbox 1741 3846 3310 3924; baseline 0.004 -27"><span class='ocrx_word' id='word_1_784' title='bbox 1741 3859 1982 3913; x_wconf 37' lang='lat' dir='ltr'><strong>&#39;magnus</strong></span> <span class='ocrx_word' id='word_1_785' title='bbox 2005 3857 2085 3898; x_wconf 91' lang='lat' dir='ltr'><strong>est</strong></span> <span class='ocrx_word' id='word_1_786' title='bbox 2111 3846 2276 3900; x_wconf 89' lang='lat' dir='ltr'><strong>labor.</strong></span> <span class='ocrx_word' id='word_1_787' title='bbox 2308 3846 2582 3914; x_wconf 84' lang='lat' dir='ltr'><strong>Docentes,</strong></span> <span class='ocrx_word' id='word_1_788' title='bbox 2620 3851 2825 3921; x_wconf 89' lang='lat' dir='ltr'><strong>inquit,-</strong></span> <span class='ocrx_word' id='word_1_789' title='bbox 2864 3867 2909 3910; x_wconf 83' lang='lat' dir='ltr'><strong>et</strong></span> <span class='ocrx_word' id='word_1_790' title='bbox 2945 3876 3310 3924; x_wconf 69' lang='grc' dir='ltr'><strong>ευηηηοηεηιε,</strong></span> 
     </span>
    </p>
   </div>
   <div class='ocr_carea' id='block_1_101' title="bbox 1761 3935 3309 4019">
    <p class='ocr_par' dir='ltr' id='par_1_101' title="bbox 1761 3935 3309 4019">
     <span class='ocr_line' id='line_1_101' title="bbox 1761 3935 3309 4019; baseline 0.017 -34"><span class='ocrx_word' id='word_1_791' title='bbox 1761 3935 2080 4002; x_wconf 78' lang='lat' dir='ltr'><strong>vasmetipsos</strong></span> <span class='ocrx_word' id='word_1_792' title='bbox 2105 3938 2158 3988; x_wconf 83' lang='lat' dir='ltr'><strong>in</strong></span> <span class='ocrx_word' id='word_1_793' title='bbox 2194 3936 2430 4004; x_wconf 86' lang='lat' dir='ltr'><strong>psalmis,</strong></span> <span class='ocrx_word' id='word_1_794' title='bbox 2464 3939 2690 4006; x_wconf 80' lang='lat' dir='ltr'><strong>hymnis,</strong></span> <span class='ocrx_word' id='word_1_795' title='bbox 2723 3953 2767 3995; x_wconf 82' lang='lat' dir='ltr'><strong>et</strong></span> <span class='ocrx_word' id='word_1_796' title='bbox 2802 3949 3007 4002; x_wconf 83' lang='lat' dir='ltr'><strong>canticis</strong></span> <span class='ocrx_word' id='word_1_797' title='bbox 3030 3956 3309 4019; x_wconf 80' lang='lat' dir='ltr'><strong>spirituali-</strong></span> 
     </span>
    </p>
   </div>
   <div class='ocr_carea' id='block_1_102' title="bbox 1762 4025 3306 4103">
    <p class='ocr_par' dir='ltr' id='par_1_102' title="bbox 1762 4025 3306 4103">
     <span class='ocr_line' id='line_1_102' title="bbox 1762 4025 3306 4103; baseline 0.017 -26"><span class='ocrx_word' id='word_1_798' title='bbox 1762 4027 1869 4077; x_wconf 85' lang='lat' dir='ltr'><strong>bus.</strong></span> <span class='ocrx_word' id='word_1_799' title='bbox 1900 4025 2027 4078; x_wconf 90' lang='lat' dir='ltr'><strong>Vide</strong></span> <span class='ocrx_word' id='word_1_800' title='bbox 2052 4041 2331 4094; x_wconf 88' lang='lat' dir='ltr'><strong>quamnon</strong></span> <span class='ocrx_word' id='word_1_801' title='bbox 2362 4029 2687 4095; x_wconf 86' lang='lat' dir='ltr'><strong>importunus</strong></span> <span class='ocrx_word' id='word_1_802' title='bbox 2707 4045 2761 4088; x_wconf 89' lang='lat' dir='ltr'><strong>et</strong></span> <span class='ocrx_word' id='word_1_803' title='bbox 2789 4038 3042 4095; x_wconf 86' lang='lat' dir='ltr'><strong>molestus</strong></span> <span class='ocrx_word' id='word_1_804' title='bbox 3076 4045 3145 4099; x_wconf 89' lang='lat' dir='ltr'><strong>sit</strong></span> <span class='ocrx_word' id='word_1_805' title='bbox 3169 4048 3306 4103; x_wconf 87' lang='lat' dir='ltr'><strong>Pau-</strong></span> 
     </span>
    </p>
   </div>
   <div class='ocr_carea' id='block_1_103' title="bbox 1763 4115 3311 4196">
    <p class='ocr_par' dir='ltr' id='par_1_103' title="bbox 1763 4115 3311 4196">
     <span class='ocr_line' id='line_1_103' title="bbox 1763 4115 3311 4196; baseline 0.018 -29"><span class='ocrx_word' id='word_1_806' title='bbox 1763 4115 1861 4169; x_wconf 86' lang='lat' dir='ltr'><strong>lus.</strong></span> <span class='ocrx_word' id='word_1_807' title='bbox 1891 4115 2145 4181; x_wconf 85' lang='lat' dir='ltr'><strong>Quoniam</strong></span> <span class='ocrx_word' id='word_1_808' title='bbox 2172 4117 2329 4170; x_wconf 89' lang='lat' dir='ltr'><strong>lectio</strong></span> <span class='ocrx_word' id='word_1_809' title='bbox 2354 4130 2432 4172; x_wconf 89' lang='lat' dir='ltr'><strong>est</strong></span> <span class='ocrx_word' id='word_1_810' title='bbox 2454 4119 2734 4186; x_wconf 83' lang='lat' dir='ltr'><strong>laboriosa,</strong></span> <span class='ocrx_word' id='word_1_811' title='bbox 2763 4136 2816 4178; x_wconf 89' lang='lat' dir='ltr'><strong>et</strong></span> <span class='ocrx_word' id='word_1_812' title='bbox 2839 4130 2987 4182; x_wconf 88' lang='lat' dir='ltr'><strong>valde</strong></span> <span class='ocrx_word' id='word_1_813' title='bbox 3010 4135 3225 4191; x_wconf 82' lang='lat' dir='ltr'><strong>molesta</strong></span> <span class='ocrx_word' id='word_1_814' title='bbox 3257 4153 3311 4196; x_wconf 83' lang='lat' dir='ltr'><strong>et</strong></span> 
     </span>
    </p>
   </div>
   <div class='ocr_carea' id='block_1_104' title="bbox 1759 4204 3312 4290">
    <p class='ocr_par' dir='ltr' id='par_1_104' title="bbox 1759 4204 3312 4290">
     <span class='ocr_line' id='line_1_104' title="bbox 1759 4204 3312 4290; baseline 0.017 -36"><span class='ocrx_word' id='word_1_815' title='bbox 1759 4205 1952 4272; x_wconf 85' lang='lat' dir='ltr'><strong>gravis,</strong></span> <span class='ocrx_word' id='word_1_816' title='bbox 1982 4219 2084 4257; x_wconf 91' lang='lat' dir='ltr'><strong>non</strong></span> <span class='ocrx_word' id='word_1_817' title='bbox 2109 4204 2332 4259; x_wconf 87' lang='lat' dir='ltr'><strong>deduxit</strong></span> <span class='ocrx_word' id='word_1_818' title='bbox 2355 4208 2419 4259; x_wconf 86' lang='lat' dir='ltr'><strong>ad</strong></span> <span class='ocrx_word' id='word_1_819' title='bbox 2454 4210 2732 4276; x_wconf 86' lang='lat' dir='ltr'><strong>historias;</strong></span> <span class='ocrx_word' id='word_1_820' title='bbox 2764 4216 2855 4268; x_wconf 89' lang='lat' dir='ltr'><strong>sed</strong></span> <span class='ocrx_word' id='word_1_821' title='bbox 2885 4219 2950 4270; x_wconf 89' lang='lat' dir='ltr'><strong>ad</strong></span> <span class='ocrx_word' id='word_1_822' title='bbox 2976 4223 3224 4290; x_wconf 90' lang='lat' dir='ltr'><strong>psalmos,</strong></span> <span class='ocrx_word' id='word_1_823' title='bbox 3256 4242 3312 4282; x_wconf 91' lang='lat' dir='ltr'><strong>ut</strong></span> 
     </span>
    </p>
   </div>
   <div class='ocr_carea' id='block_1_105' title="bbox 1761 4293 3307 4372">
    <p class='ocr_par' dir='ltr' id='par_1_105' title="bbox 1761 4293 3307 4372">
     <span class='ocr_line' id='line_1_105' title="bbox 1761 4293 3307 4372; baseline 0.008 -26"><span class='ocrx_word' id='word_1_824' title='bbox 1761 4294 1916 4347; x_wconf 89' lang='lat' dir='ltr'><strong>simul</strong></span> <span class='ocrx_word' id='word_1_825' title='bbox 1941 4302 1993 4347; x_wconf 91' lang='lat' dir='ltr'><strong>et</strong></span> <span class='ocrx_word' id='word_1_826' title='bbox 2017 4293 2250 4346; x_wconf 88' lang='lat' dir='ltr'><strong>animum</strong></span> <span class='ocrx_word' id='word_1_827' title='bbox 2282 4296 2515 4350; x_wconf 89' lang='lat' dir='ltr'><strong>oblectes</strong></span> <span class='ocrx_word' id='word_1_828' title='bbox 2537 4314 2760 4366; x_wconf 88' lang='lat' dir='ltr'><strong>canens,</strong></span> <span class='ocrx_word' id='word_1_829' title='bbox 2791 4315 2842 4357; x_wconf 90' lang='lat' dir='ltr'><strong>et</strong></span> <span class='ocrx_word' id='word_1_830' title='bbox 2872 4305 3020 4360; x_wconf 85' lang='lat' dir='ltr'><strong>fallas</strong></span> <span class='ocrx_word' id='word_1_831' title='bbox 3051 4311 3307 4372; x_wconf 65' lang='lat' dir='ltr'><strong>laborem,</strong></span> 
     </span>
    </p>
   </div>
   <div class='ocr_carea' id='block_1_106' title="bbox 1765 4382 3309 4462">
    <p class='ocr_par' dir='ltr' id='par_1_106' title="bbox 1765 4382 3309 4462">
     <span class='ocr_line' id='line_1_106' title="bbox 1765 4382 3309 4462; baseline 0.016 -31"><span class='ocrx_word' id='word_1_832' title='bbox 1765 4382 1980 4452; x_wconf 74' lang='lat' dir='ltr'><strong>Hymnis</strong></span> <span class='ocrx_word' id='word_1_833' title='bbox 2001 4423 2012 4444; x_wconf 94' lang='lat'><strong>,</strong></span> <span class='ocrx_word' id='word_1_834' title='bbox 2047 4384 2210 4451; x_wconf 89' lang='lat' dir='ltr'><strong>inquit</strong></span> <span class='ocrx_word' id='word_1_835' title='bbox 2231 4425 2246 4447; x_wconf 91' lang='lat'><strong>,</strong></span> <span class='ocrx_word' id='word_1_836' title='bbox 2277 4394 2322 4437; x_wconf 79' lang='lat' dir='ltr'><strong>et</strong></span> <span class='ocrx_word' id='word_1_837' title='bbox 2347 4388 2550 4440; x_wconf 82' lang='lat' dir='ltr'><strong>canticis</strong></span> <span class='ocrx_word' id='word_1_838' title='bbox 2577 4391 2936 4453; x_wconf 80' lang='lat' dir='ltr'><strong>spiritualibtts.</strong></span> <span class='ocrx_word' id='word_1_839' title='bbox 2959 4397 3108 4454; x_wconf 79' lang='lat' dir='ltr'><strong>Nunc</strong></span> <span class='ocrx_word' id='word_1_840' title='bbox 3132 4417 3309 4462; x_wconf 81' lang='lat' dir='ltr'><strong>autem</strong></span> 
     </span>
    </p>
   </div>
   <div class='ocr_carea' id='block_1_107' title="bbox 1762 4471 3305 4560">
    <p class='ocr_par' dir='ltr' id='par_1_107' title="bbox 1762 4471 3305 4560">
     <span class='ocr_line' id='line_1_107' title="bbox 1762 4471 3305 4560; baseline 0.013 -36"><span class='ocrx_word' id='word_1_841' title='bbox 1762 4471 1990 4524; x_wconf 87' lang='lat' dir='ltr'><strong>satanica</strong></span> <span class='ocrx_word' id='word_1_842' title='bbox 2017 4473 2229 4539; x_wconf 78' lang='lat' dir='ltr'><strong>quidem</strong></span> <span class='ocrx_word' id='word_1_843' title='bbox 2249 4474 2470 4538; x_wconf 88' lang='lat' dir='ltr'><strong>cantica,</strong></span> <span class='ocrx_word' id='word_1_844' title='bbox 2496 4485 2546 4528; x_wconf 92' lang='lat' dir='ltr'><strong>et</strong></span> <span class='ocrx_word' id='word_1_845' title='bbox 2568 4478 2869 4534; x_wconf 84' lang='lat' dir='ltr'><strong>saltationes</strong></span> <span class='ocrx_word' id='word_1_846' title='bbox 2893 4490 3051 4540; x_wconf 81' lang='lat' dir='ltr'><strong>vestri</strong></span> <span class='ocrx_word' id='word_1_847' title='bbox 3075 4489 3305 4560; x_wconf 80' lang='lat' dir='ltr'><strong>deligunt</strong></span> 
     </span>
    </p>
   </div>
   <div class='ocr_carea' id='block_1_108' title="bbox 1764 4561 3314 4646">
    <p class='ocr_par' dir='ltr' id='par_1_108' title="bbox 1764 4561 3314 4646">
     <span class='ocr_line' id='line_1_108' title="bbox 1764 4561 3314 4646; baseline 0.005 -33"><span class='ocrx_word' id='word_1_848' title='bbox 1764 4561 1945 4629; x_wconf 84' lang='lat' dir='ltr'><strong>pueri,</strong></span> <span class='ocrx_word' id='word_1_849' title='bbox 1993 4561 2128 4613; x_wconf 89' lang='lat' dir='ltr'><strong>sicut</strong></span> <span class='ocrx_word' id='word_1_850' title='bbox 2176 4563 2329 4630; x_wconf 87' lang='lat' dir='ltr'><strong>coqui</strong></span> <span class='ocrx_word' id='word_1_851' title='bbox 2378 4573 2430 4616; x_wconf 91' lang='lat' dir='ltr'><strong>et</strong></span> <span class='ocrx_word' id='word_1_852' title='bbox 2468 4566 2848 4634; x_wconf 88' lang='lat' dir='ltr'><strong>obsonatores,</strong></span> <span class='ocrx_word' id='word_1_853' title='bbox 2897 4583 2951 4628; x_wconf 84' lang='lat' dir='ltr'><strong>et</strong></span> <span class='ocrx_word' id='word_1_854' title='bbox 2991 4581 3075 4646; x_wconf 81' lang='lat' dir='ltr'><strong>qui</strong></span> <span class='ocrx_word' id='word_1_855' title='bbox 3121 4584 3314 4638; x_wconf 64' lang='lat' dir='ltr'><strong>choros</strong></span> 
     </span>
    </p>
   </div>
   <div class='ocr_carea' id='block_1_109' title="bbox 1762 4655 3309 4732">
    <p class='ocr_par' dir='ltr' id='par_1_109' title="bbox 1762 4655 3309 4732">
     <span class='ocr_line' id='line_1_109' title="bbox 1762 4655 3309 4732; baseline 0.019 -31"><span class='ocrx_word' id='word_1_856' title='bbox 1762 4659 1957 4718; x_wconf 86' lang='lat' dir='ltr'><strong>agunt:</strong></span> <span class='ocrx_word' id='word_1_857' title='bbox 1991 4666 2146 4702; x_wconf 90' lang='lat' dir='ltr'><strong>nemo</strong></span> <span class='ocrx_word' id='word_1_858' title='bbox 2170 4662 2343 4705; x_wconf 87' lang='lat' dir='ltr'><strong>autem</strong></span> <span class='ocrx_word' id='word_1_859' title='bbox 2387 4655 2545 4708; x_wconf 90' lang='lat' dir='ltr'><strong>ullum</strong></span> <span class='ocrx_word' id='word_1_860' title='bbox 2588 4661 2732 4712; x_wconf 87' lang='lat' dir='ltr'><strong>novit</strong></span> <span class='ocrx_word' id='word_1_861' title='bbox 2776 4664 3059 4732; x_wconf 86' lang='lat' dir='ltr'><strong>psalmum,</strong></span> <span class='ocrx_word' id='word_1_862' title='bbox 3104 4674 3194 4727; x_wconf 87' lang='lat' dir='ltr'><strong>sed</strong></span> <span class='ocrx_word' id='word_1_863' title='bbox 3226 4693 3309 4729; x_wconf 69' lang='lat' dir='ltr'><strong>res</strong></span> 
     </span>
    </p>
   </div>
   <div class='ocr_carea' id='block_1_110' title="bbox 1763 4737 3311 4817">
    <p class='ocr_par' dir='ltr' id='par_1_110' title="bbox 1763 4737 3311 4817">
     <span class='ocr_line' id='line_1_110' title="bbox 1763 4737 3311 4817; baseline 0.017 -26"><span class='ocrx_word' id='word_1_864' title='bbox 1763 4737 1969 4791; x_wconf 78' lang='lat' dir='ltr'><strong>videtur</strong></span> <span class='ocrx_word' id='word_1_865' title='bbox 1993 4753 2110 4792; x_wconf 87' lang='lat' dir='ltr'><strong>esse</strong></span> <span class='ocrx_word' id='word_1_866' title='bbox 2137 4740 2400 4808; x_wconf 89' lang='lat' dir='ltr'><strong>pudenda,</strong></span> <span class='ocrx_word' id='word_1_867' title='bbox 2433 4744 2648 4798; x_wconf 89' lang='lat' dir='ltr'><strong>ridicula</strong></span> <span class='ocrx_word' id='word_1_868' title='bbox 2676 4759 2723 4800; x_wconf 91' lang='lat' dir='ltr'><strong>et</strong></span> <span class='ocrx_word' id='word_1_869' title='bbox 2750 4751 3138 4812; x_wconf 88' lang='lat' dir='ltr'><strong>subsannanda.</strong></span> <span class='ocrx_word' id='word_1_870' title='bbox 3167 4763 3311 4817; x_wconf 84' lang='lat' dir='ltr'><strong>Illinc</strong></span> 
     </span>
    </p>
   </div>
   <div class='ocr_carea' id='block_1_111' title="bbox 1763 4832 3315 4907">
    <p class='ocr_par' dir='ltr' id='par_1_111' title="bbox 1763 4832 3315 4907">
     <span class='ocr_line' id='line_1_111' title="bbox 1763 4832 3315 4907; baseline 0.015 -27"><span class='ocrx_word' id='word_1_871' title='bbox 1763 4840 2142 4881; x_wconf 85' lang='lat' dir='ltr'><strong>conservantur</strong></span> <span class='ocrx_word' id='word_1_872' title='bbox 2166 4832 2340 4884; x_wconf 88' lang='lat' dir='ltr'><strong>omnia</strong></span> <span class='ocrx_word' id='word_1_873' title='bbox 2363 4833 2516 4884; x_wconf 86' lang='lat' dir='ltr'><strong>tuala.</strong></span> <span class='ocrx_word' id='word_1_874' title='bbox 2549 4833 2602 4887; x_wconf 93' lang='lat' dir='ltr'><strong>In</strong></span> <span class='ocrx_word' id='word_1_875' title='bbox 2630 4839 2767 4904; x_wconf 87' lang='lat' dir='ltr'><strong>quali</strong></span> <span class='ocrx_word' id='word_1_876' title='bbox 2791 4842 2930 4895; x_wconf 89' lang='lat' dir='ltr'><strong>enim</strong></span> <span class='ocrx_word' id='word_1_877' title='bbox 2951 4854 3088 4899; x_wconf 89' lang='lat' dir='ltr'><strong>terra</strong></span> <span class='ocrx_word' id='word_1_878' title='bbox 3111 4859 3315 4907; x_wconf 73' lang='lat' dir='ltr'><strong>steterit</strong></span> 
     </span>
    </p>
   </div>
   <div class='ocr_carea' id='block_1_112' title="bbox 1766 4919 3286 4995">
    <p class='ocr_par' dir='ltr' id='par_1_112' title="bbox 1766 4919 3286 4995">
     <span class='ocr_line' id='line_1_112' title="bbox 1766 4919 3286 4995; baseline 0.016 -25"><span class='ocrx_word' id='word_1_879' title='bbox 1766 4919 1940 4986; x_wconf 86' lang='lat' dir='ltr'><strong>planta</strong></span> <span class='ocrx_word' id='word_1_880' title='bbox 1961 4959 1976 4983; x_wconf 95' lang='lat'><strong>,</strong></span> <span class='ocrx_word' id='word_1_881' title='bbox 2022 4920 2177 4973; x_wconf 89' lang='lat' dir='ltr'><strong>talem</strong></span> <span class='ocrx_word' id='word_1_882' title='bbox 2209 4921 2307 4974; x_wconf 90' lang='lat' dir='ltr'><strong>fert</strong></span> <span class='ocrx_word' id='word_1_883' title='bbox 2348 4923 2570 4978; x_wconf 83' lang='lat' dir='ltr'><strong>fructum</strong></span> <span class='ocrx_word' id='word_1_884' title='bbox 2602 4943 2613 4978; x_wconf 94' lang='lat'><strong>:</strong></span> <span class='ocrx_word' id='word_1_885' title='bbox 2658 4928 2702 4993; x_wconf 90' lang='lat' dir='ltr'><strong>si</strong></span> <span class='ocrx_word' id='word_1_886' title='bbox 2732 4929 2782 4982; x_wconf 92' lang='lat' dir='ltr'><strong>in</strong></span> <span class='ocrx_word' id='word_1_887' title='bbox 2823 4947 3039 4988; x_wconf 78' lang='lat' dir='ltr'><strong>arenosa</strong></span> <span class='ocrx_word' id='word_1_888' title='bbox 3068 4947 3122 4990; x_wconf 86' lang='lat' dir='ltr'><strong>et</strong></span> <span class='ocrx_word' id='word_1_889' title='bbox 3146 4943 3286 4995; x_wconf 83' lang='lat' dir='ltr'><strong>salsa.</strong></span> 
     </span>
    </p>
   </div>
   <div class='ocr_carea' id='block_1_113' title="bbox 1764 4987 3318 5093">
    <p class='ocr_par' dir='ltr' id='par_1_113' title="bbox 1764 4987 3318 5093">
     <span class='ocr_line' id='line_1_113' title="bbox 1764 4987 3318 5093; baseline 0.01 -33"><span class='ocrx_word' id='word_1_890' title='bbox 1764 5008 1956 5070; x_wconf 83' lang='lat' dir='ltr'><strong>talem;</strong></span> <span class='ocrx_word' id='word_1_891' title='bbox 1987 5010 2030 5061; x_wconf 90' lang='lat' dir='ltr'><strong>si</strong></span> <span class='ocrx_word' id='word_1_892' title='bbox 2061 5009 2114 5061; x_wconf 90' lang='lat' dir='ltr'><strong>in</strong></span> <span class='ocrx_word' id='word_1_893' title='bbox 2143 5010 2278 5062; x_wconf 85' lang='lat' dir='ltr'><strong>dulci</strong></span> <span class='ocrx_word' id='word_1_894' title='bbox 2304 5019 2358 5064; x_wconf 88' lang='lat' dir='ltr'><strong>ct</strong></span> <span class='ocrx_word' id='word_1_895' title='bbox 2383 5013 2578 5093; x_wconf 88' lang='lat' dir='ltr'><strong>pingui,</strong></span> <span class='ocrx_word' id='word_1_896' title='bbox 2610 4991 2790 5070; x_wconf 83' lang='lat' dir='ltr'><strong>rursus</strong></span> <span class='ocrx_word' id='word_1_897' title='bbox 2816 4987 3318 5085; x_wconf 35' lang='lat' dir='ltr'><strong>Slllllielll.véi;f;;;</strong></span> 
     </span>
    </p>
   </div>
   <div class='ocr_carea' id='block_1_114' title="bbox 1764 5097 3316 5180">
    <p class='ocr_par' dir='ltr' id='par_1_114' title="bbox 1764 5097 3316 5180">
     <span class='ocr_line' id='line_1_114' title="bbox 1764 5097 3316 5180; baseline 0.015 -31"><span class='ocrx_word' id='word_1_898' title='bbox 1764 5097 1972 5164; x_wconf 86' lang='lat' dir='ltr'><strong>quidam</strong></span> <span class='ocrx_word' id='word_1_899' title='bbox 2000 5107 2122 5151; x_wconf 89' lang='lat' dir='ltr'><strong>sunt</strong></span> <span class='ocrx_word' id='word_1_900' title='bbox 2160 5099 2492 5154; x_wconf 86' lang='lat' dir='ltr'><strong>documenta.</strong></span> <span class='ocrx_word' id='word_1_901' title='bbox 2525 5103 2663 5157; x_wconf 88' lang='lat' dir='ltr'><strong>Doce</strong></span> <span class='ocrx_word' id='word_1_902' title='bbox 2704 5120 2827 5159; x_wconf 89' lang='lat' dir='ltr'><strong>eum.</strong></span> <span class='ocrx_word' id='word_1_903' title='bbox 2851 5123 3042 5164; x_wconf 85' lang='lat' dir='ltr'><strong>cauere</strong></span> <span class='ocrx_word' id='word_1_904' title='bbox 3082 5118 3316 5180; x_wconf 74' lang='lat' dir='ltr'><strong>psalmos</strong></span> 
     </span>
    </p>
   </div>
   <div class='ocr_carea' id='block_1_115' title="bbox 1768 5189 3315 5262">
    <p class='ocr_par' dir='ltr' id='par_1_115' title="bbox 1768 5189 3315 5262">
     <span class='ocr_line' id='line_1_115' title="bbox 1768 5189 3315 5262; baseline 0.011 -20"><span class='ocrx_word' id='word_1_905' title='bbox 1768 5189 1883 5243; x_wconf 87' lang='lat' dir='ltr'><strong>illos</strong></span> <span class='ocrx_word' id='word_1_906' title='bbox 1913 5189 2097 5257; x_wconf 83' lang='lat' dir='ltr'><strong>plenos</strong></span> <span class='ocrx_word' id='word_1_907' title='bbox 2137 5190 2464 5258; x_wconf 67' lang='lat' dir='ltr'><strong>philosolihia</strong></span> <span class='ocrx_word' id='word_1_908' title='bbox 2497 5209 2508 5243; x_wconf 91' lang='lat'><strong>:</strong></span> <span class='ocrx_word' id='word_1_909' title='bbox 2543 5209 2732 5262; x_wconf 88' lang='lat' dir='ltr'><strong>nempe</strong></span> <span class='ocrx_word' id='word_1_910' title='bbox 2771 5200 2945 5250; x_wconf 81' lang='lat' dir='ltr'><strong>statim</strong></span> <span class='ocrx_word' id='word_1_911' title='bbox 2973 5201 3040 5255; x_wconf 90' lang='lat' dir='ltr'><strong>de</strong></span> <span class='ocrx_word' id='word_1_912' title='bbox 3069 5207 3315 5260; x_wconf 81' lang='lat' dir='ltr'><strong>modera-</strong></span> 
     </span>
    </p>
   </div>
   <div class='ocr_carea' id='block_1_116' title="bbox 1769 5279 3322 5350">
    <p class='ocr_par' dir='ltr' id='par_1_116' title="bbox 1769 5279 3322 5350">
     <span class='ocr_line' id='line_1_116' title="bbox 1769 5279 3322 5350; baseline 0.012 -18"><span class='ocrx_word' id='word_1_913' title='bbox 1769 5279 1910 5333; x_wconf 83' lang='lat' dir='ltr'><strong>tione</strong></span> <span class='ocrx_word' id='word_1_914' title='bbox 1934 5289 1985 5332; x_wconf 90' lang='lat' dir='ltr'><strong>et</strong></span> <span class='ocrx_word' id='word_1_915' title='bbox 2013 5283 2353 5348; x_wconf 88' lang='lat' dir='ltr'><strong>temperantia</strong></span> <span class='ocrx_word' id='word_1_916' title='bbox 2373 5321 2388 5345; x_wconf 95' lang='lat'><strong>,</strong></span> <span class='ocrx_word' id='word_1_917' title='bbox 2428 5283 2532 5335; x_wconf 90' lang='lat' dir='ltr'><strong>into</strong></span> <span class='ocrx_word' id='word_1_918' title='bbox 2561 5299 2687 5336; x_wconf 84' lang='lat' dir='ltr'><strong>vero</strong></span> <span class='ocrx_word' id='word_1_919' title='bbox 2723 5295 2845 5340; x_wconf 84' lang='lat' dir='ltr'><strong>ante</strong></span> <span class='ocrx_word' id='word_1_920' title='bbox 2881 5291 3055 5343; x_wconf 84' lang='lat' dir='ltr'><strong>omnia</strong></span> <span class='ocrx_word' id='word_1_921' title='bbox 3099 5293 3165 5347; x_wconf 92' lang='lat' dir='ltr'><strong>de</strong></span> <span class='ocrx_word' id='word_1_922' title='bbox 3195 5311 3322 5350; x_wconf 83' lang='lat' dir='ltr'><strong>con-</strong></span> 
     </span>
    </p>
   </div>
   <div class='ocr_carea' id='block_1_117' title="bbox 1767 5367 3315 5452">
    <p class='ocr_par' dir='ltr' id='par_1_117' title="bbox 1767 5367 3315 5452">
     <span class='ocr_line' id='line_1_117' title="bbox 1767 5367 3315 5452; baseline 0.011 -32"><span class='ocrx_word' id='word_1_923' title='bbox 1767 5367 2044 5421; x_wconf 89' lang='lat' dir='ltr'><strong>suetudiue</strong></span> <span class='ocrx_word' id='word_1_924' title='bbox 2085 5385 2186 5420; x_wconf 90' lang='lat' dir='ltr'><strong>non</strong></span> <span class='ocrx_word' id='word_1_925' title='bbox 2235 5368 2469 5422; x_wconf 84' lang='lat' dir='ltr'><strong>habenda</strong></span> <span class='ocrx_word' id='word_1_926' title='bbox 2500 5385 2617 5423; x_wconf 91' lang='lat' dir='ltr'><strong>cum</strong></span> <span class='ocrx_word' id='word_1_927' title='bbox 2665 5375 2846 5440; x_wconf 80' lang='lat' dir='ltr'><strong>malis,</strong></span> <span class='ocrx_word' id='word_1_928' title='bbox 2889 5379 3064 5432; x_wconf 83' lang='lat' dir='ltr'><strong>statim</strong></span> <span class='ocrx_word' id='word_1_929' title='bbox 3109 5383 3174 5435; x_wconf 90' lang='lat' dir='ltr'><strong>ab</strong></span> <span class='ocrx_word' id='word_1_930' title='bbox 3204 5384 3315 5452; x_wconf 86' lang='lat' dir='ltr'><strong>ipso</strong></span> 
     </span>
    </p>
   </div>
   <div class='ocr_carea' id='block_1_118' title="bbox 1768 5456 3312 5542">
    <p class='ocr_par' dir='ltr' id='par_1_118' title="bbox 1768 5456 3312 5542">
     <span class='ocr_line' id='line_1_118' title="bbox 1768 5456 3312 5542; baseline 0.012 -32"><span class='ocrx_word' id='word_1_931' title='bbox 1768 5456 1916 5510; x_wconf 90' lang='lat' dir='ltr'><strong>initio</strong></span> <span class='ocrx_word' id='word_1_932' title='bbox 1941 5459 2056 5513; x_wconf 81' lang='lat' dir='ltr'><strong>libri</strong></span> <span class='ocrx_word' id='word_1_933' title='bbox 2086 5459 2383 5529; x_wconf 81' lang='lat' dir='ltr'><strong>(propterea</strong></span> <span class='ocrx_word' id='word_1_934' title='bbox 2413 5461 2550 5514; x_wconf 90' lang='lat' dir='ltr'><strong>enim</strong></span> <span class='ocrx_word' id='word_1_935' title='bbox 2583 5462 2703 5518; x_wconf 89' lang='lat' dir='ltr'><strong>hinc</strong></span> <span class='ocrx_word' id='word_1_936' title='bbox 2728 5479 2938 5534; x_wconf 88' lang='lat' dir='ltr'><strong>quoque</strong></span> <span class='ocrx_word' id='word_1_937' title='bbox 2959 5471 3152 5540; x_wconf 88' lang='lat' dir='ltr'><strong>incepit</strong></span> <span class='ocrx_word' id='word_1_938' title='bbox 3190 5489 3312 5542; x_wconf 85' lang='lat' dir='ltr'><strong>pro-</strong></span> 
     </span>
    </p>
   </div>
   <div class='ocr_carea' id='block_1_119' title="bbox 1768 5548 3303 5621">
    <p class='ocr_par' dir='ltr' id='par_1_119' title="bbox 1768 5548 3303 5621">
     <span class='ocr_line' id='line_1_119' title="bbox 1768 5548 3303 5621; baseline 0.012 -21"><span class='ocrx_word' id='word_1_939' title='bbox 1768 5548 1924 5618; x_wconf 83' lang='lat' dir='ltr'><strong>pheta</strong></span> <span class='ocrx_word' id='word_1_940' title='bbox 1945 5588 1958 5611; x_wconf 94' lang='lat'><strong>,</strong></span> <span class='ocrx_word' id='word_1_941' title='bbox 1982 5549 2161 5602; x_wconf 79' lang='lat' dir='ltr'><strong>dicens</strong></span> <span class='ocrx_word' id='word_1_942' title='bbox 2180 5591 2192 5608; x_wconf 90' lang='lat'><em>.</em></span> <span class='ocrx_word' id='word_1_943' title='bbox 2224 5551 2399 5603; x_wconf 75' lang='lat' dir='ltr'><strong>Brutus</strong></span> <span class='ocrx_word' id='word_1_944' title='bbox 2427 5554 2498 5603; x_wconf 81' lang='lat' dir='ltr'><strong>vir</strong></span> <span class='ocrx_word' id='word_1_945' title='bbox 2525 5555 2610 5621; x_wconf 78' lang='lat' dir='ltr'><strong>qui</strong></span> <span class='ocrx_word' id='word_1_946' title='bbox 2637 5571 2735 5607; x_wconf 84' lang='lat' dir='ltr'><strong>non</strong></span> <span class='ocrx_word' id='word_1_947' title='bbox 2763 5558 2884 5609; x_wconf 80' lang='lat' dir='ltr'><strong>abiit</strong></span> <span class='ocrx_word' id='word_1_948' title='bbox 2908 5561 2958 5612; x_wconf 82' lang='lat' dir='ltr'><strong>in</strong></span> <span class='ocrx_word' id='word_1_949' title='bbox 2984 5564 3192 5617; x_wconf 78' lang='lat' dir='ltr'><strong>consilio</strong></span> <span class='ocrx_word' id='word_1_950' title='bbox 3220 5565 3303 5618; x_wconf 84' lang='lat' dir='ltr'><strong>ins-</strong></span> 
     </span>
    </p>
   </div>
   <div class='ocr_carea' id='block_1_120' title="bbox 1767 5638 3316 5711">
    <p class='ocr_par' dir='ltr' id='par_1_120' title="bbox 1767 5638 3316 5711">
     <span class='ocr_line' id='line_1_120' title="bbox 1767 5638 3316 5711; baseline 0.011 -22"><span class='ocrx_word' id='word_1_951' title='bbox 1767 5640 1959 5707; x_wconf 81' lang='lat' dir='ltr'><strong>piorum</strong></span> <span class='ocrx_word' id='word_1_952' title='bbox 1988 5638 2154 5709; x_wconf 78' lang='lat' dir='ltr'><strong>[PsuL</strong></span> <span class='ocrx_word' id='word_1_953' title='bbox 2178 5641 2226 5693; x_wconf 79' lang='grc' dir='ltr'><strong>Ι.</strong></span> <span class='ocrx_word' id='word_1_954' title='bbox 2262 5639 2337 5711; x_wconf 88' lang='lat' dir='ltr'><strong>l];</strong></span> <span class='ocrx_word' id='word_1_955' title='bbox 2367 5653 2416 5695; x_wconf 87' lang='lat' dir='ltr'><strong>et</strong></span> <span class='ocrx_word' id='word_1_956' title='bbox 2444 5657 2625 5696; x_wconf 81' lang='lat' dir='ltr'><strong>rursus</strong></span> <span class='ocrx_word' id='word_1_957' title='bbox 2645 5684 2659 5705; x_wconf 88' lang='lat'><strong>,</strong></span> <span class='ocrx_word' id='word_1_958' title='bbox 2692 5643 2808 5698; x_wconf 79' lang='lat' dir='ltr'><strong>Non</strong></span> <span class='ocrx_word' id='word_1_959' title='bbox 2838 5650 2945 5700; x_wconf 80' lang='lat' dir='ltr'><strong>sedi</strong></span> <span class='ocrx_word' id='word_1_960' title='bbox 2969 5666 3079 5704; x_wconf 84' lang='lat' dir='ltr'><strong>cum</strong></span> <span class='ocrx_word' id='word_1_961' title='bbox 3105 5655 3316 5708; x_wconf 81' lang='lat' dir='ltr'><strong>concilia</strong></span> 
     </span>
    </p>
   </div>
   <div class='ocr_carea' id='block_1_121' title="bbox 1765 5729 3318 5806">
    <p class='ocr_par' dir='ltr' id='par_1_121' title="bbox 1765 5729 3318 5806">
     <span class='ocr_line' id='line_1_121' title="bbox 1765 5729 3318 5806; baseline 0.009 -31"><span class='ocrx_word' id='word_1_962' title='bbox 1765 5731 1998 5784; x_wconf 78' lang='lat' dir='ltr'><strong>vanitatis</strong></span> <span class='ocrx_word' id='word_1_963' title='bbox 2016 5748 2033 5790; x_wconf 68' lang='grc' dir='ltr'><strong>,ο</strong></span> <span class='ocrx_word' id='word_1_964' title='bbox 2060 5741 2109 5784; x_wconf 90' lang='lat' dir='ltr'><strong>ct</strong></span> <span class='ocrx_word' id='word_1_965' title='bbox 2142 5747 2317 5786; x_wconf 81' lang='lat' dir='ltr'><strong>rursus</strong></span> <span class='ocrx_word' id='word_1_966' title='bbox 2339 5773 2354 5792; x_wconf 85' lang='lat'><strong>,</strong></span> <span class='ocrx_word' id='word_1_967' title='bbox 2391 5729 2530 5785; x_wconf 75' lang='lat' dir='ltr'><strong>.Viltil</strong></span> <span class='ocrx_word' id='word_1_968' title='bbox 2561 5739 2719 5792; x_wconf 79' lang='lat' dir='ltr'><strong>{actus</strong></span> <span class='ocrx_word' id='word_1_969' title='bbox 2742 5747 2812 5789; x_wconf 73' lang='lat' dir='ltr'><strong>est</strong></span> <span class='ocrx_word' id='word_1_970' title='bbox 2850 5740 2898 5792; x_wconf 84' lang='lat' dir='ltr'><strong>in</strong></span> <span class='ocrx_word' id='word_1_971' title='bbox 2927 5750 3188 5806; x_wconf 72' lang='lat' dir='ltr'><strong>conspectu</strong></span> <span class='ocrx_word' id='word_1_972' title='bbox 3211 5736 3318 5801; x_wconf 80' lang='lat' dir='ltr'><strong>ejus</strong></span> 
     </span>
    </p>
   </div>
  </div>
