4050 6324
677 342 780 397 563

679 452 927 521 malignus
951 465 969 502 :
995 450 1213 502 timentes
1238 458 1401 500 autem
1447 447 1712 499 Dominum
1754 445 2000 516 glori/ient
2033 440 2213 513 [Psal.

683 541 768 594 25.
798 541 850 592 4.
877 549 924 591 et
951 538 1034 591 ιι.
1067 538 1155 608 4])
1180 554 1193 590 :
1223 537 1289 591 de
1314 536 1688 590 consuetudine
1719 532 1954 587 habenda
1982 547 2099 584 cum
2128 531 2220 582 bo-

683 629 763 682 nis
794 629 868 694 (et
899 627 1016 679 haec
1051 635 1102 678 et
1137 625 1299 678 multa
1325 624 1424 676 alia
1455 623 1523 676 ibi
1563 623 1852 692 invenies);
1891 621 2028 690 quod
2055 617 2220 674 ventri

685 714 1044 782 imperandum
1065 713 1132 764 sit
1150 730 1162 762 :
1178 711 1244 765 de
1263 711 1591 764 continendis
1612 710 1850 763 manibus
1873 725 1886 759 :
1917 705 2053 776 quod
2077 706 2222 772 plura

688 803 912 857 habendi
949 801 1230 868 cupiditate
1268 801 1433 852 teneri
1471 814 1574 851 non
1617 805 1890 865 oporteat:
1929 794 2068 864 quod
2099 793 2224 845 nihil

691 893 792 944 sint
829 890 1094 957 pecunia,
1137 902 1234 941 nec
1275 888 1472 956 gloria;
1506 897 1558 940 ct
1587 902 1706 956 qua:
1743 893 1867 938 sunt
1908 881 2224 950 hujusmodi.

688 979 908 1045 Quando
947 979 1011 1030 ab
1052 978 1262 1028 ineunte
1303 985 1456 1027 relate
1486 989 1718 1048 .puerum
1759 973 1841 1025 his
1886 971 2226 1033 instruxeris,

690 1069 936 1137 paulatim
984 1066 1145 1118 duces
1186 1063 1250 1117 ad
1293 1066 1497 1117 altiora.
1545 1063 1734 1118 Psalmi
1779 1062 1973 1114 habent
2017 1059 2228 1121 omnia,

691 1157 868 1227 hymni
895 1167 1066 1209 autem
1092 1168 1270 1208 rursus
1290 1154 1417 1206 nihil
1439 1153 1719 1206 humanum
1744 1167 1757 1202 :
1786 1150 1994 1220 quando
2023 1152 2074 1202 in
2097 1147 2231 1216 psal-

692 1248 791 1301 mis
817 1245 1086 1303 didicerit.
1122 1253 1244 1296 Iunc
1278 1244 1434 1296 etiam
1461 1243 1592 1296 sciet
1626 1241 1878 1311 hymnos,
1908 1247 2087 1306 utpote
2121 1252 2231 1289 rem

691 1336 1022 1389 diviniorem.
1063 1331 1374 1400 Superiores
1405 1333 1546 1386 enim
1584 1339 1871 1399 potestates
1899 1316 2126 1396 hymnos
2149 1341 2237 1377 ca-

695 1435 858 1488 nunt,
886 1439 988 1476 non
1014 1408 1283 1491 psallunt:
1319 1419 1438 1472 Non
1463 1429 1531 1471 est
1559 1421 1695 1472 enim
1716 1458 1728 1476 .
1757 1417 1925 1485 inquit
1944 1456 1959 1479 ,
1986 1415 2236 1482 speciosus

696 1517 906 1584 hymnus
926 1513 975 1564 in
997 1527 1080 1563 ore
1097 1510 1362 1577 peccatoris
1380 1507 1562 1577 (Eccli.
1586 1507 1669 1560 l5.
1688 1507 1775 1572 9);
1797 1515 1845 1558 et
1869 1517 2072 1566 rursus,
2093 1501 2152 1553 οι
2167 1501 2238 1552 uti

696 1602 792 1652 mei
820 1614 967 1667 super
989 1598 1158 1663 ﬁdeles
1185 1595 1345 1660 terra,
1374 1605 1428 1647 ut
1453 1595 1545 1662 ipsi
1570 1610 1756 1646 mecum
1783 1593 2018 1653 sedeant;
2045 1599 2098 1643 et
2122 1604 2238 1641 rur-

697 1705 806 1751 sus,
836 1689 955 1742 Non
986 1687 1173 1740 habitat
1202 1687 1253 1739 in
1280 1687 1442 1739 medio
1471 1687 1792 1740 domusmea:
1811 1685 1893 1752 qui
1918 1685 2038 1751 facit
2066 1697 2241 1748 super-

700 1780 830 1832 biam
851 1795 870 1843 ;
896 1787 951 1832 ct
975 1779 1187 1838 iterum,
1215 1777 1487 1829 Ambulans
1509 1777 1560 1829 in
1584 1777 1662 1828 cia
1685 1773 2110 1836 immaculata,tiic
2126 1772 2246 1824 mihi

701 1868 1017 1920 ministrabat
1041 1864 1206 1935 (Psat.
1241 1865 1360 1920 l00.
1387 1867 1439 1918 6.
1462 1865 1512 1917 7.
1539 1864 1616 1931 2).
1651 1864 1794 1916 Adeo
1817 1871 1870 1915 ut
1894 1862 2121 1914 caveatis
2141 1875 2244 1912 non

702 1957 870 2010 solum
902 1972 966 2007 ne
991 1971 1109 2008 cum
1138 1954 1317 2006 amicis
1337 1954 1471 2016 ,'sed
1501 1968 1564 2005 ne
1591 1967 1707 2006 cum
1751 1952 1917 2004 servis
1941 1949 2150 2018 quidem
2181 1965 2240 2003 se

708 2048 980 2100 misceant.
1008 2044 1142 2098 Mala
1177 2045 1314 2097 enim
1356 2043 1628 2096 innumera
1671 2042 1848 2096 liberis
1883 2041 2248 2109 importantur,

707 2135 915 2202 quando
954 2146 1136 2187 servos
1177 2140 1453 2200 corruptos
1488 2132 1564 2184 eis
1591 2129 1999 2199 przeftmerimus.
2024 2128 2078 2182 Si
2112 2128 2255 2181 enim

713 2226 872 2292 patris
898 2224 1132 2277 [mentes
1159 2231 1302 2275 tanta
1344 2232 1400 2274 et
1425 2221 1790 2274 benevolentia
1812 2229 1867 2272 et
1889 2217 2212 2286 philosophia
2237 2257 2252 2279 ,

714 2316 800 2366 vix
844 2314 971 2366 salvi
1007 2312 1271 2374 evadunt;
1312 2312 1355 2365 si
1402 2311 1520 2364 illos
1563 2310 1830 2365 tradamus
1867 2311 2032 2364 servis
2061 2309 2254 2362 bonum

719 2401 844 2455 nihil
871 2401 1206 2463 curantibus,
1239 2400 1422 2467 quales
1462 2398 1618 2452 futuri
1664 2401 1820 2452 sunt?
1850 2399 1955 2452 Illis
1998 2409 2258 2466 tamquam

718 2493 944 2546 inimicis
972 2501 1205 2555 utuntur,
1233 2491 1594 2544 existimantes
1615 2489 1734 2543 illos
1759 2488 2132 2542 moderatiores
2152 2488 2262 2540 fore

721 2581 995 2644 dominos,
1025 2579 1068 2632 si
1096 2582 1308 2648 insaan
1337 2580 1454 2632 illos
1477 2620 1494 2644 ,
1526 2579 1791 2647 improbos
1818 2588 1871 2632 et
1895 2579 2088 2631 nullius
2111 2578 2262 2646 pretii

725 2669 963 2724 reddant.
991 2669 1127 2720 Ante
1149 2668 1248 2720 alia
1279 2682 1402 2735 ergo
1447 2667 1618 2722 omnia
1650 2667 1762 2718 haec
1787 2680 2028 2718 curemus
2047 2705 2062 2728 ,
2106 2675 2159 2717 et
2185 2663 2265 2717 his

725 2773 937 2825 operam
965 2756 1168 2809 demus.
1197 2756 1390 2820 Dilexi,
1424 2755 1622 2824 inquit,
1651 2771 1733 2807 eos
1757 2755 1843 2821 qui
1870 2754 2082 2821 diligunt
2111 2753 2266 2821 legem

729 2857 883 2900 tuam.
914 2845 1060 2899 Ilunc
1087 2859 1212 2910 ergo
1239 2858 1335 2897 nos
1368 2858 1577 2913 quoque
1613 2843 1922 2896 :emulemur
1946 2850 1999 2896 et
2023 2841 2119 2894 hes
2145 2841 2268 2894 dili-

729 2951 930 3008 gamus.
954 2935 1022 2989 Ut
1049 2949 1230 2987 rursus
1248 2945 1419 2988 autem
1448 2941 1796 3000 temperantes
1816 2940 1868 2984 et
1894 2930 2146 2983 moderati
2167 2931 2273 2982 sint

731 3025 914 3096 pueri,
943 3022 1154 3075 audiant
1180 3021 1486 3089 proiihctam
1528 3021 1783 3074 dicentem
1814 3035 1826 3070 :
1859 3016 2035 3070 Lumbi
2059 3019 2154 3070 mei
2177 3033 2273 3068 nn-

734 3114 852 3182 pleti
875 3121 987 3166 sunt
1008 3111 1353 3171 illusionibus;
1378 3119 1431 3163 et
1451 3122 1653 3171 rursus,
1677 3107 1865 3160 Pcrdes
1879 3122 2044 3160 omnes
2061 3105 2144 3173 qui
2172 3108 2276 3172 [or-

734 3204 963 3256 nicantur
991 3200 1076 3252 abs
1099 3210 1144 3251 te
1169 3199 1337 3268 (Psat.
1356 3199 1444 3252 '57.
1467 3197 1518 3252 8.
1543 3208 1586 3249 et
1605 3196 1693 3250 7‘2.
1714 3196 1828 3265 27).
1863 3195 1925 3248 Et
1948 3193 2086 3262 quod
2107 3193 2274 3246 ventri

735 3302 973 3363 oporteat
995 3293 1274 3359 imperare,
1300 3303 1478 3342 rursus
1503 3287 1750 3340 audiant:
1779 3285 1844 3338 Et
1865 3284 2061 3347 occidit,
2088 3283 2272 3351 inquit,

740 3385 904 3451 plures
925 3397 1111 3442 eorum,
1142 3396 1253 3432 cum
1281 3389 1403 3431 esset
1428 3378 1589 3429 adhuc
1610 3392 1720 3429 esca
1739 3377 1789 3428 iu
1814 3392 1898 3428 ore
1915 3391 2084 3428 eorum
2108 3371 2276 3441 (Psal.

737 3474 826 3526 77.
854 3471 942 3524 30.
971 3471 1079 3538 5l).
1108 3468 1173 3522 Et
1191 3468 1328 3536 quod
1349 3475 1587 3534 oporteat
1611 3480 1714 3518 non
1739 3465 1922 3518 vincia
1945 3455 2276 3517 muneribus:

742 3561 940 3613 Dtvitice
973 3559 1017 3612 si
1040 3559 1263 3626 afﬂuant,
1291 3555 1452 3609 nolite‘
1468 3571 1553 3607 cor
1575 3571 1824 3623 apponere
1853 3554 2018 3621 (l’sal.
2046 3553 2134 3606 (il.
2164 3553 2277 3619 il).

742 3650 804 3702 Ιεῖι
821 3647 960 3717 quod
987 3647 1167 3715 gl'brire
1197 3644 1266 3698 sit
1285 3642 1694 3704 dominandum,
1725 3643 1823 3695 hoc
1861 3657 2069 3710 quoque
2098 3642 2168 3694 ibi
2199 3643 2282 3692 in-

743 3741 994 3791 venient:
1028 3734 1200 3802 Neque
1240 3749 1352 3786 cum
1389 3749 1445 3784 eo
1473 3732 1730 3784 descendet
1771 3742 1878 3800 post
1919 3734 2083 3801 ipsum
2122 3731 2282 3800 gloria

741 3829 849 3894 eius
870 3824 1035 3892 (Psal.
1058 3824 1145 3876 48.
1173 3821 1260 3890 l8)
1285 3840 1298 3876 :
1321 3821 1458 3889 quod
1480 3820 1691 3888 maligni
1715 3835 1817 3874 noa
1841 3821 1947 3874 sint
1963 3820 2240 3896 amulandi
2266 3837 2280 3871 :

745 3916 870 3968 Noli
889 3913 1114 3966 a'inut‘uri
1138 3911 1188 3962 in
1211 3910 1591 3979 malignantibus
1612 3907 1778 3976 (Psat.
1800 3907 2119 3978 156.1):un
2141 3911 2285 3978 prin-

744 4005 946 4072 cipatus
971 4011 1021 4055 et
1049 4008 1337 4068 potestates
1361 3998 1506 4051 nihili
1528 4001 1768 4067 oporteat
1794 4000 2128 4052 existimare:
2175 3997 2285 4050 Vidi

743 4092 950 4159 impium
995 4087 1416 4153 superea'altatum
1442 4097 1501 4139 ret
1543 4087 1780 4140 eleuatum
1821 4089 1945 4140 sicut
1988 4089 2160 4140 cedros
2202 4088 2288 4141 Li-

749 4180 900 4238 bani;
926 4187 970 4229 ct
997 4177 1221 4238 transiri,
1254 4186 1298 4227 et
1320 4191 1428 4228 ecce
1451 4192 1548 4227 non
1570 4187 1672 4228 erat
1695 4175 1798 4242 (Ib.
1824 4192 1868 4228 υ.
1893 4177 1979 4230 55.
2000 4177 2122 4246 36):
2149 4177 2288 4245 quod

749 4266 1021 4334 prmsentia
1048 4263 1194 4317 nihili
1223 4264 1324 4314 sint
1349 4262 1579 4320 facienda
1606 4281 1618 4315 :
1646 4261 1850 4314 Beatum
1872 4264 2100 4316 dixerunt
2129 4281 2289 4332 popu-

750 4357 854 4408 lum
881 4355 960 4406 cui
987 4353 1092 4404 lucc
1117 4361 1265 4413 sunt;
1290 4352 1456 4403 beatus
1480 4361 1550 4404 est
1576 4353 1788 4419 papulas
1807 4391 1822 4412 ,
1843 4354 1984 4416 cujus
2009 4362 2079 4404 est
2113 4350 2289 4404 Domi-

750 4459 844 4496 nus
873 4441 1003 4494 Deus
1041 4441 1244 4509 adjutor
1272 4439 1441 4509 (Psal.
1469 4441 1588 4493 “'5.
1618 4440 1704 4509 15)
1729 4458 1742 4492 :
1782 4440 1918 4508 quod
1949 4457 2049 4494 non
2080 4441 2292 4508 impune

755 4544 1030 4600 peccamus
1050 4570 1063 4590 ,
1097 4527 1186 4581 sed
1214 4529 1282 4580 sit
1305 4531 1656 4582 remuneratio
1685 4546 1698 4581 :
1735 4528 1809 4580 Tu
1834 4530 2007 4583 reddes
2033 4531 2294 4599 unicuique

751 4619 1018 4673 secundum
1041 4633 1193 4680 Opera
1220 4633 1308 4668 sua
1334 4629 1349 4665 :
1372 4630 1466 4670 cur
1491 4627 1662 4670 autem
1691 4633 1792 4671 non
1818 4619 2002 4672 reddat
2029 4620 2295 4687 quotidie:

761 4709 888 4759 Deus
907 4707 1264 4775 judcxjnstus,
1297 4714 1340 4756 et
1361 4704 1523 4771 fortis,
1552 4716 1596 4757 et
1618 4708 1804 4775 patiens
1833 4707 1996 4775 (Psal.
2023 4709 2110 4763 6|.
2143 4711 2228 4763 l5.
2251 4719 2296 4762 et

756 4798 805 4849 7.
840 4796 925 4860 1‘2)
951 4813 963 4846 :
987 4795 1120 4860 quod
1159 4797 1352 4846 bonum
1382 4795 1449 4846 sit
1489 4795 1750 4848 humilitas
1779 4813 1792 4847 :
1823 4795 2032 4850 Domine
2054 4838 2069 4863 ,
2108 4799 2293 4866 inquit,

751 4903 854 4940 non
885 4894 955 4937 est
976 4885 1240 4935 excitatum
1268 4900 1354 4934 cor
1382 4899 1544 4934 meum
1566 4883 1730 4950 (Psal.
1759 4885 1874 4938 150.
1904 4887 1951 4952 ι)
1980 4904 1994 4938 :
2023 4888 2158 4954 quod
2181 4903 2296 4940 ma-

755 4975 864 5026 lum
896 4975 962 5025 sit
992 4972 1234 5036 superbia
1261 4989 1274 5024 :
1309 4969 1596 5039 Pr0ptcrea,
1627 4975 1810 5038 inquit,
1841 4978 1994 5026 tenuit
2017 4994 2096 5028 cos
2122 4976 2296 5044 supcr-

742 5063 836 5113 bia
863 5063 915 5112 in
940 5061 1085 5127 finem
1112 5058 1280 5124 (Psal.
1307 5060 1392 5110 73.
1419 5062 1502 5127 6);
1527 5071 1578 5112 et
1599 5077 1793 5123 rursus,
1818 5063 2057 5117 Dominus
2077 5068 2298 5134 superbis

749 5152 936 5203 resistit
957 5148 1132 5217 (Prov.
1159 5150 1208 5202 5.
1237 5149 1322 5201 34.
1357 5150 1407 5199 in
1437 5148 1627 5212 Greece)
1651 5169 1663 5214 ;
1695 5163 1746 5205 et
1772 5169 1969 5214 rursus.
2006 5155 2298 5224 Egredietnr

752 5247 1006 5302 tamquam
1032 5253 1092 5288 ex
1117 5235 1264 5301 adipe
1285 5236 1515 5303 iniquitas
1548 5254 1714 5289 eorum
1737 5239 1904 5306 (Psal.
1938 5243 2021 5294 72.
2045 5245 2118 5312 7).
2149 5245 2300 5310 Quod

757 5328 952 5378 bonum
976 5325 1044 5377 sit
1081 5325 1409 5394 cleemosyna
1436 5345 1448 5378 :
1483 5326 1723 5394 Dispersit
1741 5368 1756 5390 ,
1785 5332 1918 5381 dedit
1958 5336 2252 5398 pauperibus
2279 5352 2296 5387 :

763 5415 948 5466 iustitia
975 5414 1080 5481 ejus
1117 5424 1277 5466 manet
1318 5416 1370 5467 in
1394 5417 1629 5468 secutum
1671 5417 1846 5484 (Psat.
1883 5421 1998 5473 ill.
2032 5422 2088 5489 9)
2115 5441 2124 5472 :
2157 5426 2297 5490 quod

764 5500 1075 5555 laudandum
1103 5501 1172 5554 sit
1196 5503 1432 5556 misereri
1464 5521 1476 5554 :
1509 5501 1675 5556 Bonus
1704 5517 1773 5557 est
1811 5509 1883 5558 uir
1920 5512 2004 5573 qui
2040 5512 2298 5565 miseretur

757 5600 806 5641 et
829 5590 1105 5643 cornutoda.’
1135 5588 1234 5659 (ιι.
1266 5607 1310 5642 υ.
1344 5591 1418 5659 5).
1449 5592 1512 5644 Et
1552 5594 1631 5645 his
1657 5593 1807 5662 longe
1847 5597 1990 5658 plura
2017 5597 2120 5651 illis
2151 5604 2297 5655 inve-

1427 315 1480 391 s'.
1519 316 1787 391 toan-er
1821 327 2261 387 cnnvsosrou

2370 305 2632 380 nentur.
2671 324 3187 380 COSSTANTINOP.
3756 327 3860 380 εει

2328 439 2442 491 nics
2469 437 2809 507 philosophia;
2831 437 3070 506 dogmata
3099 455 3113 491 :
3143 447 3197 491 ut
3215 478 3231 503 ,
3261 435 3396 491 quod
3426 452 3530 492 no
3552 435 3618 492 sit
3645 441 3863 492 maledi-

2324 531 2546 584 cendum
2574 549 2589 586 :
2623 531 2980 594 Detralwntern,
3010 531 3195 596 inquit.
3220 530 3503 583 clanculum
3529 532 3874 598 proximante,

2328 622 2457 672 Iumc
2481 621 2802 688 persequebar
2829 619 2995 688 (Psal.
3023 620 3142 673 100.
3173 620 3250 687 5).
3279 619 3406 686 Quis
3431 623 3498 673 sit
3523 622 3744 688 hymnus
3779 634 3862 672 su-

2329 723 2641 775 pernorum,
2686 709 2809 776 quid
2846 723 3072 775 superne
3113 708 3296 762 dicunt
3337 709 3651 768 Cherubitn.
3695 713 3876 764 sciant

2329 796 2532 850 tidcles.
2559 796 2694 859 Quid
2722 796 2968 849 dicebant
2995 797 3164 864 angeli
3205 795 3337 850 infra
3379 799 3566 864 ροήιίἳ
3607 796 3784 851 Gloria
3825 801 3877 848 in

2333 883 2538 937 accisis
2562 882 2671 936 Deo
2700 884 2850 950 (an.
2880 883 2935 936 2.
2969 884 3079 951 Η).
3110 885 3391 952 Propterea
3419 897 3536 952 post
3557 886 3875 952 psalmodias

2334 975 2546 1045 hymni,
2576 984 2756 1042 utpote
2798 990 2884 1028 res
2923 975 3164 1042 quasdam
3209 975 3505 1041 perfectior.
3542 975 3604 1027 In
3635 976 3875 1043 psalmis,

2335 1064 2520 1130 inquit,
2549 1064 2764 1132 hymnis,
2795 1073 2842 1116 et
2868 1065 3074 1116 canticis
3097 1063 3460 1132 spiritualibus,
3491 1065 3542 1116 in
3565 1066 3724 1133 gratia
3754 1080 3879 1115 cau-

2337 1162 2494 1205 tantes
2531 1153 2584 1204 in
2620 1151 2848 1204 cordibus
2891 1153 3060 1204 vestris
3095 1151 3220 1205 Duo.
3263 1156 3366 1204 Aut
3408 1152 3506 1206 hoc
3534 1152 3693 1214 dicit,
3733 1152 3880 1221 quod

2336 1252 2550 1309 promer
2576 1240 2794 1308 gratiam
2825 1239 2936 1293 hrcc
2969 1241 3121 1293 nobis
3155 1239 3304 1293 dedit
3333 1240 3506 1303 Deus;
3546 1250 3636 1292 aut
3661 1243 3884 1293 canticis

2340 1348 2456 1398 qua:
2482 1343 2601 1385 sunt
2632 1336 2682 1386 in
2707 1335 2904 1402 gratia;
2935 1343 3022 1388 aut
3047 1333 3390 1403 admonentes
3417 1346 3512 1386 nos
3538 1333 3677 1400 ipsns
3700 1342 3753 1384 et
3783 1333 3881 1384 do-

2339 1432 2520 1475 centes
2548 1423 2599 1474 in
2629 1424 2825 1490 gratia;
2867 1431 2956 1476 aut
2991 1422 3129 1491 quod
3170 1423 3221 1474 in
3264 1423 3432 1490 gratia
3475 1421 3732 1473 habebant
3771 1419 3885 1472 haec

2341 1508 2506 1572 dona;
2537 1519 2628 1562 aut
2649 1511 2760 1563 lucc
2779 1520 2856 1563 est
2885 1511 3185 1577 explicatio.
3219 1511 3258 1563 Α
3289 1509 3474 1577 gratia,
3505 1509 3696 1575 inquit,
3726 1510 3886 1576 spiri-

2345 1608 2446 1678 tus.
2467 1597 2733 1652 Cantantes
2758 1602 2808 1650 in
2837 1600 3066 1652 cordibus
3089 1599 3261 1652 vestris
3285 1598 3408 1651 Deo.
3437 1597 3552 1652 Non
3580 1600 3783 1662 solum,
3812 1600 3890 1651 in-

2344 1687 2474 1754 quit,
2505 1702 2624 1748 ore,
2653 1686 2743 1740 sed
2772 1702 2889 1740 cum
2912 1690 3220 1740 attentione.

2416 1776 2468 1829 '5.
2513 1775 2621 1831 lloe
2673 1777 2813 1831 enim
2863 1785 2944 1830 est
2990 1778 3100 1831 Deo
3141 1792 3370 1841 canere,
3400 1777 3526 1831 illud
3577 1792 3705 1831 vero
3748 1779 3891 1840 aeri;

2348 1879 2449 1918 vox
2504 1867 2643 1918 enim
2693 1874 2891 1920 temere
2937 1866 3260 1920 dilfunditur.
3304 1866 3416 1920 Non
3469 1867 3534 1919 ad
3581 1868 3893 1920 ostentatio—

2351 1970 2471 2008 nem
2492 1997 2506 2017 ,
2536 1947 2722 2024 inquit.
2756 1957 2967 2009 Etiamsi
2997 1958 3070 2010 sis
3109 1957 3163 2010 in
3187 1957 3322 2020 foro,
3352 1967 3500 2024 potes
3525 1958 3746 2024 teipsum
3770 1971 3898 2008 con-

2353 2052 2590 2105 vertere,
2631 2052 2684 2095 et
2737 2044 2844 2098 Deo
2886 2059 3075 2098 canere
3122 2045 3328 2097 nomine
3374 2043 3637 2098 audiente.
3667 2043 3797 2096 Nam
3824 2048 3899 2097 sic

2355 2146 2563 2199 quoque
2604 2132 2788 2186 orabat
2813 2132 3038 2202 Iloyscs,
3067 2142 3120 2185 et
3157 2133 3252 2185 fuit
3290 2131 3532 2185 auditus:
3563 2132 3691 2185 dicit
3726 2135 3899 2195 enim,

2360 2221 2494 2285 Quid
2521 2223 2588 2273 ad
2613 2237 2692 2274 sne
2720 2223 2946 2275 clamas?
2974 2222 3126 2287 Atqui
3169 2221 3296 2274 nihil
3334 2221 3574 2283 dicebat,
3603 2221 3696 2274 sed
3728 2230 3904 2274 mente

2359 2311 2619 2363 clamabat
2661 2325 2780 2362 cum
2832 2309 2991 2363 corde
3046 2311 3272 2362 contrito
3321 2327 3334 2360 :
3382 2311 3722 2377 quamobrem
3769 2309 3908 2362 Deus

2361 2399 2506 2451 solus
2534 2397 2787 2451 exaudiit.
2831 2397 2969 2450 Nihil
3013 2399 3151 2452 enim
3194 2406 3338 2451 vetat
3375 2399 3653 2465 quominus
3688 2407 3744 2450 et
3793 2413 3908 2450 am-

2364 2487 2551 2540 bulans
2595 2487 2761 2541 corde
2801 2495 2949 2550 oret,
2979 2495 3034 2540 et
3077 2501 3282 2539 sursum
3322 2488 3408 2539 sit.
3439 2486 3601 2539 Omne
3635 2487 3911 2553 quodcum.

2364 2595 2458 2649 que
2483 2581 2663 2648 facitis,
2702 2579 2896 2646 inquit,
2926 2581 2976 2630 in
3003 2577 3144 2630 verba
3167 2586 3256 2629 aut
3284 2578 3336 2629 in
3364 2593 3539 2645 opere,
3570 2579 3739 2629 ontnia
3765 2579 3915 2642 facite

2364 2668 2416 2719 in
2445 2669 2641 2719 nomine
2673 2665 2874 2719 Domini
2899 2665 3023 2718 Jesu
3058 2665 3238 2717 Christi
3258 2705 3272 2724 ,
3299 2666 3486 2730 gratias
3507 2677 3710 2732 agentes
3733 2664 3844 2716 Deo
3872 2674 3919 2714 et

2371 2755 2514 2808 Patri
2539 2771 2624 2823 per
2643 2756 2824 2823 ipsum.
2855 2753 2984 2807 Nam
3009 2754 3054 2806 si
3082 2753 3159 2806 sic
3184 2752 3435 2804 faciamus
3453 2792 3471 2818 ,
3501 2755 3630 2805 nihil
3665 2754 3765 2805 erit
3799 2768 3917 2805 sce-

2372 2844 2556 2896 lestum
2579 2883 2594 2905 ,
2622 2843 2751 2896 nihil
2779 2842 3128 2906 immundum,
3160 2843 3244 2895 ubi
3274 2841 3514 2895 Christus
3541 2843 3838 2896 ilh'Ot'allll'.
3867 2844 3920 2895 Si

2371 2933 2617 2986 comedas
2635 2972 2651 2996 ,
2681 2933 2725 2985 si
2754 2933 2934 2994 bibas,
2960 2933 3004 2984 si
3029 2946 3246 2985 uxorem
3269 2931 3452 2995 ducas,
3483 2933 3526 2983 si
3556 2945 3777 2998 peregre
3800 2948 3922 2999 pm-

2376 3023 2657 3086 ticiscaris,
2689 3025 2740 3076 in
2769 3023 2983 3076 nomine
3029 3023 3119 3075 Dei
3151 3021 3231 3075 fac
3256 3023 3468 3085 omnia;
3497 3020 3598 3073 hoc
3634 3031 3717 3075 est
3741 3062 3757 3086 ,
3805 3038 3925 3075 eum

2376 3126 2567 3164 vocans
2595 3112 2886 3179 adiutorem
2911 3127 2927 3165 :
2959 3111 3012 3164 in
3036 3110 3278 3163 omnibus
3305 3125 3425 3163 eum
3449 3111 3592 3178 prius
3614 3124 3776 3163 orans
3793 3151 3811 3174 ,
3843 3127 3928 3163 res

2378 3202 2680 3271 aggredere.
2725 3201 2818 3254 Vis
2842 3201 3034 3268 aliquid
3073 3201 3254 3268 loqui?
3277 3201 3378 3255 hoc
3415 3215 3679 3269 prtepone.
3713 3202 3782 3254 Et
3813 3203 3930 3255 idco

2380 3305 2475 3343 nos
2503 3304 2711 3358 quoque
2747 3290 2801 3343 in
2823 3290 3058 3358 epistolis
3083 3304 3273 3341 nomen
3303 3289 3505 3343 Domini
3549 3291 3927 3357 pneponinms.

2381 3379 2477 3434 Ubi
2506 3378 2662 3431 fuerit
2681 3392 2868 3431 nomen
2894 3375 3121 3441 Domitii,
3143 3378 3314 3429 omnia
3336 3387 3458 3430 sunt
3480 3378 3641 3430 fausta
3659 3387 3707 3431 ct
3732 3380 3929 3432 felicia.

2381 3469 2507 3523 Nam
2548 3470 2590 3521 si
2614 3467 2898 3520 Consulum
2926 3468 3136 3519 nomina
3162 3466 3394 3520 efliciunt
3423 3477 3479 3520 ut
3511 3469 3723 3520 ﬁrmatae
3754 3478 3815 3522 et
3847 3484 3933 3518 va-

2383 3560 2500 3612 lidae
2521 3558 2628 3612 sint
2647 3558 2873 3621 tabellm,
2896 3556 3060 3610 multo
3083 3557 3247 3624 magis
3261 3571 3451 3609 nomen
3471 3557 3684 3610 Christi.
3708 3557 3820 3610 Aut
3839 3559 3937 3610 hoc

2385 3647 2530 3711 dicit,
2552 3646 2850 3699 Secundum
2885 3645 3048 3699 Deum
3070 3646 3242 3698 omnia
3264 3654 3316 3698 et
3340 3645 3518 3709 dicite,
3545 3654 3600 3698 et
3626 3647 3768 3715 agite
3797 3665 3811 3699 :
3844 3663 3936 3700 no.

2385 3735 2478 3789 lite
2506 3735 2720 3802 angelos
2748 3733 3104 3786 introducere.
3134 3732 3412 3786 Comedis?
3445 3735 3549 3787 Deo
3571 3749 3669 3802 age
3703 3736 3938 3802 gratias,

2386 3832 2440 3877 et
2469 3821 2645 3875 itidem
2673 3830 2852 3890 postea
2879 3822 2929 3874 id
2957 3821 3205 3873 facturus.
3241 3821 3488 3873 Dormis?
3515 3836 3612 3889 age
3641 3825 3864 3889 gratias,
3889 3835 3940 3876 et

2387 3912 2566 3966 itidem
2597 3921 2774 3979 postea
2815 3910 2951 3964 idem
2998 3910 3250 3964 facturus.
3293 3909 3455 3963 Vadis
3494 3913 3559 3964 ad
3601 3910 3820 3970 forum?
3864 3913 3942 3966 fac

2390 4001 2546 4064 idem,
2579 4001 2705 4054 nihil
2732 4001 3074 4062 mundanum,
3107 4000 3234 4052 nihil
3263 4000 3400 4068 quod
3421 4000 3486 4054 ad
3513 4001 3672 4056 vitam
3701 4017 3942 4070 prasen-

2391 4101 2494 4142 tem
2519 4092 2792 4157 pertineat.
2817 4089 2921 4142 Fac
2940 4088 3112 4142 omnia
3137 4089 3186 4141 in
3210 4089 3420 4141 nomine
3443 4089 3670 4152 Domini,
3693 4099 3747 4143 et
3767 4093 3942 4143 omnia

2393 4178 2484 4232 tibi
2514 4188 2655 4232 recte
2693 4178 2995 4231 succedent.
3028 4177 3356 4246 Ubicumque
3393 4179 3617 4246 positum
3659 4179 3824 4233 fuerit
3857 4182 3944 4233 Dei

2393 4282 2600 4329 nomen,
2630 4267 2804 4319 omnia
2833 4276 2954 4320 sunt
2979 4267 3146 4320 fausta
3165 4275 3220 4320 et
3245 4266 3430 4320 felicia.
3464 4267 3520 4319 Si
3549 4266 3824 4321 dammnes
3851 4285 3946 4322 ex-

2395 4356 2557 4422 pellit,
2589 4356 2632 4406 si
2662 4355 2875 4407 morbos
2906 4355 3194 4423 pr0pulsat,
3224 4354 3388 4407 multo
3414 4356 3580 4423 magis
3605 4355 3765 4408 rebus
3795 4358 3949 4409 alTert

2395 4442 2720 4495 facilitatem.
2746 4441 2879 4508 Quid
2903 4452 3015 4507 est,
3057 4442 3252 4496 Facere
3289 4443 3340 4495 in
3373 4444 3534 4497 verbo
3559 4453 3650 4497 aut
3676 4445 3728 4496 in
3751 4448 3948 4511 Opere?

2397 4529 2489 4582 ναι
2514 4543 2815 4591 exeuntem,
2847 4532 2927 4584 vel
2952 4530 3160 4598 quidvis
3188 4529 3487 4585 facientem.
3519 4531 3651 4583 Audi
3679 4535 3948 4600 quomodo

2398 4617 2659 4669 Abraham
2703 4616 2952 4679 fatnulum
2980 4634 3130 4671 suurn
3172 4619 3224 4671 in
3264 4620 3475 4672 nomine
3507 4620 3597 4673 Dei
3625 4620 3770 4672 misit
3801 4639 3817 4670 :
3848 4622 3917 4672 Da

2399 4712 2483 4760 vid
2519 4709 2568 4761 in
2599 4711 2810 4762 nomine
2851 4710 2940 4762 Dei
2969 4711 3178 4763 Goliatb
3205 4711 3489 4764 interemit.
3519 4711 3847 4766 Admirabile
3873 4721 3952 4762 cst

2402 4813 2594 4874 nomen
2631 4799 2746 4865 ejus
2770 4809 2821 4854 et
2851 4815 3113 4866 inagnum.
3142 4799 3209 4852 Et
3239 4814 3424 4853 rursus
3457 4798 3622 4853 Jacob
3650 4799 3791 4852 ﬁlios
3829 4815 3950 4851 suos

2401 4886 2635 4947 mittens,
2663 4886 2790 4938 dicit
2812 4902 2826 4936 :
2861 4885 2995 4938 Deus
3015 4899 3179 4938 autem
3207 4903 3345 4938 meus
3367 4887 3449 4938 det
3475 4887 3608 4938 vobis
3634 4888 3852 4954 gratiam
3874 4903 3953 4938 co-

2402 4994 2508 5028 ram
2539 4977 2734 5029 homine
2758 4975 2911 5043 (Gen.
2937 4979 3028 5031 45.
3059 4979 3162 5043 Η).
3195 4977 3324 5030 Nam
3353 4980 3440 5046 qui
3468 4979 3566 5031 hoc
3591 4979 3720 5032 facit
3739 5020 3756 5043 ,
3791 4982 3950 5033 Deum

2404 5066 2562 5119 habet
2586 5068 2900 5133 adjutorem,
2930 5070 3047 5121 sine
3075 5083 3179 5135 quo
3200 5069 3331 5120 nihil
3359 5083 3516 5121 ausus
3539 5079 3620 5121 est
3643 5069 3842 5123 facere.
3867 5072 3954 5125 Ut-

2406 5164 2526 5219 pote
2563 5169 2687 5222 ergo
2727 5155 3044 5220 honoratus,
3083 5171 3202 5209 cum
3248 5156 3343 5210 fuit
3381 5159 3677 5220 invocatus,
3720 5161 3949 5214 vicissim

2406 5245 2685 5297 honorabit
2711 5231 2871 5296 rebus
2895 5245 3123 5301 aﬂ'erens
3151 5246 3475 5300 facilitatem.
3507 5248 3695 5302 lnvoca
3728 5249 3917 5302 Filium
3939 5290 3952 5311 .

2406 5335 2600 5400 gratias
2625 5350 2721 5401 age
2751 5333 2911 5400 Patri.
2938 5334 3066 5387 Nam
3088 5335 3210 5388 dum
3239 5337 3508 5390 invocatur
3527 5338 3714 5400 Filius,
3749 5341 3950 5393 invoca-

2407 5436 2490 5480 tur
2515 5437 2569 5479 et
2605 5427 2791 5489 Pater;
2820 5435 2873 5479 et
2894 5427 3020 5479 dum
3042 5426 3090 5479 ei
3117 5437 3342 5495 aguntur
3363 5429 3564 5496 gratia,
3591 5429 3728 5482 Filio
3750 5445 3957 5499 quoun

2403 5517 2584 5583 gratia:
2609 5526 2854 5583 aguntur.
2889 5517 3012 5570 Haec
3038 5517 3305 5572 discamus
3333 5519 3436 5571 non
3465 5519 3628 5572 verbo
3660 5529 3835 5582 tenus.
3868 5522 3957 5573 sed

2410 5619 2503 5670 per
2530 5603 2663 5659 facta
2700 5605 2941 5668 implere.
2969 5605 3098 5661 lluic
3123 5606 3320 5661 nomini
3349 5606 3478 5660 nihil
3515 5617 3688 5679 potest
3718 5621 3923 5677 aeq-up.
