4050 6324
77 394 173 448 56⁵

81 514 177 568 rari
202 530 216 567 :
239 511 342 568 hoc
366 510 562 581 ubique
585 519 665 564 est
686 505 990 561 admirabile
1014 523 1027 560 :
1058 504 1396 572 nguntunt,
1416 503 1581 573 inquit
1599 543 1614 566 ,

79 603 276 670 elusum
299 617 483 656 nomen
505 611 645 654 tuum
670 598 843 669 (Cant.
869 600 920 652 1.
949 598 1030 664 2).
1065 597 1165 663 Qui
1193 596 1292 650 hoc
1315 595 1479 660 dixit,
1512 604 1620 648 sta-

79 696 163 745 tim
188 690 508 745 bonoodore
532 690 629 742 fuit
648 688 902 754 repletus.
934 686 1095 739 Nemo
1129 693 1284 753 potest
1311 683 1475 736 dicere
1511 683 1618 736 Do-

72 785 255 835 tuiatun
280 780 460 836 Iesum
479 822 496 847 ,
534 782 632 835 nisi
659 782 712 834 in
752 780 945 848 Spiritu
971 788 1142 832 sancto
1180 778 1254 846 (1.
1283 777 1400 831 Cor.
1424 774 1511 830 12.
1537 773 1615 842 5).

72 865 178 924 Hoc
197 885 390 924 nomen
420 879 524 922 tam
547 869 708 922 multa
736 877 1004 936 operatur.
1027 868 1080 921 Si
1101 867 1318 926 dixeris.
1336 863 1403 917 la
1424 863 1620 917 nomine

81 959 241 1013 Patris
267 968 315 1011 et
346 957 472 1011 Filii
491 968 535 1011 et
564 959 786 1026 Spiritus
829 957 1006 1020 sancti,
1030 971 1150 1009 cum
1178 955 1299 1016 ﬁde,
1343 953 1457 1007 haec
1498 967 1622 1022 per-

79 1047 258 1100 lecisti.
284 1045 417 1099 Vide
435 1061 592 1114 quant
618 1046 778 1098 multa
807 1045 971 1098 iecisti
998 1060 1010 1094 :
1039 1043 1227 1096 creasti
1250 1042 1538 1104 hominem,
1564 1048 1620 1092 et

73 1139 166 1190 alia
205 1137 385 1189 omnia
412 1147 660 1204 operatus
703 1150 762 1188 es
806 1149 871 1188 ex
917 1134 1249 1200 baptismate.
1290 1132 1378 1186 Sic
1421 1129 1619 1184 morbis

76 1228 332 1293 imperans
359 1239 551 1279 nomen
579 1223 638 1276 lit
675 1223 925 1276 terribile.
957 1223 1239 1290 Propterea
1264 1219 1506 1274 diabolus
1535 1220 1617 1272 in-

75 1314 296 1367 troduxit
321 1329 382 1367 ea
410 1328 530 1382 quae
557 1323 680 1366 sunt
709 1313 1036 1380 angelorum,
1067 1311 1249 1365 honori
1277 1318 1458 1364 nostro
1482 1308 1616 1361 invi-

73 1403 214 1455 dens.
245 1402 556 1454 Daemonum
581 1401 710 1454 tales
734 1411 855 1453 sunt
882 1401 1280 1454 incantationes.
1310 1397 1527 1452 Etiamsi
1548 1397 1619 1450 sit

73 1491 300 1556 angelus.
334 1491 539 1543 etiamsi
569 1491 935 1558 arcltangelus,
961 1490 1166 1543 etiamsi
1198 1477 1480 1542 Clterubim
1503 1527 1518 1548 ,
1551 1501 1617 1540 ne

74 1580 318 1643 patiaris:
351 1595 474 1633 nam
507 1594 573 1634 ne
611 1579 694 1632 hac
735 1580 944 1645 quidem
987 1580 1277 1633 Potestates
1313 1578 1615 1646 excipient,

70 1668 156 1719 sed
182 1667 457 1722 excutient
480 1682 599 1721 cum
627 1668 852 1722 viderint
880 1669 1159 1722 Dominum
1195 1668 1508 1722 contumelia
1533 1667 1614 1718 af-

933 393 996 448 LV
1037 391 1244 448 EPIST.
1287 392 1387 468 an
1407 389 1682 453 ,cocoss.

1722 391 1874 446 CAP.
1914 389 1998 445 111.
2040 389 2262 446 1103111..
2308 390 2376 446 Χ.
3162 397 3266 453 536

1723 504 1939 556 lectum.
1971 503 2082 572 Ego
2103 513 2154 558 te
2175 503 2427 558 bonoravi
2446 545 2461 570 ,
2490 504 2685 574 inquit,
2715 513 2770 561 et
2801 505 2938 574 dixi,
2967 507 3044 564 Tu
3078 525 3163 566 me
3193 513 3275 566 in-

1720 607 1847 645 voca
1873 610 1888 648 :
1916 602 1969 646 ct
1995 603 2049 646 tu
2074 608 2193 646 eum
2212 592 2472 648 dedecore
2493 593 2696 647 amcis?
2720 596 2778 649 Si
2801 595 2900 651 hoc
2919 613 3132 654 carmen
3153 617 3273 654 cum

1723 680 1822 733 lide
1850 681 2164 743 eantaveris,
2192 690 2248 735 et
2279 682 2492 736 morbos
2517 690 2571 736 et
2589 683 2860 738 daemones
2881 684 3086 755 lugabis
3114 705 3128 740 :
3159 699 3213 742 et
3232 689 3278 744 si

1723 771 1962 824 morbum
1991 787 2096 824 non
2128 773 2472 848 propulsaris,
2502 788 2607 826 non
2635 773 2685 827 id
2716 776 2772 826 tit
2801 786 3018 844 ptopter
3042 777 3285 832 imbecil-

1721 861 1943 925 litatem,
1973 862 2065 915 sed
2091 877 2156 916 eo
2175 863 2314 932 quod
2335 862 2602 932 expediat.
2625 862 2925 920 secundum
2954 868 3274 936 magnitudi-

1721 963 1844 1002 nem
1871 959 2049 1012 tuam,
2081 951 2284 1018 inquit,
2325 952 2403 1004 sic
2439 961 2492 1005 et
2529 953 2640 1006 laus
2685 963 2772 1006 tua
2824 954 2922 1008 l'er
2948 955 3046 1008 hoc
3085 971 3276 1010 ιιοηιριι

1720 1039 1864 1091 orbis
1904 1050 2058 1092 terra:
2085 1038 2178 1091 fuit
2205 1054 2522 1105 Conversus,
2555 1043 2718 1095 fracta
2742 1054 2823 1096 est
2854 1047 3090 1113 tyrannis
3109 1085 3122 1101 .
3151 1062 3279 1099 «ουιι.

1718 1129 1958 1186 calcatus
1983 1131 2079 1182 luit
2100 1130 2362 1194 diabolus,
2395 1132 2562 1199 aperti
2591 1143 2714 1186 sunt
2735 1133 2870 1186 cst-li.
2904 1133 2963 1184 Et
2986 1135 3108 1200 quid
3133 1137 3273 1197 ilico,

1719 1220 1872 1272 cadi?
1902 1234 2000 1273 nos
2027 1235 2120 1288 per
2147 1220 2248 1274 hoc
2276 1235 2467 1274 nomen
2508 1235 2692 1274 sumus
2722 1224 3042 1290 regem-rati.
3089 1223 3143 1277 SI
3177 1224 3276 1277 hoc

1723 1308 2038 1374 habeamus,
2080 1309 2498 1376 resitlettdemns.
2545 1310 2654 1363 lloc
2681 1322 2736 1364 et
2782 1321 3039 1380 martyres
3076 1313 3197 1364 iacit
3224 1321 3278 1365 et

1720 1401 2050 1451 confessores
2075 1415 2088 1450 :
2123 1398 2224 1450 hoc
2259 1413 2357 1467 pro
2385 1414 2573 1467 magno
2600 1398 2742 1451 dono
2781 1409 3054 1452 teneamus
3076 1440 3092 1464 ,
3139 1410 3194 1452 ιιι
3223 1402 3277 1454 in

1720 1486 1884 1552 gloria
1908 1487 2166 1550 vivamus,
2187 1496 2242 1539 et
2270 1486 2377 1538 Deo
2402 1487 2722 1554 placeamus,
2751 1497 2803 1541 et
2825 1487 2964 1555 digni
2991 1488 3278 1542 habeantur

1723 1575 1874 1628 bonis
1904 1577 2174 1643 promissis
2203 1577 2267 1630 iis
2296 1579 2384 1646 qui
2424 1577 2595 1646 ipsum
2622 1578 2879 1648 diligunt,
2907 1581 3072 1648 gratia
3102 1589 3156 1633 et
3183 1580 3285 1634 be-

1720 1664 1995 1734 nignitate,
2023 1673 2127 1717 etc.

1441 1872 1778 1936 HOMILIA
1834 1869 1919 1930 Χ.

71 2009 185 2064 Ctr.
225 2012 278 2066 3.
319 2029 373 2065 v.
420 2014 503 2068 18.
537 2013 806 2078 Mulieres,
849 2016 1062 2069 subdita
1099 2023 1249 2067 estote
1287 2014 1438 2073 viris.
1480 2012 1608 2064 sicut

133 2111 323 2168 oportet
348 2103 400 2155 in
428 2102 659 2158 Domino.
689 2105 775 2159 19.
819 2105 940 2169 Viri,
974 2104 1166 2173 diligite
1201 2119 1380 2156 uxores
1407 2112 1612 2164 uestras,

133 2201 177 2241 et
216 2193 371 2245 nolite
415 2196 573 2246 autari
611 2211 715 2248 esse
753 2211 871 2265 erga
907 2196 1044 2248 illas.
1085 2194 1176 2249 20.
1221 2192 1375 2255 Filii,
1425 2191 1616 2244 obedite

133 2282 418 2346 parentibus
465 2301 553 2350 per
600 2292 766 2338 omnia
792 2301 810 2338 :
853 2287 945 2338 hoc
995 2287 1124 2337 enim
1167 2285 1407 2352 placitum
1446 2293 1516 2336 est
1563 2283 1616 2335 in

133 2367 370 2426 Domino.
415 2373 504 2425 2|.
571 2373 784 2438 Patres,
828 2374 981 2426 nolite
1030 2375 1096 2426 ad
1139 2371 1450 2425 iracundiam
1495 2387 1614 2438 pro-

133 2471 310 2510 uocare
355 2460 488 2524 ﬁlios
526 2473 732 2528 vestros,
777 2473 829 2514 ut
880 2479 982 2514 non
1030 2463 1211 2531 pusillo
1254 2463 1420 2513 animo
1468 2462 1639 2526 ﬁant..

133 2542 220 2596 22.
252 2545 419 2610 Servi,
445 2547 639 2601 obedite
655 2567 742 2617 per
767 2551 934 2602 omnia
958 2549 1173 2602 dominis
1193 2548 1497 2611 carnalibus,
1517 2565 1614 2598 non

131 2631 197 2683 ad
223 2633 425 2686 oculum
454 2637 735 2700 servientes,
754 2639 896 2705 quasi
921 2637 1201 2689 hominibus
1223 2638 1498 2705 placentes.
1528 2635 1614 2688 sed

133 2719 184 2770 in
237 2722 556 2790 simplicitate
597 2727 761 2778 cordis
808 2713 1029 2778 tim-entes
1077 2724 1260 2777 Deum.
1306 2726 1396 2778 25.
1445 2723 1615 2788 Quod-

132 2825 339 2877 cumque
376 2815 540 2880 facitis
560 2855 574 2878 ,
607 2831 669 2868 ex
696 2815 862 2867 animo
889 2816 1162 2883 operamini
1209 2816 1334 2867 sicut
1370 2815 1605 2876 Domino,

134 2911 178 2951 et
202 2917 303 2953 non
335 2905 640 2967 hominibus,
669 2906 755 2958 21.
784 2907 990 2958 scientes
1014 2906 1147 2972 quod
1172 2921 1205 2956 α
1236 2905 1450 2956 Domino
1477 2905 1612 2955 acci-

135 2992 278 3056 pietis
342 2993 713 3046 retributionem
762 2995 1051 3048 hereditatis
1078 3010 1097 3047 :
1145 2993 1362 3047 Domino
1417 2992 1616 3046 Christo

134 3081 324 3132 senile.
363 3081 451 3134 25.
500 3081 596 3147 Qui
635 3091 798 3135 autem
824 3083 1079 3146 ’iniuriam
1111 3084 1268 3150 facit,
1321 3082 1522 3147 recipiet
1562 3083 1615 3133 id

133 3171 264 3234 quod
295 3171 460 3239 inique
489 3172 673 3240 gessit;
707 3183 752 3224 et
794 3189 892 3224 rton
924 3181 998 3223 est
1035 3187 1359 3237 personarum
1397 3171 1615 3238 acceptio

133 3258 270 3320 apud
308 3254 494 3310 Deum:
521 3257 645 3311 (in.
676 3260 728 3310 ι.
761 3274 811 3310 v.
839 3259 890 3311 1.
920 3256 1158 3322 Domini,
1191 3257 1244 3309 id
1272 3257 1404 3326 quod
1429 3259 1616 3321 iustum

133 3356 202 3395 est
229 3355 276 3397 et
305 3363 520 3413 (equum,
551 3350 700 3400 servis
731 3358 960 3414 praestate
981 3389 995 3414 ,
1026 3349 1228 3401 scientes
1267 3348 1399 3416 quod
1441 3357 1486 3400 et
1528 3363 1614 3399 vos

134 3431 405 3486 Dominum
429 3438 614 3490 habetis
639 3439 690 3490 in
719 3440 862 3490 ccelo.

137 3524 185 3574 1.
230 3524 339 3576 Cur
379 3540 486 3578 non
530 3528 718 3594 ubique
765 3537 819 3581 et
862 3529 913 3579 in
955 3527 1195 3580 omnibus
1229 3527 1463 3594 epistolis
1507 3526 1606 3580 hoc

74 3613 322 3681 praecipit,
357 3616 448 3669 sed
482 3617 584 3681 hic,
615 3629 666 3670 et
699 3618 751 3670 in
781 3599 1119 3684 Epistola'ad
1163 3617 1443 3685 Ephesios,
1469 3627 1521 3669 et
1558 3617 1610 3669 in

77 3700 298 3766 Epistula
329 3701 393 3754 ad
421 3702 775 3767 Timotheum,
808 3714 861 3756 et
886 3705 950 3757 ad
977 3704 1188 3757 Titum?
1214 3704 1473 3770 Quoniam
1515 3719 1609 3758 ve-

73 3789 282 3844 risimile
311 3801 395 3845 est
421 3793 472 3844 in
501 3793 581 3847 his
610 3794 910 3847 civitatibus
951 3794 1112 3848 fuisse
1145 3795 1435 3848 seditiones
1465 3812 1478 3847 :
1524 3805 1613 3849 aut

76 3882 348 3935 rerisimile
395 3891 476 3935 est
515 3899 606 3937 eas
651 3885 700 3936 in
742 3885 862 3936 aliis
897 3900 954 3937 se
991 3896 1134 3939 reete
1167 3886 1414 3953 gessisse,
1445 3885 1496 3938 iit
1533 3885 1612 3938 his

74 3987 188 4025 vero
210 3975 385 4026 minus
402 3985 564 4039 recte,
592 3976 724 4028 adeo
749 3985 806 4028 ut
827 3986 1094 4043 oporteret
1114 3991 1204 4029 eos
1221 3977 1286 4030 de
1306 3977 1388 4029 bis
1404 3976 1608 4030 audire.

78 4060 161 4113 γει
207 4065 381 4130 potius
424 4064 560 4131 quod
605 4065 666 4116 iis
703 4066 847 4127 dicit,
893 4065 1022 4117 dicit
1060 4065 1326 4117 omnibus.
1372 4065 1611 4133 Magnam

75 4159 236 4202 autem
273 4151 668 4213 similitudinem
714 4149 871 4205 habet
905 4153 1020 4204 haec
1066 4153 1284 4220 epistola
1323 4168 1441 4207 cum
1484 4153 1610 4219 Epi-

76 4239 197 4290 smla
226 4240 294 4292 ad
327 4239 584 4308 Ephesios
620 4241 673 4293 in
707 4241 789 4295 his
817 4258 1045 4310 quoque.
1078 4242 1216 4295 Alibi
1261 4257 1387 4296 vero
1426 4243 1475 4296 id
1507 4257 1610 4295 non

77 4326 222 4380 facit:
268 4337 361 4382 aut
393 4329 530 4397 quod
573 4329 640 4383 ad
686 4332 823 4383 viros
851 4331 959 4399 jam
1000 4347 1180 4398 pacem
1210 4341 1442 4400 agentes,
1477 4345 1611 4399 quos

75 4417 342 4482 oportebat
378 4418 640 4482 sublimia,
664 4435 780 4487 quae
808 4421 885 4472 eis
907 4419 1079 4473 adhuc
1102 4419 1339 4485 deerant,
1366 4421 1611 4489 dogmata

77 4502 293 4569 discere,
345 4522 448 4580 non
492 4508 768 4576 oportebat
805 4508 870 4561 de
911 4509 990 4562 his
1025 4508 1295 4563 scribere:
1337 4520 1426 4562 aut
1469 4509 1610 4579 quod

76 4607 183 4645 cum
203 4596 618 4650 consolationem
643 4597 750 4665 jam
780 4599 1107 4666 accepissent
1135 4600 1183 4650 in
1217 4599 1610 4664 Ientationibus,

77 4695 510 4748 supervacaneum
561 4695 703 4737 esset
755 4685 822 4739 de
879 4685 960 4738 his
1005 4687 1203 4740 audire.
1259 4687 1611 4753 Quamobrem

76 4771 288 4839 mujicio
314 4773 400 4825 hic
423 4774 532 4841 jam
567 4774 767 4827 lirmam
799 4784 849 4828 et
882 4777 1122 4830 stabilem
1152 4792 1268 4830 esse
1296 4777 1608 4841 Ecclesiam,

77 4871 121 4910 et
155 4862 264 4915 hate
307 4861 411 4915 dici
462 4863 513 4915 in
558 4865 677 4916 line.
721 4862 979 4927 Mulieres,
1023 4865 1235 4918 subdita:
1269 4875 1421 4918 estote
1469 4866 1607 4929 viris,

75 4951 188 5002 sicut
213 4961 406 5018 oportet
452 4951 505 5004 in
533 4951 767 5005 Domino.
804 4953 858 5006 ld
904 4964 1003 5017 est,
1027 4953 1260 5008 Subditae
1283 4963 1454 5007 estote
1483 4970 1607 5022 pro-

78 5053 183 5105 pter
229 5043 433 5097 Deum:
476 5044 720 5110 quoniam
752 5045 870 5109 hoc,
921 5044 1108 5114 inquit,
1151 5060 1245 5097 vos
1281 5055 1454 5108 ornat,
1503 5059 1606 5097 non

76 5133 204 5187 illos.
247 5134 363 5188 Non
400 5134 541 5188 enim
578 5133 706 5188 hero
737 5134 968 5188 debitam
995 5135 1396 5202 subiectionem,
1435 5150 1610 5201 neque

76 5239 179 5275 eam
216 5224 388 5277 solum
433 5240 549 5292 qua:
586 5234 668 5278 est
705 5241 734 5278 a
771 5237 977 5287 natura,
1018 5226 1108 5279 sed
1152 5241 1267 5279 eam
1303 5228 1460 5278 etiam
1490 5225 1608 5279 dico

75 5326 178 5376 quae
217 5323 299 5367 est
337 5324 551 5383 propter
585 5314 767 5368 Deum.
806 5313 930 5379 Vtri,
963 5315 1153 5384 diligite
1193 5331 1368 5368 uxores
1397 5326 1605 5379 vestras,

75 5411 114 5450 et
160 5405 307 5457 nolite
342 5406 504 5457 amari
547 5421 651 5458 esse
689 5406 756 5458 ad
796 5407 932 5458 illas.
966 5405 1097 5460 Vide
1130 5422 1311 5460 rursus
1339 5409 1604 5475 quomodo

75 5491 284 5545 suaserit
309 5493 450 5560 quod
477 5491 627 5546 alteri
657 5494 724 5546 ab
747 5494 917 5548 altero
945 5504 1028 5548 est
1051 5495 1425 5562 pratstandum.
1455 5495 1606 5550 Sicut

78 5576 171 5631 illic
211 5583 359 5648 ponit
406 5593 604 5636 metum
644 5592 696 5635 et
750 5583 1044 5646 caritatem,
1094 5583 1163 5636 ita
1216 5584 1301 5638 hic
1344 5600 1600 5652 quoque:

78 5676 236 5727 Potest
262 5669 402 5725 enim
427 5684 567 5736 esse,
597 5678 654 5724 ut
676 5672 763 5740 qui
785 5671 950 5740 diligit
991 5673 1060 5726 sit
1099 5672 1338 5728 acerbus.
1372 5674 1481 5729 Hoc
1521 5686 1602 5730 est

1713 2023 1840 2074 ergo
1876 2007 2014 2076 quod
2056 2007 2218 2060 dicit:
2269 2006 2348 2061 Ne
2391 2009 2678 2077 pugnetis:
2722 2007 2852 2059 nihil
2884 2015 2965 2060 est
3003 2007 3144 2061 enim
3174 2005 3276 2067 hac

1722 2113 1890 2165 pugna
1914 2100 2176 2159 acerbius,
2206 2098 2419 2166 quando
2462 2098 2561 2151 viri
2598 2098 2755 2151 luerit
2794 2112 2967 2166 pugna
3014 2097 3272 2149 adversus

1718 2204 1956 2241 uxorem.
1987 2189 2117 2241 Nam
2145 2205 2261 2255 quze
2287 2189 2544 2242 adversus
2565 2203 2818 2256 personas
2840 2203 2959 2256 quae
2980 2187 3273 2252 diliguntur

1717 2285 1838 2329 sunt
1861 2292 2069 2344 pugnat,
2097 2291 2176 2331 eae
2199 2287 2322 2329 sunt
2348 2276 2584 2337 acerbae;
2615 2285 2668 2328 et
2695 2276 2924 2330 ostendit
2945 2274 3046 2328 hoc
3066 2268 3180 2327 ﬁeri
3207 2290 3269 2326 ex

1717 2364 1903 2435 magna
1946 2366 2253 2430 acerbitate,
2295 2381 2417 2419 cum
2455 2367 2610 2419 alicui
2641 2367 2896 2420 adversus
2923 2380 3073 2418 suum
3105 2380 3272 2428 mem-

1717 2457 1868 2510 brum
1891 2466 1972 2510 est
1997 2457 2294 2511 ilissidium.
2328 2459 2496 2524 Atque
2527 2456 2748 2524 diligere
2777 2456 2988 2525 quidem
3019 2464 3102 2509 est
3129 2455 3272 2507 viro-

1716 2565 1871 2610 rum,
1925 2548 2134 2601 illarum
2186 2563 2313 2601 vero
2360 2547 2572 2601 cedere.
2631 2548 2686 2601 Si
2737 2561 2864 2615 ergo
2915 2545 3274 2613 unusquisque

1715 2637 1854 2705 quod
1876 2653 2026 2689 suum
2053 2646 2135 2689 est
2158 2636 2368 2697 afferat,
2396 2645 2537 2689 stant
2559 2635 2735 2688 omnia
2765 2637 2912 2688 lirma
2947 2643 3001 2687 et
3040 2633 3269 2686 stabilia.

1717 2729 1794 2797 Ex.
1819 2743 1882 2781 eo
1911 2728 2053 2781 enitn
2078 2727 2218 2796 quod
2244 2728 2509 2793 diligatur,
2539 2728 2595 2779 lit
2623 2726 2814 2778 mulier
2836 2724 3002 2777 amica
3027 2732 3081 2776 et
3108 2723 3270 2775 bene-

1715 2819 1868 2880 vola;
1901 2833 1964 2871 ex
1991 2832 2055 2870 eo
2082 2826 2260 2870 autem
2288 2816 2428 2885 quod
2450 2817 2517 2869 sit
2548 2815 2779 2878 subdita,
2817 2815 2900 2868 vir
2939 2812 2994 2865 lit
3037 2811 3180 2864 mitis
3217 2819 3273 2863 et

1715 2908 1970 2960 clemens.
2001 2906 2134 2960 Vide
2153 2916 2330 2959 autem
2360 2905 2499 2974 quod
2524 2906 2623 2958 hoc
2647 2918 2858 2972 quoque
2887 2912 3072 2955 natura
3098 2901 3176 2954 sic
3199 2902 3270 2954 sit

1715 3007 2096 3074 qomparatum,
2137 3004 2196 3048 ut
2236 2995 2318 3046 vir
2353 2995 2564 3063 quidem
2605 2993 2811 3061 diligat,
2851 2992 3045 3045 mulier
3085 2999 3263 3042 autem

1714 3083 1941 3136 obediat.
1976 3084 2104 3137 Nam
2131 3084 2345 3150 quando
2374 3085 2416 3136 is
2445 3084 2532 3153 qui
2555 3083 2800 3150 imperat,
2831 3081 2998 3149 diligit
3027 3095 3149 3132 eum
3179 3077 3268 3145 qui

1717 3182 1860 3240 paret
1885 3173 2127 3240 imperio,
2153 3181 2277 3226 tunc
2299 3176 2594 3226 consistunt
2619 3174 2814 3226 omnia.
2844 3171 2958 3224 Non
2982 3179 3086 3222 tam
3111 3171 3178 3221 ab
3202 3183 3270 3220 eo

1716 3265 1802 3331 qui
1832 3273 1978 3332 paret
2017 3265 2269 3332 queritur
2297 3265 2532 3328 dilectio,
2563 3278 2719 3331 quam
2749 3262 2814 3315 ab
2835 3275 2901 3335 eo
2929 3260 3019 3328 qui
3046 3261 3271 3326 imperat

1716 3367 1838 3421 erga
1881 3369 2000 3405 eum
2030 3353 2118 3420 qtti
2162 3362 2348 3420 paret:
2394 3351 2463 3404 ab
2507 3352 2597 3405 illo
2640 3351 2780 3404 enim
2824 3360 2907 3402 est
2947 3349 3267 3402 obedientia.

1714 3442 1846 3495 Nam
1876 3442 2014 3508 quod
2044 3442 2249 3494 mulieri
2280 3452 2362 3493 est
2389 3440 2748 3507 pulchritudo,
2780 3440 2895 3492 viro
2915 3448 3089 3492 autem
3117 3436 3268 3504 cupi-

1715 3531 1850 3584 ditas
1882 3539 1936 3582 et
1971 3528 2312 3590 desiderium,
2346 3529 2474 3581 nihil
2499 3528 2642 3582 aliud
2670 3528 2903 3582 ostendit
2931 3541 3088 3595 quant
3115 3524 3264 3594 quod

1682 3675 1690 3678 _
1716 3621 1792 3672 sic
1818 3619 1908 3671 liat
1936 3627 2147 3686 propter
2175 3618 2534 3689 dilectionem.
2570 3616 2647 3671 Ne
2683 3632 2830 3684 ergo,
2861 3617 3108 3685 quoniam
3138 3614 3267 3668 sub-

1711 3710 1848 3778 jecta
1869 3718 1951 3762 est
1972 3709 2179 3771 mulier,
2208 3709 2282 3760 sis
2309 3708 2570 3772 insolens;
2601 3721 2772 3773 neque
2802 3717 2878 3764 tu.
2908 3706 3155 3773 quoniam
3183 3704 3266 3756 vir

1715 3798 1904 3866 diligit,
1937 3797 2248 3850 intumesce.
2281 3795 2462 3863 Neque
2489 3796 2584 3848 viri
2616 3795 2844 3847 amicitia
2883 3794 3103 3847 extollat
3151 3809 3268 3845 mu-

1714 3887 1935 3951 lierem;
1982 3900 2152 3952 neque
2189 3885 2424 3938 mulieris
2459 3885 2715 3952 subjectio
2741 3883 2885 3937 inﬂet
2913 3884 3103 3939 virum.
3132 3882 3267 3936 Pro-

1717 3986 1894 4042 pterea
1939 3975 2030 4027 tibi
2066 3989 2181 4028 eam
2219 3975 2459 4042 subjecit,
2506 3965 2539 4027 ὸ
2582 3975 2680 4038 vir,
2723 3984 2778 4026 ut
2821 3975 2989 4042 magis
3025 3981 3266 4028 ametur:

1716 4072 2069 4132 propterea‘te
2095 4063 2219 4116 fecit
2260 4065 2446 4125 amari,
2495 4078 2528 4116 ο
2578 4063 2787 4127 mulier,
2831 4072 2887 4115 nt
2930 4063 3082 4115 facile
3122 4061 3263 4115 feras

1713 4153 1853 4222 quod
1884 4156 1957 4206 sis
1989 4152 2243 4220 subjecta.
2273 4153 2349 4206 Ne
2379 4154 2565 4206 timeas
2607 4153 2747 4222 quod
2788 4155 2862 4207 sis
2906 4154 3171 4220 subjecta;
3202 4147 3268 4205 ἐἰ

1714 4245 1854 4299 enim
1896 4244 1984 4312 qui
2029 4251 2173 4296 amat
2211 4258 2328 4296 esse
2368 4243 2680 4311 subjectum,
2717 4244 2914 4295 nullam
2949 4243 3105 4295 habet
3131 4240 3270 4294 difﬁ-

1714 4332 2012 4386 cultatem:
2061 4347 2128 4383 ne
2181 4331 2366 4384 timeas
2417 4346 2640 4393 amans;
2695 4330 2860 4383 habes
2905 4331 3044 4383 enim
3098 4331 3265 4396 ipsam

1715 4421 2010 4475 cedentem.
2060 4421 2174 4474 Non
2217 4422 2348 4475 alias
2391 4436 2519 4489 ergo
2561 4429 2702 4475 esset
2751 4421 3038 4472 vinculum.
3095 4421 3268 4472 Habes

1715 4511 2070 4566 necessarium
2115 4525 2146 4564 a
2193 4521 2376 4563 natura
2426 4512 2742 4578 imperium;
2787 4509 2921 4563 habe
2959 4510 3116 4562 etiam
3157 4510 3269 4562 vin-

1713 4600 1889 4652 culum
1921 4599 2060 4668 quod
2105 4610 2181 4653 est
2212 4615 2276 4653 ex
2304 4601 2522 4653 caritate
2549 4618 2561 4651 :
2593 4615 2708 4654 eam
2738 4601 2878 4653 enim
2907 4615 3024 4668 qua:
3053 4607 3135 4653 est
3165 4599 3267 4649 im-

1713 4687 1974 4752 becillior,
2002 4689 2126 4741 sinit
2156 4705 2278 4742 esse
2304 4689 2654 4742 tolerabilem.
2686 4687 2832 4753 Filii,
2865 4689 3056 4741 obedite
3085 4705 3264 4755 paren-

1714 4779 1842 4831 tibus
1881 4795 1968 4846 per
1996 4781 2201 4831 omnia:
2242 4779 2334 4831 hoc
2362 4775 2494 4830 enim
2533 4779 2774 4845 placitum
2815 4787 2886 4830 est
2929 4780 2983 4830 in
3030 4778 3265 4830 Domino.

1713 4869 1916 4922 Rursus
1938 4869 2128 4936 posuit,
2154 4867 2220 4921 In
2241 4868 2476 4930 Domino,
2500 4877 2551 4919 ct
2573 4870 2713 4940 leges
2732 4868 2907 4920 ferens
2926 4868 3260 4929 obedientite,

1713 4969 1767 5013 et
1811 4959 2066 5028 pudorem
2117 4958 2398 5020 incutiens,
2460 4973 2522 5011 ac
2572 4959 2896 5025 deprimens.
2956 4957 3065 5010 Hoc
3112 4960 3263 5021 enim,

1712 5049 1902 5117 inquit,
1950 5057 2022 5101 est
2067 5048 2308 5116 placitum
2346 5046 2582 5101 Domino.
2622 5047 2752 5100 Vide
2773 5049 3038 5115 quomodo
3064 5043 3166 5100 ηόιι
3197 5063 3263 5101 ex

1713 5138 1824 5192 sola
1870 5146 2076 5193 natura.
2126 5136 2218 5190 sed
2259 5145 2380 5189 ante
2425 5152 2540 5190 eam
2567 5152 2633 5188 ex
2667 5137 2729 5188 iis
2755 5153 2872 5203 quae
2902 5138 3008 5189 Deo
3035 5137 3264 5204 placent,

1711 5226 1822 5277 vult
1852 5240 1950 5279 nos
1974 5226 2148 5276 omnia
2171 5239 2347 5289 agere,
2369 5224 2602 5276 utetiam
2630 5221 2926 5277 mercedem
2955 5223 3262 5277 habeamus.

1713 5313 1912 5377 Patres;
1947 5312 2100 5364 nolite
2138 5313 2204 5363 ad
2244 5312 2556 5364 iracundiam
2593 5327 2863 5379 provocare
2889 5311 3023 5378 filios
3054 5322 3260 5374 vestros,

1711 5415 1764 5456 ut
1796 5421 1895 5457 non
1920 5404 2106 5472 pusillo
2132 5405 2300 5456 animo
2335 5405 2480 5470 fiant.
2523 5404 2658 5457 Ecce
2701 5402 2786 5456 hic
2828 5419 3036 5472 quoque
3081 5419 3265 5457 rursus

1711 5504 1792 5548 est
1819 5495 2076 5560 subjectio
2104 5503 2155 5546 et
2184 5507 2352 5546 amor.
2387 5493 2452 5545 Et
2503 5506 2606 5546 nan
2638 5493 2790 5556 dixit,
2832 5492 3038 5560 Diligite
3062 5492 3261 5557 lilios;

1711 5593 1854 5638 esset
1893 5586 2034 5638 enim
2071 5598 2557 5647 supervacaneum;
2602 5584 2715 5652 ipsa
2757 5584 2952 5654 quippe
2989 5586 3130 5660 cogit
3163 5600 3261 5639 na-

1711 5688 1855 5740 tura;
1886 5673 1979 5729 sed
2008 5674 2237 5729 correxit
2260 5673 2400 5744 quod
2431 5675 2680 5744 Oportuit,
2713 5676 2855 5746 quod
2878 5683 2933 5732 et
2968 5691 3119 5732 amor
3166 5677 3251 5730 hic
