4050 6324
797 338 901 393 367

796 460 937 504 esset
964 445 1344 510 vehementior,
1370 444 1615 514 quoniam
1640 452 1693 498 et
1714 442 1883 511 major
1906 449 1989 496 est
2013 439 2336 495 obedientia.

797 541 1064 608 Nusquam
1087 536 1226 592 enim
1252 534 1400 604 ponit
1421 532 1721 603 exemplum
1742 532 1840 586 virl
1868 540 1922 586 et
1946 530 2214 595 mulieris;
2245 529 2338 584 sed

798 626 959 693 quid?
985 625 1118 679 Audi
1149 624 1457 692 prophetam
1483 622 1744 676 dicentem
1776 639 1789 674 :
1821 619 1967 675 Sicut
2004 629 2147 688 pater
2193 619 2340 671 mise-

799 728 930 771 retur
976 717 1214 785 filiorum,
1260 717 1486 767 misertus
1527 724 1597 768 est
1643 711 1889 765 Dominus
1932 712 2204 775 timentium
2231 696 2342 761 eam

800 806 947 859 tPsal
991 806 1071 858 ιε.
1104 806 1212 872 l3).
1243 804 1306 858 Et
1332 818 1515 856 rursus
1541 802 1669 855 dicit
1694 801 1976 856 Christus:
2011 799 2132 863 Quis
2167 806 2240 849 est
2281 814 2342 850 ea:

797 896 930 947 vobis
950 895 1117 959 homo,
1144 910 1176 945 a
1201 910 1301 960 quo
1325 894 1369 943 si
1395 893 1584 958 petierit
1605 890 1739 957 filius
1760 905 1958 957 pauent,
1987 904 2104 939 num
2124 886 2341 955 lapidem

799 984 936 1035 dabit
962 982 1046 1034 ei!
1077 992 1122 1033 et
1149 982 1193 1034 si
1220 981 1411 1038 petierit
1446 982 1646 1048 piscem.
1673 994 1794 1031 nunt
1818 988 2092 1043 serpentem
2133 976 2267 1025 dabit
2296 973 2340 1025 ei

798 1066 1008 1133 (Matth.
1032 1073 1086 1125 ἶ.
1109 1070 1208 1137 9)?
1240 1069 1435 1131 Patres,
1462 1070 1614 1122 nolite
1635 1070 1701 1120 ad
1739 1069 2049 1119 iracundiam
2077 1080 2342 1131 provocare

797 1162 930 1227 ﬁlios
970 1169 1176 1223 vestros,
1224 1175 1287 1214 ac
1326 1158 1510 1229 pusillo
1556 1159 1724 1209 animo
1771 1158 1915 1224 ﬁant.
1967 1155 2115 1220 Quod
2144 1153 2341 1207 sciebat

797 1249 1045 1302 idoneum
1097 1259 1151 1300 ut
1194 1250 1420 1302 maxime
1469 1263 1561 1299 eos
1606 1245 1891 1307 morderet,
1935 1245 2036 1298 hoc
2066 1243 2252 1311 posuit,
2285 1251 2340 1293 et

795 1338 1054 1390 amantius
1104 1336 1240 1390 dixit
1287 1337 1365 1391 eis
1422 1338 1721 1405 imperans,
1777 1346 1831 1388 et
1885 1348 2140 1403 nusquam
2192 1333 2338 1400 ponit

797 1427 1002 1479 Deum:
1052 1429 1291 1495 lregisset
1343 1428 1480 1480 enim
1531 1435 1797 1493 parentes,
1840 1424 2111 1478 inﬂectens
2155 1437 2337 1476 eorum

794 1517 1017 1569 viscera.
1062 1516 1192 1569 illud
1234 1524 1427 1575 autem,
1478 1513 1648 1566 Nolite
1685 1528 1971 1578 provocare,
2004 1510 2106 1564 hoc
2130 1522 2232 1571 est,
2264 1510 2341 1564 Ne

794 1607 995 1659 reddite
1035 1622 1127 1658 eos
1165 1606 1633 1667 contentiosiores;
1682 1615 1763 1657 est
1810 1605 1973 1664 enim,
2025 1602 2110 1654 ubi
2137 1601 2341 1655 debetis

793 1698 896 1750 illis
921 1695 1117 1765 aliquid
1144 1694 1455 1749 concedere.
1490 1694 1686 1749 Deinde
1716 1696 1863 1747 venit
1891 1692 1953 1746 ad
1981 1693 2201 1746 tertium
2237 1693 2338 1745 im-

794 1787 1013 1853 perium.
1046 1775 1499 1855 Seroi,_inquiens,
1543 1784 1733 1837 obedite
1776 1783 1991 1835 dominis
2031 1782 2333 1834 carnalibus.

792 1873 889 1927 Est
935 1874 1019 1928 hic
1066 1889 1273 1943 quoque
1297 1889 1446 1928 amor
1470 1873 1703 1943 quidam,
1735 1872 1827 1925 sed
1855 1888 1956 1924 non
1987 1873 2054 1924 ita
2084 1869 2337 1923 naturalis

791 1963 929 2016 sicut
952 1964 1213 2028 superius.
1236 1948 1332 2016 sed
1361 1946 1757 2015 consuetudinis
1786 1970 1839 2012 et
1873 1960 1938 2012 ab
1969 1961 2083 2027 ipsa
2113 1960 2335 2028 imperio

790 2064 845 2107 ct
889 2069 917 2106 a
964 2054 1132 2106 factis.
1160 2053 1415 2119 Quoniam
1446 2066 1572 2119 ergo
1610 2046 1695 2103 hic
1735 2048 1945 2117 quidem
1990 2048 2040 2101 id
2077 2049 2214 2115 quod
2256 2057 2336 2100 est

789 2144 1003 2203 amoris,
1031 2152 1112 2196 est
1130 2141 1389 2196 succisum
1416 2157 1477 2195 ac
1501 2142 1814 2194 diminutum
1841 2158 1855 2193 :
1886 2140 2022 2209 quod
2052 2149 2131 2193 cst
2160 2150 2332 2193 autem

789 2229 1435 2300 obedientim,.iutensum
1481 2238 1535 2283 et
1577 2218 1973 2294 ampliﬁcatutu,
2019 2228 2069 2280 in
2115 2242 2180 2280 eo
2225 2228 2336 2280 vult

789 2318 1078 2383 immorari,
1119 2327 1172 2372 et
1216 2317 1355 2385 quod
1410 2318 1561 2386 primi
1612 2317 1804 2368 habent
1836 2332 1865 2368 a
1898 2325 2103 2379 natura,
2135 2314 2234 2367 hoc
2258 2316 2334 2368 eis

793 2396 920 2461 dare
962 2423 1027 2461 ex
1071 2406 1388 2461 obedientia.
1434 2405 1788 2473 Quamobrem
1830 2420 1932 2456 non
1979 2419 2072 2471 pro
2109 2403 2336 2458 dominis

792 2511 912 2549 cum
958 2497 1084 2549 solis
1130 2488 1357 2563 loquitur
1402 2495 1629 2558 latitulis,
1660 2494 1752 2547 sed
1777 2494 1933 2546 etiam
1967 2508 2060 2559 pro
2089 2494 2233 2559 ipsis,
2266 2502 2323 2544 ιιι

794 2604 854 2640 se
878 2588 1105 2641 dominis
1125 2589 1345 2641 reddant
1373 2588 1772 2641 desiderabiles.
1800 2587 1905 2641 Sed
1936 2602 2038 2640 non
2068 2588 2165 2641 hoc
2190 2589 2335 2654 ponit

788 2690 1005 2747 aperte:
1036 2680 1166 2733 alias
1207 2679 1347 2732 enim
1379 2694 1472 2732 eos
1496 2678 1711 2746 supinos
1751 2677 2032 2731 effecisset.
2063 2678 2224 2742 Servi,
2256 2678 2335 2730 in-

786 2769 918 2835 quit,
940 2768 1129 2819 obedite
1148 2752 1236 2831 per
1255 2769 1421 2820 omnia
1446 2767 1658 2819 dominis
1681 2766 1983 2819 carnalibus.

853 2857 909 2908 2.
944 2856 1070 2909 Vide
1092 2866 1264 2908 autem
1283 2855 1545 2923 qttomodo
1567 2870 1775 2922 semper
1797 2857 1942 2921 punit
1963 2841 2195 2918 nomina,
2217 2871 2330 2907 mu-

786 2946 949 3002 lieres.
969 2945 1083 3011 ﬁlii,
1100 2945 1244 3003 servi.
1264 2946 1419 3010 utjus
1433 2943 1731 3006 obedieudi,
1745 2942 1883 3013 quod
1899 2942 2136 2996 debetur.
2149 2943 2248 2995 Sed
2265 2959 2330 2999 ue

784 3033 1010 3088 doleret.
1041 3033 1326 3100 subiunxit,
1352 3033 1578 3085 Dominis
1606 3032 1903 3084 carnalibus.
1931 3031 2079 3096 Quod
2109 3041 2189 3086 est
2218 3034 2289 3086 tui
2308 3071 2328 3099 ,

785 3125 971 3193 inquit,
1007 3124 1280 3190 optimum,
1313 3138 1499 3191 nempe
1523 3124 1714 3181 anima.
1749 3121 1911 3175 libera
1957 3132 2075 3183 cst;
2108 3120 2172 3174 ad
2200 3132 2330 3175 tem-

784 3226 884 3279 pus
911 3221 991 3264 est
1024 3210 1270 3264 servitus.
1300 3210 1503 3275 Corpus
1534 3224 1661 3277 ergo
1685 3208 1871 3275 subde,
1900 3225 1965 3262 ne
1993 3211 2322 3264 necessitatis

785 3301 1009 3367 amplius
1039 3299 1106 3352 sit
1144 3301 1405 3363 servitus.
1430 3297 1549 3351 Non
1588 3299 1655 3349 ad
1683 3299 1879 3351 oculum
1919 3300 2179 3352 servientes
2208 3310 2328 3351 tam-

781 3402 931 3455 quam
968 3386 1250 3439 hominibus
1293 3386 1558 3453 placentes.
1615 3385 1736 3450 Fac,
1784 3386 1970 3452 inquit,
2017 3387 2325 3440 servitutem

781 3492 899 3544 qua:
924 3485 1006 3530 est
1032 3492 1095 3530 ex
1126 3477 1264 3544 lege,
1294 3490 1413 3529 esse
1441 3484 1507 3529 cx
1537 3485 1675 3528 metu
1702 3475 1917 3528 Christi.
1954 3475 2081 3528 Nam
2109 3477 2206 3529 etsi
2238 3476 2327 3529 illo

783 3581 889 3619 non
932 3565 1146 3619 vidente
1179 3564 1305 3617 facis
1340 3579 1455 3632 qum
1489 3572 1718 3630 Oportet,
1751 3572 1802 3616 et
1829 3579 1945 3631 qum
1973 3565 2233 3631 pertinent
2260 3565 2324 3617 ad

782 3654 1036 3710 honorem
1061 3655 1257 3707 domini
1283 3671 1299 3716 ;
1332 3654 1382 3707 id
1412 3654 1562 3720 plane
1593 3655 1717 3706 lacis
1742 3663 1957 3722 propter
1998 3655 2140 3706 illum
2187 3656 2327 3706 ἰιιεη-

782 3761 957 3804 muem
983 3746 1213 3798 oculum.
1244 3742 1362 3796 Non
1387 3743 1455 3794 ad
1478 3743 1673 3794 oculum
1698 3783 1712 3806 ,
1745 3742 1929 3811 iuqttit,
1964 3752 2213 3810 tamquam
2244 3745 2328 3796 ho-

781 3836 993 3889 minibus
1016 3834 1285 3904 placentes.
1311 3832 1425 3899 Quo
1448 3833 1533 3884 lict
1571 3840 1625 3884 ιιι
1656 3846 1746 3884 vos
1782 3831 2027 3884 damnum
2071 3822 2321 3886 subeatis.

781 3924 915 3978 Audi
942 3926 1081 3975 cnim
1120 3921 1425 3990 prophetam
1457 3920 1745 3981 dicentem,
1780 3919 2045 3987 Dissipavit
2078 3920 2322 3977 Dominus

781 4027 893 4064 ossa
921 4026 1088 4063 eorum
1117 4009 1203 4078 qui
1231 4008 1510 4061 hominibus
1541 4007 1729 4073 placent
1760 4006 1926 4078 (l’sal.
1956 4009 2044 4062 59..
2077 4009 2155 4078 6).
2191 4010 2322 4065 Vide

780 4115 908 4168 ergo
935 4097 1198 4165 quontodo
1237 4098 1315 4157 eis
1352 4096 1537 4164 parcit,
1577 4105 1631 4149 et
1662 4112 1755 4148 eos
1798 4099 2065 4166 componit
2094 4116 2107 4151 :
2139 4099 2243 4153 Sed
2268 4101 2321 4153 in

780 4187 1116 4262 siiuplicitate,
1146 4185 1329 4253 inquit.
1358 4184 1542 4247 cordis,
1582 4184 1804 4237 timentes
1830 4183 2009 4236 Deum.
2037 4184 2165 4238 Nam
2195 4187 2322 4241 illud

781 4276 992 4344 quidem
1024 4289 1125 4329 non
1168 4284 1248 4328 est
1285 4270 1608 4340 Silltplit‘iias.
1639 4272 1729 4326 sed
1762 4272 2053 4342 hypocrisis
2077 4284 2130 4327 et
2155 4277 2321 4329 simu-

782 4366 945 4427 latio;
974 4362 1114 4417 aliud
1146 4364 1196 4415 in
1227 4362 1402 4416 animo
1433 4360 1649 4424 habere,
1678 4369 1732 4414 et
1755 4360 1896 4414 aliud
1925 4360 2129 4426 facere;
2158 4364 2319 4418 alium

780 4452 993 4521 quidem
1021 4452 1182 4504 videri
1205 4459 1463 4519 praasente
1486 4449 1718 4512 domino,
1746 4450 1906 4501 alium
1929 4466 2052 4504 vero
2078 4453 2317 4506 absente.

782 4540 895 4595 Non
918 4540 1049 4593 dixit
1073 4554 1199 4607 ergo
1219 4540 1408 4601 solum,
1434 4536 1497 4591 In
1521 4539 1836 4604 simplicitate
1863 4538 2049 4603 cordis,
2076 4540 2165 4593 sed
2184 4580 2198 4601 ,
2230 4540 2291 4594 Ti
2301 4572 2321 4582 -

782 4638 967 4681 mentes
1004 4628 1182 4680 Deum.
1223 4627 1331 4680 lloc
1366 4628 1505 4680 enim
1548 4635 1630 4679 est
1670 4627 1855 4680 timere
1895 4627 2077 4692 Deum,
2112 4631 2322 4698 quando

781 4718 994 4772 nemine
1034 4717 1244 4787 vidente
1270 4715 1399 4769 nihil
1431 4714 1550 4767 mali
1586 4713 1807 4768 facimus
1836 4732 1851 4768 :
1881 4716 1961 4768 sin
1989 4724 2162 4770 autem
2195 4717 2323 4771 laci-

782 4822 920 4868 tntts,
955 4821 1059 4858 non
1100 4806 1281 4863 Deum.
1309 4802 1399 4855 sed
1430 4803 1669 4855 homines
1704 4803 1970 4855 timemus.
2002 4803 2157 4857 Vides
2189 4821 2320 4871 quo-

781 4894 940 4947 modo
964 4895 1081 4947 illos
1105 4892 1417 4957 ClllllpOllal?
1438 4891 1813 4959 Quodcumque
1836 4892 2025 4954 facitis,
2049 4894 2236 4960 inquit,
2258 4911 2324 4947 ex

783 4985 962 5036 animo
1001 4982 1311 5049 operamini.
1341 4983 1476 5034 sicut
1510 4980 1750 5044 Domino,
1788 4989 1843 5033 et
1871 4996 1973 5033 non
2004 4981 2321 5035 hominibus.

781 5072 894 5125 Non
920 5073 1086 5125 solum
1116 5072 1182 5123 ab
1211 5070 1491 5139 hypocrisi.
1523 5071 1612 5123 sed
1641 5071 1798 5124 etiam
1821 5070 1886 5123 ab
1912 5072 2020 5123 otio
2049 5082 2097 5125 et
2126 5067 2323 5125 desidia

784 5176 877 5211 eos
915 5161 1025 5211 vult
1067 5160 1294 5213 liberari.
1339 5159 1443 5211 Eos
1479 5159 1669 5212 liberos
1712 5160 1833 5213 fecit
1866 5159 1961 5227 pro
1988 5161 2174 5222 servis,
2206 5176 2323 5214 eum

788 5266 892 5302 non
934 5265 1064 5315 opus
1088 5249 1310 5301 habeant
1341 5258 1393 5301 nt
1415 5248 1589 5302 adsint
1614 5247 1832 5301 domini.
1866 5248 1973 5301 Iloc
1997 5250 2134 5301 enim
2158 5259 2238 5301 est
2267 5251 2327 5302 il—

787 5338 898 5401 lud,
938 5338 1018 5392 lia:
1045 5340 1230 5401 animo,
1271 5353 1389 5391 eum
1430 5338 1816 5401 benevolentia,
1858 5352 1959 5389 non
1999 5354 2118 5390 cum
2148 5339 2323 5392 servili

787 5430 1119 5491 necessitate,
1147 5428 1237 5482 sed
1262 5429 1424 5481 libere
1448 5437 1499 5478 et
1528 5443 1589 5479 ex
1618 5427 1775 5479 animi
1805 5426 2058 5479 instituto.
2090 5428 2153 5480 Et
2177 5442 2327 5496 qua:-

787 5535 907 5574 nam
946 5527 1027 5570 est
1063 5517 1298 5570 merces?
1342 5516 1563 5569 Scientes
1603 5515 1735 5583 quod
1762 5530 1794 5566 a
1822 5512 2035 5566 Dontino
2073 5514 2325 5582 accipietis

787 5605 1156 5661 retributione»:
1186 5604 1465 5659 hereditatis
1496 5619 1513 5656 :
1542 5601 1755 5656 Domino
1785 5602 1983 5656 Christo
2017 5602 2209 5655 sortite.
2246 5602 2326 5654 Ab

1528 331 1584 388 S.
1620 330 1895 389 JOANNIS
1929 328 2329 386 (3111ιῖ505τοῖ

2434 328 2749 388 ARCHIEP.
2788 332 3308 393 CONSTANTINOP.
3884 346 3971 401 368

2445 436 2561 506 ipso
2586 424 2750 507 enim,
2781 442 2965 511 inquit,
2990 445 3256 515 accipietis
3285 459 3598 505 mercedem.
3626 452 3687 508 Et
3711 453 3849 521 quod
3881 455 3968 509 Do-

2448 527 2593 581 mino
2627 530 2858 596 servitis,
2887 548 2949 585 ex
2981 532 3081 588 hoc
3105 547 3186 589 est
3211 539 3567 606 perspicuum.
3601 542 3700 607 Qui
3728 542 3874 606 enim,
3900 543 3969 595 in-

2443 616 2574 684 quit,
2601 617 2839 686 injuriatn
2867 624 3009 689 facit,
3039 626 3239 691 recipiet
3267 627 3320 677 id
3345 629 3481 697 quod
3506 629 3669 698 inique
3691 631 3860 697 gessit.
3890 631 3967 683 ut:
4028 616 4029 698 ξ

2398 702 2404 709 ’
2444 703 2721 759 conﬁrmat
2744 710 2882 776 quod
2912 711 3053 776 prius
3079 711 3274 765 dictum
3299 724 3397 766 est.
3431 715 3560 769 Nam
3592 732 3658 772 ne
3683 718 3968 772 riderentur

2443 794 2599 846 verba
2641 811 2761 850 esse
2805 804 3175 877 assentationis
3204 821 3219 854 :
3253 804 3492 873 Recipiet,
3537 808 3719 875 inquit,
3759 809 3819 875 id
3852 810 3968 876 quod

2442 880 2607 947 inique
2635 886 2783 951 gessit
2808 902 2827 939 :
2854 886 2955 941 huc
2979 900 3079 950 est,
3108 890 3215 944 luet
3236 907 3416 959 pinnas
3443 893 3605 947 τ’Νοη
3632 907 3702 950 est
3726 897 3853 949 enim
3872 915 3967 964 per-

2441 985 2674 1022 sonorum
2725 973 3131 1057 acceptio’apud
3178 978 3335 1032 Deum
3378 981 3551 1048 (Rom.
3603 983 3655 1036 2.
3700 985 3809 1055 Η).
3848 987 3966 1050 Quid
4028 970 4029 1039 ξ

2440 1059 2604 1124 enim,
2644 1061 2691 1114 si
2723 1078 2779 1115 es
2821 1057 3042 1119 servus?
3080 1084 3184 1121 non
3236 1070 3497 1128 dedecore
3542 1074 3786 1130 afﬁceris.
3826 1078 3965 1146 Atqui
4028 1074 4029 1123 ἰ

2442 1151 2723 1216 oportebat
2764 1153 2828 1207 ad
2876 1155 3120 1212 dominos
3166 1159 3267 1215 hoc
3309 1163 3506 1228 dicere,
3553 1164 3687 1217 sicut
3721 1167 3875 1220 etiam
3926 1170 3965 1219 in
4028 1192 4029 1197 π

2448 1236 2681 1305 Epistula
2712 1241 2776 1294 ad
2827 1244 3112 1313 Ephesios;
3154 1249 3245 1302 sed
3294 1250 3380 1304 hic
3418 1252 3544 1304 mibi
3584 1253 3787 1306 videtur
3828 1256 3968 1310 tacite
4028 1292 4029 1295 η

2445 1326 2740 1394 signiﬁcare
2766 1331 2978 1385 Cra-cos
3002 1334 3265 1390 dominos.
3304 1338 3439 1402 Quid
3478 1340 3637 1406 enim,
3669 1341 3713 1396 si
3751 1342 3839 1397 ille
3860 1347 3967 1412 qui-
4028 1348 4029 1385 ἲ

2443 1416 2561 1469 dem
2584 1416 2821 1484 Graecus,
2848 1432 2900 1475 tu
2929 1436 3104 1479 autem
3128 1442 3186 1481 es
3206 1427 3561 1484 Christianus?
3583 1430 3693 1486 Non
3725 1447 3964 1501 personae,
4028 1442 4029 1445 ‘

2442 1505 2532 1558 sed
2559 1522 2647 1579 res
2675 1512 3060 1569 examinantur.
3104 1516 3453 1589 Quamobrem
3492 1521 3568 1574 sic
3594 1536 3713 1575 cum
3754 1522 3968 1577 benevo-

2442 1594 2619 1661 lentia,
2645 1606 2698 1652 et
2724 1614 2787 1653 ex
2811 1604 2987 1656 animo
3013 1615 3094 1659 est
3133 1608 3483 1663 serviendum.
3517 1609 3663 1681 (Cap.
3692 1612 3771 1681 4.)
3797 1615 3848 1667 l.
3870 1612 3967 1666 De.
4028 1626 4029 1629 ‘

2442 1684 2582 1747 mini,
2609 1687 2744 1750 quod
2761 1690 2956 1756 justum
2981 1701 3054 1746 est
3088 1703 3137 1745 et
3168 1708 3364 1759 aequum
3388 1698 3539 1750 seruis
3569 1709 3818 1767 prastate.
3848 1701 3964 1768 Quid
4028 1742 4029 1747 η

2442 1781 2521 1824 est
2546 1783 2719 1828 autem
2749 1776 2993 1832 Iustum?
3019 1781 3143 1849 quid
3179 1781 3405 1852 ﬁnitum
3424 1786 3452 1838 ε’
3476 1786 3698 1842 Efﬁcere
3730 1798 3789 1842 ut
3813 1789 3879 1843 sit
3903 1791 3968 1843 eis

2441 1877 2616 1915 rerum
2656 1866 2888 1919 omnium
2927 1868 3263 1936 abundantia,
3309 1882 3363 1927 et
3401 1890 3503 1928 non
3550 1878 3724 1932 sinere
3764 1888 3823 1931 ut
3865 1879 3967 1931 aliis

2443 1962 2651 2016 egeant,
2686 1954 2778 2006 sed
2808 1971 2902 2022 pro
2928 1956 3197 2012 laboribus
3224 1975 3317 2014 eos
3343 1965 3687 2017 remunerari.
3708 1964 3820 2018 Non
3843 1968 3967 2019 cuitu

2438 2040 2557 2107 quia
2583 2041 2691 2093 dixi
2725 2057 2817 2096 eos
2844 2060 2872 2095 a
2906 2046 3013 2097 Deo
3046 2046 3237 2102 habere
3266 2052 3585 2115 mercedem,
3624 2064 3892 2121 propterea
3919 2064 3966 2106 tu

2437 2142 2531 2179 eos
2582 2133 2778 2197 privos.
2813 2134 2951 2186 Alibi
3008 2146 3181 2189 autem
3234 2138 3397 2205 dicit,
3455 2141 3771 2196 Retttittentes
3824 2146 3968 2197 minas

2441 2214 2648 2283 (Ephes.
2679 2218 2731 2271 6.
2775 2222 2808 2273 9
2838 2262 2853 2285 ,
2885 2223 3066 2275 volens
3094 2239 3185 2277 eos
3224 2225 3396 2281 facere
3425 2230 3660 2283 mitiores
3686 2249 3699 2284 :
3731 2233 3803 2286 illi
3841 2235 3965 2287 enim

2438 2317 2586 2357 erant
2631 2308 2866 2374 perfecti.
2908 2311 3015 2364 Hoc
3049 2322 3147 2374 est,
3182 2314 3294 2379 Qua
3322 2332 3553 2370 mensura
3583 2321 3737 2373 mensi
3765 2323 3965 2390 fueritis,

2437 2397 2718 2447 remetiatur
2743 2397 2875 2449 vobis
2908 2399 3119 2465 (Matth.
3145 2404 3198 2455 7.
3228 2402 3305 2473 2).
3336 2404 3397 2458 Et
3429 2401 3556 2460 illud
3577 2449 3593 2473 ,
3626 2408 3737 2462 Non
3765 2421 3836 2465 est
3863 2430 3965 2477 per-

2436 2499 2672 2535 s0narum
2696 2488 2933 2555 acceptio,
2967 2488 3067 2541 illis
3096 2491 3288 2544 dictum
3315 2502 3397 2546 est
3426 2513 3437 2547 :
3468 2495 3567 2549 il!is
3597 2508 3770 2553 autent
3802 2502 3969 2554 tribui-
4028 2528 4029 2531 η

2434 2581 2545 2633 tur,
2592 2581 2647 2623 ut
2693 2572 2744 2624 bi
2796 2575 2892 2626 hoc
2918 2576 3198 2641 excipiant.
3234 2578 3453 2646 Quando
3480 2583 3619 2637 enim
3654 2587 3802 2640 alteri
3830 2589 3967 2642 dixe-

2436 2658 2600 2711 rimus
2621 2659 2761 2727 quod
2786 2660 2933 2714 alteri
2965 2667 3227 2733 congruit,
3258 2684 3359 2720 non
3389 2681 3585 2724 tantutu
3616 2674 3759 2727 illum
3801 2691 3966 2730 corre-

2434 2748 2627 2811 ximus,
2659 2760 2915 2816 quantum
2944 2770 3063 2806 eum
3093 2756 3181 2823 qui
3211 2768 3290 2809 est
3318 2775 3458 2813 reus.
3498 2761 3563 2815 Et
3588 2777 3683 2818 vos
3708 2779 3827 2817 cum
3857 2767 3963 2825 illis.

2436 2835 2622 2904 inquit.
2668 2835 2763 2891 llic
2803 2854 3136 2895 communem
3179 2844 3349 2898 ell'ccit
3380 2849 3686 2904 servitutem
3715 2868 3728 2904 :
3762 2854 3967 2909 Scieutcs

2433 2924 2595 2988 enim,
2628 2925 2812 2993 inquit,
2835 2929 2971 2995 quod
2994 2940 3038 2980 et
3062 2946 3145 2981 tos
3170 2930 3654 2992 Dominum-habetis
3674 2940 3723 2992 in
3754 2942 3894 2995 certe.
3918 2943 3962 2995 Ξ.
4028 2994 4029 3001 η

2438 3009 2668 3065 Orationi
2695 3014 2896 3078 instate,
2935 3017 3193 3084 vigilantes
3221 3020 3272 3071 in
3302 3037 3359 3073 ea
3384 3022 3437 3074 in
3464 3026 3737 3091 gratiarum
3766 3032 3961 3083 actione.

2433 3098 2563 3153 Nam
2602 3103 2848 3169 quoniam
2879 3106 3103 3158 oratitmi
3135 3107 3333 3161 instare
3358 3120 3411 3163 ct
3439 3112 3489 3165 in
3514 3128 3576 3167 ea
3618 3130 3962 3184 perseverare,

2433 3202 2576 3279 sazpe
2604 3190 2775 3244 reddit
2802 3194 2978 3261 pigros
3000 3202 3054 3248 et
3080 3195 3315 3261 ignaros,
3350 3212 3624 3277 propterea
3657 3206 3807 3270 dicit,
3846 3206 3965 3277 ινφε-
4028 3270 4029 3279 γ

2431 3277 2611 3343 lentes,
2636 3280 2734 3332 hoc
2759 3289 2859 3342 est,
2889 3282 3073 3346 sobrii,
3100 3298 3204 3336 non
3234 3297 3480 3354 vagantes
3506 3299 3561 3343 et
3580 3306 3841 3350 errantes.
3869 3300 3963 3351 Scit
4028 3346 4029 3353 η

2428 3370 2591 3434 enim,
2636 3372 2735 3423 scit
2774 3371 3013 3426 diabolus
3057 3385 3312 3441 quantum
3351 3376 3543 3431 bonum
3574 3382 3643 3436 sit
3681 3385 3884 3447 oratio;
3921 3397 3963 3437 ct

2432 3457 2551 3511 ideo
2592 3460 2820 3527 graviter
2851 3463 3007 3526 instat
3038 3480 3052 3516 :
3083 3462 3184 3517 scit
3218 3466 3375 3518 etiam
3418 3469 3605 3523 Paulus
3646 3474 3789 3541 quod
3830 3478 3962 3529 multi
4028 3528 4029 3539 χ

2432 3558 2705 3615 precantes
2738 3548 2845 3603 sint
2871 3546 3080 3605 desides
3106 3563 3158 3606 et
3186 3567 3394 3623 segnes.
3424 3558 3781 3625 Quamobrem
3817 3565 3961 3627 dicit.
4028 3548 4029 3591 Ῑ

2433 3634 2665 3690 Orationi
2686 3640 2883 3702 instate,
2918 3650 3180 3709 tamquam
3210 3647 3278 3697 de
3305 3660 3361 3698 re
3382 3645 3665 3703 laboriosa.
3707 3652 3968 3723 Vigilautes

2428 3727 2481 3778 in
2508 3743 2566 3778 ea
2593 3728 2642 3780 in
2685 3728 2958 3796 gratiarum
3000 3730 3211 3784 actione.
3257 3731 3383 3795 Iloc,
3414 3734 3598 3805 inquit,
3638 3739 3711 3793 sit
3746 3754 3961 3795 vestrum

2430 3832 2621 3870 munus
2650 3828 2702 3870 et
2731 3817 2980 3883 olﬁcium,
3014 3820 3065 3873 in
3103 3821 3346 3888 precibus
3377 3820 3535 3892 agere
3560 3830 3777 3894 gratias,
3805 3842 3857 3885 et
3882 3848 3962 3900 pro

2427 3905 2721 3961 manili-stis
2760 3916 2811 3960 et
2842 3922 2936 3975 pro
2967 3923 3069 3962 non
3102 3909 3413 3975 manifestis,
3441 3925 3495 3967 et
3528 3929 3622 3983 pro
3650 3917 3714 3971 iis
3742 3934 3858 3988 qua:
3885 3937 3962 3971 vo-

2427 3996 2655 4050 lcntibus
2691 4005 2745 4050 et
2788 4011 2886 4065 pro
2935 3995 2999 4050 iis
3046 4013 3165 4068 qua:
3219 3998 3397 4053 inritis
3444 4001 3725 4072 benel'eeit,
3776 4020 3829 4063 ct
3881 4024 3961 4078 pm

2426 4099 2589 4153 regno
2628 4094 2683 4138 et
2715 4099 2812 4152 pro
2846 4084 3108 4153 gehenna,
3134 4093 3191 4140 et
3234 4102 3329 4155 pro
3354 4088 3637 4147 alllictione
3677 4104 3733 4149 et
3764 4112 3857 4166 pro
3888 4114 3961 4150 re-

2426 4172 2715 4226 creatioue.
2736 4173 2822 4225 Sic
2848 4173 2989 4225 enim
3021 4187 3134 4226 mos
3162 4183 3246 4228 est
3272 4178 3467 4231 sanctis
3493 4193 3671 4246 orare,
3698 4194 3753 4238 et
3778 4188 3959 4255 gratias

2425 4277 2581 4332 agere
2603 4276 2697 4329 pro
2717 4261 3083 4315 communibus
3109 4262 3397 4318 beneﬁciis.

2501 4355 2554 4409 5.
2604 4351 2713 4405 Viri
2736 4348 2997 4415 cuiusdam
3021 4354 3185 4407 sancti
3205 4356 3639 4423 precatio.—Scio
3665 4375 3766 4429 ego
3792 4379 3959 4433 quem-

2425 4444 2545 4497 dam
2573 4442 2743 4496 virum
2771 4451 3011 4495 sanctum
3040 4443 3119 4497 sic
3141 4458 3341 4498 orasse.
3370 4445 3486 4501 Prae
3513 4447 3615 4502 hoc
3650 4454 3818 4506 verbo
3847 4456 3957 4508 nihil

2427 4533 2567 4586 aliud
2605 4530 2837 4597 dicebat,
2878 4546 3034 4601 quant
3066 4550 3080 4585 :
3109 4531 3317 4587 Gratias
3356 4536 3560 4603 agimus
3594 4549 3693 4607 pro
3734 4544 3958 4596 omnibus

2427 4621 2696 4675 beneﬁciis
2726 4620 2849 4688 tuis,
2878 4636 2995 4687 qua:
3014 4636 3045 4673 a
3074 4622 3241 4688 primo
3266 4623 3352 4677 die
3376 4639 3540 4693 usque
3564 4627 3630 4680 ad
3660 4644 3956 4697 prmsentcm

2428 4708 2567 4761 diem
2596 4708 2749 4760 nobis
2774 4706 3003 4775 indignis
3030 4715 3151 4761 sunt
3170 4709 3360 4764 collata
3387 4727 3403 4764 :
3433 4728 3527 4780 pro
3549 4714 3613 4767 iis
3639 4730 3763 4784 quae
3783 4720 3957 4773 scimus

2428 4806 2483 4849 et
2524 4796 2807 4859 nescimus,
2855 4811 2953 4864 pro
2998 4798 3312 4870 manifestis,
3364 4815 3460 4868 pro
3512 4817 3618 4856 non
3660 4808 3951 4870 manifestis,

2426 4903 2542 4955 qua:
2562 4901 2722 4953 opere
2745 4884 2879 4939 facta
2904 4895 3027 4940 sunt
3047 4890 3099 4941 et
3124 4903 3240 4957 quae
3263 4904 3525 4955 somnne,
3546 4909 3665 4961 qua:
3684 4898 3956 4952 voluntarie

2430 4976 2563 5030 laeta
2612 4987 2735 5029 sunt
2773 4987 2827 5029 ct
2859 4976 3231 5044 involuntarie,
3276 4994 3371 5046 pro
3406 4984 3651 5037 omnibus
3688 5001 3809 5055 qua:
3845 4991 3955 5041 laeta

2429 5076 2551 5119 sunt
2584 5065 2734 5118 nobis
2774 5065 3019 5132 indignis,
3066 5080 3161 5133 pro
3197 5066 3588 5132 amictionibus.
3632 5088 3733 5140 pro
3770 5090 3954 5129 recrea-

2433 5155 2678 5217 tiouibus,
2714 5169 2812 5221 pro
2852 5156 3130 5223 supplicio,
3169 5170 3264 5224 pro
3292 5172 3458 5225 regno
3499 5159 3771 5216 caelorum.
3808 5164 3955 5232 Roga-

2432 5258 2548 5297 lllllS
2588 5252 2644 5293 Ill
2676 5256 2959 5295 CODSCI'VCS
2986 5244 3215 5296 animam
3248 5255 3478 5299 nostram
3508 5258 3768 5315 sanctam,
3794 5268 3952 5320 puram

2435 5334 2710 5387 habentem
2733 5333 3127 5395 conscientiam,
3153 5334 3307 5387 ﬁnem
3330 5334 3543 5404 dignum
3565 5346 3653 5393 tua
3676 5342 3949 5395 clementia.

2431 5421 2528 5486 Qui
2568 5420 2642 5473 sic
2682 5421 2908 5473 dilexisti
2940 5434 3035 5474 nos
3091 5430 3148 5475 ut
3192 5423 3510 5491 unigenitum
3563 5424 3755 5483 Filium
3798 5431 3946 5492 dares,

2434 5511 2649 5578 dignare
2671 5526 2768 5563 nos
2795 5524 2912 5564 esse
2937 5511 3122 5578 dignos
3147 5512 3365 5566 caritate
3388 5528 3400 5564 :
3440 5514 3505 5567 da
3532 5515 3857 5571 ithsct'lnune
3881 5533 3949 5571 tuo

2436 5599 2766 5668 sapientiam,
2790 5608 2841 5653 et
2866 5599 2915 5651 in
2943 5600 3129 5653 timore
3150 5606 3256 5659 tuo,
3286 5601 3547 5670 uuig’enite
3573 5604 3801 5671 Christe,
3833 5615 3944 5659 luant
