4050 6324
117 382 228 442 360

993 380 1060 437 IN
1096 379 1310 438 EPIST.
1350 377 1443 435 AD
1479 375 1745 433 COLOSS.
1785 375 1933 431 CAP.
1975 376 2060 432 Ν.
2100 376 2325 434 ιιοιιιι..
2367 375 2437 434 X.

117 498 323 568 inspira
351 496 710 552 fortitudinem
739 512 752 548 :
784 495 872 565 qui
902 509 998 564 pro
1023 494 1176 549 nobis
1205 493 1396 548 dedisti
1423 492 1674 560 Unigeni-

117 597 253 652 tum,
279 596 338 642 et
365 596 602 641 sanctum
632 595 774 639 tuum
799 585 1020 639 emisisti
1049 584 1300 652 Spiritum
1328 584 1380 637 in
1407 583 1674 637 remissio-

116 688 243 728 nem
271 685 612 744 peccatorum
636 684 959 738 nostrorum,
991 674 1036 728 si
1075 673 1199 743 quid
1223 673 1461 726 volentes
1486 671 1566 725 vel
1595 673 1673 725 in-

3228 378 3333 433 370

1788 490 2090 556 homicidis,
2141 494 2328 549 doctor
2369 494 2515 549 orbis
2558 503 2819 549 terrarum
2851 496 2977 565 :qui
3021 496 3072 549 in
3123 497 3332 550 tertium

1779 581 2019 635 ascendit
2042 584 2253 647 exulum,
2281 584 2367 653 qui
2397 583 2553 637 verba
2596 584 2794 637 audivit
2818 599 3007 637 arcana
3047 593 3102 637 et
3143 584 3330 638 ineffa-

1778 669 1925 735 bilia,
1954 681 2070 727 erat
2098 673 2326 727 vinctus.
2356 673 2459 727 Sed
2495 683 2619 726 tunc
2659 671 2892 726 velocior
2929 681 3041 726 erat
3067 672 3182 741 ejus
3212 688 3333 726 cur-

114 768 204 819 viti
245 767 604 834 peccavimus,
625 767 888 832 eondona,
918 776 972 822 et
999 781 1066 822 ne
1103 775 1313 836 reputes
1345 783 1359 818 :
1390 766 1670 820 recordare
1775 775 1886 815 sus.
1924 761 2024 827 Qui
2064 772 2177 816 erat
2203 763 2426 830 vinctus,
2454 772 2568 816 erat
2603 763 2839 826 solutus;
2871 770 2925 815 et
2961 763 3047 832 qui
3086 779 3190 818 non
3217 773 3328 816 erat

103 855 353 908 omnium
380 856 470 924 qui
508 857 754 911 invocant
793 871 986 911 nomen
1024 865 1169 910 tuum
1212 855 1265 908 in
1295 856 1554 918 veritate;
1585 871 1672 909 re-
1775 851 2002 912 vinctus.
2042 863 2157 907 erat
2201 855 2429 910 vinetus.
2459 853 2587 908 Nam
2612 855 2700 908 ille
2729 852 2942 922 quidem
2977 853 3164 922 agebat
3186 853 3328 922 quod

100 942 342 998 cos-dare
384 944 618 998 omnium
660 947 748 1014 qui
794 944 926 1000 bene
957 953 1010 999 et
1054 959 1206 999 secus
1246 944 1397 998 nobis
1443 944 1665 998 volunt:

99 1044 304 1086 Otones
319 1033 469 1086 enim
494 1047 674 1087 sumus
700 1034 954 1088 homines.
985 1033 1181 1088 Deinde
1207 1035 1408 1102 adjecta
1437 1034 1666 1089 ﬁdelium

105 1120 378 1186 oratione,
422 1107 593 1174 veluti
637 1121 858 1189 quadam
908 1121 1162 1176 coronide
1200 1132 1254 1176 et
1291 1138 1386 1192 pro
1423 1123 1668 1177 omnibus

95 1209 472 1278 colligatione,
515 1212 647 1265 iacta
683 1225 860 1280 prece,
907 1210 991 1264 hic
1029 1213 1289 1266 cessabat.
1330 1212 1488 1266 Multa
1524 1214 1665 1268 enim

101 1301 262 1354 nobis
293 1301 430 1354 bona
456 1301 581 1354 facit
612 1303 747 1356 Deus
769 1304 928 1356 etiam
957 1303 1152 1366 invitis,
1185 1305 1345 1355 multa
1376 1318 1583 1374 quoque
1612 1314 1666 1358 et

101 1387 310 1456 majora
353 1390 732 1444 nescientibus.
784 1389 914 1444 Nam
961 1393 1172 1460 quando
1222 1391 1486 1444 contraria
1541 1407 1664 1459 pre-

99 1491 311 1543 camur,
343 1479 456 1549 ipse
482 1489 658 1534 autem
703 1480 822 1534 facit
861 1482 1146 1541 contraria,
1177 1481 1348 1550 palam
1375 1492 1457 1534 est
1486 1482 1658 1550 ipsum

96 1569 466 1624 nescientibus
493 1569 625 1623 heoe
653 1571 840 1624 facere.
875 1571 926 1624 3.
962 1569 1175 1624 Orontes
1203 1571 1356 1623 simul
1383 1581 1426 1622 et
1455 1587 1546 1639 pro
1572 1587 1663 1622 no-

96 1658 195 1711 bis.
225 1657 366 1712 Vide
404 1660 749 1714 lmmilitatem
781 1679 796 1714 ε
823 1671 942 1728 post
971 1662 1091 1714 illos
1133 1661 1364 1728 seipsum
1395 1662 1558 1729 ponit.
1593 1660 1661 1714 Ut

96 1745 242 1801 Deus
264 1751 458 1816 aperiat
485 1752 624 1804 nobis
662 1752 841 1804 ostium
866 1753 1105 1805 sermonis
1129 1751 1196 1804 ad
1219 1753 1516 1821 loquendum
1546 1769 1653 1822 mg-

95 1839 309 1889 steristm
341 1837 545 1891 Christi.
580 1841 810 1901 Aditum,
843 1841 1040 1909 inquit,
1075 1851 1127 1894 et
1157 1842 1399 1910 loquendi
1433 1843 1654 1896 liberta-

97 1935 230 1980 tem.
279 1927 470 1996 Papae!
516 1937 690 1983 tantus
725 1930 917 1983 athleta
949 1946 1054 1983 non
1097 1930 1248 1994 dixit,
1293 1930 1358 1984 Ut
1400 1931 1589 1984 liberer
1624 1945 1655 1985 a

96 2014 350 2078 vinculis,
379 2014 470 2068 sed
501 2030 620 2069 cum
649 2025 791 2070 esset
821 2019 872 2071 in
901 2017 1144 2083 vinculis,
1174 2019 1305 2072 alios
1332 2020 1570 2088 rogabat,
1602 2028 1656 2074 et

94 2111 322 2169 propter
363 2119 474 2157 rem
514 2119 752 2174 magnam
787 2106 1022 2174 rogabat,
1059 2122 1250 2175 nempe
1296 2118 1353 2159 ut
1393 2107 1656 2176 acciperet

91 2190 346 2259 loquendi
371 2192 686 2246 libertatem.
712 2193 817 2248 Res
836 2193 954 2247 dua:
976 2208 1200 2264 magna,
1233 2210 1423 2263 nempe
1450 2204 1504 2248 et
1531 2212 1652 2264 per-

91 2295 244 2332 sona:
301 2281 551 2349 qualitas,
605 2290 659 2335 et
707 2282 802 2336 rei.
853 2283 1040 2350 Papae!
1096 2294 1290 2352 quanta
1346 2287 1651 2340 auctoritas.

95 2367 422 2436 Mysteriam,
463 2369 651 2440 inquit,
691 2369 895 2425 Christi.
937 2372 1178 2439 Ostendit
1220 2373 1347 2426 nihil
1389 2388 1508 2426 esse
1551 2376 1654 2430 sibi

89 2459 502 2514 desiderabilius
546 2476 701 2530 quam
731 2463 832 2516 hoc
874 2462 1035 2530 loqui.
1079 2462 1291 2531 Propter
1335 2464 1467 2530 quod
1504 2466 1653 2532 etiam

89 2550 295 2603 cinctus
329 2568 457 2615 sum,
487 2552 539 2606 Δ.
569 2559 626 2604 stt
651 2552 1135 2627 manifestemillud,
1172 2555 1241 2606 ita
1269 2564 1318 2607 ut
1359 2565 1547 2621 oportet
1575 2572 1654 2610 me

92 2641 253 2708 loqui.
301 2640 433 2694 Cum
480 2657 688 2712 magna,
739 2645 924 2713 inquit,
979 2645 1169 2700 ﬁducia
1216 2654 1272 2700 et
1324 2647 1529 2700 dicendi
1587 2648 1652 2699 li-

91 2729 327 2797 bertate,
360 2730 492 2787 nihil
522 2735 850 2789 reticentem.
881 2736 1061 2798 Vides,
1094 2738 1298 2791 vincula
1328 2754 1446 2792 eum
1480 2739 1651 2792 mani—

93 2821 294 2874 festum
347 2821 591 2888 reddunt,
637 2840 744 2879 non
792 2827 844 2879 in
911 2827 1139 2881 obscuro
1186 2829 1464 2883 cnllocant.
1519 2829 1648 2883 Cum

89 2910 279 2972 multa,
313 2911 498 2978 inquit,
531 2912 720 2968 ﬁducia
753 2923 808 2969 et
830 2915 1038 2970 dicendi
1071 2917 1333 2972 libertate.
1377 2918 1468 2972 Dic
1498 2919 1647 2984 mihi,

92 3012 145 3054 tu
173 3003 392 3057 vinctus
418 3019 496 3070 es,
527 3015 583 3059 et
605 3007 740 3061 alios
761 3008 1080 3063 consolaris?
1104 3009 1326 3065 Maxime
1353 3030 1368 3066 :
1397 3008 1648 3082 majorem

90 3090 348 3160 loquendi
379 3095 675 3150 libertatem
696 3097 823 3151 dant
849 3099 976 3153 mihi
1007 3101 1209 3155 vincula
1240 3119 1254 3156 :
1282 3103 1374 3158 sed
1401 3105 1492 3158 Dei
1523 3119 1651 3173 rego

85 3182 373 3246 auxilium,
414 3185 590 3238 audivi
632 3187 776 3240 enim
809 3187 1078 3244 Christum
1119 3191 1403 3256 dicentem,
1436 3195 1650 3260 Quando

88 3286 175 3323 eos
202 3271 419 3334 tradent,
461 3275 616 3327 nolite
641 3292 745 3329 esse
770 3279 992 3340 solliciti,
1022 3283 1268 3347 quomodo
1293 3292 1381 3336 aut
1421 3285 1542 3352 quid
1570 3285 1648 3337 lo-

87 3360 319 3421 quamini
345 3359 559 3429 (Hatth.
591 3362 677 3416 lﬁ.
692 3364 819 3434 19).
853 3366 918 3419 Et
944 3367 1062 3421 vide
1086 3371 1352 3437 quomodo
1377 3371 1510 3425 dixit
1531 3388 1646 3426 me-

87 3447 389 3513 taphorice,
438 3447 507 3502 Ut
554 3449 687 3505 Deus
727 3455 919 3522 aperiat
961 3457 1101 3510 nobis
1145 3461 1324 3511 ostium
1367 3462 1652 3516 sermonis?

92 3534 228 3591 Vide
250 3553 410 3606 quam
449 3541 520 3593 sit
543 3555 571 3593 a
599 3540 733 3595 fastu
777 3544 1001 3610 alienus,
1033 3555 1087 3599 et
1114 3563 1232 3600 cum
1276 3559 1418 3603 esset
1447 3551 1497 3604 in
1529 3551 1648 3604 vin-

88 3625 229 3679 culis
258 3641 418 3694 quam
450 3626 719 3685 humiliter
743 3632 1006 3701 loquatur.
1037 3635 1147 3688 Hoc
1175 3647 1272 3699 est,
1318 3637 1385 3692 Ut
1448 3639 1650 3694 molliat

87 3715 256 3768 corda
285 3716 539 3784 ipsorum.
585 3719 700 3774 Non
740 3724 816 3776 sic
858 3732 1032 3779 autem
1073 3727 1224 3788 dixit.
1253 3729 1369 3794 sed,
1400 3728 1466 3785 Ut
1493 3731 1648 3785 nobis

86 3801 180 3856 det
201 3803 447 3860 ﬁduciam
475 3817 528 3862 et
556 3809 802 3879 loquendi
836 3813 1130 3869 libertatem
1153 3833 1166 3880 ;
1197 3819 1273 3871 sic
1301 3820 1520 3888 loquens
1547 3821 1646 3874 hu-

89 3893 296 3948 militer
321 3902 378 3949 et
402 3897 638 3956 modeste
661 3914 720 3955 se
739 3917 928 3970 gerens
956 3920 969 3955 :
998 3914 1052 3958 et
1080 3905 1128 3958 id
1157 3908 1294 3976 quod
1323 3907 1548 3964 habebat
1570 3926 1648 3964 ro-

87 3993 178 4048 gat
215 3993 278 4037 ut
309 3987 548 4055 accipiat.
579 3987 820 4044 Ostendit
857 4003 1030 4046 autem
1072 3994 1124 4048 in
1161 3994 1258 4049 hac
1282 3998 1522 4065 epistola,
1553 4015 1648 4054 cur

88 4081 220 4126 tunc
270 4089 379 4128 non
419 4079 627 4132 venerit
667 4079 933 4144 Christus,
978 4097 1042 4135 eo
1088 4086 1224 4151 quod
1273 4086 1356 4140 illa
1407 4089 1645 4142 umbram

90 4161 301 4216 vocarit
332 4183 346 4217 :
376 4163 569 4234 Corpus
603 4179 788 4233 autem,
835 4171 1024 4240 inquit,
1056 4172 1240 4226 Christi
1279 4174 1408 4245 (Col.
1448 4176 1502 4230 2.
1533 4178 1645 4244 l7);

90 4248 451 4314 Quamobrem
479 4256 753 4321 Oportebat
777 4271 869 4311 eos
897 4260 1096 4313 umbra:
1124 4276 1449 4317 assuescere.
1479 4264 1648 4319 Simul

92 4338 256 4392 etiam
294 4355 402 4394 suae
447 4342 498 4394 in
529 4357 622 4396 eos
660 4346 894 4400 caritatis
933 4350 1219 4404 maximum
1257 4351 1454 4406 indicat
1489 4369 1648 4422 argu-

93 4437 334 4480 mentum
362 4446 376 4480 :
401 4428 468 4484 Ut
490 4445 605 4496 vos,
632 4432 816 4502 inquit,
837 4435 1080 4502 audiatis,
1108 4437 1219 4506 Ego
1246 4449 1421 4495 autem
1445 4443 1651 4496 vinctus

93 4530 236 4570 sum.
290 4518 493 4575 Rursus
540 4523 807 4578 vinculum
849 4527 1062 4581 adducit
1108 4529 1160 4582 in
1215 4531 1463 4595 medium,
1507 4534 1647 4602 quod

93 4605 250 4660 valde
289 4622 428 4670 amo,
473 4609 611 4677 quod
644 4626 738 4664 cor
776 4629 948 4667 meum
988 4616 1202 4682 excitat,
1242 4629 1296 4672 et
1328 4619 1651 4676 desiderium

96 4711 313 4765 semper
330 4696 482 4752 aﬂert
506 4701 714 4754 videndi
743 4702 961 4758 Paulum
988 4705 1038 4758 in
1065 4707 1304 4772 vinculis,
1336 4719 1390 4763 et
1414 4712 1652 4773 scriben-

97 4794 227 4846 tem,
265 4796 320 4840 et
359 4787 756 4856 praedicantem,
799 4802 854 4846 et
890 4795 1256 4862 baptizantem,
1294 4809 1348 4853 et
1383 4802 1652 4856 catechesi

101 4877 484 4931 institueutem.
510 4880 583 4934 De
602 4881 846 4937 omnibus
868 4899 987 4953 qua:
1013 4885 1205 4954 ubique
1229 4897 1380 4942 erant
1401 4888 1654 4946 Ecclesiis

99 4964 164 5016 ad
195 4979 321 5017 eum
353 4967 581 5021 vinctum
613 4969 936 5025 referebatur
967 4990 980 5025 :
1013 4974 1217 5028 vinctus
1253 4990 1408 5045 Sttpl‘a
1439 4979 1654 5033 modum

102 5054 414 5112 :cdilicabat.
448 5056 595 5112 Tunc
621 5061 784 5129 magis
808 5072 924 5115 erat
945 5062 1167 5118 solutus.
1201 5065 1334 5119 Audi
1363 5069 1502 5121 enim
1533 5085 1653 5124 eum

101 5141 364 5196 dicentem
396 5163 407 5196 :
444 5144 511 5200 Ut
533 5148 704 5217 plures
729 5165 756 5202 e
779 5152 1018 5220 fratribus
1045 5154 1347 5219 conﬁdentes
1370 5157 1422 5210 in
1447 5157 1658 5212 vinculis

105 5233 247 5298 meis,
295 5233 629 5291 abundantius
672 5239 914 5307 auderent
951 5242 1056 5294 sine
1099 5243 1273 5297 timore
1317 5247 1517 5298 uerbum
1561 5246 1658 5300 Dei

105 5318 242 5391 loqui
273 5324 526 5394 (Philipp.
555 5328 608 5382 1.
643 5329 750 5397 14).
781 5329 894 5398 Ipse
922 5347 1130 5400 quoque
1156 5349 1338 5388 rursus
1368 5335 1466 5388 hoc
1493 5336 1660 5390 conﬁ-

108 5424 246 5466 tetur
277 5414 478 5476 dicens,
537 5415 750 5482 Quando
773 5419 902 5472 enim
931 5420 1178 5487 inﬁrmor,
1210 5432 1324 5474 tunc
1349 5425 1522 5492 potens
1547 5441 1658 5478 sum

109 5503 184 5567 (2.
215 5503 336 5559 Cor.
378 5505 463 5559 19.
495 5505 600 5574 l0).
639 5506 919 5576 Propterea
959 5509 1166 5564 dicebat
1201 5513 1382 5574 etiam,
1414 5513 1518 5567 Sed
1545 5529 1658 5566 ser-

113 5593 225 5644 tum
259 5591 350 5646 Dei
374 5608 473 5647 non
497 5603 571 5647 est
605 5596 865 5666 alligatam
895 5595 972 5666 ('2.
1003 5596 1135 5651 Tim.
1162 5598 1217 5652 2.
1249 5597 1326 5669 9).
1355 5599 1411 5654 In
1440 5600 1662 5657 vinculis

115 5690 231 5734 erat
264 5694 387 5735 cum
415 5682 661 5739 malefici:
699 5700 764 5739 ac
796 5686 1087 5753 sceleratis,
1125 5701 1242 5743 cum
1271 5689 1512 5758 captivis,
1537 5705 1658 5746 cum

1761 940 1988 994 Volebat
2020 958 2034 991 :
2068 941 2151 995 hic
2195 951 2368 995 autem
2414 943 2737 1010 ipsum-non
2783 941 3113 1010 prohibebat,
3159 957 3330 1009 neque

1774 1043 1926 1084 suum
1970 1031 2215 1100 implebat
2262 1035 2603 1101 prepositum.
2651 1034 2785 1101 Quid
2831 1033 2980 1098 facis,
3027 1051 3060 1086 o
3103 1036 3328 1089 stolide?

1773 1135 1897 1172 num
1924 1130 2003 1173 est
2045 1135 2231 1175 cursor
2259 1123 2589 1192 corporalis?
2618 1140 2742 1176 num
2786 1123 2836 1176 in
2867 1115 3036 1177 stadio
3079 1125 3217 1192 quod
3243 1133 3328 1180 est

1770 1208 1907 1276 apud
1938 1225 2036 1263 nos
2063 1211 2262 1264 certat?
2291 1212 2346 1264 In
2386 1213 2530 1266 czelis
2570 1222 2815 1266 versatur
2843 1230 2856 1265 :
2891 1229 3009 1266 eum
3044 1215 3130 1282 qui
3159 1216 3325 1270 currit

1768 1296 1822 1350 in
1852 1295 2008 1362 tus-lo,
2037 1313 2140 1352 non
2183 1309 2403 1368 possunt
2430 1316 2490 1353 ea
2521 1317 2638 1370 qua:
2666 1311 2784 1354 sunt
2817 1302 2868 1354 in
2915 1303 3068 1356 terris
3109 1286 3324 1372 alligare

1768 1393 1822 1438 et
1861 1387 2110 1440 retinere.
2158 1388 2271 1442 Non
2319 1389 2467 1442 vides
2507 1389 2644 1443 hunc
2685 1390 2893 1444 solent?
2940 1390 3120 1444 Badiis
3167 1392 3323 1458 injice

1764 1477 1994 1540 vincula,
2045 1476 2171 1530 siste
2209 1479 2328 1546 ejus
2374 1495 2583 1532 cursum
2616 1499 2628 1533 :
2659 1481 2751 1534 sed
2792 1496 2896 1534 non
2955 1482 3170 1549 poteris.
3212 1481 3323 1536 Nec

1765 1582 1891 1635 ergo
1914 1567 2148 1630 Paulum,
2175 1577 2226 1621 ct
2253 1571 2414 1623 multo
2437 1571 2610 1624 minus
2636 1570 2776 1625 hunc
2795 1587 2952 1640 quam
2984 1573 3130 1626 illum
3164 1591 3178 1626 :
3210 1589 3321 1625 ma-

1760 1654 1930 1724 jorem
1958 1659 2096 1712 enim
2126 1659 2217 1712 Dei
2244 1674 2422 1713 curam
2451 1675 2512 1713 ac
2542 1662 2921 1728 providentiam
2947 1671 3028 1716 est
3058 1663 3140 1715 hic
3161 1678 3317 1730 quam

1764 1745 1850 1798 ille
1876 1759 2251 1816 consequutus,
2283 1758 2340 1801 ut
2367 1750 2454 1818 qui
2488 1766 2590 1802 non
2624 1750 2774 1804 nobis
2807 1751 2984 1813 talem,
3017 1752 3107 1804 sed
3141 1767 3316 1804 veram

1763 1833 1898 1889 ferat
1939 1837 2129 1892 lucem.
2173 1838 2267 1893 Ubi
2305 1850 2426 1892 sunt
2462 1841 2550 1908 qui
2585 1841 2712 1893 nihil
2758 1841 2939 1893 volunt
2969 1843 3070 1909 pati
3103 1850 3319 1908 propter

1763 1923 2072 1978 Christum?
2116 1927 2238 1995 quid
2281 1938 2456 1981 autem
2487 1929 2605 1982 dico
2647 1930 2776 1998 pati,
2809 1944 2930 1982 cum
2973 1945 3038 1984 ne
3066 1929 3316 1998 pecunias

1758 2015 1972 2084 quidem
2019 2017 2181 2070 velint
2233 2018 2586 2086 profundere?
2638 2019 2908 2072 Vinciebat
2961 2034 3169 2088 quoque
3219 2019 3317 2072 ali-

1758 2105 1971 2172 quando
1997 2105 2207 2170 Paulus,
2236 2116 2292 2160 et
2306 2109 2622 2176 conjiciebat
2649 2110 2698 2162 in
2725 2123 2991 2163 carcerem
3018 2127 3031 2161 :
3055 2109 3146 2163 sed
3175 2119 3316 2176 post-

1758 2207 1918 2259 quam
1960 2193 2126 2247 factus
2153 2205 2234 2249 est
2262 2195 2453 2249 Christi
2485 2212 2692 2260 servus,
2724 2213 2829 2251 non
2873 2196 3013 2266 quod
3049 2205 3170 2266 agat
3195 2197 3313 2266 glo-

1759 2281 1944 2344 riatur,
1981 2283 2073 2337 sed
2120 2284 2258 2352 quod
2311 2286 2556 2354 patiatur.
2616 2286 2681 2339 Et
2731 2285 2830 2339 hoc
2879 2295 2962 2339 est
3005 2287 3313 2341 miraculum

1757 2372 2171 2441 praedicationis,
2202 2373 2413 2442 quando
2445 2389 2536 2442 per
2577 2375 2720 2442 ipsos
2766 2374 3046 2443 patientes,
3082 2389 3185 2427 non
3220 2389 3314 2426 an-

1759 2468 1864 2513 tem
1894 2476 1989 2530 per
2015 2465 2151 2516 male
2176 2473 2409 2532 agentes,
2439 2464 2514 2517 sic
2544 2463 2801 2517 excitatur
2828 2473 2882 2517 et
2909 2473 3147 2532 augetur.
3182 2461 3314 2517 Ubi-

1759 2564 1878 2603 nam
1918 2551 2050 2604 vidit
2089 2553 2345 2622 quispiam
2375 2552 2632 2621 ejusmodi
2677 2551 3005 2606 certamina?
3041 2551 3140 2618 Qui
3175 2550 3313 2605 male

1757 2645 1967 2712 patitur,
2003 2646 2162 2699 vincit
2195 2663 2208 2697 :
2241 2655 2293 2699 et
2331 2647 2418 2715 qui
2459 2647 2597 2700 male
2638 2645 2766 2714 agit,
2801 2639 3046 2697 vincitur.
3079 2641 3170 2697 llle
3209 2641 3311 2696 hoc

1755 2732 2112 2802 praeclarior:
2145 2734 2444 2802 prardicatio
2491 2734 2724 2787 introivit
2770 2747 2866 2802 per
2910 2731 3139 2785 vincula.
3194 2729 3309 2784 Non

1754 2822 2028 2886 erubesco,
2059 2823 2246 2892 inquit,
2279 2824 2371 2878 sed
2400 2825 2558 2878 etiam
2588 2825 2805 2892 glorior,
2833 2821 3145 2876 crncilixum
3175 2834 3311 2889 pra!-

1752 2911 1960 2967 dicans.
1991 2912 2079 2967 Sic
2108 2922 2286 2967 autem
2314 2916 2484 2983 cogita
2518 2932 2532 2966 :
2566 2913 2858 2968 Universus
2884 2912 3031 2965 orbis
3062 2921 3215 2964 terra:
3245 2910 3308 2962 iis

1754 3001 1988 3059 dimissis
2014 3004 2104 3073 qui
2133 3017 2253 3058 sunt
2283 3006 2461 3068 soluti,
2493 3005 2697 3060 accedit
2723 3003 2789 3057 ad
2819 3004 3020 3057 vinctos
3050 3019 3064 3053 :
3096 3016 3189 3056 eos
3217 3001 3307 3068 qui

1753 3093 1991 3148 vinciunt
2016 3110 2289 3159 aversans,
2321 3096 2546 3150 honorat
2584 3110 2676 3149 eos
2716 3095 2806 3164 qui
2836 3101 2961 3147 sunt
2997 3091 3307 3146 circumdati

1751 3183 1990 3247 catenis;
2033 3198 2128 3237 eos
2165 3184 2288 3237 odio
2327 3185 2526 3238 habens
2573 3184 2662 3253 qui
2703 3183 2755 3236 in
2799 3196 3012 3236 crucem
3059 3187 3308 3249 egerunt.

1755 3269 1944 3324 adorat
1965 3271 2288 3324 cruciﬁxum.

1820 3363 1876 3416 ι.
1908 3360 2090 3430 Neque
2109 3364 2281 3417 solum
2307 3370 2390 3414 est
2412 3361 2735 3424 mirandum,
2767 3359 2907 3428 quod
2929 3360 3223 3427 piscatores
3251 3364 3305 3409 et

1755 3453 1934 3507 idiota
1952 3461 2108 3505 erant
2139 3452 2532 3520 praedicatores,
2569 3451 2656 3502 sed
2685 3451 2842 3502 etiam
2867 3451 3008 3517 quod
3039 3449 3164 3512 alia,
3183 3460 3307 3515 qua

1752 3549 1954 3593 natura:
1981 3539 2348 3607 impedimenta
2374 3530 2544 3600 erant,
2563 3555 2666 3591 non
2685 3538 2894 3592 fuemunt
2911 3535 3304 3605 impedimenta,

1751 3639 1807 3684 et
1832 3629 2002 3698 major
2021 3629 2150 3684 facta
2176 3639 2258 3684 est
2275 3631 2525 3684 accessio.
2558 3630 2671 3684 Non
2700 3630 2872 3683 solum
2901 3629 3028 3682 nihil
3068 3627 3309 3696 impediit

1753 3715 1953 3772 ruditas
1976 3727 2030 3772 et
2058 3719 2312 3785 imperitia
2335 3760 2350 3779 ,
2379 3719 2470 3772 sed
2498 3720 2655 3772 etiam
2685 3720 2784 3772 hoc
2828 3719 2996 3785 ipsum
3035 3715 3208 3769 cﬁecit
3252 3724 3309 3767 ut

1755 3807 2025 3859 manifesta
2060 3803 2208 3859 ﬁeret
2235 3793 2556 3873 pmdicatio.
2587 3806 2720 3860 Audi
2746 3806 2886 3863 enim
2911 3803 3105 3858 Lucam
3127 3803 3310 3856 dicen-

1753 3904 1858 3949 tem
1892 3913 1905 3949 :
1935 3894 2001 3947 Et
2030 3911 2141 3947 cum
2167 3896 2513 3964 comperissent
2538 3937 2552 3958 ,
2581 3893 2790 3964 inquit,
2814 3898 2946 3964 quod
2977 3895 3198 3947 homines
3227 3909 3307 3946 es-

1751 3993 1857 4038 sent
1882 3985 2105 4038 illiterati
2131 3993 2178 4036 et
2203 3986 2381 4050 rudes,
2427 3985 2737 4038 mirabuntur
2764 3985 2906 4055 (Act.
2943 3985 2994 4037 4.
3030 3985 3096 4036 l3
3117 3984 3158 4052 ).
3190 3983 3304 4035 Non

1752 4075 1923 4127 solum
1946 4074 2074 4127 nihil
2103 4061 2447 4142 prohibebant
2475 4075 2710 4136 vincula,
2743 4073 2836 4127 sed
2869 4088 2928 4126 ea
2957 4074 3066 4142 ipsa
3105 4072 3307 4125 efﬁcie-

1755 4173 1879 4215 bant
1898 4152 1992 4232 eos
2019 4162 2447 4227 confidentiores.
2477 4162 2592 4216 Non
2624 4163 2755 4216 adeo
2782 4162 3118 4215 conﬁdebant
3141 4159 3305 4214 disci-

1757 4252 1862 4321 puli
1887 4266 2006 4306 cum
2033 4251 2222 4305 Paulus
2248 4260 2388 4306 esset
2412 4251 2633 4317 solutus,
2656 4267 2812 4321 quam
2839 4265 2957 4304 cum
2980 4249 3207 4304 vinctus.
3237 4248 3306 4302 Ut

1754 4342 2104 4406 abundantius,
2129 4344 2316 4410 inquit,
2345 4345 2559 4422 audeant
2584 4344 2690 4395 sine
2717 4343 2893 4395 timore
2915 4357 3188 4394 sermonem
3211 4339 3305 4393 Dei

1756 4431 1892 4498 loqui
1921 4430 1939 4500 (
1963 4429 2073 4484 Col.
2106 4434 2154 4484 l.
2186 4431 2251 4485 id
2277 4433 2314 4499 ).
2351 4431 2445 4486 Ubi
2474 4439 2597 4484 sunt
2621 4432 2707 4500 qui
2737 4432 2918 4484 dicunt
2941 4430 3173 4484 divinam
3200 4444 3307 4482 non

1756 4537 1874 4576 esse
1898 4522 2360 4589 praedicationem?
2397 4521 2596 4574 ruditas
2619 4531 2674 4576 et
2703 4521 2960 4589 imperitia
3007 4534 3111 4574 non
3161 4516 3308 4571 suill-

1756 4613 1927 4666 ciebat
1953 4613 2016 4666 ad
2043 4612 2372 4667 elﬁcicndnm
2401 4623 2458 4666 ut
2485 4613 2582 4682 ipsi
2609 4611 3126 4667 eoodemnarentur?
3151 4625 3310 4679 opor-

1716 4775 1720 4780 _
1758 4703 1900 4772 lebat
1937 4719 2064 4771 ergo
2089 4718 2178 4757 eos
2206 4690 2288 4756 hic
2317 4719 2526 4772 quoque
2568 4703 2806 4756 terrere?
2851 4696 3017 4756 Scitis
3049 4702 3191 4755 enim
3229 4699 3313 4754 his

1757 4794 1961 4848 duobus
1986 4794 2146 4848 animi
2179 4797 2372 4848 morbis
2401 4796 2567 4849 teneri
2596 4796 3000 4853 multitudinem.
3030 4793 3168 4847 inani
3189 4792 3308 4862 glo-

1757 4885 1836 4938 ria
1862 4891 1917 4937 et
1939 4883 2126 4952 abjecti
2153 4885 2313 4937 animi
2342 4886 2489 4938 vitio.
2536 4884 2758 4938 Ruditas
2799 4893 2852 4936 et
2895 4884 3157 4950 imperitia
3204 4897 3312 4935 non

1759 4973 1966 5028 sinebat
1991 4987 2084 5027 eos
2111 4973 2336 5027 sulfundi
2378 4973 2610 5041 pudore;
2653 4973 2882 5043 pericula
2925 4973 3004 5026 eis
3050 4970 3313 5026 debebant

1761 5062 1976 5131 injicere
2029 5063 2288 5114 timorem.
2343 5066 2408 5114 At
2454 5062 2750 5125 faciebant,
2804 5062 3004 5131 inquit,
3037 5061 3310 5115 miracula.

1761 5152 1983 5206 Creditis
2009 5168 2134 5221 ergo
2158 5169 2250 5207 eos
2281 5152 2467 5207 fecisse
2494 5154 2765 5209 miracula.
2797 5156 2862 5207 At
2883 5169 2986 5206 non
3018 5151 3315 5208 iaciebant?

1763 5241 1873 5295 Hoc
1900 5253 1979 5295 est
2005 5243 2173 5310 majus
2198 5243 2502 5296 miraculum
2531 5258 2686 5310 quam
2732 5242 2903 5297 facere
2924 5283 2940 5308 ,
2984 5244 3029 5297 si
3080 5243 3310 5297 adduce-

1763 5332 1953 5386 bantur
1981 5331 2220 5385 homines
2242 5332 2438 5399 absque
2466 5331 2749 5385 miraculis.

1833 5419 1912 5473 De
1940 5421 2459 5475 Socrate.—Vinctus
2483 5422 2642 5474 etiam
2661 5409 2767 5474 fuit
2790 5421 2927 5483 apud
2956 5421 3171 5476 Grmcos
3212 5421 3316 5475 So-

1764 5521 1936 5574 crates
1966 5528 1978 5562 :
2007 5511 2132 5579 quid
2169 5511 2335 5579 ergo?
2378 5525 2554 5565 annon
2579 5511 2755 5564 statim
2783 5509 3047 5580 Megaram
3074 5510 3312 5579 fugerunt

1766 5600 2054 5670 discipuli?
2083 5602 2309 5656 Maxime
2335 5619 2351 5655 ε
2377 5617 2481 5656 non
2509 5601 2649 5655 enim
2675 5601 3004 5656 admiserunt
3030 5617 3149 5669 quae
3172 5601 3317 5655 dicc-

1771 5692 1962 5749 bautur
1987 5693 2053 5751 de
2080 5682 2490 5750 immortalitate.
2522 5692 2626 5748 Sed
2668 5693 2754 5748 hic
2795 5694 2915 5748 vide
2944 5709 2960 5747 :
2995 5693 3200 5747 vinctus
3234 5698 3316 5743 est
