4050 6324
773 445 867 498 δτι
1475 441 1532 496 s.
1570 438 1839 495 tonsis
1871 426 2334 490 CHRYSOSTOMI
2371 427 2677 486 ARClIlEP.
2717 432 3250 490 cossnxnxoc.

780 554 1002 615 Paulus,
1033 563 1085 609 et
1111 556 1273 623 magis
1320 553 1648 608 conﬁdebant
1689 550 1924 616 discipuli
1951 568 1963 601 :
1989 557 2041 601 ct
2079 546 2303 600 merito:

777 645 1024 699 videbant
1063 647 1202 699 enim
1252 661 1353 698 non
1400 643 1639 712 impediri
1689 640 2129 710 pnedicationem.
2175 635 2310 690 Num

781 744 928 801 potes
951 733 1204 800 impedire
1231 733 1496 800 linguam?
1525 747 1616 799 per
1641 746 1756 784 eam
1782 730 1946 782 currit
1975 728 2218 779 maxime.
2247 723 2314 777 Ut

780 823 917 874 enim
945 823 1245 886 cursorem,
1274 823 1369 874 nisi
1411 821 1568 889 pedes
1614 820 1847 872 vinxeris
1873 858 1891 878 .
1932 832 1961 869 a
2013 817 2168 868 cursu
2211 827 2313 865 non

782 910 1109 976 prohibueris
1139 926 1153 960 :
1185 912 1254 962 ita
1281 910 1437 962 etiam
1466 908 1796 976 evangelista:
1844 905 1941 958 nisi
1986 906 2209 970 linguam
2255 901 2316 954 li-

780 997 942 1061 garis,
976 1003 1076 1048 non
1104 998 1429 1062 proliihueris
1458 997 1730 1061 quominus
1760 996 1802 1047 is
1828 1000 2022 1047 currat.
2055 991 2154 1043 Sed
2183 991 2318 1042 sicut

784 1085 872 1138 ille
897 1087 938 1136 si
969 1086 1172 1139 lumbos
1199 1086 1394 1152 ligaris,
1431 1086 1592 1149 magis
1634 1083 1797 1136 currit
1840 1092 1892 1135 et
1941 1090 2174 1148 portatur
2203 1095 2215 1128 :
2250 1079 2316 1130 ita

785 1172 868 1225 hic
894 1157 1114 1239 quoque,
1148 1174 1347 1225 vinctus
1373 1175 1537 1240 magis
1578 1173 1856 1240 przedicat,
1907 1171 2220 1238 liberiusque
2266 1176 2316 1220 et

781 1260 1148 1313 confidentius.
1172 1262 1470 1314 Extimesest
1493 1262 1713 1323 vinctus,
1737 1261 1944 1328 quando
1971 1258 2136 1310 solum
2166 1256 2319 1309 fuerit

784 1349 1044 1402 vinculum
1076 1367 1088 1400 :
1117 1351 1203 1418 qui
1255 1356 1426 1402 autem
1483 1361 1702 1402 mortem
1753 1348 2007 1414 despicit,
2057 1343 2318 1411 quomodo

786 1440 941 1492 fuerit
965 1441 1183 1507 ligatus?
1211 1440 1428 1493 Perinde
1454 1440 1708 1493 faciebant
1734 1449 1888 1506 atque
1928 1438 1971 1490 si
2015 1437 2154 1490 Pauli
2201 1450 2315 1486 um-

786 1527 932 1582 bram
961 1530 1287 1593 vinxissent,
1317 1539 1370 1582 et
1395 1544 1457 1582 os
1482 1529 1594 1595 ejus
1614 1529 1963 1604 obturassent.
2011 1525 2137 1578 Erat
2178 1527 2316 1575 enim

788 1629 953 1681 pugna
983 1617 1273 1670 umbratilis
1307 1633 1320 1666 :
1351 1632 1467 1668 nam
1495 1625 1548 1670 et
1572 1617 1680 1668 suis
1708 1614 1869 1681 magis
1911 1622 2022 1666 erat
2055 1611 2324 1664 desidera-

786 1704 934 1761 bilis.
965 1715 1016 1756 et
1047 1704 1269 1756 inimicis
1314 1705 1476 1771 magis
1520 1703 1867 1764 reverendus;
1914 1711 1970 1752 ut
2014 1701 2099 1766 qui
2145 1699 2319 1765 magni

786 1803 839 1844 et
866 1793 1013 1844 fortis
1037 1791 1196 1844 animi
1215 1789 1372 1843 ferret
1395 1793 1621 1856 praemia,
1656 1804 1841 1855 nempe
1867 1788 2087 1841 vincula.
2114 1787 2320 1838 Corona

787 1887 938 1931 ornat
965 1890 1139 1943 caput,
1172 1894 1272 1930 non
1302 1877 1494 1944 pudore
1522 1877 1698 1940 aflicit,
1724 1877 1813 1928 sed
1833 1878 1991 1930 etiam
2020 1874 2321 1942 praeclarum

787 1967 967 2020 el'llcit.
1001 1965 1148 2018 Inviti
1176 1981 1292 2018 eum
1317 1966 1638 2018 coronabant
1660 1973 1860 2017 catena.
1890 1961 2131 2020 Nam.die
2161 1960 2286 2014 mihi
2307 2001 2322 2024 ,

788 2064 1035 2122 possetne
1059 2054 1250 2107 ferrum
1281 2053 1556 2106 formidare
1578 2054 1665 2122 qui
1705 2051 1927 2106 audebat
1967 2050 2325 2103 adamantinas

791 2142 1033 2208 frangere
1077 2142 1259 2193 mortis
1295 2141 1509 2207 p'rtas?

872 2228 1082 2280 Vincula
1115 2228 1265 2279 Pauli
1287 2243 1436 2292 quam
1473 2227 1705 2294 pretiosa.
1727 2225 2126 2290 —Veniamus,
2174 2242 2207 2280 ο
2250 2225 2328 2278 di-

792 2318 936 2380 lecti,
965 2315 1028 2368 ad
1061 2317 1385 2368 vinculorum
1415 2315 1598 2368 horum
1629 2317 1797 2368 zelum
1825 2326 1877 2369 et
1921 2317 2323 2370 :rmulattonem.

791 2406 1142 2472 QnmCumque
1173 2406 1416 2457 mulieres
1441 2421 1594 2457 aurea
1627 2405 1864 2458 induistis
1894 2405 2104 2458 monilia
2132 2446 2146 2468 ,
2185 2405 2328 2457 Pauli

794 2494 1092 2548 desiderate
1125 2494 1350 2546 vincula.
1377 2494 1486 2546 Non
1518 2496 1591 2546 sic
1617 2495 1763 2565 vobis
1794 2497 1931 2548 circa
1958 2497 2148 2547 collum
2173 2495 2331 2562 fulget

794 2581 1008 2638 collare.
1028 2590 1078 2633 ut
1109 2581 1159 2633 in
1177 2582 1289 2648 ejus
1314 2582 1482 2633 anima
1510 2581 1732 2648 fulgebat
1749 2594 2108 2636 ornamentum
2130 2583 2329 2636 ferreo-

795 2684 906 2720 rum
935 2669 1275 2722 vinculorum.
1305 2669 1357 2723 Si
1388 2671 1638 2738 quispiam
1662 2672 1747 2723 illa
1775 2672 2049 2733 desiderat.
2076 2673 2186 2725 hzee
2212 2675 2333 2726 odio

797 2755 1005 2809 habeat.
1033 2757 1167 2820 Quid
1193 2760 1331 2810 enim
1357 2768 1437 2813 est
1463 2775 1738 2814 commune
1773 2762 1989 2829 ignavia:
2013 2778 2129 2814 eum
2161 2765 2330 2830 magni

795 2846 953 2898 animi
983 2845 1192 2913 virtute,
1217 2850 1450 2915 corporis
1487 2862 1792 2904 ornamento
1822 2866 1940 2904 cum
1975 2851 2332 2922 philosophia?

800 2932 887 2988 IUa
909 2936 1113 2989 vincula
1142 2949 1448 2992 reverentur
1471 2940 1640 3006 angeli
1665 2956 1680 3002 ;
1713 2938 1823 2992 haec
1849 2955 1973 2993 vero
1996 2942 2168 3008 etian;
2199 2941 2332 2994 ludi-

801 3024 1022 3076 ficantur
1049 3044 1063 3078 :
1094 3025 1179 3078 illa
1233 3027 1438 3079 vincula
1482 3027 1653 3079 solent
1699 3042 1727 3079 a
1756 3036 1892 3080 terra
1921 3028 1986 3081 ad
2015 3030 2196 3080 ctelum
2231 3029 2332 3082 tol-

799 3111 942 3172 lere;
973 3111 1086 3165 inec
1102 3112 1304 3166 vincula
1323 3128 1350 3164 a
1377 3115 1508 3165 ctelo
1521 3113 1783 3166 deducunt
1803 3115 1866 3168 ad
1894 3124 2103 3168 terram.
2130 3116 2330 3169 Revera

797 3202 934 3251 enim
966 3201 1075 3252 lucc
1103 3210 1223 3252 sunt
1253 3202 1454 3254 vincula
1480 3240 1495 3265 ,
1524 3216 1627 3255 non
1663 3202 1745 3253 illa
1775 3219 1788 3252 :
1817 3203 1898 3254 illa
1945 3215 2329 3266 ornamentum,

800 3289 911 3342 luec
937 3291 1137 3342 vincula
1166 3307 1178 3342 :
1211 3290 1324 3343 lttec
1348 3305 1466 3343 eum
1497 3305 1717 3357 corpore
1744 3293 1969 3345 animam
1999 3308 2210 3361 quoque
2231 3309 2328 3360 op-

801 3383 1060 3445 primunt:
1090 3381 1175 3431 illa
1196 3395 1314 3431 cum
1336 3395 1557 3449 corpore
1581 3390 1769 3433 ornant
1792 3382 1947 3434 etiam
1967 3384 2213 3436 animam.
2244 3383 2333 3437 Vis

800 3471 938 3521 scire
966 3468 1104 3534 quod
1135 3469 1224 3521 illa
1270 3470 1374 3522 sint
1423 3471 1824 3522 ornamentum?
1871 3469 1960 3524 Dic
2002 3473 2126 3524 mihi
2155 3513 2169 3535 ,
2219 3473 2336 3540 quis

801 3559 966 3622 magis
993 3565 1315 3623 spectatores
1343 3559 1586 3619 attraxit,
1621 3567 1693 3621 ttt,
1740 3574 1806 3610 an
1847 3559 2070 3612 Paulus?
2113 3560 2237 3628 quid
2288 3570 2336 3612 te

800 3645 956 3696 dico?
985 3645 1093 3710 ipsa
1121 3643 1424 3712 lmperatrix
1455 3656 1560 3697 tota
1587 3660 1714 3697 auro
1735 3647 2050 3700 circumdata
2070 3687 2086 3712 ,
2129 3661 2223 3701 eos
2247 3649 2336 3716 qtti

801 3733 980 3785 vident
1003 3748 1105 3785 non
1134 3734 1299 3800 magis
1322 3735 1591 3787 attraxerit
1616 3751 1629 3785 :
1657 3736 1748 3788 sed
1769 3737 1811 3787 si
1838 3736 2112 3805 contigerit
2135 3747 2186 3791 et
2207 3739 2341 3791 Pau-

804 3822 1002 3875 lnm'eo
1028 3830 1264 3890 tempore
1307 3823 1574 3885 vinetum,
1617 3832 1671 3876 et
1713 3822 2094 3891 lmperatricem
2141 3827 2340 3894 ingredi

802 3910 1101 3970 ecclesiam,
1130 3923 1312 3962 omnes
1340 3910 1406 3962 ab
1432 3911 1517 3962 illa
1545 3913 1596 3963 in
1638 3925 1757 3964 eum
1807 3906 2173 3966 converterent
2215 3929 2341 3967 ocu-

809 3999 888 4067 los
917 4014 930 4048 :
957 4006 1010 4050 et
1038 3997 1246 4050 merito.
1285 3997 1470 4051 Videre
1497 4001 1634 4051 enim
1665 3999 1926 4052 hominem
1972 4000 2197 4059 humana
2243 4018 2340 4055 na-

807 4096 918 4140 tura
940 4087 1282 4154 superiorem,
1311 4095 1364 4140 et
1391 4087 1476 4154 qui
1505 4088 1634 4140 nihil
1665 4087 1821 4142 habet
1853 4088 2079 4144 hominis
2098 4132 2112 4153 ,
2139 4091 2231 4144 sed
2259 4101 2342 4146 est

806 4176 1018 4243 angelus
1040 4174 1091 4227 in
1125 4183 1285 4240 terra,
1309 4184 1388 4228 est
1414 4176 1769 4231 admirabilius
1815 4193 1972 4246 quam
2018 4179 2200 4234 videre
2249 4195 2340 4234 or-

808 4277 981 4317 natam
1009 4265 1298 4317 mulierem.
1325 4263 1454 4317 Nam
1482 4266 1594 4318 haec
1621 4267 1828 4334 quidem
1853 4268 1975 4322 licet
1997 4268 2176 4323 videre
2203 4280 2254 4324 et
2289 4271 2339 4324 in

808 4355 1140 4422 spectaculis,
1170 4367 1223 4408 et
1252 4356 1302 4408 in
1335 4357 1558 4423 pompis,
1588 4365 1643 4417 et
1668 4360 1717 4409 in
1746 4356 1965 4422 balneis,
1993 4370 2048 4413 et
2069 4359 2245 4412 multis
2290 4360 2340 4413 iu

809 4447 938 4498 locis
965 4453 1017 4498 et
1046 4445 1271 4513 ubique:
1301 4445 1562 4499 hominem
1587 4456 1762 4500 autem
1808 4447 2184 4501 circumdatum
2231 4453 2344 4503 vin-

807 4536 960 4598 culis,
986 4544 1040 4588 et
1067 4536 1451 4588 existimantem
1478 4551 1534 4589 se
1553 4537 1830 4590 maximum
1852 4537 2047 4592 habere
2065 4553 2345 4594 ornamen-

809 4634 937 4684 tum.
969 4633 1020 4676 et
1045 4625 1263 4677 vinculis
1293 4640 1395 4677 non
1419 4625 1687 4678 cedentem
1713 4666 1727 4689 ,
1772 4626 1883 4680 fleri
1931 4643 2034 4680 non
2078 4637 2250 4696 potest
2288 4638 2346 4682 ut

808 4712 896 4778 qui
926 4711 1113 4774 cernit,
1143 4720 1406 4765 terrenum
1448 4714 1666 4780 aspiciat
1691 4715 2065 4780 spectaculum,
2095 4717 2186 4768 sed
2216 4716 2343 4771 illud

800 4799 950 4850 cmlis
974 4798 1206 4866 dignum.
1234 4787 1334 4865 Qui
1359 4810 1438 4853 est
1464 4800 1548 4854 bis
1571 4801 1922 4855 circumdatus
1958 4804 2162 4856 animus
2183 4843 2200 4869 ,
2243 4804 2345 4857 eir-

809 4886 1082 4953 cumspicit
1110 4888 1227 4954 quis
1273 4888 1476 4948 videat.
1522 4889 1639 4953 quis
1687 4905 1790 4942 non
1833 4890 2047 4944 videat:
2077 4901 2152 4944 est
2208 4889 2345 4944 fastu

813 4975 1020 5043 plenus,
1049 4977 1188 5028 curis
1209 4983 1416 5029 tenetur
1439 4986 1492 5029 et
1517 4977 1952 5032 sollicitudinibus
1975 5020 1989 5040 ,
2019 4980 2221 5033 vinctus
2265 4989 2348 5033 est

809 5063 930 5116 aliis
959 5063 1423 5119 innumerabilibus
1442 5066 1600 5118 animi
1627 5065 1895 5120 affectibus
1921 5085 1934 5119 :
1956 5069 2042 5135 qtti
2070 5078 2152 5121 est
2171 5078 2344 5121 autem

726 5191 728 5194 -
812 5154 916 5205 illis
931 5136 1300 5215 circumdatus,
1331 5164 1410 5207 est
1429 5169 1643 5225 exspers
1665 5156 1845 5216 fastus.
1872 5157 2096 5209 exettllat
2120 5157 2342 5221 animus,

824 5243 882 5287 et
932 5235 1068 5288 liber
1111 5243 1194 5288 est
1240 5237 1307 5289 ab
1353 5240 1496 5291 omni
1535 5241 1916 5305 sollicitudine,
1964 5245 2119 5298 laetus
2163 5248 2353 5300 caelum

820 5323 1066 5390 suspicit.
1113 5323 1168 5377 Si
1215 5326 1340 5393 quis
1384 5328 1515 5380 mihi
1555 5329 1708 5383 daret
1747 5331 2041 5398 optionem,
2070 5336 2354 5390 mallemne

818 5410 1007 5464 videre
1045 5411 1266 5467 Paulum
1294 5429 1325 5468 e
1354 5416 1486 5468 caelo
1517 5429 1855 5473 exserentem
1877 5432 2057 5490 caput,
2086 5433 2141 5477 et
2164 5440 2347 5478 vocem

792 5500 1174 5563 "emittentem,
1216 5517 1281 5555 an
1319 5519 1384 5557 ex
1414 5521 1664 5560 carcere:
1695 5509 1904 5563 mallem
1933 5525 1998 5564 ex
2032 5526 2253 5570 carcere.
2281 5531 2293 5565 :
2319 5529 2350 5568 e

814 5588 945 5641 uelo
971 5591 1116 5643 enim
1160 5590 1226 5643 ad
1273 5591 1448 5660 ipsum
1494 5596 1738 5658 veniunt,
1767 5612 1888 5651 cum
1920 5600 1989 5652 sit
2025 5600 2079 5653 in
2110 5615 2344 5656 carcere.

813 5673 1096 5745 Colligatio
1122 5678 1516 5745 praedicationis
1547 5694 1671 5738 sunt
1705 5686 1912 5742 vincula
1937 5687 2084 5745 Pauli
2116 5706 2127 5741 :
2159 5689 2348 5745 funda-

3855 434 3947 488 573

2418 549 2657 593 mentum
2699 551 2781 596 est
2824 544 2910 596 illa
2939 554 3144 597 catena.
3185 544 3406 597 Vincula
3449 544 3539 597 illa
3565 542 3941 597 desideremus.
3995 549 4003 568 ‘

2483 629 2537 682 5.
2564 629 2631 681 Et
2655 631 2936 703 quomodo,
2970 632 3154 700 inquit,
3179 632 3287 686 fieri
3321 635 3524 702 potest?
3551 636 3606 690 Si
3629 639 3742 691 base
3758 639 3944 691 eontri~

2416 719 2643 769 verimus
2668 728 2720 771 et
2749 704 3167 786 perfregerimus.
3199 720 3382 783 Nullus
3424 739 3548 777 usus
3570 764 3585 784 .
3638 725 3732 777 sed
3781 727 3943 792 potius

2417 805 2659 856 damnum
2686 815 2762 857 est
2785 807 2932 859 nobis
2957 821 3021 859 ex
3049 808 3129 859 his
3149 809 3386 862 vinculis.
3427 809 3547 864 llaec
3585 826 3682 864 nos
3721 812 3833 864 illic
3868 827 3945 863 os-

2419 892 2632 943 tendent
2681 895 2913 957 vinctos;
2957 895 3100 946 Pauli
3144 907 3316 948 autem
3368 898 3570 950 vincula
3613 900 3700 952 illa
3751 900 3948 952 solvent

2421 979 2619 1031 vincula
2651 998 2664 1031 :
2695 996 2809 1047 quae
2833 990 2914 1033 est
2944 983 3023 1033 Itis
3053 982 3135 1035 hic
3164 983 3332 1036 vincta
3351 1024 3370 1048 ,
3419 986 3805 1039 immortalibus
3852 988 3948 1039 Illic

2420 1067 2636 1120 vinculis
2666 1069 2862 1121 vinctas
2885 1070 3094 1124 habebit
3123 1087 3306 1124 manus
3331 1083 3384 1126 et
3424 1075 3614 1140 pedes;
3651 1092 3770 1142 quae
3813 1077 3946 1129 Pauli

2422 1158 2592 1208 vincta
2622 1157 2776 1209 fuerit
2797 1156 3050 1221 vinculis,
3094 1161 3308 1213 habebit
3326 1163 3483 1215 veluti
3511 1173 3880 1216 ornamentum
3907 1167 3947 1216 ei

2423 1253 2542 1296 tunc
2569 1245 2963 1298 circumdatum.
2997 1247 3152 1301 Solve
3199 1259 3252 1301 et
3291 1250 3508 1316 teipsam
3558 1265 3587 1302 a
3629 1253 3869 1315 vinculo,
3906 1265 3950 1303 rt

2423 1349 2699 1401 pauperem
2729 1349 2757 1386 a
2809 1334 2963 1389 fame.
2995 1337 3100 1390 Cur
3139 1348 3466 1403 peccatorum
3505 1350 3716 1392 catenas
3757 1356 3949 1394 conne-

2421 1425 2519 1476 ctis
2537 1424 2560 1474 ?
2577 1423 2884 1488 Quomodo?
2909 1427 3089 1493 inquit.
3104 1428 3320 1492 Quando
3337 1437 3389 1480 tu
3409 1444 3590 1482 aurum
3609 1439 3810 1497 gestas,
3829 1433 3952 1484 alius

2422 1522 2593 1562 autem
2625 1513 2793 1580 perit;
2823 1514 3029 1580 quando
3048 1525 3101 1566 tu
3123 1515 3330 1582 quidem
3355 1525 3412 1568 ut
3430 1517 3634 1569 inanem
3657 1532 3952 1583 assequaris

2421 1599 2665 1667 gloriam,
2693 1612 2891 1653 tantum
2922 1604 3034 1655 auri
3065 1604 3276 1670 accipis.
3307 1605 3441 1657 alius
3468 1614 3641 1658 autem
3673 1621 3777 1659 non
3809 1607 3953 1658 habet

2424 1691 2561 1754 quod
2578 1691 2717 1752 edat,
2735 1706 2905 1742 annon
2927 1702 3132 1757 peccata
3157 1693 3462 1746 connectis?
3491 1693 3645 1746 Indue
3671 1694 3949 1754 Christum.

2425 1787 2479 1830 et
2532 1793 2634 1830 non
2691 1793 2920 1831 aurum:
2965 1780 3050 1832 ubi
3102 1789 3184 1833 est
3228 1796 3505 1844 mamona,
3551 1782 3654 1834 illic
3719 1797 3827 1835 non
3884 1792 3955 1835 est

2425 1864 2708 1917 Christus:
2742 1866 2827 1916 ubi
2870 1877 2950 1918 est
2971 1867 3240 1932 Christus,
3269 1869 3375 1921 illic
3413 1886 3528 1937 .non
3572 1879 3652 1922 est
3696 1885 3953 1924 mamoua.

2427 1952 2540 2006 Non
2583 1955 2659 2006 vis
2699 1954 2838 2007 iudtti
2881 1956 2992 2023 ipso
3026 1955 3170 2023 Rege
3196 1957 3595 2011 universorum?
3621 1960 3676 2012 Si
3703 1961 3954 2028 quispiam

2429 2044 2519 2096 tibi
2542 2043 2691 2097 daret
2712 2060 2992 2112 purpuram
3021 2056 3075 2098 et
3099 2047 3338 2100 diadema
3360 2088 3374 2111 ,
3417 2064 3519 2102 non
3543 2049 3592 2102 id
3623 2052 3792 2117 potius
3829 2052 3957 2103 acci-

2429 2149 2580 2200 peres
2605 2150 2758 2201 quam
2783 2136 3001 2201 quodvis
3029 2139 3250 2189 aurum?
3277 2138 3385 2206 Ego
3407 2140 3497 2191 tibi
3538 2154 3640 2190 non
3683 2155 3958 2192 ornamen-

2430 2231 2538 2276 tum
2570 2227 2766 2292 regiutn
2795 2224 2885 2286 do,
2917 2225 3008 2277 sed
3039 2227 3206 2294 ipsum
3249 2227 3442 2294 Regem
3489 2229 3697 2295 pr.rbeo
3728 2229 3821 2280 tibi
3866 2245 3958 2295 quo

2431 2312 2682 2365 induaris.
2713 2315 2776 2366 Et
2800 2316 3078 2383 quomodo,
3120 2317 3303 2384 inquit,
3334 2316 3541 2371 Christo
3562 2318 3805 2370 induetnr
3830 2319 3962 2384 quis-

2432 2404 2609 2469 piam?
2636 2403 2769 2456 Audi
2804 2405 3017 2457 Paulnm
3045 2405 3304 2459 dicentem
3333 2422 3346 2458 :
3376 2402 3679 2475 Quicumque
3703 2409 3756 2459 in
3776 2408 3960 2460 Christo

2429 2491 2664 2558 baptizati
2692 2493 2805 2544 estis
2825 2533 2838 2554 ,
2867 2492 3116 2546 Christum
3140 2495 3367 2548 induisti:
3409 2502 3426 2566 (
3450 2496 3563 2549 Gal.
3591 2499 3642 2550 5.
3664 2496 3734 2549 27
3761 2499 3778 2565 )
3805 2514 3818 2547 :
3847 2499 3958 2549 audi

2441 2579 2782 2644 aposmlicam
2807 2580 3216 2634 admonitionem
3250 2601 3264 2634 :
3294 2583 3467 2636 Carnis
3489 2623 3506 2648 ,
3538 2584 3702 2651 inquit
3732 2624 3747 2646 ,
3800 2601 3962 2636 curnt

2434 2681 2494 2717 ne
2521 2669 2730 2735 feceritis
2752 2669 2820 2719 ad
2867 2671 3307 2736 concupiscentiam
3359 2671 3545 2740 (Rom.
3598 2674 3680 2726 15.
3729 2674 3849 2740 14).
3888 2674 3964 2726 Sic

2434 2757 2690 2822 quispiam
2719 2758 2928 2809 Christo
2956 2758 3205 2820 induitur,
3229 2760 3270 2811 si
3293 2761 3466 2812 carnis
3487 2776 3665 2812 curant
3691 2777 3796 2812 non
3828 2770 3965 2829 gerat

2433 2843 2495 2895 ad
2521 2845 3016 2912 concupiscentiam.
3047 2846 3099 2899 Si
3125 2846 3336 2900 Christo
3357 2848 3620 2908 induaris,
3645 2848 3744 2914 ipsi
3787 2859 3838 2902 te
3875 2849 3966 2900 for-

2435 2935 2706 2985 tnidabunt
2732 2937 2998 2988 dtcmoncs
3021 2952 3035 2997 ;
3065 2937 3145 2987 sin
3173 2946 3343 2987 autem
3366 2951 3515 2998 auro,
3541 2939 3701 2988 etiam
3736 2937 3965 3000 homines

2435 3022 2725 3076 irridebunt
2754 3039 2768 3077 :
2799 3024 2840 3076 si
2873 3023 3080 3077 Christo
3105 3023 3352 3090 induaris,
3385 3027 3540 3079 etiam
3581 3035 3632 3079 te
3658 3027 3966 3080 reverebuu-

2436 3119 2520 3162 tur
2549 3111 2802 3166 homines.

2505 3200 2685 3252 Contra
2706 3202 2908 3252 nimium
2935 3203 3194 3254 mulierum
3214 3213 3543 3256 ornatum.—
3568 3203 3654 3256 \‘is
3679 3203 3845 3256 videri
3871 3205 3970 3270 pul-

2436 3288 2560 3341 chra
2587 3301 2641 3342 et
2664 3289 2898 3342 decora?
2920 3291 3007 3342 tibi
3038 3290 3258 3354 sufﬁciat
3281 3290 3521 3342 formatio
3541 3290 3824 3345 Creatoris.
3847 3293 3968 3359 Quid

2438 3393 2594 3432 aurea
2641 3380 2841 3431 inducis
2878 3389 3220 3442 ornamenta,
3263 3391 3523 3448 tamquam
3569 3381 3618 3433 id
3658 3383 3797 3448 quod
3844 3383 3971 3435 Deus

2438 3469 2642 3522 effinxit
2666 3469 3005 3521 correctura?
3031 3469 3118 3523 Vis
3146 3469 3312 3522 videri
3333 3471 3520 3522 decora
3543 3472 3566 3522 ?
3593 3471 3814 3523 induere
3848 3473 3972 3524 elec-

2440 3571 2679 3624 mosyna,
2713 3557 2932 3610 induere
2961 3557 3277 3625 benignitate
3300 3598 3312 3618 ,
3362 3559 3579 3610 induere
3625 3558 3882 3612 modestia
3927 3569 3973 3610 et

2443 3646 2802 3712 temperantia,
2821 3656 2873 3698 et
2891 3659 2920 3696 a
2945 3654 2993 3697 te
3013 3647 3147 3697 absit
3166 3645 3348 3698 fastus.
3374 3645 3494 3699 lltec
3513 3649 3686 3700 omnia
3710 3657 3836 3700 sunt
3858 3662 3973 3698 aum

2443 3734 2747 3801 pretiosiora
2773 3750 2786 3785 :
2820 3735 2930 3786 haec
2949 3735 3104 3786 etiam
3129 3735 3417 3800 speciosam
3448 3735 3672 3787 reddunt
3701 3737 3868 3803 magis
3889 3735 3973 3787 de-

2441 3836 2618 3875 coram
2644 3839 2656 3873 :
2678 3823 2788 3874 htec
2813 3824 2969 3875 etiam
2993 3838 3094 3874 non
3124 3822 3404 3876 formosam
3427 3824 3660 3877 efficiunt
3679 3824 3972 3878 formosam.

2442 3908 2661 3973 Quando
2681 3911 2819 3962 enim
2844 3911 2961 3976 quis
2985 3925 3104 3962 cum
3132 3910 3493 3963 benevolentia
3522 3912 3860 3978 coniunctam
3903 3914 3974 3964 vi-

2442 3998 2578 4050 derit
2597 3996 2838 4062 formam,
2860 4015 2924 4052 ex
2948 4001 3165 4052 caritate
3184 3999 3284 4052 fert
3300 4001 3609 4053 sententiam
3635 4018 3650 4053 :
3677 4003 3974 4068 pravitatem

2443 4095 2642 4150 autem,
2677 4100 2741 4138 ne
2765 4087 2810 4139 si
2848 4087 2916 4139 sit
2959 4087 3166 4154 quidem
3210 4087 3459 4154 pulchra,
3508 4097 3681 4155 potest
3725 4089 3975 4157 quispiam

2444 4174 2619 4229 dicere
2660 4173 2976 4241 pulchram:
3016 4175 3276 4227 sauciatus
3313 4177 3450 4229 enim
3492 4178 3698 4231 animus
3744 4195 3851 4231 non
3900 4194 3976 4230 re-

2445 4271 2582 4316 ctam
2630 4261 2730 4315 fert
2773 4263 3105 4316 sententiam.
3151 4261 3342 4317 Ornata
3369 4265 3631 4332 quondam
3680 4266 3776 4318 fuit
3821 4266 3976 4336 Egy-

2447 4353 2572 4419 ptia,
2604 4360 2818 4404 ornatus
2837 4367 3045 4419 quoque
3075 4350 3172 4404 fuit
3211 4352 3404 4419 Josepb
3436 4371 3450 4406 :
3479 4363 3594 4406 uter
3626 4365 3740 4407 erat
3786 4357 3978 4409 formo.

2447 4441 2591 4493 sior?
2615 4455 2718 4494 nou
2745 4440 2863 4494 dico
2895 4439 3104 4509 quando
3136 4441 3224 4493 illa
3254 4450 3369 4495 erat
3401 4443 3452 4496 in
3483 4445 3622 4510 regia
3644 4483 3660 4504 .
3692 4443 3777 4498 hic
3813 4455 3978 4497 autem

2449 4528 2500 4580 in
2529 4542 2760 4581 carcere.
2791 4527 2885 4580 Hic
2907 4536 3025 4580 erat
3050 4528 3220 4581 nudus
3240 4567 3258 4590 ,
3297 4529 3389 4582 sed
3417 4538 3534 4583 ent
3573 4531 3784 4585 indutus
3828 4535 3979 4585 vesti-

2450 4617 2640 4670 mentis
2687 4618 3044 4686 temperantite
3083 4627 3138 4671 et
3161 4620 3531 4674 continentiae:
3565 4622 3650 4674 illa
3689 4633 3802 4675 erat
3843 4623 3981 4675 indu-

2449 4713 2522 4770 ta,
2548 4705 2641 4759 sed
2661 4714 2776 4759 erat
2796 4705 2932 4759 unda
2963 4709 3202 4775 turpior;
3239 4723 3343 4762 non
3376 4709 3602 4764 habebat
3623 4711 3766 4764 enim
3795 4720 3982 4778 tempe.

2450 4795 2695 4848 rantiam.
2721 4795 2941 4860 Quando
2971 4804 3021 4848 te
3052 4790 3286 4864 impense
3309 4798 3540 4860 ornaris.
3569 4813 3602 4851 ο
3626 4800 3842 4862 mulier,
3871 4811 3980 4852 tunc

2450 4881 2589 4937 nuda
2613 4880 2746 4936 facta
2769 4897 2827 4936 es
2852 4884 3089 4958 turpior;
3120 4886 3308 4939 exuisti
3329 4887 3468 4940 enim
3495 4887 3826 4942 modestiam.
3868 4887 3981 4942 Erat

2451 4974 2610 5026 etiam
2639 4973 2745 5025 Eva
2772 4975 2907 5026 nuda
2928 5013 2944 5037 ,
2975 4974 3065 5027 sed
3093 4975 3303 5044 quando
3340 4973 3436 5028 fuit
3469 4976 3649 5030 induta
3670 5017 3685 5040 ,
3717 4987 3842 5032 tunc
3879 4986 3980 5030 erat

2451 5065 2652 5130 turpior
2685 5080 2697 5115 :
2732 5078 2848 5115 nam
2878 5063 3087 5131 quando
3116 5072 3228 5117 erat
3257 5063 3394 5118 nuda
3422 5105 3437 5128 ,
3483 5065 3647 5134 gloria
3689 5066 3781 5121 Dei
3823 5066 3979 5120 fuerat

2451 5160 2636 5206 ornata
2663 5170 2677 5215 ;
2709 5153 2922 5221 quando
2943 5162 3114 5206 autem
3147 5153 3314 5206 induit
3337 5162 3538 5226 vestem
3585 5156 3815 5224 peccati,
3871 5166 3979 5207 tunc

2452 5252 2562 5295 crat
2591 5242 2774 5309 turpi-u
2806 5243 2871 5296 Et
2894 5251 2946 5294 tu
2972 5257 3091 5296 cum
3117 5242 3381 5297 mundano
3399 5242 3630 5297 indueris
3643 5255 3854 5308 ornatu,
3870 5254 3978 5296 tunc

2453 5345 2672 5398 appares
2694 5332 2912 5398 turpior.
2935 5329 3062 5383 Nam
3085 5330 3221 5399 quod
3249 5332 3443 5384 nimius
3467 5341 3710 5400 sumptus
3747 5342 3798 5385 et
3841 5333 3978 5386 luxus

2453 5434 2557 5470 non
2602 5417 2825 5471 suflieiat
2857 5419 2922 5471 ad
2965 5418 3340 5474 ostendendam
3387 5420 3858 5488 pulchritudinem,
3896 5418 3974 5473 sed

2455 5506 2564 5560 ficri
2592 5508 2754 5574 possit
2779 5516 2835 5560 ut
2865 5507 3042 5561 induta
3069 5511 3240 5563 minus
3276 5511 3343 5564 sit
3381 5509 3600 5563 honesta
3627 5526 3780 5578 quam
3819 5509 3973 5568 nuda.

2451 5611 2549 5663 ego
2573 5597 2763 5651 dicam.
2792 5595 2846 5652 Si
2889 5597 3101 5667 quando
3145 5599 3358 5654 induisti
3404 5601 3718 5656 vestimenta
3768 5603 3972 5658 tibicinis

2455 5696 2538 5738 aut
2572 5685 2825 5753 chorauli,
2855 5703 2919 5741 au
2948 5689 2996 5742 id
3021 5705 3122 5744 non
3157 5699 3267 5744 crat
3312 5689 3648 5744 inhonestum
3686 5703 3739 5747 et
3781 5693 3973 5745 iudCCO'
