  <div class='ocr_page' id='page_1' title='image "/cluster/home/n/w/nwhite01/storage/ocr_20150623/62/pst.000005712625/380.png"; bbox 0 0 4050 6324; ppageno 0'>
   <div class='ocr_carea' id='block_1_1' title="bbox 75 446 165 505">
    <p class='ocr_par' dir='ltr' id='par_1_1' title="bbox 75 446 165 505">
     <span class='ocr_line' id='line_1_1' title="bbox 75 446 165 505; baseline -0.067 -1"><span class='ocrx_word' id='word_1_1' title='bbox 75 446 165 505; x_wconf 71' lang='lat'><strong>373</strong></span> 
     </span>
    </p>
   </div>
   <div class='ocr_carea' id='block_1_2' title="bbox 73 540 1609 623">
    <p class='ocr_par' dir='ltr' id='par_1_2' title="bbox 73 540 1609 623">
     <span class='ocr_line' id='line_1_2' title="bbox 73 540 1609 623; baseline -0.016 -11"><span class='ocrx_word' id='word_1_2' title='bbox 73 557 221 613; x_wconf 80' lang='lat' dir='ltr'><strong>rum?</strong></span> <span class='ocrx_word' id='word_1_3' title='bbox 249 553 411 623; x_wconf 77' lang='lat' dir='ltr'><strong>Atqui</strong></span> <span class='ocrx_word' id='word_1_4' title='bbox 444 550 748 606; x_wconf 88' lang='lat' dir='ltr'><strong>indumenta</strong></span> <span class='ocrx_word' id='word_1_5' title='bbox 794 553 916 600; x_wconf 86' lang='lat' dir='ltr'><strong>sunt</strong></span> <span class='ocrx_word' id='word_1_6' title='bbox 952 558 1155 605; x_wconf 86' lang='lat' dir='ltr'><strong>aurea;</strong></span> <span class='ocrx_word' id='word_1_7' title='bbox 1196 540 1289 595; x_wconf 89' lang='lat' dir='ltr'><strong>sed</strong></span> <span class='ocrx_word' id='word_1_8' title='bbox 1332 550 1609 623; x_wconf 82' lang='lat' dir='ltr'><strong>propterea</strong></span> 
     </span>
    </p>
   </div>
   <div class='ocr_carea' id='block_1_3' title="bbox 66 621 1660 708">
    <p class='ocr_par' dir='ltr' id='par_1_3' title="bbox 66 621 1660 708">
     <span class='ocr_line' id='line_1_3' title="bbox 66 621 1660 708; baseline -0.014 -7"><span class='ocrx_word' id='word_1_9' title='bbox 66 657 143 701; x_wconf 87' lang='lat' dir='ltr'><strong>est</strong></span> <span class='ocrx_word' id='word_1_10' title='bbox 156 621 381 699; x_wconf 77' lang='lat' dir='ltr'><strong>dedecus</strong></span> <span class='ocrx_word' id='word_1_11' title='bbox 396 657 459 695; x_wconf 88' lang='lat' dir='ltr'><strong>ac</strong></span> <span class='ocrx_word' id='word_1_12' title='bbox 488 637 750 708; x_wconf 90' lang='lat' dir='ltr'><strong>turpitudo</strong></span> <span class='ocrx_word' id='word_1_13' title='bbox 776 635 911 704; x_wconf 87' lang='lat' dir='ltr'><strong>quod</strong></span> <span class='ocrx_word' id='word_1_14' title='bbox 932 635 1037 688; x_wconf 88' lang='lat' dir='ltr'><strong>sint</strong></span> <span class='ocrx_word' id='word_1_15' title='bbox 1063 646 1239 687; x_wconf 83' lang='lat' dir='ltr'><strong>aurea.</strong></span> <span class='ocrx_word' id='word_1_16' title='bbox 1267 630 1449 685; x_wconf 70' lang='lat' dir='ltr'><strong>Scene:</strong></span> <span class='ocrx_word' id='word_1_17' title='bbox 1470 621 1609 682; x_wconf 84' lang='lat' dir='ltr'><strong>enim</strong></span> <span class='ocrx_word' id='word_1_18' title='bbox 1656 694 1660 699; x_wconf 13' lang='grc' dir='ltr'><strong>ἢ</strong></span> 
     </span>
    </p>
   </div>
   <div class='ocr_carea' id='block_1_4' title="bbox 67 722 1605 806">
    <p class='ocr_par' dir='ltr' id='par_1_4' title="bbox 67 722 1605 806">
     <span class='ocr_line' id='line_1_4' title="bbox 67 722 1605 806; baseline -0.01 -17"><span class='ocrx_word' id='word_1_19' title='bbox 67 744 297 804; x_wconf 78' lang='lat' dir='ltr'><strong>sumptus</strong></span> <span class='ocrx_word' id='word_1_20' title='bbox 342 747 408 786; x_wconf 84' lang='lat' dir='ltr'><strong>ac</strong></span> <span class='ocrx_word' id='word_1_21' title='bbox 450 732 605 783; x_wconf 80' lang='lat' dir='ltr'><strong>lusus</strong></span> <span class='ocrx_word' id='word_1_22' title='bbox 648 728 889 783; x_wconf 90' lang='lat' dir='ltr'><strong>convenit</strong></span> <span class='ocrx_word' id='word_1_23' title='bbox 935 725 1219 794; x_wconf 70' lang='lat' dir='ltr'><strong>tragmdis,</strong></span> <span class='ocrx_word' id='word_1_24' title='bbox 1248 722 1605 806; x_wconf 80' lang='lat' dir='ltr'><strong>histrionibus,</strong></span> 
     </span>
    </p>
   </div>
   <div class='ocr_carea' id='block_1_5' title="bbox 64 804 1605 887">
    <p class='ocr_par' dir='ltr' id='par_1_5' title="bbox 64 804 1605 887">
     <span class='ocr_line' id='line_1_5' title="bbox 64 804 1605 887; baseline -0.011 -9"><span class='ocrx_word' id='word_1_25' title='bbox 64 825 254 887; x_wconf 86' lang='lat' dir='ltr'><strong>mimis,</strong></span> <span class='ocrx_word' id='word_1_26' title='bbox 284 820 623 875; x_wconf 71' lang='lat' dir='ltr'><strong>salutaribus</strong></span> <span class='ocrx_word' id='word_1_27' title='bbox 641 857 657 881; x_wconf 93' lang='lat'><strong>,</strong></span> <span class='ocrx_word' id='word_1_28' title='bbox 684 826 739 871; x_wconf 90' lang='lat' dir='ltr'><strong>et</strong></span> <span class='ocrx_word' id='word_1_29' title='bbox 763 818 826 870; x_wconf 91' lang='lat' dir='ltr'><strong>iis</strong></span> <span class='ocrx_word' id='word_1_30' title='bbox 852 814 943 884; x_wconf 86' lang='lat' dir='ltr'><strong>qui</strong></span> <span class='ocrx_word' id='word_1_31' title='bbox 973 821 1206 882; x_wconf 76' lang='lat' dir='ltr'><strong>pugnant</strong></span> <span class='ocrx_word' id='word_1_32' title='bbox 1231 825 1349 864; x_wconf 86' lang='lat' dir='ltr'><strong>cum</strong></span> <span class='ocrx_word' id='word_1_33' title='bbox 1378 804 1559 865; x_wconf 79' lang='lat' dir='ltr'><strong>bestiis</strong></span> <span class='ocrx_word' id='word_1_34' title='bbox 1590 824 1605 861; x_wconf 89' lang='lat'><strong>:</strong></span> 
     </span>
    </p>
   </div>
   <div class='ocr_carea' id='block_1_6' title="bbox 69 902 1610 966">
    <p class='ocr_par' dir='ltr' id='par_1_6' title="bbox 69 902 1610 966">
     <span class='ocr_line' id='line_1_6' title="bbox 69 902 1610 966; baseline -0.01 -1"><span class='ocrx_word' id='word_1_35' title='bbox 69 912 201 965; x_wconf 87' lang='lat' dir='ltr'><strong>ﬁdeli</strong></span> <span class='ocrx_word' id='word_1_36' title='bbox 225 919 404 963; x_wconf 84' lang='lat' dir='ltr'><strong>autem</strong></span> <span class='ocrx_word' id='word_1_37' title='bbox 437 907 643 961; x_wconf 84' lang='lat' dir='ltr'><strong>mulieri</strong></span> <span class='ocrx_word' id='word_1_38' title='bbox 667 906 784 959; x_wconf 76' lang='lat' dir='ltr'><strong>alite</strong></span> <span class='ocrx_word' id='word_1_39' title='bbox 811 904 1003 957; x_wconf 89' lang='lat' dir='ltr'><strong>dantur</strong></span> <span class='ocrx_word' id='word_1_40' title='bbox 1024 918 1053 954; x_wconf 90' lang='lat' dir='ltr'><strong>a</strong></span> <span class='ocrx_word' id='word_1_41' title='bbox 1080 902 1188 955; x_wconf 90' lang='lat' dir='ltr'><strong>Deo</strong></span> <span class='ocrx_word' id='word_1_42' title='bbox 1206 908 1401 964; x_wconf 87' lang='lat' dir='ltr'><strong>vestes,</strong></span> <span class='ocrx_word' id='word_1_43' title='bbox 1420 910 1610 966; x_wconf 81' lang='lat' dir='ltr'><strong>nempe</strong></span> 
     </span>
    </p>
   </div>
   <div class='ocr_carea' id='block_1_7' title="bbox 64 987 1615 1065">
    <p class='ocr_par' dir='ltr' id='par_1_7' title="bbox 64 987 1615 1065">
     <span class='ocr_line' id='line_1_7' title="bbox 64 987 1615 1065; baseline -0.01 -13"><span class='ocrx_word' id='word_1_44' title='bbox 64 1002 175 1065; x_wconf 84' lang='lat' dir='ltr'><strong>ipse</strong></span> <span class='ocrx_word' id='word_1_45' title='bbox 200 998 501 1064; x_wconf 80' lang='lat' dir='ltr'><strong>unigenitus</strong></span> <span class='ocrx_word' id='word_1_46' title='bbox 531 995 622 1048; x_wconf 90' lang='lat' dir='ltr'><strong>Dei</strong></span> <span class='ocrx_word' id='word_1_47' title='bbox 654 993 833 1046; x_wconf 79' lang='lat' dir='ltr'><strong>Filius.</strong></span> <span class='ocrx_word' id='word_1_48' title='bbox 864 990 1113 1058; x_wconf 79' lang='lat' dir='ltr'><strong>Quotquot</strong></span> <span class='ocrx_word' id='word_1_49' title='bbox 1140 989 1292 1052; x_wconf 83' lang='lat' dir='ltr'><strong>enim,</strong></span> <span class='ocrx_word' id='word_1_50' title='bbox 1322 988 1527 1056; x_wconf 93' lang='lat' dir='ltr'><strong>inquit,</strong></span> <span class='ocrx_word' id='word_1_51' title='bbox 1558 987 1615 1055; x_wconf 8' lang='lat' dir='ltr'><strong>in;</strong></span> 
     </span>
    </p>
   </div>
   <div class='ocr_carea' id='block_1_8' title="bbox 68 1073 1607 1152">
    <p class='ocr_par' dir='ltr' id='par_1_8' title="bbox 68 1073 1607 1152">
     <span class='ocr_line' id='line_1_8' title="bbox 68 1073 1607 1152; baseline -0.008 -14"><span class='ocrx_word' id='word_1_52' title='bbox 68 1086 310 1137; x_wconf 72' lang='lat' dir='ltr'><strong>Christum</strong></span> <span class='ocrx_word' id='word_1_53' title='bbox 329 1082 568 1152; x_wconf 73' lang='lat' dir='ltr'><strong>baptismi</strong></span> <span class='ocrx_word' id='word_1_54' title='bbox 586 1080 721 1149; x_wconf 80' lang='lat' dir='ltr'><strong>estis,</strong></span> <span class='ocrx_word' id='word_1_55' title='bbox 744 1078 991 1132; x_wconf 73' lang='lat' dir='ltr'><strong>Christum</strong></span> <span class='ocrx_word' id='word_1_56' title='bbox 1010 1077 1239 1130; x_wconf 87' lang='lat' dir='ltr'><strong>induistis</strong></span> <span class='ocrx_word' id='word_1_57' title='bbox 1257 1074 1396 1143; x_wconf 84' lang='lat' dir='ltr'><strong>(Gal.</strong></span> <span class='ocrx_word' id='word_1_58' title='bbox 1424 1076 1474 1129; x_wconf 76' lang='lat'><strong>3.</strong></span> <span class='ocrx_word' id='word_1_59' title='bbox 1495 1073 1607 1143; x_wconf 72' lang='grc' dir='ltr'><strong>Ξῖ).</strong></span> 
     </span>
    </p>
   </div>
   <div class='ocr_carea' id='block_1_9' title="bbox 70 1166 1609 1238">
    <p class='ocr_par' dir='ltr' id='par_1_9' title="bbox 70 1166 1609 1238">
     <span class='ocr_line' id='line_1_9' title="bbox 70 1166 1609 1238; baseline -0.006 -14"><span class='ocrx_word' id='word_1_60' title='bbox 70 1172 443 1238; x_wconf 76' lang='lat' dir='ltr'><strong>Die,qu:eso,si</strong></span> <span class='ocrx_word' id='word_1_61' title='bbox 472 1171 591 1237; x_wconf 83' lang='lat' dir='ltr'><strong>quis</strong></span> <span class='ocrx_word' id='word_1_62' title='bbox 613 1168 810 1236; x_wconf 82' lang='lat' dir='ltr'><strong>regiam</strong></span> <span class='ocrx_word' id='word_1_63' title='bbox 837 1166 1072 1220; x_wconf 82' lang='lat' dir='ltr'><strong>dedisset</strong></span> <span class='ocrx_word' id='word_1_64' title='bbox 1098 1175 1320 1229; x_wconf 80' lang='lat' dir='ltr'><strong>vestem,</strong></span> <span class='ocrx_word' id='word_1_65' title='bbox 1354 1172 1409 1217; x_wconf 92' lang='lat' dir='ltr'><strong>tu</strong></span> <span class='ocrx_word' id='word_1_66' title='bbox 1433 1172 1609 1216; x_wconf 91' lang='lat' dir='ltr'><strong>autem</strong></span> 
     </span>
    </p>
   </div>
   <div class='ocr_carea' id='block_1_10' title="bbox 67 1250 1610 1324">
    <p class='ocr_par' dir='ltr' id='par_1_10' title="bbox 67 1250 1610 1324">
     <span class='ocr_line' id='line_1_10' title="bbox 67 1250 1610 1324; baseline -0.005 -13"><span class='ocrx_word' id='word_1_67' title='bbox 67 1259 374 1314; x_wconf 87' lang='lat' dir='ltr'><strong>mercenarii</strong></span> <span class='ocrx_word' id='word_1_68' title='bbox 398 1258 557 1311; x_wconf 88' lang='lat' dir='ltr'><strong>vilem</strong></span> <span class='ocrx_word' id='word_1_69' title='bbox 577 1264 778 1311; x_wconf 85' lang='lat' dir='ltr'><strong>vestem</strong></span> <span class='ocrx_word' id='word_1_70' title='bbox 815 1252 1143 1324; x_wconf 76' lang='lat' dir='ltr'><strong>accepisses,</strong></span> <span class='ocrx_word' id='word_1_71' title='bbox 1171 1268 1343 1308; x_wconf 88' lang='lat' dir='ltr'><strong>annon</strong></span> <span class='ocrx_word' id='word_1_72' title='bbox 1372 1267 1437 1307; x_wconf 89' lang='lat' dir='ltr'><strong>eo</strong></span> <span class='ocrx_word' id='word_1_73' title='bbox 1470 1250 1610 1320; x_wconf 90' lang='lat' dir='ltr'><strong>quod</strong></span> 
     </span>
    </p>
   </div>
   <div class='ocr_carea' id='block_1_11' title="bbox 68 1341 1611 1416">
    <p class='ocr_par' dir='ltr' id='par_1_11' title="bbox 68 1341 1611 1416">
     <span class='ocr_line' id='line_1_11' title="bbox 68 1341 1611 1416; baseline -0.005 -15"><span class='ocrx_word' id='word_1_74' title='bbox 68 1359 116 1401; x_wconf 90' lang='lat' dir='ltr'><strong>te</strong></span> <span class='ocrx_word' id='word_1_75' title='bbox 144 1348 353 1416; x_wconf 89' lang='lat' dir='ltr'><strong>turpior</strong></span> <span class='ocrx_word' id='word_1_76' title='bbox 376 1361 530 1415; x_wconf 87' lang='lat' dir='ltr'><strong>geras</strong></span> <span class='ocrx_word' id='word_1_77' title='bbox 554 1356 608 1400; x_wconf 89' lang='lat' dir='ltr'><strong>et</strong></span> <span class='ocrx_word' id='word_1_78' title='bbox 637 1344 885 1399; x_wconf 81' lang='lat' dir='ltr'><strong>indecore</strong></span> <span class='ocrx_word' id='word_1_79' title='bbox 911 1384 926 1409; x_wconf 92' lang='lat'><strong>,</strong></span> <span class='ocrx_word' id='word_1_80' title='bbox 957 1345 1116 1398; x_wconf 90' lang='lat' dir='ltr'><strong>etiam</strong></span> <span class='ocrx_word' id='word_1_81' title='bbox 1145 1341 1446 1411; x_wconf 81' lang='lat' dir='ltr'><strong>punireris?</strong></span> <span class='ocrx_word' id='word_1_82' title='bbox 1494 1341 1611 1395; x_wconf 62' lang='lat' dir='ltr'><strong>caeli</strong></span> 
     </span>
    </p>
   </div>
   <div class='ocr_carea' id='block_1_12' title="bbox 68 1420 1611 1507">
    <p class='ocr_par' dir='ltr' id='par_1_12' title="bbox 68 1420 1611 1507">
     <span class='ocr_line' id='line_1_12' title="bbox 68 1420 1611 1507; baseline -0.005 -15"><span class='ocrx_word' id='word_1_83' title='bbox 68 1448 117 1492; x_wconf 89' lang='lat' dir='ltr'><strong>et</strong></span> <span class='ocrx_word' id='word_1_84' title='bbox 138 1435 447 1507; x_wconf 75' lang='lat' dir='ltr'><strong>angelorum</strong></span> <span class='ocrx_word' id='word_1_85' title='bbox 466 1420 750 1490; x_wconf 82' lang='lat' dir='ltr'><strong>Dominum</strong></span> <span class='ocrx_word' id='word_1_86' title='bbox 796 1435 972 1489; x_wconf 88' lang='lat' dir='ltr'><strong>induta</strong></span> <span class='ocrx_word' id='word_1_87' title='bbox 1004 1450 1097 1498; x_wconf 88' lang='lat' dir='ltr'><strong>es,</strong></span> <span class='ocrx_word' id='word_1_88' title='bbox 1142 1443 1197 1487; x_wconf 91' lang='lat' dir='ltr'><strong>et</strong></span> <span class='ocrx_word' id='word_1_89' title='bbox 1233 1433 1374 1487; x_wconf 89' lang='lat' dir='ltr'><strong>circa</strong></span> <span class='ocrx_word' id='word_1_90' title='bbox 1418 1442 1611 1485; x_wconf 89' lang='lat' dir='ltr'><strong>terram</strong></span> 
     </span>
    </p>
   </div>
   <div class='ocr_carea' id='block_1_13' title="bbox 67 1521 1613 1595">
    <p class='ocr_par' dir='ltr' id='par_1_13' title="bbox 67 1521 1613 1595">
     <span class='ocr_line' id='line_1_13' title="bbox 67 1521 1613 1595; baseline -0.004 -16"><span class='ocrx_word' id='word_1_91' title='bbox 67 1526 290 1580; x_wconf 83' lang='lat' dir='ltr'><strong>versaris</strong></span> <span class='ocrx_word' id='word_1_92' title='bbox 310 1526 333 1577; x_wconf 80' lang='lat'><strong>?</strong></span> <span class='ocrx_word' id='word_1_93' title='bbox 361 1525 484 1579; x_wconf 63' lang='lat' dir='ltr'><strong>Haec</strong></span> <span class='ocrx_word' id='word_1_94' title='bbox 508 1539 536 1576; x_wconf 88' lang='lat' dir='ltr'><strong>a</strong></span> <span class='ocrx_word' id='word_1_95' title='bbox 555 1540 640 1577; x_wconf 88' lang='lat' dir='ltr'><strong>me</strong></span> <span class='ocrx_word' id='word_1_96' title='bbox 654 1523 792 1578; x_wconf 86' lang='lat' dir='ltr'><strong>dicta</strong></span> <span class='ocrx_word' id='word_1_97' title='bbox 811 1534 952 1588; x_wconf 92' lang='lat' dir='ltr'><strong>sunt,</strong></span> <span class='ocrx_word' id='word_1_98' title='bbox 984 1533 1040 1576; x_wconf 95' lang='lat' dir='ltr'><strong>ut</strong></span> <span class='ocrx_word' id='word_1_99' title='bbox 1069 1521 1341 1576; x_wconf 73' lang='lat' dir='ltr'><strong>oetendam</strong></span> <span class='ocrx_word' id='word_1_100' title='bbox 1363 1521 1613 1595; x_wconf 79' lang='lat' dir='ltr'><strong>quodper</strong></span> 
     </span>
    </p>
   </div>
   <div class='ocr_carea' id='block_1_14' title="bbox 66 1608 1613 1682">
    <p class='ocr_par' dir='ltr' id='par_1_14' title="bbox 66 1608 1613 1682">
     <span class='ocr_line' id='line_1_14' title="bbox 66 1608 1613 1682; baseline -0.003 -17"><span class='ocrx_word' id='word_1_101' title='bbox 66 1629 120 1667; x_wconf 85' lang='lat' dir='ltr'><strong>se</strong></span> <span class='ocrx_word' id='word_1_102' title='bbox 148 1628 399 1682; x_wconf 83' lang='lat' dir='ltr'><strong>magnum</strong></span> <span class='ocrx_word' id='word_1_103' title='bbox 427 1613 496 1665; x_wconf 86' lang='lat' dir='ltr'><strong>sit</strong></span> <span class='ocrx_word' id='word_1_104' title='bbox 519 1611 712 1665; x_wconf 86' lang='lat' dir='ltr'><strong>malum</strong></span> <span class='ocrx_word' id='word_1_105' title='bbox 735 1612 928 1665; x_wconf 90' lang='lat' dir='ltr'><strong>nimius</strong></span> <span class='ocrx_word' id='word_1_106' title='bbox 949 1618 1376 1665; x_wconf 82' lang='lat' dir='ltr'><strong>ornamentorum</strong></span> <span class='ocrx_word' id='word_1_107' title='bbox 1412 1608 1613 1677; x_wconf 89' lang='lat' dir='ltr'><strong>appeti-</strong></span> 
     </span>
    </p>
   </div>
   <div class='ocr_carea' id='block_1_15' title="bbox 67 1698 1610 1765">
    <p class='ocr_par' dir='ltr' id='par_1_15' title="bbox 67 1698 1610 1765">
     <span class='ocr_line' id='line_1_15' title="bbox 67 1698 1610 1765; baseline -0.003 -10"><span class='ocrx_word' id='word_1_108' title='bbox 67 1714 145 1756; x_wconf 89' lang='lat' dir='ltr'><strong>tus</strong></span> <span class='ocrx_word' id='word_1_109' title='bbox 172 1713 225 1757; x_wconf 88' lang='lat' dir='ltr'><strong>et</strong></span> <span class='ocrx_word' id='word_1_110' title='bbox 248 1702 594 1765; x_wconf 85' lang='lat' dir='ltr'><strong>desiderium,</strong></span> <span class='ocrx_word' id='word_1_111' title='bbox 622 1700 827 1754; x_wconf 85' lang='lat' dir='ltr'><strong>etiamsi</strong></span> <span class='ocrx_word' id='word_1_112' title='bbox 853 1700 1055 1754; x_wconf 90' lang='lat' dir='ltr'><strong>nullum</strong></span> <span class='ocrx_word' id='word_1_113' title='bbox 1084 1698 1224 1752; x_wconf 85' lang='lat' dir='ltr'><strong>aliud</strong></span> <span class='ocrx_word' id='word_1_114' title='bbox 1252 1698 1373 1752; x_wconf 91' lang='lat' dir='ltr'><strong>inde</strong></span> <span class='ocrx_word' id='word_1_115' title='bbox 1421 1712 1610 1751; x_wconf 84' lang='lat' dir='ltr'><strong>nasce-</strong></span> 
     </span>
    </p>
   </div>
   <div class='ocr_carea' id='block_1_16' title="bbox 64 1786 1610 1859">
    <p class='ocr_par' dir='ltr' id='par_1_16' title="bbox 64 1786 1610 1859">
     <span class='ocr_line' id='line_1_16' title="bbox 64 1786 1610 1859; baseline -0.004 -13"><span class='ocrx_word' id='word_1_116' title='bbox 64 1801 224 1856; x_wconf 86' lang='lat' dir='ltr'><strong>retur,</strong></span> <span class='ocrx_word' id='word_1_117' title='bbox 255 1792 350 1846; x_wconf 87' lang='lat' dir='ltr'><strong>sed</strong></span> <span class='ocrx_word' id='word_1_118' title='bbox 379 1792 509 1846; x_wconf 86' lang='lat' dir='ltr'><strong>citra</strong></span> <span class='ocrx_word' id='word_1_119' title='bbox 530 1789 821 1859; x_wconf 90' lang='lat' dir='ltr'><strong>periculum</strong></span> <span class='ocrx_word' id='word_1_120' title='bbox 847 1789 897 1844; x_wconf 92' lang='lat' dir='ltr'><strong>id</strong></span> <span class='ocrx_word' id='word_1_121' title='bbox 922 1790 1107 1845; x_wconf 85' lang='lat' dir='ltr'><strong>liceret</strong></span> <span class='ocrx_word' id='word_1_122' title='bbox 1129 1789 1324 1843; x_wconf 88' lang='lat' dir='ltr'><strong>habere</strong></span> <span class='ocrx_word' id='word_1_123' title='bbox 1349 1788 1368 1857; x_wconf 92' lang='lat'><strong>(</strong></span> <span class='ocrx_word' id='word_1_124' title='bbox 1391 1802 1509 1849; x_wconf 89' lang='lat' dir='ltr'><strong>nam</strong></span> <span class='ocrx_word' id='word_1_125' title='bbox 1544 1786 1610 1840; x_wconf 86' lang='lat' dir='ltr'><strong>ad</strong></span> 
     </span>
    </p>
   </div>
   <div class='ocr_carea' id='block_1_17' title="bbox 65 1876 1612 1949">
    <p class='ocr_par' dir='ltr' id='par_1_17' title="bbox 65 1876 1612 1949">
     <span class='ocr_line' id='line_1_17' title="bbox 65 1876 1612 1949; baseline -0.002 -17"><span class='ocrx_word' id='word_1_126' title='bbox 65 1881 268 1934; x_wconf 88' lang='lat' dir='ltr'><strong>inanem</strong></span> <span class='ocrx_word' id='word_1_127' title='bbox 293 1880 514 1949; x_wconf 83' lang='lat' dir='ltr'><strong>gloriam</strong></span> <span class='ocrx_word' id='word_1_128' title='bbox 542 1879 835 1948; x_wconf 67' lang='lat' dir='ltr'><strong>[astumque</strong></span> <span class='ocrx_word' id='word_1_129' title='bbox 860 1886 1016 1948; x_wconf 81' lang='lat' dir='ltr'><strong>parat</strong></span> <span class='ocrx_word' id='word_1_130' title='bbox 1050 1886 1107 1933; x_wconf 91' lang='lat' dir='ltr'><strong>et</strong></span> <span class='ocrx_word' id='word_1_131' title='bbox 1155 1876 1399 1945; x_wconf 86' lang='lat' dir='ltr'><strong>instruit)</strong></span> <span class='ocrx_word' id='word_1_132' title='bbox 1430 1894 1445 1929; x_wconf 91' lang='lat'><strong>:</strong></span> <span class='ocrx_word' id='word_1_133' title='bbox 1474 1890 1612 1930; x_wconf 90' lang='lat' dir='ltr'><strong>nunc</strong></span> 
     </span>
    </p>
   </div>
   <div class='ocr_carea' id='block_1_18' title="bbox 66 1965 1614 2021">
    <p class='ocr_par' dir='ltr' id='par_1_18' title="bbox 66 1965 1614 2021">
     <span class='ocr_line' id='line_1_18' title="bbox 66 1965 1614 2021; baseline -0.001 -2"><span class='ocrx_word' id='word_1_134' title='bbox 66 1977 232 2021; x_wconf 86' lang='lat' dir='ltr'><strong>autem</strong></span> <span class='ocrx_word' id='word_1_135' title='bbox 261 1968 427 2021; x_wconf 82' lang='lat' dir='ltr'><strong>multa</strong></span> <span class='ocrx_word' id='word_1_136' title='bbox 454 1966 611 2021; x_wconf 86' lang='lat' dir='ltr'><strong>etiam</strong></span> <span class='ocrx_word' id='word_1_137' title='bbox 638 1967 739 2020; x_wconf 84' lang='lat' dir='ltr'><strong>alla</strong></span> <span class='ocrx_word' id='word_1_138' title='bbox 767 1967 903 2020; x_wconf 88' lang='lat' dir='ltr'><strong>mala</strong></span> <span class='ocrx_word' id='word_1_139' title='bbox 926 1974 1213 2020; x_wconf 87' lang='lat' dir='ltr'><strong>nascuntur</strong></span> <span class='ocrx_word' id='word_1_140' title='bbox 1239 1981 1305 2019; x_wconf 84' lang='lat' dir='ltr'><strong>ex</strong></span> <span class='ocrx_word' id='word_1_141' title='bbox 1332 1965 1494 2018; x_wconf 87' lang='lat' dir='ltr'><strong>nimia</strong></span> <span class='ocrx_word' id='word_1_142' title='bbox 1523 1980 1614 2019; x_wconf 80' lang='lat' dir='ltr'><strong>or-</strong></span> 
     </span>
    </p>
   </div>
   <div class='ocr_carea' id='block_1_19' title="bbox 63 2053 1611 2125">
    <p class='ocr_par' dir='ltr' id='par_1_19' title="bbox 63 2053 1611 2125">
     <span class='ocr_line' id='line_1_19' title="bbox 63 2053 1611 2125; baseline -0.003 -15"><span class='ocrx_word' id='word_1_143' title='bbox 63 2056 217 2110; x_wconf 80' lang='lat' dir='ltr'><strong>nandi</strong></span> <span class='ocrx_word' id='word_1_144' title='bbox 239 2056 323 2110; x_wconf 88' lang='lat' dir='ltr'><strong>sui</strong></span> <span class='ocrx_word' id='word_1_145' title='bbox 347 2069 493 2120; x_wconf 86' lang='lat' dir='ltr'><strong>cura,</strong></span> <span class='ocrx_word' id='word_1_146' title='bbox 527 2054 813 2110; x_wconf 71' lang='lat' dir='ltr'><strong>manifesta:</strong></span> <span class='ocrx_word' id='word_1_147' title='bbox 837 2055 1161 2125; x_wconf 85' lang='lat' dir='ltr'><strong>suspiciones</strong></span> <span class='ocrx_word' id='word_1_148' title='bbox 1182 2094 1197 2119; x_wconf 90' lang='lat'><strong>,</strong></span> <span class='ocrx_word' id='word_1_149' title='bbox 1242 2063 1483 2122; x_wconf 88' lang='lat' dir='ltr'><strong>sumptus</strong></span> <span class='ocrx_word' id='word_1_150' title='bbox 1527 2053 1611 2106; x_wconf 91' lang='lat' dir='ltr'><strong>in-</strong></span> 
     </span>
    </p>
   </div>
   <div class='ocr_carea' id='block_1_20' title="bbox 60 2141 1613 2214">
    <p class='ocr_par' dir='ltr' id='par_1_20' title="bbox 60 2141 1613 2214">
     <span class='ocr_line' id='line_1_20' title="bbox 60 2141 1613 2214; baseline -0.001 -17"><span class='ocrx_word' id='word_1_151' title='bbox 60 2145 399 2213; x_wconf 81' lang='lat' dir='ltr'><strong>tempestivi,</strong></span> <span class='ocrx_word' id='word_1_152' title='bbox 443 2144 816 2214; x_wconf 68' lang='lat' dir='ltr'><strong>blasphemiae,</strong></span> <span class='ocrx_word' id='word_1_153' title='bbox 869 2145 1102 2198; x_wconf 81' lang='lat' dir='ltr'><strong>avaritiae</strong></span> <span class='ocrx_word' id='word_1_154' title='bbox 1126 2150 1180 2198; x_wconf 91' lang='lat' dir='ltr'><strong>et</strong></span> <span class='ocrx_word' id='word_1_155' title='bbox 1206 2144 1354 2213; x_wconf 87' lang='lat' dir='ltr'><strong>plura</strong></span> <span class='ocrx_word' id='word_1_156' title='bbox 1384 2141 1613 2197; x_wconf 82' lang='lat' dir='ltr'><strong>habendi</strong></span> 
     </span>
    </p>
   </div>
   <div class='ocr_carea' id='block_1_21' title="bbox 65 2218 1614 2302">
    <p class='ocr_par' dir='ltr' id='par_1_21' title="bbox 65 2218 1614 2302">
     <span class='ocr_line' id='line_1_21' title="bbox 65 2218 1614 2302; baseline 0 -15"><span class='ocrx_word' id='word_1_157' title='bbox 65 2234 363 2301; x_wconf 83' lang='lat' dir='ltr'><strong>cupiditatis</strong></span> <span class='ocrx_word' id='word_1_158' title='bbox 388 2235 712 2289; x_wconf 83' lang='lat' dir='ltr'><strong>occasiones.</strong></span> <span class='ocrx_word' id='word_1_159' title='bbox 741 2234 876 2300; x_wconf 82' lang='lat' dir='ltr'><strong>Quid</strong></span> <span class='ocrx_word' id='word_1_160' title='bbox 895 2235 1062 2300; x_wconf 90' lang='lat' dir='ltr'><strong>enim,</strong></span> <span class='ocrx_word' id='word_1_161' title='bbox 1079 2235 1181 2300; x_wconf 91' lang='lat' dir='ltr'><strong>dic,</strong></span> <span class='ocrx_word' id='word_1_162' title='bbox 1199 2248 1405 2302; x_wconf 63' lang='lat' dir='ltr'><strong>quaeso,</strong></span> <span class='ocrx_word' id='word_1_163' title='bbox 1451 2218 1614 2288; x_wconf 82' lang='lat' dir='ltr'><strong>orna-</strong></span> 
     </span>
    </p>
   </div>
   <div class='ocr_carea' id='block_1_22' title="bbox 63 2317 1610 2391">
    <p class='ocr_par' dir='ltr' id='par_1_22' title="bbox 63 2317 1610 2391">
     <span class='ocr_line' id='line_1_22' title="bbox 63 2317 1610 2391; baseline 0 -18"><span class='ocrx_word' id='word_1_164' title='bbox 63 2322 165 2373; x_wconf 80' lang='lat' dir='ltr'><strong>ris?</strong></span> <span class='ocrx_word' id='word_1_165' title='bbox 191 2332 249 2373; x_wconf 89' lang='lat' dir='ltr'><strong>ut</strong></span> <span class='ocrx_word' id='word_1_166' title='bbox 278 2321 489 2389; x_wconf 86' lang='lat' dir='ltr'><strong>placeas</strong></span> <span class='ocrx_word' id='word_1_167' title='bbox 513 2317 741 2377; x_wconf 82' lang='lat' dir='ltr'><strong>marito?</strong></span> <span class='ocrx_word' id='word_1_168' title='bbox 760 2322 871 2377; x_wconf 82' lang='lat' dir='ltr'><strong>Hoc</strong></span> <span class='ocrx_word' id='word_1_169' title='bbox 889 2337 1014 2391; x_wconf 86' lang='lat' dir='ltr'><strong>ergo</strong></span> <span class='ocrx_word' id='word_1_170' title='bbox 1034 2321 1116 2376; x_wconf 83' lang='lat' dir='ltr'><strong>fac</strong></span> <span class='ocrx_word' id='word_1_171' title='bbox 1131 2322 1293 2376; x_wconf 88' lang='lat' dir='ltr'><strong>domi.</strong></span> <span class='ocrx_word' id='word_1_172' title='bbox 1310 2322 1407 2375; x_wconf 83' lang='lat' dir='ltr'><strong>llic</strong></span> <span class='ocrx_word' id='word_1_173' title='bbox 1432 2330 1610 2375; x_wconf 85' lang='lat' dir='ltr'><strong>autem</strong></span> 
     </span>
    </p>
   </div>
   <div class='ocr_carea' id='block_1_23' title="bbox 921 416 2366 487">
    <p class='ocr_par' dir='ltr' id='par_1_23' title="bbox 921 416 2366 487">
     <span class='ocr_line' id='line_1_23' title="bbox 921 416 2366 487; baseline -0.012 0"><span class='ocrx_word' id='word_1_174' title='bbox 921 433 983 487; x_wconf 82' lang='lat' dir='ltr'><strong>IN</strong></span> <span class='ocrx_word' id='word_1_175' title='bbox 1023 420 1231 485; x_wconf 76' lang='lat' dir='ltr'><strong>EPIST.</strong></span> <span class='ocrx_word' id='word_1_176' title='bbox 1272 428 1360 480; x_wconf 78' lang='lat' dir='ltr'><strong>AD</strong></span> <span class='ocrx_word' id='word_1_177' title='bbox 1395 421 1662 479; x_wconf 66' lang='lat'><strong>(301.055.</strong></span> <span class='ocrx_word' id='word_1_178' title='bbox 1698 420 1848 474; x_wconf 60' lang='lat' dir='ltr'><strong>CAP.</strong></span> <span class='ocrx_word' id='word_1_179' title='bbox 1894 419 1977 472; x_wconf 84' lang='lat' dir='ltr'><strong>IV.</strong></span> <span class='ocrx_word' id='word_1_180' title='bbox 2019 418 2238 472; x_wconf 79' lang='lat' dir='ltr'><strong>IIOMIL.</strong></span> <span class='ocrx_word' id='word_1_181' title='bbox 2281 416 2366 471; x_wconf 78' lang='lat' dir='ltr'><strong>XI.</strong></span> 
     </span>
    </p>
   </div>
   <div class='ocr_carea' id='block_1_24' title="bbox 3152 400 3347 470">
    <p class='ocr_par' dir='ltr' id='par_1_24' title="bbox 3152 400 3347 470">
     <span class='ocr_line' id='line_1_24' title="bbox 3152 400 3347 470; baseline 0.01 -3"><span class='ocrx_word' id='word_1_182' title='bbox 3152 414 3262 470; x_wconf 74' lang='lat' dir='ltr'><strong>su</strong></span> <span class='ocrx_word' id='word_1_183' title='bbox 3346 400 3347 403; x_wconf 60' lang='lat'>‘</span> 
     </span>
    </p>
   </div>
   <div class='ocr_carea' id='block_1_25' title="bbox 1722 526 3266 597">
    <p class='ocr_par' dir='ltr' id='par_1_25' title="bbox 1722 526 3266 597">
     <span class='ocr_line' id='line_1_25' title="bbox 1722 526 3266 597; baseline -0.004 -13"><span class='ocrx_word' id='word_1_184' title='bbox 1722 532 2137 586; x_wconf 84' lang='lat' dir='ltr'><strong>ﬁtcontrarium.</strong></span> <span class='ocrx_word' id='word_1_185' title='bbox 2167 532 2295 585; x_wconf 86' lang='lat' dir='ltr'><strong>Nam</strong></span> <span class='ocrx_word' id='word_1_186' title='bbox 2322 532 2364 583; x_wconf 88' lang='lat' dir='ltr'><strong>si</strong></span> <span class='ocrx_word' id='word_1_187' title='bbox 2406 531 2482 581; x_wconf 81' lang='lat' dir='ltr'><strong>vis</strong></span> <span class='ocrx_word' id='word_1_188' title='bbox 2522 538 2608 582; x_wconf 89' lang='lat' dir='ltr'><strong>tuo</strong></span> <span class='ocrx_word' id='word_1_189' title='bbox 2642 527 2850 597; x_wconf 65' lang='lat' dir='ltr'><strong>placere</strong></span> <span class='ocrx_word' id='word_1_190' title='bbox 2889 526 3076 582; x_wconf 86' lang='lat' dir='ltr'><strong>marito</strong></span> <span class='ocrx_word' id='word_1_191' title='bbox 3099 565 3116 590; x_wconf 97' lang='lat'><strong>,</strong></span> <span class='ocrx_word' id='word_1_192' title='bbox 3156 526 3266 579; x_wconf 91' lang='lat' dir='ltr'><strong>noli</strong></span> 
     </span>
    </p>
   </div>
   <div class='ocr_carea' id='block_1_26' title="bbox 1716 615 3270 690">
    <p class='ocr_par' dir='ltr' id='par_1_26' title="bbox 1716 615 3270 690">
     <span class='ocr_line' id='line_1_26' title="bbox 1716 615 3270 690; baseline -0.002 -18"><span class='ocrx_word' id='word_1_193' title='bbox 1716 622 1923 690; x_wconf 83' lang='lat' dir='ltr'><strong>placere</strong></span> <span class='ocrx_word' id='word_1_194' title='bbox 1941 621 2086 685; x_wconf 88' lang='lat' dir='ltr'><strong>aliis;</strong></span> <span class='ocrx_word' id='word_1_195' title='bbox 2114 622 2157 674; x_wconf 94' lang='lat' dir='ltr'><strong>si</strong></span> <span class='ocrx_word' id='word_1_196' title='bbox 2175 630 2346 673; x_wconf 81' lang='lat' dir='ltr'><strong>autem</strong></span> <span class='ocrx_word' id='word_1_197' title='bbox 2367 620 2574 688; x_wconf 87' lang='lat' dir='ltr'><strong>placeas</strong></span> <span class='ocrx_word' id='word_1_198' title='bbox 2594 618 2728 679; x_wconf 89' lang='lat' dir='ltr'><strong>aliis,</strong></span> <span class='ocrx_word' id='word_1_199' title='bbox 2754 617 3041 671; x_wconf 88' lang='lat' dir='ltr'><strong>maritotuo</strong></span> <span class='ocrx_word' id='word_1_200' title='bbox 3061 615 3270 685; x_wconf 88' lang='lat' dir='ltr'><strong>placere</strong></span> 
     </span>
    </p>
   </div>
   <div class='ocr_carea' id='block_1_27' title="bbox 1707 691 3272 780">
    <p class='ocr_par' dir='ltr' id='par_1_27' title="bbox 1707 691 3272 780">
     <span class='ocr_line' id='line_1_27' title="bbox 1707 691 3272 780; baseline -0.004 -15"><span class='ocrx_word' id='word_1_201' title='bbox 1707 691 1820 764; x_wconf 76' lang='lat' dir='ltr'><strong>non</strong></span> <span class='ocrx_word' id='word_1_202' title='bbox 1846 710 2432 780; x_wconf 40' lang='lat' dir='ltr'><strong>poteris..Quamobrem</strong></span> <span class='ocrx_word' id='word_1_203' title='bbox 2460 723 2669 764; x_wconf 91' lang='lat' dir='ltr'><strong>omnem</strong></span> <span class='ocrx_word' id='word_1_204' title='bbox 2710 716 2956 761; x_wconf 86' lang='lat' dir='ltr'><strong>ornatum</strong></span> <span class='ocrx_word' id='word_1_205' title='bbox 3000 716 3272 775; x_wconf 88' lang='lat' dir='ltr'><strong>oporteret</strong></span> 
     </span>
    </p>
   </div>
   <div class='ocr_carea' id='block_1_28' title="bbox 1715 794 3267 869">
    <p class='ocr_par' dir='ltr' id='par_1_28' title="bbox 1715 794 3267 869">
     <span class='ocr_line' id='line_1_28' title="bbox 1715 794 3267 869; baseline -0.005 -15"><span class='ocrx_word' id='word_1_206' title='bbox 1715 802 1979 869; x_wconf 84' lang='lat' dir='ltr'><strong>deponere</strong></span> <span class='ocrx_word' id='word_1_207' title='bbox 2000 815 2121 855; x_wconf 91' lang='lat' dir='ltr'><strong>cum</strong></span> <span class='ocrx_word' id='word_1_208' title='bbox 2140 800 2286 854; x_wconf 87' lang='lat' dir='ltr'><strong>vadis</strong></span> <span class='ocrx_word' id='word_1_209' title='bbox 2312 800 2377 853; x_wconf 89' lang='lat' dir='ltr'><strong>ad</strong></span> <span class='ocrx_word' id='word_1_210' title='bbox 2401 800 2569 853; x_wconf 81' lang='lat' dir='ltr'><strong>lorum</strong></span> <span class='ocrx_word' id='word_1_211' title='bbox 2590 837 2606 864; x_wconf 93' lang='lat'><strong>,</strong></span> <span class='ocrx_word' id='word_1_212' title='bbox 2632 812 2749 851; x_wconf 91' lang='lat' dir='ltr'><strong>cum</strong></span> <span class='ocrx_word' id='word_1_213' title='bbox 2778 796 2956 865; x_wconf 88' lang='lat' dir='ltr'><strong>prodis</strong></span> <span class='ocrx_word' id='word_1_214' title='bbox 2993 796 3047 849; x_wconf 90' lang='lat' dir='ltr'><strong>in</strong></span> <span class='ocrx_word' id='word_1_215' title='bbox 3091 794 3267 849; x_wconf 89' lang='lat' dir='ltr'><strong>eccle-</strong></span> 
     </span>
    </p>
   </div>
   <div class='ocr_carea' id='block_1_29' title="bbox 1715 876 3269 960">
    <p class='ocr_par' dir='ltr' id='par_1_29' title="bbox 1715 876 3269 960">
     <span class='ocr_line' id='line_1_29' title="bbox 1715 876 3269 960; baseline -0.005 -17"><span class='ocrx_word' id='word_1_216' title='bbox 1715 891 1868 944; x_wconf 88' lang='lat' dir='ltr'><strong>siam.</strong></span> <span class='ocrx_word' id='word_1_217' title='bbox 1899 890 2107 959; x_wconf 73' lang='lat' dir='ltr'><strong>Alioqui</strong></span> <span class='ocrx_word' id='word_1_218' title='bbox 2134 897 2332 960; x_wconf 82' lang='lat' dir='ltr'><strong>autem,</strong></span> <span class='ocrx_word' id='word_1_219' title='bbox 2364 904 2431 943; x_wconf 90' lang='lat' dir='ltr'><strong>ne</strong></span> <span class='ocrx_word' id='word_1_220' title='bbox 2449 904 2512 941; x_wconf 78' lang='lat' dir='ltr'><strong>es</strong></span> <span class='ocrx_word' id='word_1_221' title='bbox 2538 888 2600 940; x_wconf 91' lang='lat' dir='ltr'><strong>iis</strong></span> <span class='ocrx_word' id='word_1_222' title='bbox 2623 887 2831 955; x_wconf 85' lang='lat' dir='ltr'><strong>placeas</strong></span> <span class='ocrx_word' id='word_1_223' title='bbox 2855 876 3041 940; x_wconf 83' lang='lat' dir='ltr'><strong>marito</strong></span> <span class='ocrx_word' id='word_1_224' title='bbox 3070 899 3132 938; x_wconf 79' lang='lat' dir='ltr'><strong>ex</strong></span> <span class='ocrx_word' id='word_1_225' title='bbox 3149 899 3269 953; x_wconf 89' lang='lat' dir='ltr'><strong>qut-</strong></span> 
     </span>
    </p>
   </div>
   <div class='ocr_carea' id='block_1_30' title="bbox 1717 970 3264 1044">
    <p class='ocr_par' dir='ltr' id='par_1_30' title="bbox 1717 970 3264 1044">
     <span class='ocr_line' id='line_1_30' title="bbox 1717 970 3264 1044; baseline -0.005 -11"><span class='ocrx_word' id='word_1_226' title='bbox 1717 981 1815 1035; x_wconf 86' lang='lat' dir='ltr'><strong>bus</strong></span> <span class='ocrx_word' id='word_1_227' title='bbox 1840 988 1894 1034; x_wconf 92' lang='lat' dir='ltr'><strong>ct</strong></span> <span class='ocrx_word' id='word_1_228' title='bbox 1920 985 2245 1040; x_wconf 87' lang='lat' dir='ltr'><strong>meretrices,</strong></span> <span class='ocrx_word' id='word_1_229' title='bbox 2270 978 2363 1032; x_wconf 84' lang='lat' dir='ltr'><strong>sed</strong></span> <span class='ocrx_word' id='word_1_230' title='bbox 2391 994 2453 1031; x_wconf 85' lang='lat' dir='ltr'><strong>ex</strong></span> <span class='ocrx_word' id='word_1_231' title='bbox 2483 992 2546 1031; x_wconf 92' lang='lat' dir='ltr'><strong>eo</strong></span> <span class='ocrx_word' id='word_1_232' title='bbox 2574 978 2746 1044; x_wconf 86' lang='lat' dir='ltr'><strong>potius</strong></span> <span class='ocrx_word' id='word_1_233' title='bbox 2772 991 2837 1029; x_wconf 79' lang='lat' dir='ltr'><strong>ex</strong></span> <span class='ocrx_word' id='word_1_234' title='bbox 2863 970 2968 1044; x_wconf 89' lang='lat' dir='ltr'><strong>quo</strong></span> <span class='ocrx_word' id='word_1_235' title='bbox 3015 972 3264 1027; x_wconf 84' lang='lat' dir='ltr'><strong>mulieres</strong></span> 
     </span>
    </p>
   </div>
   <div class='ocr_carea' id='block_1_31' title="bbox 1716 1062 3274 1135">
    <p class='ocr_par' dir='ltr' id='par_1_31' title="bbox 1716 1062 3274 1135">
     <span class='ocr_line' id='line_1_31' title="bbox 1716 1062 3274 1135; baseline -0.004 -13"><span class='ocrx_word' id='word_1_236' title='bbox 1716 1069 1919 1123; x_wconf 69' lang='lat' dir='ltr'><strong>liberm.</strong></span> <span class='ocrx_word' id='word_1_237' title='bbox 1954 1067 2007 1121; x_wconf 91' lang='lat' dir='ltr'><strong>In</strong></span> <span class='ocrx_word' id='word_1_238' title='bbox 2036 1083 2140 1135; x_wconf 91' lang='lat' dir='ltr'><strong>quo</strong></span> <span class='ocrx_word' id='word_1_239' title='bbox 2161 1066 2655 1135; x_wconf 78' lang='lat' dir='ltr'><strong>enim,dic,qua:so,</strong></span> <span class='ocrx_word' id='word_1_240' title='bbox 2678 1062 2855 1117; x_wconf 83' lang='lat' dir='ltr'><strong>diﬁ&#39;ert</strong></span> <span class='ocrx_word' id='word_1_241' title='bbox 2884 1076 3017 1116; x_wconf 80' lang='lat' dir='ltr'><strong>uxor</strong></span> <span class='ocrx_word' id='word_1_242' title='bbox 3046 1077 3075 1114; x_wconf 89' lang='lat' dir='ltr'><strong>a</strong></span> <span class='ocrx_word' id='word_1_243' title='bbox 3100 1076 3274 1115; x_wconf 88' lang='lat' dir='ltr'><strong>mere-</strong></span> 
     </span>
    </p>
   </div>
   <div class='ocr_carea' id='block_1_32' title="bbox 1718 1152 3272 1231">
    <p class='ocr_par' dir='ltr' id='par_1_32' title="bbox 1718 1152 3272 1231">
     <span class='ocr_line' id='line_1_32' title="bbox 1718 1152 3272 1231; baseline -0.005 -22"><span class='ocrx_word' id='word_1_244' title='bbox 1718 1156 1884 1210; x_wconf 87' lang='lat' dir='ltr'><strong>trice?</strong></span> <span class='ocrx_word' id='word_1_245' title='bbox 1910 1154 2060 1221; x_wconf 85' lang='lat' dir='ltr'><strong>Quod</strong></span> <span class='ocrx_word' id='word_1_246' title='bbox 2087 1154 2202 1208; x_wconf 66' lang='lat' dir='ltr'><strong>haec</strong></span> <span class='ocrx_word' id='word_1_247' title='bbox 2222 1152 2434 1231; x_wconf 79' lang='lat' dir='ltr'><strong>quidem</strong></span> <span class='ocrx_word' id='word_1_248' title='bbox 2458 1167 2616 1205; x_wconf 91' lang='lat' dir='ltr'><strong>unum</strong></span> <span class='ocrx_word' id='word_1_249' title='bbox 2638 1152 2811 1204; x_wconf 87' lang='lat' dir='ltr'><strong>solum</strong></span> <span class='ocrx_word' id='word_1_250' title='bbox 2832 1156 3055 1217; x_wconf 86' lang='lat' dir='ltr'><strong>spectat,</strong></span> <span class='ocrx_word' id='word_1_251' title='bbox 3076 1156 3132 1200; x_wconf 91' lang='lat' dir='ltr'><strong>ut</strong></span> <span class='ocrx_word' id='word_1_252' title='bbox 3147 1163 3272 1202; x_wconf 89' lang='lat' dir='ltr'><strong>cor-</strong></span> 
     </span>
    </p>
   </div>
   <div class='ocr_carea' id='block_1_33' title="bbox 1718 1239 3273 1314">
    <p class='ocr_par' dir='ltr' id='par_1_33' title="bbox 1718 1239 3273 1314">
     <span class='ocr_line' id='line_1_33' title="bbox 1718 1239 3273 1314; baseline -0.003 -17"><span class='ocrx_word' id='word_1_253' title='bbox 1718 1246 1861 1313; x_wconf 89' lang='lat' dir='ltr'><strong>poris</strong></span> <span class='ocrx_word' id='word_1_254' title='bbox 1914 1242 2299 1314; x_wconf 82' lang='lat' dir='ltr'><strong>pulchritudine</strong></span> <span class='ocrx_word' id='word_1_255' title='bbox 2349 1242 2546 1295; x_wconf 87' lang='lat' dir='ltr'><strong>alliciat</strong></span> <span class='ocrx_word' id='word_1_256' title='bbox 2599 1255 2719 1298; x_wconf 85' lang='lat' dir='ltr'><strong>eum</strong></span> <span class='ocrx_word' id='word_1_257' title='bbox 2756 1255 2910 1307; x_wconf 88' lang='lat' dir='ltr'><strong>quem</strong></span> <span class='ocrx_word' id='word_1_258' title='bbox 2953 1247 3141 1293; x_wconf 89' lang='lat' dir='ltr'><strong>amat:</strong></span> <span class='ocrx_word' id='word_1_259' title='bbox 3183 1239 3273 1293; x_wconf 73' lang='lat' dir='ltr'><strong>ilia</strong></span> 
     </span>
    </p>
   </div>
   <div class='ocr_carea' id='block_1_34' title="bbox 1716 1328 3273 1399">
    <p class='ocr_par' dir='ltr' id='par_1_34' title="bbox 1716 1328 3273 1399">
     <span class='ocr_line' id='line_1_34' title="bbox 1716 1328 3273 1399; baseline -0.004 -14"><span class='ocrx_word' id='word_1_260' title='bbox 1716 1348 1844 1387; x_wconf 88' lang='lat' dir='ltr'><strong>vero</strong></span> <span class='ocrx_word' id='word_1_261' title='bbox 1872 1344 1924 1385; x_wconf 89' lang='lat' dir='ltr'><strong>et</strong></span> <span class='ocrx_word' id='word_1_262' title='bbox 1947 1343 2139 1399; x_wconf 62' lang='lat' dir='ltr'><strong>praeest</strong></span> <span class='ocrx_word' id='word_1_263' title='bbox 2167 1331 2368 1395; x_wconf 87' lang='lat' dir='ltr'><strong>domui,</strong></span> <span class='ocrx_word' id='word_1_264' title='bbox 2400 1329 2796 1396; x_wconf 88' lang='lat' dir='ltr'><strong>liberorumque</strong></span> <span class='ocrx_word' id='word_1_265' title='bbox 2817 1338 2866 1382; x_wconf 91' lang='lat' dir='ltr'><strong>et</strong></span> <span class='ocrx_word' id='word_1_266' title='bbox 2891 1328 3114 1380; x_wconf 88' lang='lat' dir='ltr'><strong>aliorum</strong></span> <span class='ocrx_word' id='word_1_267' title='bbox 3158 1344 3273 1380; x_wconf 83' lang='lat' dir='ltr'><strong>om-</strong></span> 
     </span>
    </p>
   </div>
   <div class='ocr_carea' id='block_1_35' title="bbox 1716 1400 3291 1475">
    <p class='ocr_par' dir='ltr' id='par_1_35' title="bbox 1716 1400 3291 1475">
     <span class='ocr_line' id='line_1_35' title="bbox 1716 1400 3291 1475; baseline -0.004 0"><span class='ocrx_word' id='word_1_268' title='bbox 1716 1422 1860 1475; x_wconf 91' lang='lat' dir='ltr'><strong>nium</strong></span> <span class='ocrx_word' id='word_1_269' title='bbox 1881 1420 2038 1473; x_wconf 86' lang='lat' dir='ltr'><strong>habet</strong></span> <span class='ocrx_word' id='word_1_270' title='bbox 2054 1400 2381 1474; x_wconf 79' lang='lat' dir='ltr'><strong>societatem.</strong></span> <span class='ocrx_word' id='word_1_271' title='bbox 2408 1418 2579 1471; x_wconf 88' lang='lat' dir='ltr'><strong>llabes</strong></span> <span class='ocrx_word' id='word_1_272' title='bbox 2600 1418 2853 1471; x_wconf 80' lang='lat' dir='ltr'><strong>ﬁliolam?</strong></span> <span class='ocrx_word' id='word_1_273' title='bbox 2880 1415 3001 1469; x_wconf 89' lang='lat' dir='ltr'><strong>vide</strong></span> <span class='ocrx_word' id='word_1_274' title='bbox 3023 1430 3088 1469; x_wconf 90' lang='lat' dir='ltr'><strong>ne</strong></span> <span class='ocrx_word' id='word_1_275' title='bbox 3120 1416 3291 1469; x_wconf 44' lang='lat' dir='ltr'><strong>dam-ﬁ</strong></span> 
     </span>
    </p>
   </div>
   <div class='ocr_carea' id='block_1_36' title="bbox 1718 1504 3264 1577">
    <p class='ocr_par' dir='ltr' id='par_1_36' title="bbox 1718 1504 3264 1577">
     <span class='ocr_line' id='line_1_36' title="bbox 1718 1504 3264 1577; baseline -0.005 -14"><span class='ocrx_word' id='word_1_276' title='bbox 1718 1526 1840 1563; x_wconf 85' lang='lat' dir='ltr'><strong>nunt</strong></span> <span class='ocrx_word' id='word_1_277' title='bbox 1863 1509 2086 1577; x_wconf 88' lang='lat' dir='ltr'><strong>accipiat</strong></span> <span class='ocrx_word' id='word_1_278' title='bbox 2108 1524 2120 1560; x_wconf 94' lang='lat'>:</span> <span class='ocrx_word' id='word_1_279' title='bbox 2140 1507 2309 1560; x_wconf 88' lang='lat' dir='ltr'><strong>solent</strong></span> <span class='ocrx_word' id='word_1_280' title='bbox 2328 1507 2466 1559; x_wconf 86' lang='lat' dir='ltr'><strong>enim</strong></span> <span class='ocrx_word' id='word_1_281' title='bbox 2488 1519 2660 1560; x_wconf 88' lang='lat' dir='ltr'><strong>mores</strong></span> <span class='ocrx_word' id='word_1_282' title='bbox 2680 1519 2999 1571; x_wconf 84' lang='lat' dir='ltr'><strong>componere</strong></span> <span class='ocrx_word' id='word_1_283' title='bbox 3031 1520 3095 1558; x_wconf 77' lang='lat' dir='ltr'><strong>ex</strong></span> <span class='ocrx_word' id='word_1_284' title='bbox 3131 1504 3264 1559; x_wconf 80' lang='lat' dir='ltr'><strong>edu-</strong></span> 
     </span>
    </p>
   </div>
   <div class='ocr_carea' id='block_1_37' title="bbox 1716 1592 3269 1663">
    <p class='ocr_par' dir='ltr' id='par_1_37' title="bbox 1716 1592 3269 1663">
     <span class='ocr_line' id='line_1_37' title="bbox 1716 1592 3269 1663; baseline -0.005 -10"><span class='ocrx_word' id='word_1_285' title='bbox 1716 1600 1951 1663; x_wconf 33' lang='lat' dir='ltr'><strong>catione,’</strong></span> <span class='ocrx_word' id='word_1_286' title='bbox 1969 1606 2023 1652; x_wconf 90' lang='lat' dir='ltr'><strong>et</strong></span> <span class='ocrx_word' id='word_1_287' title='bbox 2043 1607 2267 1650; x_wconf 87' lang='lat' dir='ltr'><strong>matrum</strong></span> <span class='ocrx_word' id='word_1_288' title='bbox 2289 1608 2464 1648; x_wconf 89' lang='lat' dir='ltr'><strong>mores</strong></span> <span class='ocrx_word' id='word_1_289' title='bbox 2484 1594 2697 1647; x_wconf 91' lang='lat' dir='ltr'><strong>imitari.</strong></span> <span class='ocrx_word' id='word_1_290' title='bbox 2720 1594 2805 1647; x_wconf 90' lang='lat' dir='ltr'><strong>Sis</strong></span> <span class='ocrx_word' id='word_1_291' title='bbox 2829 1592 2947 1647; x_wconf 83' lang='lat' dir='ltr'><strong>tiliae</strong></span> <span class='ocrx_word' id='word_1_292' title='bbox 2972 1592 3269 1660; x_wconf 79' lang='lat' dir='ltr'><strong>exemplum</strong></span> 
     </span>
    </p>
   </div>
   <div class='ocr_carea' id='block_1_38' title="bbox 1718 1684 3275 1754">
    <p class='ocr_par' dir='ltr' id='par_1_38' title="bbox 1718 1684 3275 1754">
     <span class='ocr_line' id='line_1_38' title="bbox 1718 1684 3275 1754; baseline -0.006 -10"><span class='ocrx_word' id='word_1_293' title='bbox 1718 1689 1987 1744; x_wconf 75' lang='lat' dir='ltr'><strong>modestia:</strong></span> <span class='ocrx_word' id='word_1_294' title='bbox 2010 1697 2063 1740; x_wconf 89' lang='lat' dir='ltr'><strong>et</strong></span> <span class='ocrx_word' id='word_1_295' title='bbox 2090 1684 2482 1754; x_wconf 76' lang='lat' dir='ltr'><strong>temperantiae;</strong></span> <span class='ocrx_word' id='word_1_296' title='bbox 2511 1685 2599 1739; x_wconf 94' lang='lat' dir='ltr'><strong>illo</strong></span> <span class='ocrx_word' id='word_1_297' title='bbox 2633 1693 2824 1738; x_wconf 91' lang='lat' dir='ltr'><strong>ornatu</strong></span> <span class='ocrx_word' id='word_1_298' title='bbox 2850 1699 3060 1749; x_wconf 87' lang='lat' dir='ltr'><strong>ornare,</strong></span> <span class='ocrx_word' id='word_1_299' title='bbox 3079 1693 3141 1737; x_wconf 84' lang='lat' dir='ltr'><strong>et</strong></span> <span class='ocrx_word' id='word_1_300' title='bbox 3156 1684 3275 1736; x_wconf 77' lang='lat' dir='ltr'><strong>vide</strong></span> 
     </span>
    </p>
   </div>
   <div class='ocr_carea' id='block_1_39' title="bbox 1624 1773 3271 1843">
    <p class='ocr_par' dir='ltr' id='par_1_39' title="bbox 1624 1773 3271 1843">
     <span class='ocr_line' id='line_1_39' title="bbox 1624 1773 3271 1843; baseline -0.006 -9"><span class='ocrx_word' id='word_1_301' title='bbox 1624 1786 1629 1791; x_wconf 80' lang='grc'><strong>’</strong></span> <span class='ocrx_word' id='word_1_302' title='bbox 1718 1788 1773 1833; x_wconf 84' lang='grc' dir='ltr'><strong>ιιι</strong></span> <span class='ocrx_word' id='word_1_303' title='bbox 1789 1778 1927 1832; x_wconf 89' lang='lat' dir='ltr'><strong>hunc</strong></span> <span class='ocrx_word' id='word_1_304' title='bbox 1942 1776 2220 1843; x_wconf 87' lang='lat' dir='ltr'><strong>despicias.</strong></span> <span class='ocrx_word' id='word_1_305' title='bbox 2239 1774 2444 1827; x_wconf 79' lang='lat' dir='ltr'><strong>Revera</strong></span> <span class='ocrx_word' id='word_1_306' title='bbox 2463 1773 2602 1826; x_wconf 90' lang='lat' dir='ltr'><strong>enim</strong></span> <span class='ocrx_word' id='word_1_307' title='bbox 2624 1773 2711 1826; x_wconf 91' lang='lat' dir='ltr'><strong>illa</strong></span> <span class='ocrx_word' id='word_1_308' title='bbox 2730 1781 2853 1827; x_wconf 89' lang='lat' dir='ltr'><strong>sunt</strong></span> <span class='ocrx_word' id='word_1_309' title='bbox 2866 1782 3235 1826; x_wconf 87' lang='lat' dir='ltr'><strong>ornamentum</strong></span> <span class='ocrx_word' id='word_1_310' title='bbox 3257 1790 3271 1834; x_wconf 86' lang='lat'><strong>;</strong></span> 
     </span>
    </p>
   </div>
   <div class='ocr_carea' id='block_1_40' title="bbox 1714 1860 3276 1934">
    <p class='ocr_par' dir='ltr' id='par_1_40' title="bbox 1714 1860 3276 1934">
     <span class='ocr_line' id='line_1_40' title="bbox 1714 1860 3276 1934; baseline -0.006 -12"><span class='ocrx_word' id='word_1_311' title='bbox 1714 1870 1830 1932; x_wconf 66' lang='lat' dir='ltr'><strong>haec</strong></span> <span class='ocrx_word' id='word_1_312' title='bbox 1848 1881 1973 1921; x_wconf 89' lang='lat' dir='ltr'><strong>vero</strong></span> <span class='ocrx_word' id='word_1_313' title='bbox 1994 1865 2158 1934; x_wconf 79' lang='lat' dir='ltr'><strong>magis</strong></span> <span class='ocrx_word' id='word_1_314' title='bbox 2181 1863 2412 1917; x_wconf 89' lang='lat' dir='ltr'><strong>dedecus</strong></span> <span class='ocrx_word' id='word_1_315' title='bbox 2429 1862 2676 1927; x_wconf 70' lang='lat' dir='ltr'><strong>afferunt,</strong></span> <span class='ocrx_word' id='word_1_316' title='bbox 2693 1876 2850 1931; x_wconf 90' lang='lat' dir='ltr'><strong>quam</strong></span> <span class='ocrx_word' id='word_1_317' title='bbox 2867 1870 3079 1916; x_wconf 90' lang='lat' dir='ltr'><strong>ornant.</strong></span> <span class='ocrx_word' id='word_1_318' title='bbox 3115 1860 3276 1915; x_wconf 81' lang='lat' dir='ltr'><strong>Sufﬁ-</strong></span> 
     </span>
    </p>
   </div>
   <div class='ocr_carea' id='block_1_41' title="bbox 1715 1950 3277 2025">
    <p class='ocr_par' dir='ltr' id='par_1_41' title="bbox 1715 1950 3277 2025">
     <span class='ocr_line' id='line_1_41' title="bbox 1715 1950 3277 2025; baseline -0.005 -13"><span class='ocrx_word' id='word_1_319' title='bbox 1715 1960 1861 2013; x_wconf 92' lang='lat' dir='ltr'><strong>ciunt</strong></span> <span class='ocrx_word' id='word_1_320' title='bbox 1875 1971 1993 2025; x_wconf 69' lang='lat' dir='ltr'><strong>quae.</strong></span> <span class='ocrx_word' id='word_1_321' title='bbox 2006 1955 2142 2009; x_wconf 89' lang='lat' dir='ltr'><strong>dicta</strong></span> <span class='ocrx_word' id='word_1_322' title='bbox 2159 1961 2303 2006; x_wconf 90' lang='lat' dir='ltr'><strong>sunt.</strong></span> <span class='ocrx_word' id='word_1_323' title='bbox 2326 1952 2465 2006; x_wconf 89' lang='lat' dir='ltr'><strong>Deus</strong></span> <span class='ocrx_word' id='word_1_324' title='bbox 2482 1960 2658 2004; x_wconf 89' lang='lat' dir='ltr'><strong>autem</strong></span> <span class='ocrx_word' id='word_1_325' title='bbox 2679 1952 2766 2019; x_wconf 90' lang='lat' dir='ltr'><strong>qui</strong></span> <span class='ocrx_word' id='word_1_326' title='bbox 2787 1951 3039 2005; x_wconf 88' lang='lat' dir='ltr'><strong>mundum</strong></span> <span class='ocrx_word' id='word_1_327' title='bbox 3059 1950 3202 2016; x_wconf 79' lang='lat' dir='ltr'><strong>fecit,</strong></span> <span class='ocrx_word' id='word_1_328' title='bbox 3223 1961 3277 2005; x_wconf 87' lang='lat' dir='ltr'><strong>et</strong></span> 
     </span>
    </p>
   </div>
   <div class='ocr_carea' id='block_1_42' title="bbox 1716 2045 3272 2110">
    <p class='ocr_par' dir='ltr' id='par_1_42' title="bbox 1716 2045 3272 2110">
     <span class='ocr_line' id='line_1_42' title="bbox 1716 2045 3272 2110; baseline -0.006 -5"><span class='ocrx_word' id='word_1_329' title='bbox 1716 2051 1869 2105; x_wconf 89' lang='lat' dir='ltr'><strong>nobis</strong></span> <span class='ocrx_word' id='word_1_330' title='bbox 1884 2049 2028 2103; x_wconf 85' lang='lat' dir='ltr'><strong>dedit</strong></span> <span class='ocrx_word' id='word_1_331' title='bbox 2054 2048 2303 2101; x_wconf 92' lang='lat' dir='ltr'><strong>mundum</strong></span> <span class='ocrx_word' id='word_1_332' title='bbox 2326 2046 2515 2099; x_wconf 73' lang='lat' dir='ltr'><strong>animae</strong></span> <span class='ocrx_word' id='word_1_333' title='bbox 2534 2086 2548 2110; x_wconf 96' lang='lat'><strong>,</strong></span> <span class='ocrx_word' id='word_1_334' title='bbox 2588 2058 2688 2098; x_wconf 90' lang='lat' dir='ltr'><strong>nos</strong></span> <span class='ocrx_word' id='word_1_335' title='bbox 2715 2045 2934 2099; x_wconf 89' lang='lat' dir='ltr'><strong>mundct</strong></span> <span class='ocrx_word' id='word_1_336' title='bbox 2964 2054 3017 2100; x_wconf 91' lang='lat' dir='ltr'><strong>et</strong></span> <span class='ocrx_word' id='word_1_337' title='bbox 3045 2053 3272 2099; x_wconf 72' lang='lat' dir='ltr'><strong>exornet</strong></span> 
     </span>
    </p>
   </div>
   <div class='ocr_carea' id='block_1_43' title="bbox 1717 2133 3269 2207">
    <p class='ocr_par' dir='ltr' id='par_1_43' title="bbox 1717 2133 3269 2207">
     <span class='ocr_line' id='line_1_43' title="bbox 1717 2133 3269 2207; baseline -0.006 -13"><span class='ocrx_word' id='word_1_338' title='bbox 1717 2149 1768 2194; x_wconf 85' lang='lat' dir='ltr'><strong>et</strong></span> <span class='ocrx_word' id='word_1_339' title='bbox 1791 2152 1881 2193; x_wconf 90' lang='lat' dir='ltr'><strong>sua</strong></span> <span class='ocrx_word' id='word_1_340' title='bbox 1902 2137 2067 2207; x_wconf 90' lang='lat' dir='ltr'><strong>gloria</strong></span> <span class='ocrx_word' id='word_1_341' title='bbox 2097 2136 2277 2189; x_wconf 92' lang='lat' dir='ltr'><strong>induat</strong></span> <span class='ocrx_word' id='word_1_342' title='bbox 2302 2151 2315 2187; x_wconf 88' lang='lat'><strong>:</strong></span> <span class='ocrx_word' id='word_1_343' title='bbox 2340 2144 2394 2188; x_wconf 92' lang='lat' dir='ltr'><strong>ut</strong></span> <span class='ocrx_word' id='word_1_344' title='bbox 2420 2149 2606 2191; x_wconf 91' lang='lat' dir='ltr'><strong>omnes</strong></span> <span class='ocrx_word' id='word_1_345' title='bbox 2629 2134 2679 2187; x_wconf 92' lang='lat' dir='ltr'><strong>in</strong></span> <span class='ocrx_word' id='word_1_346' title='bbox 2710 2134 2865 2188; x_wconf 90' lang='lat' dir='ltr'><strong>bonis</strong></span> <span class='ocrx_word' id='word_1_347' title='bbox 2900 2133 3153 2204; x_wconf 89' lang='lat' dir='ltr'><strong>operibus</strong></span> <span class='ocrx_word' id='word_1_348' title='bbox 3178 2148 3269 2185; x_wconf 81' lang='lat' dir='ltr'><strong>re-</strong></span> 
     </span>
    </p>
   </div>
   <div class='ocr_carea' id='block_1_44' title="bbox 1717 2222 3278 2298">
    <p class='ocr_par' dir='ltr' id='par_1_44' title="bbox 1717 2222 3278 2298">
     <span class='ocr_line' id='line_1_44' title="bbox 1717 2222 3278 2298; baseline -0.006 -15"><span class='ocrx_word' id='word_1_349' title='bbox 1717 2229 2072 2298; x_wconf 87' lang='lat' dir='ltr'><strong>splendentes,</strong></span> <span class='ocrx_word' id='word_1_350' title='bbox 2089 2234 2143 2280; x_wconf 90' lang='lat' dir='ltr'><strong>et</strong></span> <span class='ocrx_word' id='word_1_351' title='bbox 2157 2225 2221 2278; x_wconf 91' lang='lat' dir='ltr'><strong>ad</strong></span> <span class='ocrx_word' id='word_1_352' title='bbox 2237 2225 2351 2293; x_wconf 87' lang='lat' dir='ltr'><strong>ejus</strong></span> <span class='ocrx_word' id='word_1_353' title='bbox 2368 2223 2591 2293; x_wconf 79' lang='lat' dir='ltr'><strong>gloriam</strong></span> <span class='ocrx_word' id='word_1_354' title='bbox 2604 2224 2865 2288; x_wconf 79' lang='lat' dir='ltr'><strong>viventes,</strong></span> <span class='ocrx_word' id='word_1_355' title='bbox 2886 2223 3106 2292; x_wconf 79' lang='lat' dir='ltr'><strong>gloriam</strong></span> <span class='ocrx_word' id='word_1_356' title='bbox 3123 2222 3278 2275; x_wconf 77' lang='lat' dir='ltr'><strong>emit-</strong></span> 
     </span>
    </p>
   </div>
   <div class='ocr_carea' id='block_1_45' title="bbox 1719 2311 2825 2379">
    <p class='ocr_par' dir='ltr' id='par_1_45' title="bbox 1719 2311 2825 2379">
     <span class='ocr_line' id='line_1_45' title="bbox 1719 2311 2825 2379; baseline -0.006 -7"><span class='ocrx_word' id='word_1_357' title='bbox 1719 2330 1891 2372; x_wconf 87' lang='lat' dir='ltr'><strong>tamus</strong></span> <span class='ocrx_word' id='word_1_358' title='bbox 1912 2317 2052 2371; x_wconf 85' lang='lat' dir='ltr'><strong>Patri</strong></span> <span class='ocrx_word' id='word_1_359' title='bbox 2078 2327 2127 2368; x_wconf 88' lang='lat' dir='ltr'><strong>et</strong></span> <span class='ocrx_word' id='word_1_360' title='bbox 2150 2314 2287 2369; x_wconf 85' lang='lat' dir='ltr'><strong>Filio</strong></span> <span class='ocrx_word' id='word_1_361' title='bbox 2303 2321 2360 2367; x_wconf 89' lang='lat' dir='ltr'><strong>et</strong></span> <span class='ocrx_word' id='word_1_362' title='bbox 2379 2311 2594 2379; x_wconf 85' lang='lat' dir='ltr'><strong>Spiritui</strong></span> <span class='ocrx_word' id='word_1_363' title='bbox 2620 2321 2825 2366; x_wconf 89' lang='lat' dir='ltr'><strong>sancto.</strong></span> 
     </span>
    </p>
   </div>
   <div class='ocr_carea' id='block_1_46' title="bbox 70 2398 2853 2425">
    <p class='ocr_par' dir='ltr' id='par_1_46' title="bbox 70 2398 2853 2425">
     <span class='ocr_line' id='line_1_46' title="bbox 70 2398 2853 2425; baseline 0.003 -12"><span class='ocrx_word' id='word_1_364' title='bbox 70 2398 2853 2425; x_wconf 60' lang='lat' dir='ltr'><em>W</em></span> 
     </span>
    </p>
   </div>
   <div class='ocr_carea' id='block_1_47' title="bbox 1433 2461 1913 2522">
    <p class='ocr_par' dir='ltr' id='par_1_47' title="bbox 1433 2461 1913 2522">
     <span class='ocr_line' id='line_1_47' title="bbox 1433 2461 1913 2522; baseline -0.006 0"><span class='ocrx_word' id='word_1_365' title='bbox 1433 2461 1761 2522; x_wconf 82' lang='lat' dir='ltr'><strong>HOMILIA</strong></span> <span class='ocrx_word' id='word_1_366' title='bbox 1800 2462 1913 2522; x_wconf 82' lang='lat' dir='ltr'><strong>XI.</strong></span> 
     </span>
    </p>
   </div>
   <div class='ocr_carea' id='block_1_48' title="bbox 59 2554 3280 2631">
    <p class='ocr_par' dir='ltr' id='par_1_48' title="bbox 59 2554 3280 2631">
     <span class='ocr_line' id='line_1_48' title="bbox 59 2554 3280 2631; baseline -0.003 -13"><span class='ocrx_word' id='word_1_367' title='bbox 59 2564 185 2618; x_wconf 66' lang='lat' dir='ltr'><strong>Car.</strong></span> <span class='ocrx_word' id='word_1_368' title='bbox 213 2563 309 2617; x_wconf 83' lang='lat' dir='ltr'><strong>IV.</strong></span> <span class='ocrx_word' id='word_1_369' title='bbox 336 2579 393 2617; x_wconf 89' lang='lat' dir='ltr'><strong>v.</strong></span> <span class='ocrx_word' id='word_1_370' title='bbox 420 2564 475 2617; x_wconf 83' lang='lat'><strong>5.</strong></span> <span class='ocrx_word' id='word_1_371' title='bbox 530 2562 598 2615; x_wconf 84' lang='lat' dir='ltr'><strong>In</strong></span> <span class='ocrx_word' id='word_1_372' title='bbox 623 2562 876 2631; x_wconf 80' lang='lat' dir='ltr'><strong>sapientia</strong></span> <span class='ocrx_word' id='word_1_373' title='bbox 920 2561 1171 2616; x_wconf 77' lang='lat' dir='ltr'><strong>ambulate</strong></span> <span class='ocrx_word' id='word_1_374' title='bbox 1196 2562 1263 2613; x_wconf 86' lang='lat' dir='ltr'><strong>ad</strong></span> <span class='ocrx_word' id='word_1_375' title='bbox 1284 2578 1365 2615; x_wconf 84' lang='lat' dir='ltr'><strong>eos</strong></span> <span class='ocrx_word' id='word_1_376' title='bbox 1392 2561 1478 2629; x_wconf 82' lang='lat' dir='ltr'><strong>qui</strong></span> <span class='ocrx_word' id='word_1_377' title='bbox 1505 2560 1629 2631; x_wconf 76' lang='lat' dir='ltr'><strong>foris</strong></span> <span class='ocrx_word' id='word_1_378' title='bbox 1729 2568 1964 2623; x_wconf 84' lang='lat' dir='ltr'><strong>acturus,</strong></span> <span class='ocrx_word' id='word_1_379' title='bbox 1995 2558 2080 2627; x_wconf 85' lang='lat' dir='ltr'><strong>qui</strong></span> <span class='ocrx_word' id='word_1_380' title='bbox 2106 2572 2157 2610; x_wconf 90' lang='lat' dir='ltr'><strong>es</strong></span> <span class='ocrx_word' id='word_1_381' title='bbox 2178 2554 2392 2609; x_wconf 66' lang='lat' dir='ltr'><strong>maxime</strong></span> <span class='ocrx_word' id='word_1_382' title='bbox 2418 2556 2602 2625; x_wconf 87' lang='lat' dir='ltr'><strong>peritus</strong></span> <span class='ocrx_word' id='word_1_383' title='bbox 2638 2556 3051 2609; x_wconf 83' lang='lat' dir='ltr'><strong>consuetudinum</strong></span> <span class='ocrx_word' id='word_1_384' title='bbox 3069 2564 3117 2609; x_wconf 89' lang='lat' dir='ltr'><strong>et</strong></span> <span class='ocrx_word' id='word_1_385' title='bbox 3144 2572 3280 2625; x_wconf 69' lang='lat' dir='ltr'><strong>qum-</strong></span> 
     </span>
    </p>
   </div>
   <div class='ocr_carea' id='block_1_49' title="bbox 128 2648 1617 2719">
    <p class='ocr_par' dir='ltr' id='par_1_49' title="bbox 128 2648 1617 2719">
     <span class='ocr_line' id='line_1_49' title="bbox 128 2648 1617 2719; baseline -0.002 -15"><span class='ocrx_word' id='word_1_386' title='bbox 128 2660 261 2715; x_wconf 80' lang='lat' dir='ltr'><strong>sunt,</strong></span> <span class='ocrx_word' id='word_1_387' title='bbox 297 2660 489 2719; x_wconf 82' lang='lat' dir='ltr'><strong>tempus</strong></span> <span class='ocrx_word' id='word_1_388' title='bbox 513 2650 826 2703; x_wconf 86' lang='lat' dir='ltr'><strong>redimentes.</strong></span> <span class='ocrx_word' id='word_1_389' title='bbox 866 2650 918 2704; x_wconf 87' lang='lat'><strong>5.</strong></span> <span class='ocrx_word' id='word_1_390' title='bbox 965 2648 1140 2703; x_wconf 86' lang='lat' dir='ltr'><strong>Sermo</strong></span> <span class='ocrx_word' id='word_1_391' title='bbox 1162 2658 1318 2702; x_wconf 78' lang='lat' dir='ltr'><strong>vester</strong></span> <span class='ocrx_word' id='word_1_392' title='bbox 1337 2664 1532 2717; x_wconf 83' lang='lat' dir='ltr'><strong>semper</strong></span> <span class='ocrx_word' id='word_1_393' title='bbox 1564 2648 1617 2701; x_wconf 85' lang='lat' dir='ltr'><strong>in</strong></span> 
     </span>
    </p>
   </div>
   <div class='ocr_carea' id='block_1_50' title="bbox 126 2738 1620 2808">
    <p class='ocr_par' dir='ltr' id='par_1_50' title="bbox 126 2738 1620 2808">
     <span class='ocr_line' id='line_1_50' title="bbox 126 2738 1620 2808; baseline 0 -17"><span class='ocrx_word' id='word_1_394' title='bbox 126 2740 314 2808; x_wconf 83' lang='lat' dir='ltr'><strong>gratia,</strong></span> <span class='ocrx_word' id='word_1_395' title='bbox 344 2739 449 2792; x_wconf 81' lang='lat' dir='ltr'><strong>sale</strong></span> <span class='ocrx_word' id='word_1_396' title='bbox 474 2738 539 2790; x_wconf 86' lang='lat' dir='ltr'><strong>sit</strong></span> <span class='ocrx_word' id='word_1_397' title='bbox 565 2738 815 2803; x_wconf 86' lang='lat' dir='ltr'><strong>conditus,</strong></span> <span class='ocrx_word' id='word_1_398' title='bbox 856 2748 910 2791; x_wconf 82' lang='lat' dir='ltr'><strong>ut</strong></span> <span class='ocrx_word' id='word_1_399' title='bbox 934 2739 1103 2792; x_wconf 80' lang='lat' dir='ltr'><strong>sciatis</strong></span> <span class='ocrx_word' id='word_1_400' title='bbox 1121 2742 1365 2808; x_wconf 83' lang='lat' dir='ltr'><strong>quomodo</strong></span> <span class='ocrx_word' id='word_1_401' title='bbox 1393 2744 1620 2808; x_wconf 80' lang='lat' dir='ltr'><strong>aporteat</strong></span> 
     </span>
    </p>
   </div>
   <div class='ocr_carea' id='block_1_51' title="bbox 128 2826 851 2895">
    <p class='ocr_par' dir='ltr' id='par_1_51' title="bbox 128 2826 851 2895">
     <span class='ocr_line' id='line_1_51' title="bbox 128 2826 851 2895; baseline 0 -15"><span class='ocrx_word' id='word_1_402' title='bbox 128 2843 215 2881; x_wconf 80' lang='lat' dir='ltr'><strong>cos</strong></span> <span class='ocrx_word' id='word_1_403' title='bbox 242 2826 510 2895; x_wconf 79' lang='lat' dir='ltr'><strong>unicuique</strong></span> <span class='ocrx_word' id='word_1_404' title='bbox 534 2827 851 2895; x_wconf 83' lang='lat' dir='ltr'><strong>respondere.</strong></span> 
     </span>
    </p>
   </div>
   <div class='ocr_carea' id='block_1_52' title="bbox 130 2916 1618 2987">
    <p class='ocr_par' dir='ltr' id='par_1_52' title="bbox 130 2916 1618 2987">
     <span class='ocr_line' id='line_1_52' title="bbox 130 2916 1618 2987; baseline 0.001 -17"><span class='ocrx_word' id='word_1_405' title='bbox 130 2920 182 2971; x_wconf 80' lang='grc'><strong>1.</strong></span> <span class='ocrx_word' id='word_1_406' title='bbox 220 2916 371 2985; x_wconf 84' lang='lat' dir='ltr'><strong>Quod</strong></span> <span class='ocrx_word' id='word_1_407' title='bbox 397 2916 638 2970; x_wconf 84' lang='lat' dir='ltr'><strong>Christus</strong></span> <span class='ocrx_word' id='word_1_408' title='bbox 653 2916 857 2971; x_wconf 79' lang='lat' dir='ltr'><strong>dicebat</strong></span> <span class='ocrx_word' id='word_1_409' title='bbox 876 2916 1165 2987; x_wconf 88' lang='lat' dir='ltr'><strong>discipulis,</strong></span> <span class='ocrx_word' id='word_1_410' title='bbox 1193 2918 1293 2973; x_wconf 89' lang='lat' dir='ltr'><strong>hoc</strong></span> <span class='ocrx_word' id='word_1_411' title='bbox 1321 2934 1458 2973; x_wconf 87' lang='lat' dir='ltr'><strong>nunc</strong></span> <span class='ocrx_word' id='word_1_412' title='bbox 1483 2933 1618 2987; x_wconf 82' lang='lat' dir='ltr'><strong>quo-</strong></span> 
     </span>
    </p>
   </div>
   <div class='ocr_carea' id='block_1_53' title="bbox 68 3003 1618 3070">
    <p class='ocr_par' dir='ltr' id='par_1_53' title="bbox 68 3003 1618 3070">
     <span class='ocr_line' id='line_1_53' title="bbox 68 3003 1618 3070; baseline 0.003 -13"><span class='ocrx_word' id='word_1_413' title='bbox 68 3020 165 3070; x_wconf 83' lang='lat' dir='ltr'><strong>que</strong></span> <span class='ocrx_word' id='word_1_414' title='bbox 211 3012 395 3059; x_wconf 88' lang='lat' dir='ltr'><strong>monet</strong></span> <span class='ocrx_word' id='word_1_415' title='bbox 432 3003 645 3058; x_wconf 83' lang='lat' dir='ltr'><strong>Paulus.</strong></span> <span class='ocrx_word' id='word_1_416' title='bbox 690 3004 825 3069; x_wconf 86' lang='lat' dir='ltr'><strong>Quid</strong></span> <span class='ocrx_word' id='word_1_417' title='bbox 864 3014 1038 3058; x_wconf 87' lang='lat' dir='ltr'><strong>autem</strong></span> <span class='ocrx_word' id='word_1_418' title='bbox 1075 3005 1283 3060; x_wconf 88' lang='lat' dir='ltr'><strong>dicebat</strong></span> <span class='ocrx_word' id='word_1_419' title='bbox 1328 3006 1618 3061; x_wconf 78' lang='lat' dir='ltr'><strong>Christus?</strong></span> 
     </span>
    </p>
   </div>
   <div class='ocr_carea' id='block_1_54' title="bbox 68 3094 1617 3163">
    <p class='ocr_par' dir='ltr' id='par_1_54' title="bbox 68 3094 1617 3163">
     <span class='ocr_line' id='line_1_54' title="bbox 68 3094 1617 3163; baseline 0.003 -16"><span class='ocrx_word' id='word_1_420' title='bbox 68 3094 196 3147; x_wconf 84' lang='lat' dir='ltr'><strong>Ecce</strong></span> <span class='ocrx_word' id='word_1_421' title='bbox 221 3111 314 3162; x_wconf 82' lang='lat' dir='ltr'><strong>ego</strong></span> <span class='ocrx_word' id='word_1_422' title='bbox 342 3094 481 3147; x_wconf 83' lang='lat' dir='ltr'><strong>mitto</strong></span> <span class='ocrx_word' id='word_1_423' title='bbox 509 3108 594 3146; x_wconf 80' lang='lat' dir='ltr'><strong>vos</strong></span> <span class='ocrx_word' id='word_1_424' title='bbox 628 3094 755 3146; x_wconf 85' lang='lat' dir='ltr'><strong>sicut</strong></span> <span class='ocrx_word' id='word_1_425' title='bbox 788 3109 902 3147; x_wconf 79' lang='lat' dir='ltr'><strong>oves</strong></span> <span class='ocrx_word' id='word_1_426' title='bbox 928 3094 980 3147; x_wconf 86' lang='lat' dir='ltr'><strong>in</strong></span> <span class='ocrx_word' id='word_1_427' title='bbox 1012 3096 1175 3148; x_wconf 77' lang='lat' dir='ltr'><strong>medio</strong></span> <span class='ocrx_word' id='word_1_428' title='bbox 1205 3094 1462 3163; x_wconf 88' lang='lat' dir='ltr'><strong>luporum.</strong></span> <span class='ocrx_word' id='word_1_429' title='bbox 1491 3096 1617 3151; x_wconf 85' lang='lat' dir='ltr'><strong>Sitis</strong></span> 
     </span>
    </p>
   </div>
   <div class='ocr_carea' id='block_1_55' title="bbox 67 3183 1616 3251">
    <p class='ocr_par' dir='ltr' id='par_1_55' title="bbox 67 3183 1616 3251">
     <span class='ocr_line' id='line_1_55' title="bbox 67 3183 1616 3251; baseline 0.001 -16"><span class='ocrx_word' id='word_1_430' title='bbox 67 3200 178 3251; x_wconf 86' lang='lat' dir='ltr'><strong>ergo</strong></span> <span class='ocrx_word' id='word_1_431' title='bbox 221 3183 491 3249; x_wconf 74' lang='lat' dir='ltr'><strong>prudentes</strong></span> <span class='ocrx_word' id='word_1_432' title='bbox 533 3184 659 3235; x_wconf 83' lang='lat' dir='ltr'><strong>sicut</strong></span> <span class='ocrx_word' id='word_1_433' title='bbox 696 3191 964 3249; x_wconf 77' lang='lat' dir='ltr'><strong>serpentes,</strong></span> <span class='ocrx_word' id='word_1_434' title='bbox 1006 3192 1053 3235; x_wconf 88' lang='lat' dir='ltr'><strong>et</strong></span> <span class='ocrx_word' id='word_1_435' title='bbox 1093 3183 1342 3251; x_wconf 83' lang='lat' dir='ltr'><strong>simplices</strong></span> <span class='ocrx_word' id='word_1_436' title='bbox 1379 3185 1504 3237; x_wconf 85' lang='lat' dir='ltr'><strong>sicut</strong></span> <span class='ocrx_word' id='word_1_437' title='bbox 1532 3200 1616 3236; x_wconf 91' lang='lat' dir='ltr'><strong>co-</strong></span> 
     </span>
    </p>
   </div>
   <div class='ocr_carea' id='block_1_56' title="bbox 63 3270 1617 3345">
    <p class='ocr_par' dir='ltr' id='par_1_56' title="bbox 63 3270 1617 3345">
     <span class='ocr_line' id='line_1_56' title="bbox 63 3270 1617 3345; baseline 0.001 -21"><span class='ocrx_word' id='word_1_438' title='bbox 63 3272 246 3325; x_wconf 79' lang='lat' dir='ltr'><strong>lumst</strong></span> <span class='ocrx_word' id='word_1_439' title='bbox 273 3270 480 3341; x_wconf 74' lang='lat' dir='ltr'><strong>(Matth.</strong></span> <span class='ocrx_word' id='word_1_440' title='bbox 515 3270 602 3325; x_wconf 87' lang='lat' dir='ltr'><strong>l0.</strong></span> <span class='ocrx_word' id='word_1_441' title='bbox 646 3271 761 3338; x_wconf 81' lang='grc'><strong>16).</strong></span> <span class='ocrx_word' id='word_1_442' title='bbox 818 3271 930 3325; x_wconf 83' lang='lat' dir='ltr'><strong>Hoc</strong></span> <span class='ocrx_word' id='word_1_443' title='bbox 950 3272 1239 3345; x_wconf 85' lang='lat' dir='ltr'><strong>est,Cauti</strong></span> <span class='ocrx_word' id='word_1_444' title='bbox 1266 3282 1437 3326; x_wconf 84' lang='lat' dir='ltr'><strong>estote</strong></span> <span class='ocrx_word' id='word_1_445' title='bbox 1459 3313 1475 3339; x_wconf 96' lang='lat'><strong>,</strong></span> <span class='ocrx_word' id='word_1_446' title='bbox 1498 3272 1617 3325; x_wconf 89' lang='lat' dir='ltr'><strong>nul-</strong></span> 
     </span>
    </p>
   </div>
   <div class='ocr_carea' id='block_1_57' title="bbox 66 3360 1612 3433">
    <p class='ocr_par' dir='ltr' id='par_1_57' title="bbox 66 3360 1612 3433">
     <span class='ocr_line' id='line_1_57' title="bbox 66 3360 1612 3433; baseline 0.001 -18"><span class='ocrx_word' id='word_1_447' title='bbox 66 3364 162 3415; x_wconf 78' lang='lat' dir='ltr'><strong>Iam</strong></span> <span class='ocrx_word' id='word_1_448' title='bbox 192 3364 273 3416; x_wconf 87' lang='lat' dir='ltr'><strong>eis</strong></span> <span class='ocrx_word' id='word_1_449' title='bbox 304 3364 553 3433; x_wconf 82' lang='lat' dir='ltr'><strong>adversus</strong></span> <span class='ocrx_word' id='word_1_450' title='bbox 591 3374 687 3414; x_wconf 89' lang='lat' dir='ltr'><strong>vos</strong></span> <span class='ocrx_word' id='word_1_451' title='bbox 722 3360 908 3415; x_wconf 83' lang='lat' dir='ltr'><strong>dantes</strong></span> <span class='ocrx_word' id='word_1_452' title='bbox 949 3375 1130 3415; x_wconf 89' lang='lat' dir='ltr'><strong>ansam</strong></span> <span class='ocrx_word' id='word_1_453' title='bbox 1161 3371 1215 3415; x_wconf 89' lang='lat' dir='ltr'><strong>et</strong></span> <span class='ocrx_word' id='word_1_454' title='bbox 1259 3363 1612 3417; x_wconf 89' lang='lat' dir='ltr'><strong>occasionem.</strong></span> 
     </span>
    </p>
   </div>
   <div class='ocr_carea' id='block_1_58' title="bbox 64 3442 1613 3521">
    <p class='ocr_par' dir='ltr' id='par_1_58' title="bbox 64 3442 1613 3521">
     <span class='ocr_line' id='line_1_58' title="bbox 64 3442 1613 3521; baseline 0 -16"><span class='ocrx_word' id='word_1_455' title='bbox 64 3454 353 3520; x_wconf 84' lang='lat' dir='ltr'><strong>Propterea</strong></span> <span class='ocrx_word' id='word_1_456' title='bbox 383 3461 558 3505; x_wconf 89' lang='lat' dir='ltr'><strong>autem</strong></span> <span class='ocrx_word' id='word_1_457' title='bbox 590 3451 853 3518; x_wconf 84' lang='lat' dir='ltr'><strong>adjicitur,</strong></span> <span class='ocrx_word' id='word_1_458' title='bbox 878 3442 958 3503; x_wconf 65' lang='lat' dir='ltr'><strong>Ad</strong></span> <span class='ocrx_word' id='word_1_459' title='bbox 994 3467 1076 3505; x_wconf 84' lang='lat' dir='ltr'><strong>eos</strong></span> <span class='ocrx_word' id='word_1_460' title='bbox 1117 3452 1202 3520; x_wconf 84' lang='lat' dir='ltr'><strong>qui</strong></span> <span class='ocrx_word' id='word_1_461' title='bbox 1230 3453 1352 3521; x_wconf 81' lang='lat' dir='ltr'><strong>{oris</strong></span> <span class='ocrx_word' id='word_1_462' title='bbox 1379 3461 1528 3515; x_wconf 86' lang='lat' dir='ltr'><strong>sunt;</strong></span> <span class='ocrx_word' id='word_1_463' title='bbox 1555 3460 1613 3505; x_wconf 90' lang='lat' dir='ltr'><strong>ut</strong></span> 
     </span>
    </p>
   </div>
   <div class='ocr_carea' id='block_1_59' title="bbox 62 3539 1615 3609">
    <p class='ocr_par' dir='ltr' id='par_1_59' title="bbox 62 3539 1615 3609">
     <span class='ocr_line' id='line_1_59' title="bbox 62 3539 1615 3609; baseline 0.002 -16"><span class='ocrx_word' id='word_1_464' title='bbox 62 3540 330 3595; x_wconf 88' lang='lat' dir='ltr'><strong>discamus</strong></span> <span class='ocrx_word' id='word_1_465' title='bbox 354 3581 368 3603; x_wconf 95' lang='lat'><strong>,</strong></span> <span class='ocrx_word' id='word_1_466' title='bbox 400 3540 538 3609; x_wconf 91' lang='lat' dir='ltr'><strong>quod</strong></span> <span class='ocrx_word' id='word_1_467' title='bbox 566 3539 820 3594; x_wconf 87' lang='lat' dir='ltr'><strong>adversus</strong></span> <span class='ocrx_word' id='word_1_468' title='bbox 851 3548 1031 3595; x_wconf 90' lang='lat' dir='ltr'><strong>nostra</strong></span> <span class='ocrx_word' id='word_1_469' title='bbox 1075 3541 1309 3595; x_wconf 89' lang='lat' dir='ltr'><strong>membra</strong></span> <span class='ocrx_word' id='word_1_470' title='bbox 1336 3557 1442 3595; x_wconf 93' lang='lat' dir='ltr'><strong>non</strong></span> <span class='ocrx_word' id='word_1_471' title='bbox 1472 3550 1615 3596; x_wconf 88' lang='lat' dir='ltr'><strong>tanta</strong></span> 
     </span>
    </p>
   </div>
   <div class='ocr_carea' id='block_1_60' title="bbox 63 3628 1612 3696">
    <p class='ocr_par' dir='ltr' id='par_1_60' title="bbox 63 3628 1612 3696">
     <span class='ocr_line' id='line_1_60' title="bbox 63 3628 1612 3696; baseline 0.003 -15"><span class='ocrx_word' id='word_1_472' title='bbox 63 3630 213 3682; x_wconf 89' lang='lat' dir='ltr'><strong>nobis</strong></span> <span class='ocrx_word' id='word_1_473' title='bbox 241 3642 375 3695; x_wconf 85' lang='lat' dir='ltr'><strong>opus</strong></span> <span class='ocrx_word' id='word_1_474' title='bbox 402 3637 484 3682; x_wconf 89' lang='lat' dir='ltr'><strong>est</strong></span> <span class='ocrx_word' id='word_1_475' title='bbox 502 3630 745 3682; x_wconf 86' lang='lat' dir='ltr'><strong>cautione</strong></span> <span class='ocrx_word' id='word_1_476' title='bbox 764 3668 781 3694; x_wconf 95' lang='lat'><strong>,</strong></span> <span class='ocrx_word' id='word_1_477' title='bbox 812 3636 1004 3696; x_wconf 88' lang='lat' dir='ltr'><strong>quanta</strong></span> <span class='ocrx_word' id='word_1_478' title='bbox 1032 3628 1283 3683; x_wconf 89' lang='lat' dir='ltr'><strong>adversus</strong></span> <span class='ocrx_word' id='word_1_479' title='bbox 1310 3640 1612 3686; x_wconf 85' lang='lat' dir='ltr'><strong>extraneos.</strong></span> 
     </span>
    </p>
   </div>
   <div class='ocr_carea' id='block_1_61' title="bbox 62 3717 1613 3786">
    <p class='ocr_par' dir='ltr' id='par_1_61' title="bbox 62 3717 1613 3786">
     <span class='ocr_line' id='line_1_61' title="bbox 62 3717 1613 3786; baseline 0 -13"><span class='ocrx_word' id='word_1_480' title='bbox 62 3717 160 3773; x_wconf 80' lang='lat' dir='ltr'><strong>Ubi</strong></span> <span class='ocrx_word' id='word_1_481' title='bbox 207 3733 438 3786; x_wconf 87' lang='lat' dir='ltr'><strong>namque</strong></span> <span class='ocrx_word' id='word_1_482' title='bbox 476 3718 663 3771; x_wconf 80' lang='lat' dir='ltr'><strong>fratres</strong></span> <span class='ocrx_word' id='word_1_483' title='bbox 706 3725 857 3783; x_wconf 91' lang='lat' dir='ltr'><strong>sunt,</strong></span> <span class='ocrx_word' id='word_1_484' title='bbox 902 3718 972 3772; x_wconf 89' lang='lat' dir='ltr'><strong>ibi</strong></span> <span class='ocrx_word' id='word_1_485' title='bbox 1023 3719 1182 3771; x_wconf 90' lang='lat' dir='ltr'><strong>multa</strong></span> <span class='ocrx_word' id='word_1_486' title='bbox 1228 3719 1613 3784; x_wconf 90' lang='lat' dir='ltr'><strong>condonantur,</strong></span> 
     </span>
    </p>
   </div>
   <div class='ocr_carea' id='block_1_62' title="bbox 64 3806 1611 3877">
    <p class='ocr_par' dir='ltr' id='par_1_62' title="bbox 64 3806 1611 3877">
     <span class='ocr_line' id='line_1_62' title="bbox 64 3806 1611 3877; baseline 0.003 -20"><span class='ocrx_word' id='word_1_487' title='bbox 64 3808 129 3860; x_wconf 88' lang='lat' dir='ltr'><strong>ibi</strong></span> <span class='ocrx_word' id='word_1_488' title='bbox 156 3809 355 3861; x_wconf 87' lang='lat' dir='ltr'><strong>caritas</strong></span> <span class='ocrx_word' id='word_1_489' title='bbox 372 3822 577 3877; x_wconf 82' lang='lat' dir='ltr'><strong>magna.</strong></span> <span class='ocrx_word' id='word_1_490' title='bbox 598 3806 816 3877; x_wconf 90' lang='lat' dir='ltr'><strong>Oportet</strong></span> <span class='ocrx_word' id='word_1_491' title='bbox 838 3809 993 3862; x_wconf 86' lang='lat' dir='ltr'><strong>etiam</strong></span> <span class='ocrx_word' id='word_1_492' title='bbox 1017 3807 1102 3862; x_wconf 89' lang='lat' dir='ltr'><strong>hic</strong></span> <span class='ocrx_word' id='word_1_493' title='bbox 1123 3824 1238 3863; x_wconf 88' lang='lat' dir='ltr'><strong>esse</strong></span> <span class='ocrx_word' id='word_1_494' title='bbox 1257 3809 1611 3874; x_wconf 85' lang='lat' dir='ltr'><strong>securitatem,</strong></span> 
     </span>
    </p>
   </div>
   <div class='ocr_carea' id='block_1_63' title="bbox 64 3897 1616 3967">
    <p class='ocr_par' dir='ltr' id='par_1_63' title="bbox 64 3897 1616 3967">
     <span class='ocr_line' id='line_1_63' title="bbox 64 3897 1616 3967; baseline 0.003 -18"><span class='ocrx_word' id='word_1_495' title='bbox 64 3898 319 3967; x_wconf 86' lang='lat' dir='ltr'><strong>majorem</strong></span> <span class='ocrx_word' id='word_1_496' title='bbox 346 3912 473 3952; x_wconf 89' lang='lat' dir='ltr'><strong>vero</strong></span> <span class='ocrx_word' id='word_1_497' title='bbox 502 3897 630 3951; x_wconf 84' lang='lat' dir='ltr'><strong>foris</strong></span> <span class='ocrx_word' id='word_1_498' title='bbox 661 3912 799 3952; x_wconf 88' lang='lat' dir='ltr'><strong>:non</strong></span> <span class='ocrx_word' id='word_1_499' title='bbox 828 3905 951 3952; x_wconf 84' lang='lat' dir='ltr'><strong>sunt</strong></span> <span class='ocrx_word' id='word_1_500' title='bbox 976 3899 1114 3952; x_wconf 91' lang='lat' dir='ltr'><strong>enim</strong></span> <span class='ocrx_word' id='word_1_501' title='bbox 1144 3899 1306 3967; x_wconf 89' lang='lat' dir='ltr'><strong>paria,</strong></span> <span class='ocrx_word' id='word_1_502' title='bbox 1336 3914 1454 3953; x_wconf 90' lang='lat' dir='ltr'><strong>esse</strong></span> <span class='ocrx_word' id='word_1_503' title='bbox 1480 3901 1616 3954; x_wconf 89' lang='lat' dir='ltr'><strong>inter</strong></span> 
     </span>
    </p>
   </div>
   <div class='ocr_carea' id='block_1_64' title="bbox 66 3984 1612 4058">
    <p class='ocr_par' dir='ltr' id='par_1_64' title="bbox 66 3984 1612 4058">
     <span class='ocr_line' id='line_1_64' title="bbox 66 3984 1612 4058; baseline 0.003 -19"><span class='ocrx_word' id='word_1_504' title='bbox 66 3989 306 4041; x_wconf 84' lang='lat' dir='ltr'><strong>inimicos</strong></span> <span class='ocrx_word' id='word_1_505' title='bbox 329 4000 381 4041; x_wconf 91' lang='lat' dir='ltr'><strong>et</strong></span> <span class='ocrx_word' id='word_1_506' title='bbox 406 3988 603 4052; x_wconf 83' lang='lat' dir='ltr'><strong>hostes,</strong></span> <span class='ocrx_word' id='word_1_507' title='bbox 632 3998 684 4041; x_wconf 91' lang='lat' dir='ltr'><strong>et</strong></span> <span class='ocrx_word' id='word_1_508' title='bbox 713 3984 850 4041; x_wconf 87' lang='lat' dir='ltr'><strong>inter</strong></span> <span class='ocrx_word' id='word_1_509' title='bbox 869 3990 1085 4042; x_wconf 85' lang='lat' dir='ltr'><strong>amicos.</strong></span> <span class='ocrx_word' id='word_1_510' title='bbox 1113 3988 1308 4044; x_wconf 87' lang='lat' dir='ltr'><strong>Deinde</strong></span> <span class='ocrx_word' id='word_1_511' title='bbox 1337 3999 1612 4058; x_wconf 89' lang='lat' dir='ltr'><strong>postquam</strong></span> 
     </span>
    </p>
   </div>
   <div class='ocr_carea' id='block_1_65' title="bbox 65 4077 1609 4145">
    <p class='ocr_par' dir='ltr' id='par_1_65' title="bbox 65 4077 1609 4145">
     <span class='ocr_line' id='line_1_65' title="bbox 65 4077 1609 4145; baseline 0.004 -18"><span class='ocrx_word' id='word_1_512' title='bbox 65 4079 280 4140; x_wconf 87' lang='lat' dir='ltr'><strong>terruit,</strong></span> <span class='ocrx_word' id='word_1_513' title='bbox 330 4077 449 4130; x_wconf 87' lang='lat' dir='ltr'><strong>vide</strong></span> <span class='ocrx_word' id='word_1_514' title='bbox 498 4077 762 4145; x_wconf 91' lang='lat' dir='ltr'><strong>quomodo</strong></span> <span class='ocrx_word' id='word_1_515' title='bbox 808 4092 991 4131; x_wconf 90' lang='lat' dir='ltr'><strong>rursus</strong></span> <span class='ocrx_word' id='word_1_516' title='bbox 1037 4079 1115 4130; x_wconf 77' lang='lat' dir='ltr'><strong>eis</strong></span> <span class='ocrx_word' id='word_1_517' title='bbox 1166 4078 1311 4131; x_wconf 89' lang='lat' dir='ltr'><strong>addit</strong></span> <span class='ocrx_word' id='word_1_518' title='bbox 1354 4080 1609 4133; x_wconf 86' lang='lat' dir='ltr'><strong>animum.</strong></span> 
     </span>
    </p>
   </div>
   <div class='ocr_carea' id='block_1_66' title="bbox 64 4163 1611 4234">
    <p class='ocr_par' dir='ltr' id='par_1_66' title="bbox 64 4163 1611 4234">
     <span class='ocr_line' id='line_1_66' title="bbox 64 4163 1611 4234; baseline 0.003 -19"><span class='ocrx_word' id='word_1_519' title='bbox 64 4163 316 4233; x_wconf 85' lang='lat' dir='ltr'><strong>Tempus,</strong></span> <span class='ocrx_word' id='word_1_520' title='bbox 348 4164 552 4232; x_wconf 89' lang='lat' dir='ltr'><strong>inquit,</strong></span> <span class='ocrx_word' id='word_1_521' title='bbox 582 4164 905 4218; x_wconf 76' lang='lat' dir='ltr'><strong>redimentes.</strong></span> <span class='ocrx_word' id='word_1_522' title='bbox 926 4165 1036 4218; x_wconf 89' lang='lat' dir='ltr'><strong>lIoc</strong></span> <span class='ocrx_word' id='word_1_523' title='bbox 1072 4177 1150 4229; x_wconf 83' lang='lat' dir='ltr'><strong>est</strong></span> <span class='ocrx_word' id='word_1_524' title='bbox 1174 4206 1187 4230; x_wconf 88' lang='lat'><strong>,</strong></span> <span class='ocrx_word' id='word_1_525' title='bbox 1216 4181 1451 4234; x_wconf 72' lang='lat' dir='ltr'><strong>prmscns</strong></span> <span class='ocrx_word' id='word_1_526' title='bbox 1476 4175 1611 4221; x_wconf 93' lang='lat' dir='ltr'><strong>tem-</strong></span> 
     </span>
    </p>
   </div>
   <div class='ocr_carea' id='block_1_67' title="bbox 66 4251 1613 4323">
    <p class='ocr_par' dir='ltr' id='par_1_67' title="bbox 66 4251 1613 4323">
     <span class='ocr_line' id='line_1_67' title="bbox 66 4251 1613 4323; baseline 0.004 -20"><span class='ocrx_word' id='word_1_527' title='bbox 66 4267 157 4318; x_wconf 82' lang='lat' dir='ltr'><strong>pus</strong></span> <span class='ocrx_word' id='word_1_528' title='bbox 183 4263 268 4305; x_wconf 90' lang='lat' dir='ltr'><strong>est</strong></span> <span class='ocrx_word' id='word_1_529' title='bbox 300 4252 485 4307; x_wconf 73' lang='lat' dir='ltr'><strong>breve.</strong></span> <span class='ocrx_word' id='word_1_530' title='bbox 512 4251 633 4305; x_wconf 60' lang='lat' dir='ltr'><strong>llaec</strong></span> <span class='ocrx_word' id='word_1_531' title='bbox 672 4260 843 4305; x_wconf 88' lang='lat' dir='ltr'><strong>autem</strong></span> <span class='ocrx_word' id='word_1_532' title='bbox 883 4252 1123 4317; x_wconf 87' lang='lat' dir='ltr'><strong>diccbat,</strong></span> <span class='ocrx_word' id='word_1_533' title='bbox 1156 4269 1259 4305; x_wconf 92' lang='lat' dir='ltr'><strong>non</strong></span> <span class='ocrx_word' id='word_1_534' title='bbox 1287 4254 1426 4323; x_wconf 85' lang='lat' dir='ltr'><strong>quod</strong></span> <span class='ocrx_word' id='word_1_535' title='bbox 1456 4254 1613 4309; x_wconf 87' lang='lat' dir='ltr'><strong>vellet</strong></span> 
     </span>
    </p>
   </div>
   <div class='ocr_carea' id='block_1_68' title="bbox 60 4341 1613 4409">
    <p class='ocr_par' dir='ltr' id='par_1_68' title="bbox 60 4341 1613 4409">
     <span class='ocr_line' id='line_1_68' title="bbox 60 4341 1613 4409; baseline 0.003 -17"><span class='ocrx_word' id='word_1_536' title='bbox 60 4354 149 4392; x_wconf 84' lang='lat' dir='ltr'><strong>eos</strong></span> <span class='ocrx_word' id='word_1_537' title='bbox 196 4355 320 4394; x_wconf 90' lang='lat' dir='ltr'><strong>esse</strong></span> <span class='ocrx_word' id='word_1_538' title='bbox 362 4341 534 4392; x_wconf 82' lang='lat' dir='ltr'><strong>varios</strong></span> <span class='ocrx_word' id='word_1_539' title='bbox 560 4348 615 4393; x_wconf 90' lang='lat' dir='ltr'><strong>et</strong></span> <span class='ocrx_word' id='word_1_540' title='bbox 654 4341 956 4409; x_wconf 81' lang='lat' dir='ltr'><strong>bypocritas</strong></span> <span class='ocrx_word' id='word_1_541' title='bbox 997 4355 1058 4394; x_wconf 89' lang='lat' dir='ltr'><strong>ac</strong></span> <span class='ocrx_word' id='word_1_542' title='bbox 1103 4342 1467 4406; x_wconf 80' lang='lat' dir='ltr'><strong>simulatorcs;</strong></span> <span class='ocrx_word' id='word_1_543' title='bbox 1512 4343 1613 4397; x_wconf 90' lang='lat' dir='ltr'><strong>hoc</strong></span> 
     </span>
    </p>
   </div>
   <div class='ocr_carea' id='block_1_69' title="bbox 62 4427 1612 4504">
    <p class='ocr_par' dir='ltr' id='par_1_69' title="bbox 62 4427 1612 4504">
     <span class='ocr_line' id='line_1_69' title="bbox 62 4427 1612 4504; baseline 0.003 -25"><span class='ocrx_word' id='word_1_544' title='bbox 62 4429 199 4481; x_wconf 88' lang='lat' dir='ltr'><strong>enim</strong></span> <span class='ocrx_word' id='word_1_545' title='bbox 250 4443 355 4480; x_wconf 87' lang='lat' dir='ltr'><strong>non</strong></span> <span class='ocrx_word' id='word_1_546' title='bbox 385 4437 466 4481; x_wconf 90' lang='lat' dir='ltr'><strong>est</strong></span> <span class='ocrx_word' id='word_1_547' title='bbox 502 4428 772 4495; x_wconf 86' lang='lat' dir='ltr'><strong>sapientiae</strong></span> <span class='ocrx_word' id='word_1_548' title='bbox 794 4469 810 4494; x_wconf 92' lang='lat'><strong>,</strong></span> <span class='ocrx_word' id='word_1_549' title='bbox 842 4427 934 4483; x_wconf 88' lang='lat' dir='ltr'><strong>sed</strong></span> <span class='ocrx_word' id='word_1_550' title='bbox 980 4429 1255 4494; x_wconf 66' lang='lat' dir='ltr'><strong>amentia};</strong></span> <span class='ocrx_word' id='word_1_551' title='bbox 1303 4431 1393 4484; x_wconf 89' lang='lat' dir='ltr'><strong>sed</strong></span> <span class='ocrx_word' id='word_1_552' title='bbox 1441 4431 1612 4504; x_wconf 85' lang='lat' dir='ltr'><strong>quid?</strong></span> 
     </span>
    </p>
   </div>
   <div class='ocr_carea' id='block_1_70' title="bbox 64 4516 1611 4585">
    <p class='ocr_par' dir='ltr' id='par_1_70' title="bbox 64 4516 1611 4585">
     <span class='ocr_line' id='line_1_70' title="bbox 64 4516 1611 4585; baseline 0.004 -18"><span class='ocrx_word' id='word_1_553' title='bbox 64 4516 114 4568; x_wconf 90' lang='lat' dir='ltr'><strong>In</strong></span> <span class='ocrx_word' id='word_1_554' title='bbox 143 4517 208 4571; x_wconf 89' lang='lat' dir='ltr'><strong>iis</strong></span> <span class='ocrx_word' id='word_1_555' title='bbox 234 4555 249 4579; x_wconf 94' lang='lat'><strong>,</strong></span> <span class='ocrx_word' id='word_1_556' title='bbox 279 4516 467 4583; x_wconf 88' lang='lat' dir='ltr'><strong>inquit,</strong></span> <span class='ocrx_word' id='word_1_557' title='bbox 499 4517 553 4570; x_wconf 86' lang='lat' dir='ltr'><strong>in</strong></span> <span class='ocrx_word' id='word_1_558' title='bbox 574 4517 761 4585; x_wconf 86' lang='lat' dir='ltr'><strong>quibus</strong></span> <span class='ocrx_word' id='word_1_559' title='bbox 788 4532 888 4569; x_wconf 88' lang='lat' dir='ltr'><strong>non</strong></span> <span class='ocrx_word' id='word_1_560' title='bbox 921 4516 1146 4580; x_wconf 67' lang='lat' dir='ltr'><strong>laedunt,</strong></span> <span class='ocrx_word' id='word_1_561' title='bbox 1176 4519 1370 4571; x_wconf 84' lang='lat' dir='ltr'><strong>nullam</strong></span> <span class='ocrx_word' id='word_1_562' title='bbox 1394 4519 1468 4573; x_wconf 77' lang='lat' dir='ltr'><strong>eis</strong></span> <span class='ocrx_word' id='word_1_563' title='bbox 1490 4519 1611 4573; x_wconf 87' lang='lat' dir='ltr'><strong>date</strong></span> 
     </span>
    </p>
   </div>
   <div class='ocr_carea' id='block_1_71' title="bbox 60 4605 1607 4673">
    <p class='ocr_par' dir='ltr' id='par_1_71' title="bbox 60 4605 1607 4673">
     <span class='ocr_line' id='line_1_71' title="bbox 60 4605 1607 4673; baseline 0.005 -21"><span class='ocrx_word' id='word_1_564' title='bbox 60 4620 238 4657; x_wconf 81' lang='lat' dir='ltr'><strong>ansam</strong></span> <span class='ocrx_word' id='word_1_565' title='bbox 264 4620 363 4658; x_wconf 90' lang='lat' dir='ltr'><strong>nec</strong></span> <span class='ocrx_word' id='word_1_566' title='bbox 380 4605 731 4658; x_wconf 83' lang='lat' dir='ltr'><strong>occasionem.</strong></span> <span class='ocrx_word' id='word_1_567' title='bbox 750 4605 897 4671; x_wconf 85' lang='lat' dir='ltr'><strong>Quod</strong></span> <span class='ocrx_word' id='word_1_568' title='bbox 920 4607 1075 4658; x_wconf 85' lang='lat' dir='ltr'><strong>etiam</strong></span> <span class='ocrx_word' id='word_1_569' title='bbox 1099 4607 1225 4661; x_wconf 85' lang='lat' dir='ltr'><strong>dicit</strong></span> <span class='ocrx_word' id='word_1_570' title='bbox 1240 4607 1306 4661; x_wconf 91' lang='lat' dir='ltr'><strong>ad</strong></span> <span class='ocrx_word' id='word_1_571' title='bbox 1323 4607 1607 4673; x_wconf 77' lang='lat' dir='ltr'><strong>Romanos,</strong></span> 
     </span>
    </p>
   </div>
   <div class='ocr_carea' id='block_1_72' title="bbox 64 4693 1607 4763">
    <p class='ocr_par' dir='ltr' id='par_1_72' title="bbox 64 4693 1607 4763">
     <span class='ocr_line' id='line_1_72' title="bbox 64 4693 1607 4763; baseline 0.002 -18"><span class='ocrx_word' id='word_1_572' title='bbox 64 4694 277 4748; x_wconf 75' lang='lat' dir='ltr'><strong>Reddite</strong></span> <span class='ocrx_word' id='word_1_573' title='bbox 310 4693 535 4747; x_wconf 83' lang='lat' dir='ltr'><strong>omnibus</strong></span> <span class='ocrx_word' id='word_1_574' title='bbox 562 4695 724 4746; x_wconf 85' lang='lat' dir='ltr'><strong>debita</strong></span> <span class='ocrx_word' id='word_1_575' title='bbox 759 4709 779 4748; x_wconf 90' lang='lat'><strong><em>:</em></strong></span> <span class='ocrx_word' id='word_1_576' title='bbox 805 4696 886 4747; x_wconf 89' lang='lat' dir='ltr'><strong>cui</strong></span> <span class='ocrx_word' id='word_1_577' title='bbox 911 4696 1093 4749; x_wconf 80' lang='lat' dir='ltr'><strong>debetis</strong></span> <span class='ocrx_word' id='word_1_578' title='bbox 1136 4698 1369 4749; x_wconf 80' lang='lat' dir='ltr'><strong>tributum</strong></span> <span class='ocrx_word' id='word_1_579' title='bbox 1388 4737 1403 4763; x_wconf 90' lang='lat'><strong>,</strong></span> <span class='ocrx_word' id='word_1_580' title='bbox 1451 4697 1607 4749; x_wconf 81' lang='lat' dir='ltr'><strong>tribu-</strong></span> 
     </span>
    </p>
   </div>
   <div class='ocr_carea' id='block_1_73' title="bbox 62 4784 1587 4855">
    <p class='ocr_par' dir='ltr' id='par_1_73' title="bbox 62 4784 1587 4855">
     <span class='ocr_line' id='line_1_73' title="bbox 62 4784 1587 4855; baseline 0.005 -22"><span class='ocrx_word' id='word_1_581' title='bbox 62 4793 158 4835; x_wconf 79' lang='lat' dir='ltr'><strong>tum</strong></span> <span class='ocrx_word' id='word_1_582' title='bbox 178 4802 198 4848; x_wconf 78' lang='lat'><strong>,&#39;</strong></span> <span class='ocrx_word' id='word_1_583' title='bbox 242 4784 326 4837; x_wconf 77' lang='lat' dir='ltr'><strong>cui</strong></span> <span class='ocrx_word' id='word_1_584' title='bbox 368 4785 615 4852; x_wconf 77' lang='lat' dir='ltr'><strong>vectigal,</strong></span> <span class='ocrx_word' id='word_1_585' title='bbox 659 4787 901 4855; x_wconf 81' lang='lat' dir='ltr'><strong>vectigal;</strong></span> <span class='ocrx_word' id='word_1_586' title='bbox 933 4788 1015 4840; x_wconf 87' lang='lat' dir='ltr'><strong>cui</strong></span> <span class='ocrx_word' id='word_1_587' title='bbox 1049 4787 1316 4853; x_wconf 80' lang='lat' dir='ltr'><strong>honorem,</strong></span> <span class='ocrx_word' id='word_1_588' title='bbox 1350 4790 1587 4842; x_wconf 80' lang='lat' dir='ltr'><strong>honorem</strong></span> 
     </span>
    </p>
   </div>
   <div class='ocr_carea' id='block_1_74' title="bbox 60 4872 1607 4944">
    <p class='ocr_par' dir='ltr' id='par_1_74' title="bbox 60 4872 1607 4944">
     <span class='ocr_line' id='line_1_74' title="bbox 60 4872 1607 4944; baseline 0.004 -21"><span class='ocrx_word' id='word_1_589' title='bbox 60 4872 231 4940; x_wconf 81' lang='lat' dir='ltr'><strong>(Rom.</strong></span> <span class='ocrx_word' id='word_1_590' title='bbox 282 4874 369 4926; x_wconf 75' lang='lat' dir='ltr'><strong>l5.</strong></span> <span class='ocrx_word' id='word_1_591' title='bbox 417 4873 496 4941; x_wconf 84' lang='lat'><strong>7).</strong></span> <span class='ocrx_word' id='word_1_592' title='bbox 527 4874 749 4943; x_wconf 86' lang='lat' dir='ltr'><strong>Propter</strong></span> <span class='ocrx_word' id='word_1_593' title='bbox 792 4875 1216 4944; x_wconf 57' lang='lat' dir='ltr'><strong>praedicationem</strong></span> <span class='ocrx_word' id='word_1_594' title='bbox 1257 4877 1425 4931; x_wconf 89' lang='lat' dir='ltr'><strong>solum</strong></span> <span class='ocrx_word' id='word_1_595' title='bbox 1470 4886 1607 4941; x_wconf 88' lang='lat' dir='ltr'><strong>esto,</strong></span> 
     </span>
    </p>
   </div>
   <div class='ocr_carea' id='block_1_75' title="bbox 61 4962 1612 5034">
    <p class='ocr_par' dir='ltr' id='par_1_75' title="bbox 61 4962 1612 5034">
     <span class='ocr_line' id='line_1_75' title="bbox 61 4962 1612 5034; baseline 0.005 -21"><span class='ocrx_word' id='word_1_596' title='bbox 61 4962 261 5031; x_wconf 59' lang='lat' dir='ltr'><strong>inquis,</strong></span> <span class='ocrx_word' id='word_1_597' title='bbox 312 4963 411 5016; x_wconf 86' lang='lat' dir='ltr'><strong>tibi</strong></span> <span class='ocrx_word' id='word_1_598' title='bbox 455 4963 686 5017; x_wconf 89' lang='lat' dir='ltr'><strong>bellum:</strong></span> <span class='ocrx_word' id='word_1_599' title='bbox 717 4964 916 5018; x_wconf 91' lang='lat' dir='ltr'><strong>nullum</strong></span> <span class='ocrx_word' id='word_1_600' title='bbox 954 4965 1093 5019; x_wconf 90' lang='lat' dir='ltr'><strong>aliud</strong></span> <span class='ocrx_word' id='word_1_601' title='bbox 1139 4966 1341 5018; x_wconf 88' lang='lat' dir='ltr'><strong>initium</strong></span> <span class='ocrx_word' id='word_1_602' title='bbox 1388 4967 1612 5034; x_wconf 81' lang='lat' dir='ltr'><strong>accipiat</strong></span> 
     </span>
    </p>
   </div>
   <div class='ocr_carea' id='block_1_76' title="bbox 62 5048 1609 5123">
    <p class='ocr_par' dir='ltr' id='par_1_76' title="bbox 62 5048 1609 5123">
     <span class='ocr_line' id='line_1_76' title="bbox 62 5048 1609 5123; baseline 0.006 -23"><span class='ocrx_word' id='word_1_603' title='bbox 62 5048 161 5104; x_wconf 87' lang='lat' dir='ltr'><strong>hoc</strong></span> <span class='ocrx_word' id='word_1_604' title='bbox 190 5050 410 5105; x_wconf 90' lang='lat' dir='ltr'><strong>bellum.</strong></span> <span class='ocrx_word' id='word_1_605' title='bbox 442 5050 570 5105; x_wconf 85' lang='lat' dir='ltr'><strong>Nam</strong></span> <span class='ocrx_word' id='word_1_606' title='bbox 600 5053 643 5106; x_wconf 88' lang='lat' dir='ltr'><strong>si</strong></span> <span class='ocrx_word' id='word_1_607' title='bbox 674 5053 831 5106; x_wconf 88' lang='lat' dir='ltr'><strong>etiam</strong></span> <span class='ocrx_word' id='word_1_608' title='bbox 879 5063 1095 5123; x_wconf 86' lang='lat' dir='ltr'><strong>propter</strong></span> <span class='ocrx_word' id='word_1_609' title='bbox 1118 5056 1217 5108; x_wconf 88' lang='lat' dir='ltr'><strong>alia</strong></span> <span class='ocrx_word' id='word_1_610' title='bbox 1246 5065 1427 5110; x_wconf 90' lang='lat' dir='ltr'><strong>essent</strong></span> <span class='ocrx_word' id='word_1_611' title='bbox 1456 5057 1609 5111; x_wconf 87' lang='lat' dir='ltr'><strong>nobis</strong></span> 
     </span>
    </p>
   </div>
   <div class='ocr_carea' id='block_1_77' title="bbox 60 5141 1608 5213">
    <p class='ocr_par' dir='ltr' id='par_1_77' title="bbox 60 5141 1608 5213">
     <span class='ocr_line' id='line_1_77' title="bbox 60 5141 1608 5213; baseline 0.007 -22"><span class='ocrx_word' id='word_1_612' title='bbox 60 5153 176 5193; x_wconf 84' lang='lat' dir='ltr'><strong>cum</strong></span> <span class='ocrx_word' id='word_1_613' title='bbox 202 5142 286 5195; x_wconf 86' lang='lat' dir='ltr'><strong>eis</strong></span> <span class='ocrx_word' id='word_1_614' title='bbox 311 5141 553 5211; x_wconf 72' lang='lat' dir='ltr'><strong>gerenda:</strong></span> <span class='ocrx_word' id='word_1_615' title='bbox 584 5143 872 5197; x_wconf 65' lang='lat' dir='ltr'><strong>inimicitia:</strong></span> <span class='ocrx_word' id='word_1_616' title='bbox 890 5183 907 5209; x_wconf 95' lang='lat'><strong>,</strong></span> <span class='ocrx_word' id='word_1_617' title='bbox 937 5159 1105 5213; x_wconf 89' lang='lat' dir='ltr'><strong>neque</strong></span> <span class='ocrx_word' id='word_1_618' title='bbox 1132 5145 1283 5199; x_wconf 89' lang='lat' dir='ltr'><strong>nobis</strong></span> <span class='ocrx_word' id='word_1_619' title='bbox 1304 5155 1442 5201; x_wconf 87' lang='lat' dir='ltr'><strong>esset</strong></span> <span class='ocrx_word' id='word_1_620' title='bbox 1469 5161 1608 5201; x_wconf 91' lang='lat' dir='ltr'><strong>mer-</strong></span> 
     </span>
    </p>
   </div>
   <div class='ocr_carea' id='block_1_78' title="bbox 61 5229 1608 5298">
    <p class='ocr_par' dir='ltr' id='par_1_78' title="bbox 61 5229 1608 5298">
     <span class='ocr_line' id='line_1_78' title="bbox 61 5229 1608 5298; baseline 0.006 -19"><span class='ocrx_word' id='word_1_621' title='bbox 61 5241 146 5282; x_wconf 90' lang='lat' dir='ltr'><strong>ces</strong></span> <span class='ocrx_word' id='word_1_622' title='bbox 164 5270 178 5293; x_wconf 90' lang='lat'><strong>,</strong></span> <span class='ocrx_word' id='word_1_623' title='bbox 211 5238 270 5284; x_wconf 91' lang='lat' dir='ltr'><strong>et</strong></span> <span class='ocrx_word' id='word_1_624' title='bbox 298 5230 398 5298; x_wconf 86' lang='lat' dir='ltr'><strong>ipsi</strong></span> <span class='ocrx_word' id='word_1_625' title='bbox 423 5229 580 5284; x_wconf 76' lang='lat' dir='ltr'><strong>futuri</strong></span> <span class='ocrx_word' id='word_1_626' title='bbox 608 5241 733 5285; x_wconf 90' lang='lat' dir='ltr'><strong>sunt</strong></span> <span class='ocrx_word' id='word_1_627' title='bbox 754 5230 1060 5297; x_wconf 88' lang='lat' dir='ltr'><strong>deteriores,</strong></span> <span class='ocrx_word' id='word_1_628' title='bbox 1096 5241 1148 5286; x_wconf 86' lang='lat' dir='ltr'><strong>et</strong></span> <span class='ocrx_word' id='word_1_629' title='bbox 1175 5233 1491 5288; x_wconf 87' lang='lat' dir='ltr'><strong>videbuntur</strong></span> <span class='ocrx_word' id='word_1_630' title='bbox 1510 5250 1608 5289; x_wconf 89' lang='lat' dir='ltr'><strong>nos</strong></span> 
     </span>
    </p>
   </div>
   <div class='ocr_carea' id='block_1_79' title="bbox 64 5318 1607 5391">
    <p class='ocr_par' dir='ltr' id='par_1_79' title="bbox 64 5318 1607 5391">
     <span class='ocr_line' id='line_1_79' title="bbox 64 5318 1607 5391; baseline 0.004 -19"><span class='ocrx_word' id='word_1_631' title='bbox 64 5319 180 5385; x_wconf 79' lang='lat' dir='ltr'><strong>jure</strong></span> <span class='ocrx_word' id='word_1_632' title='bbox 213 5334 504 5375; x_wconf 86' lang='lat' dir='ltr'><strong>accusare:</strong></span> <span class='ocrx_word' id='word_1_633' title='bbox 533 5318 677 5375; x_wconf 87' lang='lat' dir='ltr'><strong>velut</strong></span> <span class='ocrx_word' id='word_1_634' title='bbox 716 5321 760 5375; x_wconf 90' lang='lat' dir='ltr'><strong>si</strong></span> <span class='ocrx_word' id='word_1_635' title='bbox 800 5322 1070 5391; x_wconf 81' lang='lat' dir='ltr'><strong>vectigalia</strong></span> <span class='ocrx_word' id='word_1_636' title='bbox 1097 5337 1200 5376; x_wconf 93' lang='lat' dir='ltr'><strong>non</strong></span> <span class='ocrx_word' id='word_1_637' title='bbox 1228 5324 1527 5388; x_wconf 85' lang='lat' dir='ltr'><strong>solvamus,</strong></span> <span class='ocrx_word' id='word_1_638' title='bbox 1562 5326 1607 5379; x_wconf 91' lang='lat' dir='ltr'><strong>si</strong></span> 
     </span>
    </p>
   </div>
   <div class='ocr_carea' id='block_1_80' title="bbox 64 5408 1610 5479">
    <p class='ocr_par' dir='ltr' id='par_1_80' title="bbox 64 5408 1610 5479">
     <span class='ocr_line' id='line_1_80' title="bbox 64 5408 1610 5479; baseline 0.005 -19"><span class='ocrx_word' id='word_1_639' title='bbox 64 5408 295 5463; x_wconf 87' lang='lat' dir='ltr'><strong>honores</strong></span> <span class='ocrx_word' id='word_1_640' title='bbox 318 5424 448 5479; x_wconf 90' lang='lat' dir='ltr'><strong>quos</strong></span> <span class='ocrx_word' id='word_1_641' title='bbox 476 5410 724 5464; x_wconf 88' lang='lat' dir='ltr'><strong>convenit</strong></span> <span class='ocrx_word' id='word_1_642' title='bbox 752 5426 855 5464; x_wconf 90' lang='lat' dir='ltr'><strong>non</strong></span> <span class='ocrx_word' id='word_1_643' title='bbox 882 5408 1196 5477; x_wconf 86' lang='lat' dir='ltr'><strong>reddamus,</strong></span> <span class='ocrx_word' id='word_1_644' title='bbox 1237 5411 1281 5466; x_wconf 88' lang='lat' dir='ltr'><strong>si</strong></span> <span class='ocrx_word' id='word_1_645' title='bbox 1308 5426 1412 5467; x_wconf 90' lang='lat' dir='ltr'><strong>non</strong></span> <span class='ocrx_word' id='word_1_646' title='bbox 1442 5414 1610 5467; x_wconf 86' lang='lat' dir='ltr'><strong>simus</strong></span> 
     </span>
    </p>
   </div>
   <div class='ocr_carea' id='block_1_81' title="bbox 65 5496 1608 5569">
    <p class='ocr_par' dir='ltr' id='par_1_81' title="bbox 65 5496 1608 5569">
     <span class='ocr_line' id='line_1_81' title="bbox 65 5496 1608 5569; baseline 0.005 -21"><span class='ocrx_word' id='word_1_647' title='bbox 65 5496 310 5551; x_wconf 86' lang='lat' dir='ltr'><strong>humiles.</strong></span> <span class='ocrx_word' id='word_1_648' title='bbox 338 5497 496 5553; x_wconf 78' lang='lat' dir='ltr'><strong>Vides</strong></span> <span class='ocrx_word' id='word_1_649' title='bbox 520 5507 771 5568; x_wconf 84' lang='lat' dir='ltr'><strong>quantum</strong></span> <span class='ocrx_word' id='word_1_650' title='bbox 794 5513 853 5554; x_wconf 88' lang='lat' dir='ltr'><strong>se</strong></span> <span class='ocrx_word' id='word_1_651' title='bbox 880 5499 1123 5555; x_wconf 88' lang='lat' dir='ltr'><strong>demittat</strong></span> <span class='ocrx_word' id='word_1_652' title='bbox 1149 5500 1342 5556; x_wconf 89' lang='lat' dir='ltr'><strong>Paulus</strong></span> <span class='ocrx_word' id='word_1_653' title='bbox 1365 5543 1381 5569; x_wconf 90' lang='lat'><strong>,</strong></span> <span class='ocrx_word' id='word_1_654' title='bbox 1412 5502 1501 5556; x_wconf 90' lang='lat' dir='ltr'><strong>ubi</strong></span> <span class='ocrx_word' id='word_1_655' title='bbox 1524 5503 1608 5557; x_wconf 81' lang='lat' dir='ltr'><strong>ni-</strong></span> 
     </span>
    </p>
   </div>
   <div class='ocr_carea' id='block_1_82' title="bbox 65 5586 1606 5659">
    <p class='ocr_par' dir='ltr' id='par_1_82' title="bbox 65 5586 1606 5659">
     <span class='ocr_line' id='line_1_82' title="bbox 65 5586 1606 5659; baseline 0.005 -21"><span class='ocrx_word' id='word_1_656' title='bbox 65 5586 131 5640; x_wconf 86' lang='lat' dir='ltr'><strong>hil</strong></span> <span class='ocrx_word' id='word_1_657' title='bbox 159 5587 304 5641; x_wconf 53' lang='lat' dir='ltr'><strong>laedit</strong></span> <span class='ocrx_word' id='word_1_658' title='bbox 327 5588 748 5656; x_wconf 76' lang='lat' dir='ltr'><strong>praedicationem</strong></span> <span class='ocrx_word' id='word_1_659' title='bbox 769 5590 793 5642; x_wconf 74' lang='lat' dir='ltr'><strong>i</strong></span> <span class='ocrx_word' id='word_1_660' title='bbox 815 5590 950 5642; x_wconf 85' lang='lat' dir='ltr'><strong>Audi</strong></span> <span class='ocrx_word' id='word_1_661' title='bbox 979 5591 1120 5644; x_wconf 89' lang='lat' dir='ltr'><strong>enim</strong></span> <span class='ocrx_word' id='word_1_662' title='bbox 1148 5591 1317 5659; x_wconf 86' lang='lat' dir='ltr'><strong>ipsum</strong></span> <span class='ocrx_word' id='word_1_663' title='bbox 1345 5591 1606 5647; x_wconf 90' lang='lat' dir='ltr'><strong>dicentem</strong></span> 
     </span>
    </p>
   </div>
   <div class='ocr_carea' id='block_1_83' title="bbox 70 5674 1607 5751">
    <p class='ocr_par' dir='ltr' id='par_1_83' title="bbox 70 5674 1607 5751">
     <span class='ocr_line' id='line_1_83' title="bbox 70 5674 1607 5751; baseline 0.007 -24"><span class='ocrx_word' id='word_1_664' title='bbox 70 5677 308 5746; x_wconf 71' lang='lat' dir='ltr'><strong>Agrippa:</strong></span> <span class='ocrx_word' id='word_1_665' title='bbox 337 5694 351 5728; x_wconf 90' lang='lat'><strong>:</strong></span> <span class='ocrx_word' id='word_1_666' title='bbox 382 5674 590 5728; x_wconf 80' lang='lat' dir='ltr'><strong>Beatum</strong></span> <span class='ocrx_word' id='word_1_667' title='bbox 617 5693 694 5731; x_wconf 81' lang='lat' dir='ltr'><strong>me</strong></span> <span class='ocrx_word' id='word_1_668' title='bbox 716 5678 972 5741; x_wconf 71' lang='lat' dir='ltr'><strong>existimo,</strong></span> <span class='ocrx_word' id='word_1_669' title='bbox 1007 5678 1151 5733; x_wconf 78' lang='lat' dir='ltr'><strong>hodie</strong></span> <span class='ocrx_word' id='word_1_670' title='bbox 1179 5680 1316 5751; x_wconf 87' lang='lat' dir='ltr'><strong>apud</strong></span> <span class='ocrx_word' id='word_1_671' title='bbox 1341 5689 1387 5735; x_wconf 90' lang='lat' dir='ltr'><strong>te</strong></span> <span class='ocrx_word' id='word_1_672' title='bbox 1405 5696 1607 5737; x_wconf 80' lang='lat' dir='ltr'><strong>causam</strong></span> 
     </span>
    </p>
   </div>
   <div class='ocr_carea' id='block_1_84' title="bbox 362 5776 1028 5844">
    <p class='ocr_par' dir='ltr' id='par_1_84' title="bbox 362 5776 1028 5844">
     <span class='ocr_line' id='line_1_84' title="bbox 362 5776 1028 5844; baseline 0.003 -2"><span class='ocrx_word' id='word_1_673' title='bbox 362 5776 628 5842; x_wconf 78' lang='grc' dir='ltr'><strong>ΡΑτιιοι.</strong></span> <span class='ocrx_word' id='word_1_674' title='bbox 675 5778 792 5841; x_wconf 82' lang='lat' dir='ltr'><strong>Gn.</strong></span> <span class='ocrx_word' id='word_1_675' title='bbox 840 5780 1028 5844; x_wconf 81' lang='lat' dir='ltr'><strong>LXII.</strong></span> 
     </span>
    </p>
   </div>
   <div class='ocr_carea' id='block_1_85' title="bbox 1726 2644 3282 2723">
    <p class='ocr_par' dir='ltr' id='par_1_85' title="bbox 1726 2644 3282 2723">
     <span class='ocr_line' id='line_1_85' title="bbox 1726 2644 3282 2723; baseline -0.001 -23"><span class='ocrx_word' id='word_1_676' title='bbox 1726 2649 1943 2701; x_wconf 86' lang='lat' dir='ltr'><strong>stionum</strong></span> <span class='ocrx_word' id='word_1_677' title='bbox 1968 2662 2080 2716; x_wconf 73' lang='lat' dir='ltr'><strong>qua:</strong></span> <span class='ocrx_word' id='word_1_678' title='bbox 2094 2655 2207 2700; x_wconf 86' lang='lat' dir='ltr'><strong>sunt</strong></span> <span class='ocrx_word' id='word_1_679' title='bbox 2246 2646 2382 2715; x_wconf 84' lang='lat' dir='ltr'><strong>apud</strong></span> <span class='ocrx_word' id='word_1_680' title='bbox 2415 2644 2623 2699; x_wconf 76' lang='lat' dir='ltr'><strong>Judteos</strong></span> <span class='ocrx_word' id='word_1_681' title='bbox 2648 2646 2783 2723; x_wconf 58' lang='lat' dir='ltr'><strong>(Act.</strong></span> <span class='ocrx_word' id='word_1_682' title='bbox 2813 2646 2901 2700; x_wconf 81' lang='lat'><strong>‘26.</strong></span> <span class='ocrx_word' id='word_1_683' title='bbox 2926 2646 2977 2698; x_wconf 76' lang='lat'><strong>2.</strong></span> <span class='ocrx_word' id='word_1_684' title='bbox 3001 2646 3076 2714; x_wconf 77' lang='lat'><strong>5).</strong></span> <span class='ocrx_word' id='word_1_685' title='bbox 3107 2646 3158 2701; x_wconf 90' lang='lat' dir='ltr'><strong>Si</strong></span> <span class='ocrx_word' id='word_1_686' title='bbox 3186 2662 3282 2699; x_wconf 90' lang='lat' dir='ltr'><strong>au-</strong></span> 
     </span>
    </p>
   </div>
   <div class='ocr_carea' id='block_1_86' title="bbox 1726 2736 3281 2807">
    <p class='ocr_par' dir='ltr' id='par_1_86' title="bbox 1726 2736 3281 2807">
     <span class='ocr_line' id='line_1_86' title="bbox 1726 2736 3281 2807; baseline -0.003 -14"><span class='ocrx_word' id='word_1_687' title='bbox 1726 2750 1831 2794; x_wconf 88' lang='lat' dir='ltr'><strong>tem</strong></span> <span class='ocrx_word' id='word_1_688' title='bbox 1860 2737 2214 2792; x_wconf 76' lang='lat' dir='ltr'><strong>esistimasset</strong></span> <span class='ocrx_word' id='word_1_689' title='bbox 2244 2746 2493 2806; x_wconf 88' lang='lat' dir='ltr'><strong>oportere</strong></span> <span class='ocrx_word' id='word_1_690' title='bbox 2530 2736 2848 2792; x_wconf 85' lang='lat' dir='ltr'><strong>contumelia</strong></span> <span class='ocrx_word' id='word_1_691' title='bbox 2892 2736 3106 2791; x_wconf 82' lang='lat' dir='ltr'><strong>allicere</strong></span> <span class='ocrx_word' id='word_1_692' title='bbox 3137 2738 3281 2807; x_wconf 90' lang='lat' dir='ltr'><strong>prin-</strong></span> 
     </span>
    </p>
   </div>
   <div class='ocr_carea' id='block_1_87' title="bbox 1723 2826 3268 2898">
    <p class='ocr_par' dir='ltr' id='par_1_87' title="bbox 1723 2826 3268 2898">
     <span class='ocr_line' id='line_1_87' title="bbox 1723 2826 3268 2898; baseline -0.001 -16"><span class='ocrx_word' id='word_1_693' title='bbox 1723 2829 1894 2898; x_wconf 89' lang='lat' dir='ltr'><strong>cipem</strong></span> <span class='ocrx_word' id='word_1_694' title='bbox 1921 2869 1937 2895; x_wconf 95' lang='lat'><strong>,</strong></span> <span class='ocrx_word' id='word_1_695' title='bbox 1983 2828 2159 2882; x_wconf 90' lang='lat' dir='ltr'><strong>omnia</strong></span> <span class='ocrx_word' id='word_1_696' title='bbox 2187 2829 2483 2882; x_wconf 80' lang='lat' dir='ltr'><strong>evertisset.</strong></span> <span class='ocrx_word' id='word_1_697' title='bbox 2514 2826 2648 2882; x_wconf 81' lang='lat' dir='ltr'><strong>Audi</strong></span> <span class='ocrx_word' id='word_1_698' title='bbox 2688 2837 2742 2881; x_wconf 89' lang='lat' dir='ltr'><strong>et</strong></span> <span class='ocrx_word' id='word_1_699' title='bbox 2784 2827 2994 2881; x_wconf 86' lang='lat' dir='ltr'><strong>beatum</strong></span> <span class='ocrx_word' id='word_1_700' title='bbox 3022 2828 3232 2882; x_wconf 88' lang='lat' dir='ltr'><strong>Petrum</strong></span> <span class='ocrx_word' id='word_1_701' title='bbox 3251 2866 3268 2891; x_wconf 93' lang='lat'><strong>,</strong></span> 
     </span>
    </p>
   </div>
   <div class='ocr_carea' id='block_1_88' title="bbox 1723 2915 3271 2986">
    <p class='ocr_par' dir='ltr' id='par_1_88' title="bbox 1723 2915 3271 2986">
     <span class='ocr_line' id='line_1_88' title="bbox 1723 2915 3271 2986; baseline -0.001 -16"><span class='ocrx_word' id='word_1_702' title='bbox 1723 2932 1879 2985; x_wconf 91' lang='lat' dir='ltr'><strong>quam</strong></span> <span class='ocrx_word' id='word_1_703' title='bbox 1906 2917 2094 2969; x_wconf 90' lang='lat' dir='ltr'><strong>leniter</strong></span> <span class='ocrx_word' id='word_1_704' title='bbox 2118 2927 2171 2970; x_wconf 89' lang='lat' dir='ltr'><strong>et</strong></span> <span class='ocrx_word' id='word_1_705' title='bbox 2199 2925 2471 2970; x_wconf 88' lang='lat' dir='ltr'><strong>mansuete</strong></span> <span class='ocrx_word' id='word_1_706' title='bbox 2498 2915 2784 2984; x_wconf 89' lang='lat' dir='ltr'><strong>respondet</strong></span> <span class='ocrx_word' id='word_1_707' title='bbox 2802 2915 3021 2986; x_wconf 66' lang='lat' dir='ltr'><strong>Iudaeis,</strong></span> <span class='ocrx_word' id='word_1_708' title='bbox 3050 2915 3232 2969; x_wconf 90' lang='lat' dir='ltr'><strong>dicens</strong></span> <span class='ocrx_word' id='word_1_709' title='bbox 3256 2933 3271 2968; x_wconf 90' lang='lat'><strong>:</strong></span> 
     </span>
    </p>
   </div>
   <div class='ocr_carea' id='block_1_89' title="bbox 1728 3004 3277 3075">
    <p class='ocr_par' dir='ltr' id='par_1_89' title="bbox 1728 3004 3277 3075">
     <span class='ocr_line' id='line_1_89' title="bbox 1728 3004 3277 3075; baseline -0.001 -16"><span class='ocrx_word' id='word_1_710' title='bbox 1728 3005 1944 3059; x_wconf 84' lang='lat' dir='ltr'><strong>Obcdire</strong></span> <span class='ocrx_word' id='word_1_711' title='bbox 1972 3014 2161 3075; x_wconf 82' lang='lat' dir='ltr'><strong>oportet</strong></span> <span class='ocrx_word' id='word_1_712' title='bbox 2206 3005 2313 3058; x_wconf 89' lang='lat' dir='ltr'><strong>Deo</strong></span> <span class='ocrx_word' id='word_1_713' title='bbox 2340 3005 2496 3074; x_wconf 88' lang='lat' dir='ltr'><strong>magis</strong></span> <span class='ocrx_word' id='word_1_714' title='bbox 2534 3022 2683 3073; x_wconf 85' lang='lat' dir='ltr'><strong>quam</strong></span> <span class='ocrx_word' id='word_1_715' title='bbox 2724 3004 3010 3058; x_wconf 82' lang='lat' dir='ltr'><strong>hominibus</strong></span> <span class='ocrx_word' id='word_1_716' title='bbox 3057 3004 3190 3072; x_wconf 78' lang='lat' dir='ltr'><strong>(Act.</strong></span> <span class='ocrx_word' id='word_1_717' title='bbox 3221 3006 3277 3060; x_wconf 85' lang='lat'><strong>5.</strong></span> 
     </span>
    </p>
   </div>
   <div class='ocr_carea' id='block_1_90' title="bbox 1720 3094 3278 3166">
    <p class='ocr_par' dir='ltr' id='par_1_90' title="bbox 1720 3094 3278 3166">
     <span class='ocr_line' id='line_1_90' title="bbox 1720 3094 3278 3166; baseline -0.003 -14"><span class='ocrx_word' id='word_1_718' title='bbox 1720 3098 1833 3166; x_wconf 76' lang='grc'><strong>29).</strong></span> <span class='ocrx_word' id='word_1_719' title='bbox 1856 3095 2013 3164; x_wconf 82' lang='lat' dir='ltr'><strong>Atqui</strong></span> <span class='ocrx_word' id='word_1_720' title='bbox 2065 3095 2303 3149; x_wconf 87' lang='lat' dir='ltr'><strong>homines</strong></span> <span class='ocrx_word' id='word_1_721' title='bbox 2347 3095 2432 3163; x_wconf 86' lang='lat' dir='ltr'><strong>qui</strong></span> <span class='ocrx_word' id='word_1_722' title='bbox 2481 3096 2715 3148; x_wconf 88' lang='lat' dir='ltr'><strong>animum</strong></span> <span class='ocrx_word' id='word_1_723' title='bbox 2754 3094 3177 3163; x_wconf 68' lang='lat' dir='ltr'><strong>destionderant,</strong></span> <span class='ocrx_word' id='word_1_724' title='bbox 3223 3104 3278 3148; x_wconf 83' lang='lat' dir='ltr'><strong>et</strong></span> 
     </span>
    </p>
   </div>
   <div class='ocr_carea' id='block_1_91' title="bbox 1721 3183 3276 3252">
    <p class='ocr_par' dir='ltr' id='par_1_91' title="bbox 1721 3183 3276 3252">
     <span class='ocr_line' id='line_1_91' title="bbox 1721 3183 3276 3252; baseline -0.002 -13"><span class='ocrx_word' id='word_1_725' title='bbox 1721 3187 2008 3252; x_wconf 68' lang='lat' dir='ltr'><strong>viuespem</strong></span> <span class='ocrx_word' id='word_1_726' title='bbox 2040 3184 2361 3251; x_wconf 83' lang='lat' dir='ltr'><strong>abjeccrant,</strong></span> <span class='ocrx_word' id='word_1_727' title='bbox 2384 3184 2680 3252; x_wconf 90' lang='lat' dir='ltr'><strong>potuissent</strong></span> <span class='ocrx_word' id='word_1_728' title='bbox 2702 3186 3018 3237; x_wconf 90' lang='lat' dir='ltr'><strong>contumelia</strong></span> <span class='ocrx_word' id='word_1_729' title='bbox 3043 3183 3276 3247; x_wconf 81' lang='lat' dir='ltr'><strong>afﬁcere,</strong></span> 
     </span>
    </p>
   </div>
   <div class='ocr_carea' id='block_1_92' title="bbox 1727 3271 3278 3342">
    <p class='ocr_par' dir='ltr' id='par_1_92' title="bbox 1727 3271 3278 3342">
     <span class='ocr_line' id='line_1_92' title="bbox 1727 3271 3278 3342; baseline -0.001 -16"><span class='ocrx_word' id='word_1_730' title='bbox 1727 3284 1778 3326; x_wconf 89' lang='lat' dir='ltr'><strong>et</strong></span> <span class='ocrx_word' id='word_1_731' title='bbox 1808 3273 2015 3341; x_wconf 89' lang='lat' dir='ltr'><strong>quidvis</strong></span> <span class='ocrx_word' id='word_1_732' title='bbox 2055 3273 2261 3325; x_wconf 79' lang='lat' dir='ltr'><strong>facere:</strong></span> <span class='ocrx_word' id='word_1_733' title='bbox 2291 3271 2381 3324; x_wconf 90' lang='lat' dir='ltr'><strong>sed</strong></span> <span class='ocrx_word' id='word_1_734' title='bbox 2414 3282 2693 3342; x_wconf 87' lang='lat' dir='ltr'><strong>propterea</strong></span> <span class='ocrx_word' id='word_1_735' title='bbox 2723 3275 2955 3327; x_wconf 90' lang='lat' dir='ltr'><strong>animum</strong></span> <span class='ocrx_word' id='word_1_736' title='bbox 2982 3272 3278 3341; x_wconf 83' lang='lat' dir='ltr'><strong>desponde-</strong></span> 
     </span>
    </p>
   </div>
   <div class='ocr_carea' id='block_1_93' title="bbox 1720 3354 3275 3432">
    <p class='ocr_par' dir='ltr' id='par_1_93' title="bbox 1720 3354 3275 3432">
     <span class='ocr_line' id='line_1_93' title="bbox 1720 3354 3275 3432; baseline -0.001 -15"><span class='ocrx_word' id='word_1_737' title='bbox 1720 3372 1858 3429; x_wconf 90' lang='lat' dir='ltr'><strong>rant,</strong></span> <span class='ocrx_word' id='word_1_738' title='bbox 1882 3371 1935 3416; x_wconf 88' lang='lat' dir='ltr'><strong>et</strong></span> <span class='ocrx_word' id='word_1_739' title='bbox 1964 3363 2081 3415; x_wconf 65' lang='lat' dir='ltr'><strong>vitae</strong></span> <span class='ocrx_word' id='word_1_740' title='bbox 2108 3375 2255 3431; x_wconf 87' lang='lat' dir='ltr'><strong>spem</strong></span> <span class='ocrx_word' id='word_1_741' title='bbox 2290 3362 2614 3430; x_wconf 88' lang='lat' dir='ltr'><strong>abjeccrant,</strong></span> <span class='ocrx_word' id='word_1_742' title='bbox 2646 3354 2792 3417; x_wconf 84' lang='lat' dir='ltr'><strong>utne</strong></span> <span class='ocrx_word' id='word_1_743' title='bbox 2822 3362 3031 3415; x_wconf 89' lang='lat' dir='ltr'><strong>inanem</strong></span> <span class='ocrx_word' id='word_1_744' title='bbox 3055 3362 3275 3432; x_wconf 86' lang='lat' dir='ltr'><strong>gloriam</strong></span> 
     </span>
    </p>
   </div>
   <div class='ocr_carea' id='block_1_94' title="bbox 1720 3444 3271 3529">
    <p class='ocr_par' dir='ltr' id='par_1_94' title="bbox 1720 3444 3271 3529">
     <span class='ocr_line' id='line_1_94' title="bbox 1720 3444 3271 3529; baseline -0.001 -24"><span class='ocrx_word' id='word_1_745' title='bbox 1720 3459 1990 3519; x_wconf 87' lang='lat' dir='ltr'><strong>captarent</strong></span> <span class='ocrx_word' id='word_1_746' title='bbox 2017 3450 2033 3518; x_wconf 93' lang='lat'>(</span> <span class='ocrx_word' id='word_1_747' title='bbox 2057 3449 2156 3503; x_wconf 90' lang='lat' dir='ltr'><strong>hoc</strong></span> <span class='ocrx_word' id='word_1_748' title='bbox 2184 3458 2266 3503; x_wconf 89' lang='lat' dir='ltr'><strong>est</strong></span> <span class='ocrx_word' id='word_1_749' title='bbox 2286 3449 2431 3503; x_wconf 86' lang='lat' dir='ltr'><strong>enim</strong></span> <span class='ocrx_word' id='word_1_750' title='bbox 2455 3449 2627 3502; x_wconf 89' lang='lat' dir='ltr'><strong>inanis</strong></span> <span class='ocrx_word' id='word_1_751' title='bbox 2650 3444 2834 3518; x_wconf 78' lang='lat' dir='ltr'><strong>gloria:</strong></span> <span class='ocrx_word' id='word_1_752' title='bbox 2858 3450 2909 3517; x_wconf 89' lang='lat'><strong>);</strong></span> <span class='ocrx_word' id='word_1_753' title='bbox 2935 3449 3031 3529; x_wconf 75' lang='lat' dir='ltr'><strong>sed</strong></span> <span class='ocrx_word' id='word_1_754' title='bbox 3060 3458 3115 3503; x_wconf 90' lang='lat' dir='ltr'><strong>ut</strong></span> <span class='ocrx_word' id='word_1_755' title='bbox 3138 3466 3271 3518; x_wconf 77' lang='lat' dir='ltr'><strong>pra:-</strong></span> 
     </span>
    </p>
   </div>
   <div class='ocr_carea' id='block_1_95' title="bbox 1720 3537 3280 3608">
    <p class='ocr_par' dir='ltr' id='par_1_95' title="bbox 1720 3537 3280 3608">
     <span class='ocr_line' id='line_1_95' title="bbox 1720 3537 3280 3608; baseline 0.002 -17"><span class='ocrx_word' id='word_1_756' title='bbox 1720 3538 1960 3592; x_wconf 88' lang='lat' dir='ltr'><strong>dicarent</strong></span> <span class='ocrx_word' id='word_1_757' title='bbox 1978 3579 1991 3602; x_wconf 95' lang='lat'><strong>,</strong></span> <span class='ocrx_word' id='word_1_758' title='bbox 2013 3547 2067 3592; x_wconf 90' lang='lat' dir='ltr'><strong>et</strong></span> <span class='ocrx_word' id='word_1_759' title='bbox 2094 3548 2149 3591; x_wconf 92' lang='lat' dir='ltr'><strong>ut</strong></span> <span class='ocrx_word' id='word_1_760' title='bbox 2180 3538 2341 3592; x_wconf 87' lang='lat' dir='ltr'><strong>libere</strong></span> <span class='ocrx_word' id='word_1_761' title='bbox 2361 3546 2415 3591; x_wconf 91' lang='lat' dir='ltr'><strong>et</strong></span> <span class='ocrx_word' id='word_1_762' title='bbox 2442 3537 2767 3592; x_wconf 87' lang='lat' dir='ltr'><strong>conﬁdenter</strong></span> <span class='ocrx_word' id='word_1_763' title='bbox 2793 3540 2967 3592; x_wconf 90' lang='lat' dir='ltr'><strong>omnia</strong></span> <span class='ocrx_word' id='word_1_764' title='bbox 2997 3539 3280 3608; x_wconf 85' lang='lat' dir='ltr'><strong>loqueren-</strong></span> 
     </span>
    </p>
   </div>
   <div class='ocr_carea' id='block_1_96' title="bbox 1724 3629 3274 3699">
    <p class='ocr_par' dir='ltr' id='par_1_96' title="bbox 1724 3629 3274 3699">
     <span class='ocr_line' id='line_1_96' title="bbox 1724 3629 3274 3699; baseline 0 -15"><span class='ocrx_word' id='word_1_765' title='bbox 1724 3640 1844 3684; x_wconf 92' lang='lat' dir='ltr'><strong>tur:</strong></span> <span class='ocrx_word' id='word_1_766' title='bbox 1872 3630 2000 3683; x_wconf 90' lang='lat' dir='ltr'><strong>illud</strong></span> <span class='ocrx_word' id='word_1_767' title='bbox 2040 3639 2248 3693; x_wconf 89' lang='lat' dir='ltr'><strong>autem,</strong></span> <span class='ocrx_word' id='word_1_768' title='bbox 2294 3644 2485 3697; x_wconf 87' lang='lat' dir='ltr'><strong>nempe</strong></span> <span class='ocrx_word' id='word_1_769' title='bbox 2523 3629 2732 3683; x_wconf 89' lang='lat' dir='ltr'><strong>inanem</strong></span> <span class='ocrx_word' id='word_1_770' title='bbox 2778 3639 2992 3699; x_wconf 85' lang='lat' dir='ltr'><strong>captare</strong></span> <span class='ocrx_word' id='word_1_771' title='bbox 3016 3632 3274 3699; x_wconf 85' lang='lat' dir='ltr'><strong>gloriam,</strong></span> 
     </span>
    </p>
   </div>
   <div class='ocr_carea' id='block_1_97' title="bbox 1720 3720 3277 3789">
    <p class='ocr_par' dir='ltr' id='par_1_97' title="bbox 1720 3720 3277 3789">
     <span class='ocr_line' id='line_1_97' title="bbox 1720 3720 3277 3789; baseline 0 -15"><span class='ocrx_word' id='word_1_772' title='bbox 1720 3731 1800 3775; x_wconf 85' lang='lat' dir='ltr'><strong>est</strong></span> <span class='ocrx_word' id='word_1_773' title='bbox 1846 3720 2212 3774; x_wconf 65' lang='lat' dir='ltr'><strong>immodestiae.</strong></span> <span class='ocrx_word' id='word_1_774' title='bbox 2247 3720 2426 3773; x_wconf 84' lang='lat' dir='ltr'><strong>Sermo</strong></span> <span class='ocrx_word' id='word_1_775' title='bbox 2450 3729 2606 3772; x_wconf 76' lang='lat' dir='ltr'><strong>tester</strong></span> <span class='ocrx_word' id='word_1_776' title='bbox 2630 3735 2827 3788; x_wconf 82' lang='lat' dir='ltr'><strong>semper</strong></span> <span class='ocrx_word' id='word_1_777' title='bbox 2850 3721 2903 3773; x_wconf 86' lang='lat' dir='ltr'><strong>in</strong></span> <span class='ocrx_word' id='word_1_778' title='bbox 2931 3721 3094 3789; x_wconf 86' lang='lat' dir='ltr'><strong>gratia</strong></span> <span class='ocrx_word' id='word_1_779' title='bbox 3114 3761 3129 3784; x_wconf 93' lang='lat'><strong>,</strong></span> <span class='ocrx_word' id='word_1_780' title='bbox 3171 3723 3277 3774; x_wconf 82' lang='lat' dir='ltr'><strong>sale</strong></span> 
     </span>
    </p>
   </div>
   <div class='ocr_carea' id='block_1_98' title="bbox 1719 3809 3275 3878">
    <p class='ocr_par' dir='ltr' id='par_1_98' title="bbox 1719 3809 3275 3878">
     <span class='ocr_line' id='line_1_98' title="bbox 1719 3809 3275 3878; baseline 0.003 -16"><span class='ocrx_word' id='word_1_781' title='bbox 1719 3811 1781 3862; x_wconf 85' lang='lat' dir='ltr'><strong>sit</strong></span> <span class='ocrx_word' id='word_1_782' title='bbox 1806 3810 2058 3863; x_wconf 85' lang='lat' dir='ltr'><strong>conditus.</strong></span> <span class='ocrx_word' id='word_1_783' title='bbox 2090 3809 2203 3863; x_wconf 79' lang='lat' dir='ltr'><strong>Hoc</strong></span> <span class='ocrx_word' id='word_1_784' title='bbox 2232 3819 2346 3873; x_wconf 78' lang='lat' dir='ltr'><strong>est,</strong></span> <span class='ocrx_word' id='word_1_785' title='bbox 2397 3826 2463 3863; x_wconf 91' lang='lat' dir='ltr'><strong>ne</strong></span> <span class='ocrx_word' id='word_1_786' title='bbox 2509 3811 2769 3864; x_wconf 89' lang='lat' dir='ltr'><strong>sermonis</strong></span> <span class='ocrx_word' id='word_1_787' title='bbox 2797 3812 2961 3878; x_wconf 88' lang='lat' dir='ltr'><strong>gratia</strong></span> <span class='ocrx_word' id='word_1_788' title='bbox 3007 3826 3071 3865; x_wconf 92' lang='lat' dir='ltr'><strong>eo</strong></span> <span class='ocrx_word' id='word_1_789' title='bbox 3112 3812 3275 3866; x_wconf 59' lang='lat' dir='ltr'><strong>(leve.</strong></span> 
     </span>
    </p>
   </div>
   <div class='ocr_carea' id='block_1_99' title="bbox 1719 3898 3278 3967">
    <p class='ocr_par' dir='ltr' id='par_1_99' title="bbox 1719 3898 3278 3967">
     <span class='ocr_line' id='line_1_99' title="bbox 1719 3898 3278 3967; baseline 0.004 -16"><span class='ocrx_word' id='word_1_790' title='bbox 1719 3899 1825 3951; x_wconf 90' lang='lat' dir='ltr'><strong>niat</strong></span> <span class='ocrx_word' id='word_1_791' title='bbox 1847 3939 1860 3962; x_wconf 94' lang='lat'><strong>,</strong></span> <span class='ocrx_word' id='word_1_792' title='bbox 1895 3908 1949 3951; x_wconf 90' lang='lat' dir='ltr'><strong>ut</strong></span> <span class='ocrx_word' id='word_1_793' title='bbox 1971 3914 2036 3951; x_wconf 91' lang='lat' dir='ltr'><strong>eo</strong></span> <span class='ocrx_word' id='word_1_794' title='bbox 2064 3908 2281 3952; x_wconf 86' lang='lat' dir='ltr'><strong>utantur</strong></span> <span class='ocrx_word' id='word_1_795' title='bbox 2303 3900 2435 3952; x_wconf 83' lang='lat' dir='ltr'><strong>citra</strong></span> <span class='ocrx_word' id='word_1_796' title='bbox 2460 3898 2767 3953; x_wconf 87' lang='lat' dir='ltr'><strong>discrimen.</strong></span> <span class='ocrx_word' id='word_1_797' title='bbox 2800 3899 2943 3954; x_wconf 87' lang='lat' dir='ltr'><strong>Licet</strong></span> <span class='ocrx_word' id='word_1_798' title='bbox 2965 3902 3129 3967; x_wconf 91' lang='lat' dir='ltr'><strong>enim,</strong></span> <span class='ocrx_word' id='word_1_799' title='bbox 3154 3902 3278 3957; x_wconf 87' lang='lat' dir='ltr'><strong>licet</strong></span> 
     </span>
    </p>
   </div>
   <div class='ocr_carea' id='block_1_100' title="bbox 1718 3987 3277 4059">
    <p class='ocr_par' dir='ltr' id='par_1_100' title="bbox 1718 3987 3277 4059">
     <span class='ocr_line' id='line_1_100' title="bbox 1718 3987 3277 4059; baseline 0.004 -19"><span class='ocrx_word' id='word_1_800' title='bbox 1718 3988 1918 4041; x_wconf 86' lang='lat' dir='ltr'><strong>urbane</strong></span> <span class='ocrx_word' id='word_1_801' title='bbox 1944 3996 1997 4041; x_wconf 92' lang='lat' dir='ltr'><strong>ct</strong></span> <span class='ocrx_word' id='word_1_802' title='bbox 2025 3987 2201 4056; x_wconf 86' lang='lat' dir='ltr'><strong>lepide</strong></span> <span class='ocrx_word' id='word_1_803' title='bbox 2244 3987 2384 4056; x_wconf 92' lang='lat' dir='ltr'><strong>loqui</strong></span> <span class='ocrx_word' id='word_1_804' title='bbox 2407 4029 2422 4053; x_wconf 96' lang='lat'><strong>,</strong></span> <span class='ocrx_word' id='word_1_805' title='bbox 2452 3988 2547 4042; x_wconf 88' lang='lat' dir='ltr'><strong>sed</strong></span> <span class='ocrx_word' id='word_1_806' title='bbox 2576 4003 2695 4043; x_wconf 92' lang='lat' dir='ltr'><strong>cum</strong></span> <span class='ocrx_word' id='word_1_807' title='bbox 2720 4004 2781 4043; x_wconf 89' lang='lat' dir='ltr'><strong>ea</strong></span> <span class='ocrx_word' id='word_1_808' title='bbox 2820 4005 2920 4057; x_wconf 86' lang='lat' dir='ltr'><strong>qua</strong></span> <span class='ocrx_word' id='word_1_809' title='bbox 2949 4005 3046 4059; x_wconf 86' lang='lat' dir='ltr'><strong>par</strong></span> <span class='ocrx_word' id='word_1_810' title='bbox 3072 4001 3152 4044; x_wconf 90' lang='lat' dir='ltr'><strong>est</strong></span> <span class='ocrx_word' id='word_1_811' title='bbox 3180 3991 3277 4047; x_wconf 84' lang='lat' dir='ltr'><strong>lto-</strong></span> 
     </span>
    </p>
   </div>
   <div class='ocr_carea' id='block_1_101' title="bbox 1718 4078 3276 4149">
    <p class='ocr_par' dir='ltr' id='par_1_101' title="bbox 1718 4078 3276 4149">
     <span class='ocr_line' id='line_1_101' title="bbox 1718 4078 3276 4149; baseline 0.004 -19"><span class='ocrx_word' id='word_1_812' title='bbox 1718 4088 1924 4131; x_wconf 87' lang='lat' dir='ltr'><strong>nestate</strong></span> <span class='ocrx_word' id='word_1_813' title='bbox 1966 4088 2018 4132; x_wconf 91' lang='lat' dir='ltr'><strong>et</strong></span> <span class='ocrx_word' id='word_1_814' title='bbox 2047 4079 2259 4133; x_wconf 90' lang='lat' dir='ltr'><strong>decore.</strong></span> <span class='ocrx_word' id='word_1_815' title='bbox 2313 4078 2379 4131; x_wconf 88' lang='lat' dir='ltr'><strong>Ut</strong></span> <span class='ocrx_word' id='word_1_816' title='bbox 2426 4080 2593 4131; x_wconf 85' lang='lat' dir='ltr'><strong>sciatis</strong></span> <span class='ocrx_word' id='word_1_817' title='bbox 2615 4080 2879 4141; x_wconf 83' lang='lat' dir='ltr'><strong>.quomoda</strong></span> <span class='ocrx_word' id='word_1_818' title='bbox 2918 4092 3143 4149; x_wconf 82' lang='lat' dir='ltr'><strong>aporteat</strong></span> <span class='ocrx_word' id='word_1_819' title='bbox 3188 4098 3276 4136; x_wconf 84' lang='lat' dir='ltr'><strong>vos</strong></span> 
     </span>
    </p>
   </div>
   <div class='ocr_carea' id='block_1_102' title="bbox 1717 4166 3274 4236">
    <p class='ocr_par' dir='ltr' id='par_1_102' title="bbox 1717 4166 3274 4236">
     <span class='ocr_line' id='line_1_102' title="bbox 1717 4166 3274 4236; baseline 0.004 -18"><span class='ocrx_word' id='word_1_820' title='bbox 1717 4167 1978 4233; x_wconf 83' lang='lat' dir='ltr'><strong>unicuique</strong></span> <span class='ocrx_word' id='word_1_821' title='bbox 2014 4167 2331 4234; x_wconf 83' lang='lat' dir='ltr'><strong>respondere.</strong></span> <span class='ocrx_word' id='word_1_822' title='bbox 2363 4166 2716 4232; x_wconf 83' lang='lat' dir='ltr'><strong>Quamobrem</strong></span> <span class='ocrx_word' id='word_1_823' title='bbox 2749 4182 2851 4221; x_wconf 92' lang='lat' dir='ltr'><strong>non</strong></span> <span class='ocrx_word' id='word_1_824' title='bbox 2894 4179 3104 4236; x_wconf 80' lang='lat' dir='ltr'><strong>Oportet</strong></span> <span class='ocrx_word' id='word_1_825' title='bbox 3128 4170 3274 4224; x_wconf 83' lang='lat' dir='ltr'><strong>sinti-</strong></span> 
     </span>
    </p>
   </div>
   <div class='ocr_carea' id='block_1_103' title="bbox 1716 4256 3273 4326">
    <p class='ocr_par' dir='ltr' id='par_1_103' title="bbox 1716 4256 3273 4326">
     <span class='ocr_line' id='line_1_103' title="bbox 1716 4256 3273 4326; baseline 0.003 -17"><span class='ocrx_word' id='word_1_826' title='bbox 1716 4257 1838 4309; x_wconf 89' lang='lat' dir='ltr'><strong>liter</strong></span> <span class='ocrx_word' id='word_1_827' title='bbox 1876 4257 2017 4325; x_wconf 90' lang='lat' dir='ltr'><strong>loqui</strong></span> <span class='ocrx_word' id='word_1_828' title='bbox 2047 4271 2164 4310; x_wconf 91' lang='lat' dir='ltr'><strong>cum</strong></span> <span class='ocrx_word' id='word_1_829' title='bbox 2212 4256 2487 4321; x_wconf 86' lang='lat' dir='ltr'><strong>omnibus,</strong></span> <span class='ocrx_word' id='word_1_830' title='bbox 2534 4271 2652 4310; x_wconf 89' lang='lat' dir='ltr'><strong>cum</strong></span> <span class='ocrx_word' id='word_1_831' title='bbox 2687 4256 2916 4323; x_wconf 80' lang='lat' dir='ltr'><strong>.Gnceis,</strong></span> <span class='ocrx_word' id='word_1_832' title='bbox 2956 4260 3185 4326; x_wconf 75' lang='lat' dir='ltr'><strong>impiam,</strong></span> <span class='ocrx_word' id='word_1_833' title='bbox 3217 4269 3273 4314; x_wconf 92' lang='lat' dir='ltr'><strong>et</strong></span> 
     </span>
    </p>
   </div>
   <div class='ocr_carea' id='block_1_104' title="bbox 1716 4346 3299 4416">
    <p class='ocr_par' dir='ltr' id='par_1_104' title="bbox 1716 4346 3299 4416">
     <span class='ocr_line' id='line_1_104' title="bbox 1716 4346 3299 4416; baseline 0.004 -18"><span class='ocrx_word' id='word_1_834' title='bbox 1716 4346 1985 4400; x_wconf 75' lang='lat' dir='ltr'><strong>fratribus.</strong></span> <span class='ocrx_word' id='word_1_835' title='bbox 2015 4346 2353 4416; x_wconf 83' lang='lat' dir='ltr'><strong>Nequaquam</strong></span> <span class='ocrx_word' id='word_1_836' title='bbox 2377 4364 2390 4399; x_wconf 91' lang='lat'>:</span> <span class='ocrx_word' id='word_1_837' title='bbox 2417 4347 2515 4400; x_wconf 91' lang='lat' dir='ltr'><strong>hoc</strong></span> <span class='ocrx_word' id='word_1_838' title='bbox 2541 4348 2681 4400; x_wconf 88' lang='lat' dir='ltr'><strong>enim</strong></span> <span class='ocrx_word' id='word_1_839' title='bbox 2710 4357 2789 4401; x_wconf 89' lang='lat' dir='ltr'><strong>est</strong></span> <span class='ocrx_word' id='word_1_840' title='bbox 2810 4359 3063 4403; x_wconf 73' lang='lat' dir='ltr'><strong>extremm</strong></span> <span class='ocrx_word' id='word_1_841' title='bbox 3092 4364 3299 4403; x_wconf 82' lang='lat' dir='ltr'><strong>amen-.</strong></span> 
     </span>
    </p>
   </div>
   <div class='ocr_carea' id='block_1_105' title="bbox 1719 4435 3276 4506">
    <p class='ocr_par' dir='ltr' id='par_1_105' title="bbox 1719 4435 3276 4506">
     <span class='ocr_line' id='line_1_105' title="bbox 1719 4435 3276 4506; baseline 0.001 -18"><span class='ocrx_word' id='word_1_842' title='bbox 1719 4437 1823 4488; x_wconf 74' lang='lat' dir='ltr'><strong>tim.</strong></span> <span class='ocrx_word' id='word_1_843' title='bbox 1855 4436 1908 4487; x_wconf 92' lang='lat'><strong>7.</strong></span> <span class='ocrx_word' id='word_1_844' title='bbox 1952 4435 2076 4501; x_wconf 63' lang='lat' dir='ltr'><strong>Quae</strong></span> <span class='ocrx_word' id='word_1_845' title='bbox 2112 4436 2245 4488; x_wconf 88' lang='lat' dir='ltr'><strong>circa</strong></span> <span class='ocrx_word' id='word_1_846' title='bbox 2284 4452 2359 4487; x_wconf 89' lang='lat' dir='ltr'><strong>me</strong></span> <span class='ocrx_word' id='word_1_847' title='bbox 2403 4444 2549 4497; x_wconf 82' lang='lat' dir='ltr'><strong>sunt,</strong></span> <span class='ocrx_word' id='word_1_848' title='bbox 2582 4436 2750 4488; x_wconf 85' lang='lat' dir='ltr'><strong>omnia</strong></span> <span class='ocrx_word' id='word_1_849' title='bbox 2791 4435 2925 4489; x_wconf 75' lang='lat' dir='ltr'><strong>vobis</strong></span> <span class='ocrx_word' id='word_1_850' title='bbox 2967 4446 3082 4488; x_wconf 87' lang='lat' dir='ltr'><strong>nota</strong></span> <span class='ocrx_word' id='word_1_851' title='bbox 3126 4438 3276 4506; x_wconf 76' lang='lat' dir='ltr'><strong>faciet</strong></span> 
     </span>
    </p>
   </div>
   <div class='ocr_carea' id='block_1_106' title="bbox 1718 4523 3273 4593">
    <p class='ocr_par' dir='ltr' id='par_1_106' title="bbox 1718 4523 3273 4593">
     <span class='ocr_line' id='line_1_106' title="bbox 1718 4523 3273 4593; baseline 0.001 -16"><span class='ocrx_word' id='word_1_852' title='bbox 1718 4524 1962 4593; x_wconf 81' lang='lat' dir='ltr'><strong>Tychirus</strong></span> <span class='ocrx_word' id='word_1_853' title='bbox 1986 4564 2001 4587; x_wconf 92' lang='lat'><strong>,</strong></span> <span class='ocrx_word' id='word_1_854' title='bbox 2052 4526 2339 4577; x_wconf 85' lang='lat' dir='ltr'><strong>carissimus</strong></span> <span class='ocrx_word' id='word_1_855' title='bbox 2381 4525 2555 4591; x_wconf 75' lang='lat' dir='ltr'><strong>frater,</strong></span> <span class='ocrx_word' id='word_1_856' title='bbox 2588 4534 2632 4575; x_wconf 81' lang='lat' dir='ltr'><strong>et</strong></span> <span class='ocrx_word' id='word_1_857' title='bbox 2676 4523 2839 4591; x_wconf 85' lang='lat' dir='ltr'><strong>ﬁdelis</strong></span> <span class='ocrx_word' id='word_1_858' title='bbox 2869 4524 3112 4588; x_wconf 85' lang='lat' dir='ltr'><strong>minister,</strong></span> <span class='ocrx_word' id='word_1_859' title='bbox 3152 4541 3273 4578; x_wconf 83' lang='lat' dir='ltr'><strong>con-</strong></span> 
     </span>
    </p>
   </div>
   <div class='ocr_carea' id='block_1_107' title="bbox 1714 4611 3268 4682">
    <p class='ocr_par' dir='ltr' id='par_1_107' title="bbox 1714 4611 3268 4682">
     <span class='ocr_line' id='line_1_107' title="bbox 1714 4611 3268 4682; baseline 0.001 -18"><span class='ocrx_word' id='word_1_860' title='bbox 1714 4628 1883 4666; x_wconf 81' lang='lat' dir='ltr'><strong>servus</strong></span> <span class='ocrx_word' id='word_1_861' title='bbox 1909 4614 1961 4665; x_wconf 86' lang='lat' dir='ltr'><strong>in</strong></span> <span class='ocrx_word' id='word_1_862' title='bbox 1989 4611 2226 4665; x_wconf 83' lang='lat' dir='ltr'><strong>Domino.</strong></span> <span class='ocrx_word' id='word_1_863' title='bbox 2263 4613 2417 4680; x_wconf 72' lang='lat' dir='ltr'><strong>Papa:</strong></span> <span class='ocrx_word' id='word_1_864' title='bbox 2443 4614 2456 4663; x_wconf 72' lang='grc' dir='ltr'><strong>Ξ</strong></span> <span class='ocrx_word' id='word_1_865' title='bbox 2485 4621 2679 4681; x_wconf 88' lang='lat' dir='ltr'><strong>quanta</strong></span> <span class='ocrx_word' id='word_1_866' title='bbox 2707 4620 2789 4667; x_wconf 88' lang='lat' dir='ltr'><strong>est</strong></span> <span class='ocrx_word' id='word_1_867' title='bbox 2816 4613 2965 4667; x_wconf 87' lang='lat' dir='ltr'><strong>Pauli</strong></span> <span class='ocrx_word' id='word_1_868' title='bbox 2992 4614 3268 4682; x_wconf 79' lang='lat' dir='ltr'><strong>sapientia.</strong></span> 
     </span>
    </p>
   </div>
   <div class='ocr_carea' id='block_1_108' title="bbox 1713 4694 3267 4770">
    <p class='ocr_par' dir='ltr' id='par_1_108' title="bbox 1713 4694 3267 4770">
     <span class='ocr_line' id='line_1_108' title="bbox 1713 4694 3267 4770; baseline 0.001 -17"><span class='ocrx_word' id='word_1_869' title='bbox 1713 4698 1829 4753; x_wconf 69' lang='lat' dir='ltr'><strong>Non</strong></span> <span class='ocrx_word' id='word_1_870' title='bbox 1862 4702 2038 4753; x_wconf 90' lang='lat' dir='ltr'><strong>omnia</strong></span> <span class='ocrx_word' id='word_1_871' title='bbox 2071 4701 2251 4754; x_wconf 88' lang='lat' dir='ltr'><strong>inserit</strong></span> <span class='ocrx_word' id='word_1_872' title='bbox 2281 4702 2329 4753; x_wconf 87' lang='lat' dir='ltr'><strong>in</strong></span> <span class='ocrx_word' id='word_1_873' title='bbox 2360 4694 2625 4770; x_wconf 76' lang='lat' dir='ltr'><strong>epistolis,</strong></span> <span class='ocrx_word' id='word_1_874' title='bbox 2664 4701 2758 4756; x_wconf 88' lang='lat' dir='ltr'><strong>sed</strong></span> <span class='ocrx_word' id='word_1_875' title='bbox 2784 4718 2898 4770; x_wconf 85' lang='lat' dir='ltr'><strong>quae</strong></span> <span class='ocrx_word' id='word_1_876' title='bbox 2926 4712 3049 4755; x_wconf 89' lang='lat' dir='ltr'><strong>sunt</strong></span> <span class='ocrx_word' id='word_1_877' title='bbox 3079 4717 3267 4757; x_wconf 89' lang='lat' dir='ltr'><strong>neces-</strong></span> 
     </span>
    </p>
   </div>
   <div class='ocr_carea' id='block_1_109' title="bbox 1715 4792 3267 4862">
    <p class='ocr_par' dir='ltr' id='par_1_109' title="bbox 1715 4792 3267 4862">
     <span class='ocr_line' id='line_1_109' title="bbox 1715 4792 3267 4862; baseline -0.001 -17"><span class='ocrx_word' id='word_1_878' title='bbox 1715 4793 1851 4845; x_wconf 86' lang='lat' dir='ltr'><strong>saria</strong></span> <span class='ocrx_word' id='word_1_879' title='bbox 1875 4801 1929 4846; x_wconf 89' lang='lat' dir='ltr'><strong>et</strong></span> <span class='ocrx_word' id='word_1_880' title='bbox 1949 4794 2185 4861; x_wconf 84' lang='lat' dir='ltr'><strong>urgentia</strong></span> <span class='ocrx_word' id='word_1_881' title='bbox 2213 4811 2223 4846; x_wconf 92' lang='lat'><strong>:</strong></span> <span class='ocrx_word' id='word_1_882' title='bbox 2248 4794 2415 4859; x_wconf 88' lang='lat' dir='ltr'><strong>primo</strong></span> <span class='ocrx_word' id='word_1_883' title='bbox 2432 4792 2641 4862; x_wconf 88' lang='lat' dir='ltr'><strong>quidem</strong></span> <span class='ocrx_word' id='word_1_884' title='bbox 2664 4793 2852 4847; x_wconf 89' lang='lat' dir='ltr'><strong>nolens</strong></span> <span class='ocrx_word' id='word_1_885' title='bbox 2871 4807 2962 4847; x_wconf 85' lang='lat' dir='ltr'><strong>eas</strong></span> <span class='ocrx_word' id='word_1_886' title='bbox 2978 4794 3028 4846; x_wconf 90' lang='lat' dir='ltr'><strong>in</strong></span> <span class='ocrx_word' id='word_1_887' title='bbox 3054 4793 3267 4846; x_wconf 88' lang='lat' dir='ltr'><strong>nimiam</strong></span> 
     </span>
    </p>
   </div>
   <div class='ocr_carea' id='block_1_110' title="bbox 1715 4881 3332 4951">
    <p class='ocr_par' dir='ltr' id='par_1_110' title="bbox 1715 4881 3332 4951">
     <span class='ocr_line' id='line_1_110' title="bbox 1715 4881 3332 4951; baseline 0.001 -18"><span class='ocrx_word' id='word_1_888' title='bbox 1715 4881 2000 4935; x_wconf 80' lang='lat' dir='ltr'><strong>extendere</strong></span> <span class='ocrx_word' id='word_1_889' title='bbox 2046 4882 2426 4950; x_wconf 81' lang='lat' dir='ltr'><strong>longitudinem</strong></span> <span class='ocrx_word' id='word_1_890' title='bbox 2459 4896 2473 4933; x_wconf 90' lang='lat'><strong>:</strong></span> <span class='ocrx_word' id='word_1_891' title='bbox 2505 4882 2742 4935; x_wconf 89' lang='lat' dir='ltr'><strong>secundo</strong></span> <span class='ocrx_word' id='word_1_892' title='bbox 2770 4892 2974 4945; x_wconf 87' lang='lat' dir='ltr'><strong>autem,</strong></span> <span class='ocrx_word' id='word_1_893' title='bbox 3020 4896 3141 4936; x_wconf 90' lang='lat' dir='ltr'><strong>eum</strong></span> <span class='ocrx_word' id='word_1_894' title='bbox 3176 4885 3266 4951; x_wconf 86' lang='lat' dir='ltr'><strong>qui</strong></span> <span class='ocrx_word' id='word_1_895' title='bbox 3328 4887 3332 4891; x_wconf 82' lang='lat'><em>‘</em></span> 
     </span>
    </p>
   </div>
   <div class='ocr_carea' id='block_1_111' title="bbox 1714 4970 3271 5040">
    <p class='ocr_par' dir='ltr' id='par_1_111' title="bbox 1714 4970 3271 5040">
     <span class='ocr_line' id='line_1_111' title="bbox 1714 4970 3271 5040; baseline 0.003 -17"><span class='ocrx_word' id='word_1_896' title='bbox 1714 4970 2064 5039; x_wconf 89' lang='lat' dir='ltr'><strong>proﬁciscitur</strong></span> <span class='ocrx_word' id='word_1_897' title='bbox 2112 4971 2337 5026; x_wconf 90' lang='lat' dir='ltr'><strong>reddens</strong></span> <span class='ocrx_word' id='word_1_898' title='bbox 2364 4972 2528 5040; x_wconf 84' lang='lat' dir='ltr'><strong>magis</strong></span> <span class='ocrx_word' id='word_1_899' title='bbox 2558 4972 2906 5025; x_wconf 83' lang='lat' dir='ltr'><strong>reverendam</strong></span> <span class='ocrx_word' id='word_1_900' title='bbox 2927 5011 2942 5034; x_wconf 91' lang='lat'><strong>,</strong></span> <span class='ocrx_word' id='word_1_901' title='bbox 2977 4983 3035 5026; x_wconf 90' lang='lat' dir='ltr'><strong>ut</strong></span> <span class='ocrx_word' id='word_1_902' title='bbox 3076 4974 3271 5028; x_wconf 76' lang='lat' dir='ltr'><strong>habent</strong></span> 
     </span>
    </p>
   </div>
   <div class='ocr_carea' id='block_1_112' title="bbox 1714 5046 3267 5129">
    <p class='ocr_par' dir='ltr' id='par_1_112' title="bbox 1714 5046 3267 5129">
     <span class='ocr_line' id='line_1_112' title="bbox 1714 5046 3267 5129; baseline 0.003 -18"><span class='ocrx_word' id='word_1_903' title='bbox 1714 5059 1909 5128; x_wconf 87' lang='lat' dir='ltr'><strong>aliquid</strong></span> <span class='ocrx_word' id='word_1_904' title='bbox 1939 5060 2076 5128; x_wconf 89' lang='lat' dir='ltr'><strong>quod</strong></span> <span class='ocrx_word' id='word_1_905' title='bbox 2119 5070 2296 5114; x_wconf 85' lang='lat' dir='ltr'><strong>narret</strong></span> <span class='ocrx_word' id='word_1_906' title='bbox 2327 5079 2338 5112; x_wconf 95' lang='lat'><strong>:</strong></span> <span class='ocrx_word' id='word_1_907' title='bbox 2377 5061 2563 5125; x_wconf 88' lang='lat' dir='ltr'><strong>tertio,</strong></span> <span class='ocrx_word' id='word_1_908' title='bbox 2600 5046 2886 5114; x_wconf 78' lang='lat' dir='ltr'><strong>ostendens</strong></span> <span class='ocrx_word' id='word_1_909' title='bbox 2921 5071 3172 5129; x_wconf 89' lang='lat' dir='ltr'><strong>quantum</strong></span> <span class='ocrx_word' id='word_1_910' title='bbox 3212 5063 3267 5116; x_wconf 83' lang='lat' dir='ltr'><strong>iit</strong></span> 
     </span>
    </p>
   </div>
   <div class='ocr_carea' id='block_1_113' title="bbox 1712 5149 3261 5213">
    <p class='ocr_par' dir='ltr' id='par_1_113' title="bbox 1712 5149 3261 5213">
     <span class='ocr_line' id='line_1_113' title="bbox 1712 5149 3261 5213; baseline -0.001 -7"><span class='ocrx_word' id='word_1_911' title='bbox 1712 5163 1832 5206; x_wconf 78' lang='lat' dir='ltr'><strong>eum</strong></span> <span class='ocrx_word' id='word_1_912' title='bbox 1864 5150 1929 5203; x_wconf 90' lang='lat' dir='ltr'><strong>sit</strong></span> <span class='ocrx_word' id='word_1_913' title='bbox 1956 5149 2201 5213; x_wconf 75' lang='lat' dir='ltr'><strong>allectus;</strong></span> <span class='ocrx_word' id='word_1_914' title='bbox 2252 5164 2354 5204; x_wconf 92' lang='lat' dir='ltr'><strong>non</strong></span> <span class='ocrx_word' id='word_1_915' title='bbox 2382 5151 2521 5204; x_wconf 90' lang='lat' dir='ltr'><strong>enim</strong></span> <span class='ocrx_word' id='word_1_916' title='bbox 2552 5152 2681 5205; x_wconf 88' lang='lat' dir='ltr'><strong>alias</strong></span> <span class='ocrx_word' id='word_1_917' title='bbox 2720 5152 2770 5205; x_wconf 90' lang='lat' dir='ltr'><strong>ei</strong></span> <span class='ocrx_word' id='word_1_918' title='bbox 2800 5152 2912 5204; x_wconf 69' lang='lat' dir='ltr'><strong>haec</strong></span> <span class='ocrx_word' id='word_1_919' title='bbox 2935 5151 3261 5206; x_wconf 86' lang='lat' dir='ltr'><strong>mandasset.</strong></span> 
     </span>
    </p>
   </div>
   <div class='ocr_carea' id='block_1_114' title="bbox 1717 5239 3265 5310">
    <p class='ocr_par' dir='ltr' id='par_1_114' title="bbox 1717 5239 3265 5310">
     <span class='ocr_line' id='line_1_114' title="bbox 1717 5239 3265 5310; baseline 0.001 -17"><span class='ocrx_word' id='word_1_920' title='bbox 1717 5239 1917 5294; x_wconf 89' lang='lat' dir='ltr'><strong>Deinde</strong></span> <span class='ocrx_word' id='word_1_921' title='bbox 1941 5249 2092 5293; x_wconf 88' lang='lat' dir='ltr'><strong>erant</strong></span> <span class='ocrx_word' id='word_1_922' title='bbox 2119 5239 2359 5309; x_wconf 68' lang='lat' dir='ltr'><strong>quaedam</strong></span> <span class='ocrx_word' id='word_1_923' title='bbox 2386 5254 2503 5309; x_wconf 71' lang='lat' dir='ltr'><strong>quae</strong></span> <span class='ocrx_word' id='word_1_924' title='bbox 2532 5255 2637 5293; x_wconf 91' lang='lat' dir='ltr'><strong>non</strong></span> <span class='ocrx_word' id='word_1_925' title='bbox 2675 5239 2954 5308; x_wconf 86' lang='lat' dir='ltr'><strong>oportebat</strong></span> <span class='ocrx_word' id='word_1_926' title='bbox 2980 5241 3265 5310; x_wconf 87' lang='lat' dir='ltr'><strong>signiﬁcari</strong></span> 
     </span>
    </p>
   </div>
   <div class='ocr_carea' id='block_1_115' title="bbox 1712 5328 3263 5399">
    <p class='ocr_par' dir='ltr' id='par_1_115' title="bbox 1712 5328 3263 5399">
     <span class='ocr_line' id='line_1_115' title="bbox 1712 5328 3263 5399; baseline 0.001 -17"><span class='ocrx_word' id='word_1_927' title='bbox 1712 5329 1899 5383; x_wconf 86' lang='lat' dir='ltr'><strong>literis.</strong></span> <span class='ocrx_word' id='word_1_928' title='bbox 1932 5328 2251 5393; x_wconf 85' lang='lat' dir='ltr'><strong>Carissimus,</strong></span> <span class='ocrx_word' id='word_1_929' title='bbox 2283 5329 2470 5398; x_wconf 90' lang='lat' dir='ltr'><strong>inquit,</strong></span> <span class='ocrx_word' id='word_1_930' title='bbox 2511 5332 2687 5399; x_wconf 80' lang='lat' dir='ltr'><strong>frater.</strong></span> <span class='ocrx_word' id='word_1_931' title='bbox 2715 5328 2770 5383; x_wconf 93' lang='lat' dir='ltr'><strong>Si</strong></span> <span class='ocrx_word' id='word_1_932' title='bbox 2799 5328 3123 5394; x_wconf 88' lang='lat' dir='ltr'><strong>carissimus,</strong></span> <span class='ocrx_word' id='word_1_933' title='bbox 3154 5331 3263 5384; x_wconf 91' lang='lat' dir='ltr'><strong>sei-</strong></span> 
     </span>
    </p>
   </div>
   <div class='ocr_carea' id='block_1_116' title="bbox 1713 5415 3263 5485">
    <p class='ocr_par' dir='ltr' id='par_1_116' title="bbox 1713 5415 3263 5485">
     <span class='ocr_line' id='line_1_116' title="bbox 1713 5415 3263 5485; baseline 0.003 -18"><span class='ocrx_word' id='word_1_934' title='bbox 1713 5417 1786 5469; x_wconf 89' lang='lat' dir='ltr'><strong>vit</strong></span> <span class='ocrx_word' id='word_1_935' title='bbox 1807 5418 2012 5480; x_wconf 86' lang='lat' dir='ltr'><strong>omnia,</strong></span> <span class='ocrx_word' id='word_1_936' title='bbox 2043 5425 2097 5470; x_wconf 91' lang='lat' dir='ltr'><strong>et</strong></span> <span class='ocrx_word' id='word_1_937' title='bbox 2128 5432 2251 5471; x_wconf 91' lang='lat' dir='ltr'><strong>eum</strong></span> <span class='ocrx_word' id='word_1_938' title='bbox 2280 5416 2407 5471; x_wconf 88' lang='lat' dir='ltr'><strong>nihil</strong></span> <span class='ocrx_word' id='word_1_939' title='bbox 2434 5417 2659 5473; x_wconf 83' lang='lat' dir='ltr'><strong>celabat.</strong></span> <span class='ocrx_word' id='word_1_940' title='bbox 2689 5415 2755 5470; x_wconf 83' lang='lat' dir='ltr'><strong>Et</strong></span> <span class='ocrx_word' id='word_1_941' title='bbox 2785 5417 2950 5485; x_wconf 72' lang='lat' dir='ltr'><strong>fidelis</strong></span> <span class='ocrx_word' id='word_1_942' title='bbox 2968 5417 3193 5470; x_wconf 83' lang='lat' dir='ltr'><strong>minister</strong></span> <span class='ocrx_word' id='word_1_943' title='bbox 3215 5428 3263 5472; x_wconf 85' lang='lat' dir='ltr'><strong>ct</strong></span> 
     </span>
    </p>
   </div>
   <div class='ocr_carea' id='block_1_117' title="bbox 1712 5504 3263 5571">
    <p class='ocr_par' dir='ltr' id='par_1_117' title="bbox 1712 5504 3263 5571">
     <span class='ocr_line' id='line_1_117' title="bbox 1712 5504 3263 5571; baseline 0.001 -12"><span class='ocrx_word' id='word_1_944' title='bbox 1712 5521 1975 5559; x_wconf 76' lang='lat' dir='ltr'><strong>conservus</strong></span> <span class='ocrx_word' id='word_1_945' title='bbox 2003 5507 2056 5559; x_wconf 90' lang='lat' dir='ltr'><strong>in</strong></span> <span class='ocrx_word' id='word_1_946' title='bbox 2082 5506 2318 5560; x_wconf 84' lang='lat' dir='ltr'><strong>Domino.</strong></span> <span class='ocrx_word' id='word_1_947' title='bbox 2348 5506 2404 5561; x_wconf 91' lang='lat' dir='ltr'><strong>Si</strong></span> <span class='ocrx_word' id='word_1_948' title='bbox 2443 5505 2613 5561; x_wconf 87' lang='lat' dir='ltr'><strong>ﬁdelis</strong></span> <span class='ocrx_word' id='word_1_949' title='bbox 2636 5548 2652 5571; x_wconf 94' lang='lat'><strong>,</strong></span> <span class='ocrx_word' id='word_1_950' title='bbox 2692 5505 2825 5560; x_wconf 91' lang='lat' dir='ltr'><strong>nihil</strong></span> <span class='ocrx_word' id='word_1_951' title='bbox 2866 5504 3185 5570; x_wconf 88' lang='lat' dir='ltr'><strong>mentietur;</strong></span> <span class='ocrx_word' id='word_1_952' title='bbox 3216 5506 3263 5560; x_wconf 91' lang='lat' dir='ltr'><strong>si</strong></span> 
     </span>
    </p>
   </div>
   <div class='ocr_carea' id='block_1_118' title="bbox 1708 5591 3261 5665">
    <p class='ocr_par' dir='ltr' id='par_1_118' title="bbox 1708 5591 3261 5665">
     <span class='ocr_line' id='line_1_118' title="bbox 1708 5591 3261 5665; baseline -0.002 -16"><span class='ocrx_word' id='word_1_953' title='bbox 1708 5604 2003 5651; x_wconf 79' lang='lat' dir='ltr'><strong>conservus</strong></span> <span class='ocrx_word' id='word_1_954' title='bbox 2025 5633 2039 5660; x_wconf 94' lang='lat'><strong>,</strong></span> <span class='ocrx_word' id='word_1_955' title='bbox 2068 5594 2166 5650; x_wconf 80' lang='lat' dir='ltr'><strong>fuit</strong></span> <span class='ocrx_word' id='word_1_956' title='bbox 2194 5597 2370 5651; x_wconf 87' lang='lat' dir='ltr'><strong>socius</strong></span> <span class='ocrx_word' id='word_1_957' title='bbox 2398 5604 2446 5650; x_wconf 90' lang='lat' dir='ltr'><strong>et</strong></span> <span class='ocrx_word' id='word_1_958' title='bbox 2472 5596 2735 5665; x_wconf 86' lang='lat' dir='ltr'><strong>particeps</strong></span> <span class='ocrx_word' id='word_1_959' title='bbox 2760 5595 3126 5650; x_wconf 85' lang='lat' dir='ltr'><strong>tentationum.</strong></span> <span class='ocrx_word' id='word_1_960' title='bbox 3148 5591 3261 5648; x_wconf 86' lang='lat' dir='ltr'><strong>Un-</strong></span> 
     </span>
    </p>
   </div>
   <div class='ocr_carea' id='block_1_119' title="bbox 1711 5680 3259 5754">
    <p class='ocr_par' dir='ltr' id='par_1_119' title="bbox 1711 5680 3259 5754">
     <span class='ocr_line' id='line_1_119' title="bbox 1711 5680 3259 5754; baseline -0.001 -16"><span class='ocrx_word' id='word_1_961' title='bbox 1711 5682 1870 5754; x_wconf 89' lang='lat' dir='ltr'><strong>dique</strong></span> <span class='ocrx_word' id='word_1_962' title='bbox 1895 5696 2023 5752; x_wconf 86' lang='lat' dir='ltr'><strong>ergo</strong></span> <span class='ocrx_word' id='word_1_963' title='bbox 2049 5683 2260 5754; x_wconf 82' lang='lat' dir='ltr'><strong>collegit</strong></span> <span class='ocrx_word' id='word_1_964' title='bbox 2287 5683 2339 5739; x_wconf 93' lang='lat' dir='ltr'><strong>id</strong></span> <span class='ocrx_word' id='word_1_965' title='bbox 2381 5683 2519 5754; x_wconf 88' lang='lat' dir='ltr'><strong>quod</strong></span> <span class='ocrx_word' id='word_1_966' title='bbox 2562 5684 2719 5741; x_wconf 90' lang='lat' dir='ltr'><strong>ﬁdem</strong></span> <span class='ocrx_word' id='word_1_967' title='bbox 2749 5684 2962 5739; x_wconf 83' lang='lat' dir='ltr'><strong>faceret.</strong></span> <span class='ocrx_word' id='word_1_968' title='bbox 3002 5680 3055 5737; x_wconf 85' lang='lat'><strong>8.</strong></span> <span class='ocrx_word' id='word_1_969' title='bbox 3099 5681 3259 5751; x_wconf 77' lang='lat' dir='ltr'><strong>Quem</strong></span> 
     </span>
    </p>
   </div>
   <div class='ocr_carea' id='block_1_120' title="bbox 2863 5785 2943 5845">
    <p class='ocr_par' dir='ltr' id='par_1_120' title="bbox 2863 5785 2943 5845">
     <span class='ocr_line' id='line_1_120' title="bbox 2863 5785 2943 5845; baseline 0 0"><span class='ocrx_word' id='word_1_970' title='bbox 2863 5785 2943 5845; x_wconf 61' lang='lat' dir='ltr'><strong>2b</strong></span> 
     </span>
    </p>
   </div>
  </div>
