4050 6324
796 425 898 480 575

796 534 912 586 misi
930 534 996 587 ad
1024 550 1105 587 vos
1130 535 1195 587 ad
1225 534 1316 589 hoc
1338 536 1520 605 ipsum.
1553 535 1645 589 llic
1672 534 1890 590 multam
1934 533 2167 590 ostendit
2213 530 2345 586 dile-

797 623 1023 677 ctionem
1044 664 1056 683 ,
1082 624 1340 693 siquidem
1370 640 1490 679 eum
1522 624 1642 679 ideo
1668 625 1808 678 misit
1827 665 1843 684 ,
1871 634 1923 678 et
1965 638 2028 677 ea
2057 626 2150 676 fult
2185 635 2343 677 causa

796 725 891 764 cur
916 727 1131 780 peregre
1172 714 1237 766 sit
1280 713 1544 781 profectus
1571 731 1585 767 :
1614 711 1754 783 quod
1782 715 1939 768 etiam
1983 714 2189 768 dicebat
2212 713 2342 767 scri-

797 798 928 855 bens
969 800 1032 855 ad
1083 802 1855 872 Tltessiloniccnscsd’ropter
1893 803 2030 872 quod
2075 819 2173 856 non
2201 801 2349 855 susti-

799 886 966 943 nentes
994 893 1208 959 amplius
1229 932 1243 955 ,
1271 893 1458 961 placuit
1491 893 1629 946 nobis
1672 893 1790 946 solis
1816 907 2067 945 remanere
2102 890 2307 943 Athenis
2328 929 2342 952 ,

798 990 845 1031 et
888 981 1111 1035 misimus
1161 981 1474 1035 Timotheum
1520 986 1723 1050 fratrem
1774 991 1997 1034 nostrum
2040 981 2058 1048 (
2094 981 2139 1033 1.
2167 977 2341 1033 Thess.

798 1071 849 1123 5.
887 1073 933 1124 1.
960 1071 1036 1137 9.).
1077 1072 1154 1125 Ad
1186 1072 1444 1140 Ephesios
1468 1086 1675 1140 quoque
1704 1085 1823 1125 eum
1867 1070 2032 1137 ipsum
2064 1069 2249 1131 mittit,
2291 1078 2343 1122 et

797 1170 1014 1229 prepter
1061 1162 1297 1223 eamdem
1340 1176 1595 1215 causam:
1656 1159 1722 1214 Ut
1763 1167 2020 1229 cognoscat
2059 1173 2171 1227 qua:
2211 1157 2343 1209 circa

799 1266 882 1303 vos
932 1261 1048 1304 sunt
1089 1262 1136 1303 et
1185 1251 1465 1304 consoletur
1503 1250 1653 1301 corda
1700 1257 1857 1301 vestra
1884 1246 2092 1314 (Ep/tes.
2141 1246 2190 1301 6.
2222 1245 2335 1313 εξ).

802 1338 929 1392 \‘ide
955 1340 1077 1408 quid
1114 1339 1251 1392 dicat
1279 1356 1291 1387 :
1320 1338 1430 1393 Non
1463 1347 1516 1389 ιιι
1548 1351 1638 1389 vos
1684 1350 1938 1389 resmeas
1967 1334 2179 1388 discatis
2201 1373 2215 1395 ,
2246 1332 2339 1389 sed

799 1439 977 1497 utego
1007 1438 1206 1481 vestras
1232 1445 1247 1480 :
1272 1428 1340 1481 ita
1390 1440 1640 1495 nusquam
1686 1426 1822 1494 quod
1863 1442 2013 1478 suum
2059 1434 2135 1478 est
2166 1425 2332 1495 ponit.

795 1517 1031 1570 Ostendit
1056 1532 1146 1567 eos
1174 1531 1389 1584 quoque
1415 1530 1533 1568 esse
1562 1515 1615 1567 in
1642 1514 2013 1567 tentatiuuilms
2034 1554 2047 1575 ,
2078 1512 2333 1577 dicendo,

801 1605 864 1657 lit
884 1606 1158 1659 consoletur
1186 1606 1337 1657 cortla
1363 1614 1541 1657 vestra.
1574 1604 1629 1657 9.
1655 1603 1775 1655 Cum
1805 1602 2054 1662 Onesimo,
2078 1603 2334 1656 carissimo

795 1705 840 1748 et
866 1697 999 1762 ﬁdeli
1028 1701 1196 1765 fratre.
1227 1698 1310 1764 qui
1332 1712 1395 1748 ea:
1421 1696 1551 1748 vobis
1576 1704 1665 1747 est.
1696 1694 1903 1758 Omnia,
1930 1708 2041 1761 qua:
2066 1692 2146 1745 hic
2169 1709 2331 1761 agun—

796 1797 893 1845 tur.
922 1794 1035 1837 nota
1061 1786 1241 1851 facient
1267 1785 1417 1836 vobis.
1453 1783 1546 1837 llic
1584 1792 1663 1836 est
1689 1782 1968 1837 Onesimus
1988 1822 2003 1844 ,
2029 1781 2096 1835 de
2134 1797 2239 1850 quo
2267 1783 2330 1836 ad

796 1873 1149 1926 Philemonem
1191 1873 1425 1927 scribens
1467 1873 1706 1935 diccbat,
1763 1871 1919 1936 Quem
1961 1887 2050 1942 ego
2082 1874 2331 1925 volueram

792 1978 980 2014 mecum
1012 1962 1227 2014 detinere
1250 2000 1265 2023 ,
1296 1969 1350 2013 ut
1376 1976 1466 2028 pro
1491 1972 1535 2014 te
1563 1961 1684 2012 mihi
1721 1960 2020 2013 ministraret
2048 1961 2098 2012 in
2121 1962 2329 2014 vinculis

791 2051 1029 2119 evangelii
1063 2066 1081 2103 :
1107 2052 1211 2103 sine
1250 2038 1459 2103 consilio
1486 2060 1647 2103 autent
1685 2060 1770 2102 tuo
1809 2050 1934 2102 nihil
1970 2049 2103 2102 volui
2143 2052 2309 2120 facere

792 2137 1033 2197 (Philem.
1064 2140 1168 2205 15).
1224 2138 1381 2191 Addit
1424 2139 1580 2191 etiam
1626 2138 1918 2193 encomium
1965 2139 2213 2203 civitatis,
2270 2149 2326 2195 ut

789 2227 943 2280 etiam
975 2227 1342 2295 gloriarentur,
1392 2223 1486 2280 nec
1517 2228 1684 2280 solum
1730 2244 1832 2279 non
1865 2226 2203 2282 afﬁcerentur
2228 2244 2325 2297 pu-

788 2318 933 2381 dore,
965 2317 1145 2371 dicens
1176 2334 1189 2370 :
1225 2317 1323 2381 Qui
1348 2328 1417 2370 est
1442 2334 1502 2370 ex
1533 2319 1682 2370 vobis.
1706 2316 1907 2382 Omnia,
1927 2334 2037 2384 qua:
2056 2319 2134 2371 hic
2161 2335 2327 2387 agun-

793 2418 892 2471 tur,
931 2417 1048 2458 nota
1085 2409 1266 2475 facient
1303 2407 1455 2460 vobis.
1492 2406 1574 2469 i0,
1617 2404 1818 2460 Salutat
1871 2422 1954 2461 vos
2007 2407 2321 2461 Aristarchus

788 2495 1103 2563 concupiit-us
1145 2511 1299 2547 nisus.
1770 2553 1772 2555 μ

852 2584 905 2637 2.
952 2585 1057 2638 lloc
1078 2573 1317 2638 encomio
1339 2585 1533 2639 nullum
1555 2594 1634 2639 cst
1661 2585 1844 2652 majus.
1874 2585 1967 2639 llic
2000 2596 2077 2640 ρει
2098 2586 2183 2655 qui
2205 2602 2323 2640 cum

785 2674 896 2738 ipso
934 2673 1188 2728 abductus
1227 2673 1322 2728 fuit
1366 2675 1730 2745 ierosolymis.
1779 2675 1944 2743 Majus
1989 2676 2119 2729 dixit
2164 2692 2319 2746 quam

785 2763 1051 2831 propheta:
1081 2780 1092 2814 ε
1124 2778 1243 2816 nam
1270 2763 1340 2817 illi
1371 2763 1582 2833 quidem
1613 2763 1817 2832 seipsos
1854 2765 2033 2818 dicunt
2061 2764 2318 2832 hospites,

783 2851 1009 2906 advenas
1050 2863 1100 2907 et
1131 2854 1469 2923 peregrinos;
1514 2854 1597 2908 hic
1638 2863 1812 2909 autem
1853 2856 2011 2908 etiam
2039 2857 2343 2923 captivum.

782 2940 1065 3009 Tamquam
1094 2942 1234 2996 enim
1262 2942 1498 3010 captivus
1541 2942 1617 2996 sic
1650 2943 1904 3011 agebatur
1944 2953 1997 2998 et
2035 2944 2324 3010 ferebatur,

781 3039 832 3083 et
860 3029 925 3083 ad
954 3030 1086 3085 male
1116 3030 1414 3098 patiendum
1441 3031 1518 3084 sic
1559 3040 1672 3084 erat
1702 3032 1947 3086 onmibus
1986 3034 2319 3101 propositus;

776 3121 888 3172 imo
913 3135 1039 3174 vero
1067 3120 1167 3173 illis
1193 3122 1363 3189 pejus.
1396 3120 1524 3173 Nam
1552 3121 1669 3173 illos
1690 3120 1898 3187 quidem
1920 3130 2191 3189 postquam
2216 3137 2321 3176 ec-

774 3217 967 3273 perunt
1007 3207 1218 3273 hostes,
1259 3223 1350 3263 eos
1397 3209 1546 3263 valde
1587 3217 1772 3263 curant
1814 3218 1869 3263 ut
1914 3210 2011 3263 sibi
2042 3211 2318 3279 proprios;

783 3294 921 3351 hunc
940 3302 1112 3352 autem
1140 3307 1195 3352 ut
1218 3298 1421 3352 hostem
1451 3310 1503 3352 et
1526 3300 1791 3352 inimicum
1809 3314 1994 3354 omnes
2022 3300 2247 3369 agebant
2269 3309 2324 3355 et

768 3385 1043 3450 ferebant,
1071 3387 1443 3450 verberantes,
1473 3388 1645 3456 ﬂagris
1676 3388 1960 3455 exedentes,
1990 3391 2322 3446 contumeliis

779 3475 1096 3539 allicientes,
1138 3476 1542 3529 calumniantes.
1591 3477 1698 3530 lloc
1729 3478 1834 3531 illis
1872 3478 2030 3531 etiam
2062 3490 2175 3533 erat
2200 3496 2324 3534 con-

779 3564 1020 3617 Sttlatioui
1055 3581 1066 3614 :
1094 3579 1212 3617 cum
1247 3565 1386 3618 enim
1417 3574 1726 3635 praeceptor,
1753 3566 1803 3619 in
1848 3566 2033 3620 iisdem
2065 3577 2326 3635 versatur,

780 3655 1030 3723 majorem
1060 3654 1473 3708 consolationem
1499 3656 1758 3723 accipiunt
1789 3656 2058 3725 discipuli.
2095 3657 2157 3711 Et
2187 3659 2328 3712 Mar-

778 3759 865 3796 cus
892 3745 1210 3797 consobrinus
1240 3742 1508 3797 Barnaba'.
1542 3743 1692 3798 Hunc
1722 3761 1931 3823 quoque
1953 3748 2061 3815 jam
2092 3748 2326 3803 laudavit

778 3842 843 3886 ex
869 3835 1178 3901 cognatione
1211 3850 1223 3885 :
1252 3843 1367 3887 erat
1399 3834 1541 3887 enim
1576 3833 1842 3890 Barnabas
1871 3836 1951 3889 vir
1980 3853 2219 3906 magnus.
2249 3840 2325 3893 De

775 3939 874 3987 quo
894 3923 1149 3989 accepistis
1187 3923 1423 3974 mundata
1446 3923 1527 3976 :si
1553 3926 1735 3976 venerit
1759 3926 1824 3975 ad
1849 3941 1962 3991 vos,
2000 3930 2232 3995 suscipite
2259 3930 2327 3981 il-

779 4010 901 4063 lum.
935 4010 1068 4075 Quid
1112 4011 1276 4064 vero?
1299 4024 1402 4064 non
1448 4011 1603 4065 aliter
1645 4014 2043 4080 suscepissent?
2071 4016 2324 4079 Maxime;

778 4100 869 4153 sed
895 4140 909 4164 ,
939 4101 1064 4153 Cum
1097 4114 1284 4169 magno
1307 4140 1321 4162 ,
1365 4100 1567 4169 inquit,
1597 4103 1718 4155 volo
1747 4104 1919 4155 studio
1952 4122 1966 4156 :
2009 4114 2062 4157 et
2088 4107 2186 4159 hoc
2217 4121 2329 4157 ma-

783 4204 934 4251 gnum
991 4190 1158 4240 virum
1206 4189 1453 4241 ostendit.
1489 4188 1759 4243 Undenam
1811 4203 1984 4245 autem
2031 4196 2329 4260 acceperint

785 4277 1021 4329 mandata
1044 4319 1058 4341 ,
1088 4293 1188 4328 non
1215 4278 1358 4331 dicit.
1388 4279 1473 4331 11.
1520 4276 1587 4330 Et
1614 4277 1781 4341 Jesus,
1812 4281 1896 4346 qui
1923 4280 2104 4331 dicitur
2127 4282 2320 4334 Justus.

784 4364 882 4417 Iste
926 4365 1145 4417 fortasse
1195 4376 1308 4418 erat
1357 4365 1679 4418 Corinthius.
1713 4366 1909 4420 Deinde
1952 4368 2040 4420 dat
2081 4371 2326 4423 otnnibus

777 4468 1056 4506 commune
1083 4455 1377 4505 eueomium
1401 4496 1415 4517 ,
1445 4468 1563 4507 cum
1593 4455 1813 4507 dixisset
1841 4458 1977 4523 quod
2008 4467 2119 4510 erat
2147 4459 2325 4511 unius-

777 4541 1031 4608 cujusque
1077 4544 1347 4611 proprium
1379 4559 1394 4593 :
1428 4543 1527 4605 Qui
1574 4553 1686 4594 sunt
1730 4560 1790 4595 ea:
1831 4545 2244 4599 circumcisione:
2275 4548 2326 4599 Ιιί

778 4632 874 4682 soli
891 4641 1001 4683 sunt
1032 4634 1284 4698 adjutores
1325 4633 1416 4683 mei
1443 4634 1492 4683 in
1518 4649 1666 4700 regno
1696 4632 1788 4686 Dei
1815 4652 1833 4684 :
1858 4636 1941 4701 qui
1975 4636 2096 4687 mihi
2122 4636 2324 4702 fuerunt

779 4720 975 4772 solatio.
1018 4719 1296 4787 Postquam
1336 4720 1507 4782 dixit,
1538 4720 1900 4788 Cotteaptit'us,
1932 4732 2000 4775 ne
2028 4724 2324 4777 auditorum

782 4809 1012 4860 animum
1041 4810 1195 4861 simul
1224 4809 1429 4875 dejiciat
1456 4849 1471 4874 ,
1504 4809 1619 4862 vide
1649 4810 1910 4878 quomodo
1934 4810 2036 4864 hoc
2063 4822 2239 4880 ponat,
2273 4822 2327 4866 et

781 4911 875 4950 eos
916 4898 1139 4952 excitet:
1172 4898 1443 4967 Adfntores
1465 4938 1478 4961 ,
1530 4898 1713 4967 inquit,
1744 4900 1841 4951 mei
1868 4901 1934 4952 ad
1977 4916 2181 4969 regnum
2214 4901 2326 4956 Dei.

782 4989 1128 5054 Quamobrem
1156 5004 1271 5041 eum
1306 4990 1564 5042 sintsocii
1594 4990 1941 5043 tentationum
1966 5031 1980 5053 ,
2011 5000 2133 5043 sunt
2161 4992 2319 5044 etiam

783 5079 929 5144 regni
949 5076 1095 5129 socii.
1122 5075 1215 5140 Qui
1239 5078 1435 5141 fuerunt
1454 5078 1574 5128 mihi
1593 5076 1790 5130 solatio.
1821 5076 2060 5131 Ostendit
2091 5095 2183 5133 eos
2211 5094 2329 5134 esse

784 5178 1020 5231 magnos,
1041 5162 1294 5230 siquidem
1319 5164 1474 5217 Paulo
1491 5167 1699 5218 fuerunt
1714 5165 1918 5219 solatio.
1939 5164 2043 5219 Sed
2060 5166 2327 5221 videamus
2364 5218 2369 5222 .

786 5251 928 5304 I‘auli
949 5251 1291 5319 prudentiam
1320 5251 1379 5303 in
1399 5253 1656 5317 sapientia,
1686 5254 1866 5320 inquit,
1894 5254 2142 5307 ambulate
2165 5256 2229 5307 ad
2245 5272 2326 5308 eos

783 5341 866 5407 qui
883 5341 1152 5406 forissunt,
1181 5354 1370 5405 tempus
1393 5340 1699 5393 redimentes.
1726 5340 1835 5394 Hoc
1856 5352 1954 5407 ρει,
1979 5342 2090 5394 Non
2119 5354 2199 5396 est
2234 5359 2325 5397 vc-

782 5441 946 5482 smnu
974 5440 1196 5497 tempus,
1221 5430 1311 5481 sed
1341 5429 1544 5481 illorum
1576 5445 1588 5482 :
1619 5429 1778 5483 nolite
1806 5445 1933 5498 ergo
1954 5431 2242 5484 dominium
2273 5442 2328 5485 et

782 5519 1146 5571 auctoritatem
1177 5520 1319 5571 vobis
1350 5518 1647 5581 vindicare,
1695 5518 1786 5572 sed
1820 5532 2025 5588 tempus
2057 5522 2324 5577 redimite.

781 5608 958 5675 Seque
986 5607 1114 5659 dixit
1146 5607 1496 5669 solummodo,
1528 5607 1731 5672 Emito,
1762 5608 1888 5672 sed,
1919 5608 2178 5664 ltedimite
2198 5652 2213 5676 ,
2251 5612 2330 5663 si-

779 5695 1034 5765 gniﬁcans
1089 5698 1243 5762 quod,
1301 5699 1374 5751 sic
1419 5695 1620 5762 oliveti,
1675 5697 1829 5751 aliter
1878 5698 2045 5767 ipsum
2093 5715 2324 5755 vestrum

1454 424 1511 479 S.
1548 423 1820 482 JOANNIS
1854 418 2313 480 GIDYSOSTOW
2355 417 2659 474 ARCIIIEP.
2696 419 3209 482 CONSTANTINOP.

3911 434 3998 489 375

2448 527 2659 609 efﬁcite.
2705 531 2933 587 Summae
2967 533 3107 587 enim
3134 532 3293 589 fuerit
3332 538 3611 603 amentiae,
3659 537 3928 595 bellorum
3952 556 3994 596 et
4040 562 4041 605 ;

2452 615 2837 672 inimicitiarum
2870 621 3169 688 excogitare
3210 623 3534 678 occasiones.
3576 624 3710 680 Nam
3758 628 3833 681 ad
3868 630 3993 693 hoc,

2448 705 2584 772 quod
2612 707 2839 773 pericula
2865 712 3186 763 sustinemus
3211 711 3473 779 superflua
3512 723 3566 767 et
3595 730 3719 783 qua:
3744 716 3888 771 nihil
3917 720 3996 770 ha-

2448 792 2567 847 bent
2599 792 2759 856 lucri,
2786 796 2923 851 aliud
2949 798 3441 866 quoquedamnum
3483 803 3737 867 accedit,
3760 806 3911 872 quod
3938 808 3994 858 ad

2448 898 2541 935 nos
2582 882 2752 938 Grtnci
2792 900 2897 939 non
2930 887 3201 941 accedant.
3240 888 3370 943 Nam
3415 893 3624 959 quando
3667 886 3847 950 fueris
3873 897 3991 950 intet

2446 973 2649 1037 fratres,
2679 975 2867 1029 merito
2891 977 3113 1031 confidis
3137 995 3149 1030 :
3181 977 3309 1032 foris
3328 992 3501 1034 autem
3526 998 3629 1036 non
3656 984 3735 1037 sic
3762 997 3991 1054 oportet.

2444 1059 2601 1115 Vides
2620 1065 2881 1132 quomodo
2901 1066 3089 1135 ubique
3109 1082 3202 1121 eos
3220 1068 3308 1136 qui
3329 1080 3449 1122 sunt
3465 1069 3591 1125 foris
3605 1072 3735 1126 dicit
3756 1072 3991 1128 Graecos.

2444 1151 2722 1219 Propterea
2757 1153 2966 1209 dicebat
3003 1157 3159 1209 etiam
3207 1158 3446 1213 scribens
3495 1161 3560 1213 ad
3606 1162 3989 1219 Timotheum:

2445 1238 2649 1309 Oportet
2665 1242 2824 1311 ipsum
2839 1253 2887 1296 et
2903 1243 2965 1297 ab
2981 1246 3042 1299 iis
3062 1248 3151 1315 qui
3174 1248 3297 1318 [oris
3313 1258 3425 1301 sunt
3441 1249 3619 1304 bonum
3640 1253 3836 1307 habere
3860 1258 3991 1309 testi-

2441 1332 2658 1384 monium
2685 1332 2760 1401 (1.
2789 1330 2917 1386 Tim.
2943 1333 2997 1388 3.
3025 1334 3109 1404 7);
3137 1346 3188 1389 ct
3227 1351 3428 1402 rursus,
3458 1338 3593 1404 Quid
3616 1344 3750 1394 enim
3785 1359 3900 1396 mea
3924 1361 3995 1395 re-

2437 1423 2532 1487 fert
2560 1420 2621 1473 de
2648 1421 2709 1473 iis
2744 1422 2830 1488 qui
2856 1422 2979 1491 foris
3005 1432 3120 1476 sunt
3138 1424 3369 1492 judicare
3396 1427 3481 1495 (1.
3510 1427 3623 1482 Cor.
3658 1431 3710 1482 5.
3749 1432 3907 1501 £2)?
3934 1433 3992 1485 In

2436 1507 2701 1576 sapientia,
2730 1510 2918 1578 inquit,
2944 1511 3191 1565 ambulate
3212 1514 3280 1564 ad
3302 1529 3383 1566 eos
3396 1516 3493 1583 qui
3517 1516 3640 1583 foris
3665 1529 3810 1570 sunt.
3844 1519 3992 1575 Foris

2434 1597 2574 1648 enim
2598 1607 2737 1663 sunt,
2767 1599 2863 1651 etsi
2886 1598 3125 1653 eumdem
3147 1614 3302 1669 quem
3328 1616 3425 1656 nos
3447 1604 3697 1657 tuendum
3717 1605 3988 1671 habitent,

2437 1696 2492 1739 ιιι
2532 1687 2618 1756 qui
2646 1688 2747 1741 sint
2785 1699 2931 1742 extra
2976 1704 3194 1758 regnum
3233 1699 3286 1745 ct
3328 1691 3539 1745 domum
3586 1696 3772 1761 patris.
3826 1695 3988 1750 Simul
4040 1694 4041 1757 ξ

2434 1776 2591 1829 etiam
2621 1791 2713 1829 eos
2739 1777 3060 1843 consolatur,
3108 1779 3224 1833 illos
3263 1793 3455 1833 vocans
3489 1790 3821 1837 extraneos:
3855 1787 3987 1852 quod
4040 1774 4041 1787 “

2433 1865 2639 1932 quidem
2663 1865 2871 1921 dicebat
2898 1868 3159 1934 superius,
3195 1866 3305 1920 Vita
3329 1878 3488 1922 vestra
3515 1870 3755 1923 abscousa
3784 1884 3863 1925 est
3884 1890 3988 1925 cum
4040 1936 4041 1941 η

2432 1956 2629 2010 Christo
2654 1958 2705 2009 in
2732 1956 2836 2011 Deo
2861 1956 2990 2029 (Col.
3013 1960 3064 2013 3.
3083 1957 3161 2027 3).
3188 1958 3357 2021 Tunc,
3386 1959 3573 2028 inquit,
3596 1961 3831 2029 gloriam
3858 1977 3987 2030 qua:-

2432 2047 2553 2113 ritc,
2583 2056 2705 2102 tunc
2727 2048 2977 2110 honores,
3005 2058 3128 2103 tunc
3151 2049 3249 2101 alia
3271 2048 3475 2113 omnia;
3509 2065 3646 2104 nunc
3675 2061 3864 2106 autem
3897 2069 3986 2106 ne-

2430 2152 2690 2207 quaquam
2711 2180 2726 2202 ,
2758 2137 2849 2191 sed
2888 2139 2989 2191 illis
3017 2137 3271 2206 praebete.
3319 2139 3549 2204 Deinde,
3582 2154 3647 2193 ne
3682 2150 3847 2208 putes
3872 2158 3985 2196 eum

2431 2224 2496 2276 de
2527 2226 2761 2293 pecuniis
2784 2226 2944 2294 loqui,
2976 2225 3120 2280 addit
3146 2244 3160 2278 :
3191 2225 3367 2280 Sermo
3390 2236 3546 2281 vester
3570 2244 3770 2297 semper
3798 2232 3853 2282 in
3876 2249 3987 2300 στας
4040 2216 4041 2219 η

2432 2313 2529 2377 tia,
2555 2314 2660 2367 sale
2688 2315 2753 2367 sit
2779 2315 3009 2368 conditus
3030 2354 3046 2379 ,
3082 2322 3141 2366 ut
3170 2315 3338 2367 sciatis
3372 2316 3616 2383 quomodo
3641 2310 3882 2383 oporteat
3910 2335 3987 2371 res

2431 2404 2695 2471 unicuique
2712 2403 3025 2470 respondere.
3049 2402 3119 2458 Ut
3143 2417 3250 2458 non
3276 2404 3342 2456 sit
3370 2404 3555 2473 plenus
3586 2407 3886 2474 hypocrisi,
3918 2408 3986 2459 iu-

2430 2493 2576 2562 quit:
2610 2493 2711 2547 hoc
2733 2494 2872 2547 enim
2899 2508 3003 2547 non
3031 2499 3113 2548 est
3136 2494 3301 2561 gratia
3322 2534 3337 2558 ,
3365 2507 3566 2562 neque,
3599 2493 3726 2548 Sale
3754 2505 3845 2551 est
3867 2511 3987 2550 con—
4040 2504 4041 2509 ‘

2431 2581 2616 2637 ditum.
2640 2581 2708 2637 Ut
2736 2590 2875 2651 puta,
2905 2581 3104 2651 absque
3144 2580 3376 2650 periculo
3402 2581 3579 2636 colere
3604 2593 3896 2650 oporteat,
3927 2602 3984 2638 ne
4040 2586 4041 2595 ‘

2432 2686 2641 2726 recuses
2665 2690 2678 2726 :
2702 2673 2745 2725 si
2773 2680 2977 2739 tempus
3000 2671 3067 2724 sit
3090 2670 3295 2739 placide
3321 2670 3585 2738 [equendi,
3617 2686 3685 2725 ne
3714 2687 3835 2726 eam
3871 2690 3977 2728 rem
4040 2728 4041 2743 χ

2431 2760 2699 2815 existimes
2728 2760 3169 2815 assentationem:
3201 2759 3280 2814 fac
3298 2759 3474 2813 omnia
3497 2775 3613 2829 qua:
3632 2759 3701 2813 ad
3727 2760 3983 2816 honorem
4040 2746 4041 2815 Ῠ

2429 2850 2684 2913 attinent,
2733 2850 2802 2902 ita
2840 2858 2898 2903 ut
2934 2863 3037 2903 non
3077 2848 3296 2902 lardatur
3321 2848 3503 2916 pictas.
3534 2848 3647 2903 Non
3676 2849 3834 2905 vides
3864 2866 3987 2920 quo-
4040 2914 4041 2925 χ

2432 2941 2588 2994 modo
2617 2940 2793 2994 Daniel
2821 2938 3087 2994 hominem
3114 2939 3241 2993 colit
3268 2938 3521 3007 impium?
3547 2954 3649 2992 non
3680 2940 3840 2994 vides
3865 2956 3988 3009 quo-
4040 2946 4041 3003 j

2432 3029 2589 3083 modo
2610 3037 2718 3082 tres
2740 3029 2886 3097 pueri
2902 3043 3020 3081 cum
3043 3028 3295 3096 sapientia
3316 3028 3426 3097 regi
3446 3027 3737 3081 offerantur
3757 3039 3812 3082 et
3829 3030 3985 3082 animi
4040 3074 4041 3081 η

2431 3118 2771 3173 ostendentes
2798 3117 3159 3171 fortitudinem
3187 3126 3241 3171 et
3275 3117 3480 3172 dicendi
3514 3118 3857 3185 libertatem,
3889 3134 3985 3173 nou

2430 3218 2603 3262 autem
2657 3208 2986 3261 temerariam
3033 3204 3303 3260 audaciam
3351 3216 3405 3261 et
3451 3209 3849 3273 asperitatem?
3894 3209 3987 3261 hoc
4040 3210 4041 3269 ἶ

2432 3298 2569 3351 enim
2593 3311 2697 3349 non
2725 3305 2805 3349 est
2826 3294 3072 3364 loquendi
3097 3293 3354 3349 libertatis
3371 3302 3426 3348 et
3444 3294 3667 3358 ﬁduciae,
3694 3296 3793 3349 sed
3818 3296 3989 3350 inanis
4040 3304 4041 3347 l

2430 3385 2631 3453 gloriae.
2666 3382 2731 3437 Ut
2768 3384 2935 3437 sciatis
2954 3424 2970 3448 ,
3003 3382 3204 3450 inquit,
3233 3383 3480 3450 quomodo
3508 3395 3738 3451 oporteat
3766 3401 3861 3438 vos
3887 3389 3989 3437 ωτι-
4040 3382 4041 3453 ᾗ

2430 3476 2603 3542 cuique
2632 3474 2949 3543 respondere.
2980 3463 3148 3527 Aliter
3183 3474 3323 3526 enim
3348 3474 3606 3542 principi,
3634 3475 3801 3529 aliter
3825 3477 3877 3529 ei
3907 3478 3985 3544 qui

2432 3562 2647 3617 alterius
2675 3570 2823 3630 paret
2867 3563 3127 3631 imperio;
3166 3561 3319 3617 aliter
3344 3562 3530 3629 diviti,
3558 3564 3717 3617 aliter
3746 3569 3987 3636 pauperi.
4040 3561 4041 3623 ἓ

2431 3653 2639 3719 Quare?
2686 3653 2943 3718 Quoniam
2988 3652 3207 3706 divitum
3253 3661 3304 3706 et
3334 3653 3623 3722 principum
3662 3658 3839 3711 animi
3879 3668 3989 3710 sunt
4040 3648 4041 3701 ἶ

2433 3742 2820 3807 imbecilliores,
2856 3751 2911 3795 ut
2939 3744 3027 3811 qui
3056 3752 3295 3795 tumeant
3321 3751 3376 3797 et
3398 3742 3637 3796 dimuant
3664 3760 3680 3796 :
3711 3761 3827 3813 quo
3854 3747 3915 3800 tit
3940 3756 3988 3799 ut

2432 3830 2569 3897 apud
2596 3845 2687 3885 eos
2715 3846 2771 3883 se
2814 3831 2978 3898 magis
3004 3828 3284 3884 demittere
3309 3838 3364 3884 et
3406 3833 3814 3888 accommodare
3840 3850 3990 3903 opor-
4040 3860 4041 3863 η

2435 3928 2539 3973 teat
2563 3938 2575 3971 :
2608 3935 2895 3989 pauperum
2921 3927 3094 3974 autem
3121 3928 3378 3975 eteorum
3402 3921 3488 3990 qui
3515 3931 3637 3975 sunt
3663 3923 3900 3990 subjecti
3921 3928 3988 3978 al-
4040 3926 4041 3933 “

2433 4010 2560 4073 teri,
2599 4009 2875 4061 solidiores
2917 4017 2971 4061 et
3013 4008 3377 4075 prudentiores
3408 4026 3421 4061 :
3455 4024 3615 4077 quare
3641 4020 3694 4063 et
3722 4009 3817 4065 hic
3846 4023 3987 4067 uten-
4040 4018 4041 4077 ξ

2432 4099 2556 4151 dum
2582 4106 2663 4151 est
2693 4097 2874 4165 majori
2904 4096 3149 4166 loquendi
3180 4097 3439 4160 libertate,
3484 4096 3643 4173 unum
3668 4102 3982 4166 spectando.
4040 4132 4041 4177 ξ

2432 4200 2621 4254 nempe
2662 4184 3082 4237 tediiicatiouem.
3122 4183 3236 4238 Non
3263 4185 3511 4253 quoniam
3540 4172 3625 4240 hic
3663 4188 3889 4254 quidem
3916 4200 3986 4241 est
4040 4172 4041 4243 Ῑ

2434 4289 2650 4342 pauper,
2681 4273 2767 4327 ille
2798 4288 2923 4326 vero
2948 4273 3114 4335 dives,
3147 4272 3235 4325 ille
3266 4272 3383 4327 ideo
3413 4274 3530 4340 plus
3560 4275 3882 4340 [tonoretun
3912 4278 3984 4330 hic

2435 4377 2559 4414 vero
2586 4362 2786 4423 minus;
2817 4359 2909 4414 sed
2940 4371 3151 4428 propter
3197 4360 3608 4415 imbecillitatem
3651 4363 3741 4417 hic
3776 4367 3983 4433 quidem
4040 4370 4041 4435 ξ

2434 4453 2649 4515 feratur,
2681 4452 2768 4504 ille
2800 4464 2924 4503 vero
2953 4466 3058 4503 non
3090 4450 3233 4502 item.
3280 4451 3516 4520 Exempli
3551 4466 3739 4516 causa,
3778 4456 3881 4507 nisi
3926 4456 3983 4506 sit
4040 4452 4041 4520 ξ

2433 4555 2623 4606 causa,
2673 4540 2913 4594 Griecum
2959 4553 3025 4593 ne
3053 4552 3208 4592 voces
3235 4539 3645 4601 exsecrandum,
3695 4555 3879 4610 neque
3919 4544 3984 4594 sis

2434 4631 2878 4695 contumeliosus;
2910 4629 3003 4683 sed
3046 4629 3090 4682 si
3118 4628 3184 4681 de
3226 4627 3469 4696 dogmate
3504 4629 3711 4698 quidem
3743 4632 3979 4701 rogeris,
4040 4630 4041 4687 ξ

2433 4722 2697 4793 responde
2718 4721 2767 4773 id
2798 4734 2916 4774 esse
2945 4717 3326 4774 exsecrandum
3354 4727 3409 4770 et
3441 4718 3654 4785 impium
3685 4736 3700 4770 :
3738 4721 3792 4781 si
3834 4736 3981 4773 nemo
4040 4750 4041 4793 ξ

2434 4822 2608 4865 autem
2633 4791 2801 4878 roget,
2825 4823 2993 4877 neque
3022 4816 3175 4877 cogat
3201 4807 3397 4870 dicere,
3422 4822 3524 4860 non
3551 4816 3763 4876 oportet
3792 4819 3981 4863 temere

2436 4900 2757 4954 inimicitiam
2795 4900 3085 4969 suscipere.
3115 4897 3248 4965 Quid
3274 4898 3413 4951 enim
3446 4912 3661 4953 necesse
3690 4884 3979 4968 estsuper-
4040 4970 4041 4979 χ

2434 5004 2688 5044 vaeaneas
2708 4988 2807 5042 sibi
2827 5002 3131 5057 comparare
3148 4987 3477 5041 inimicitias?
3499 4988 3722 5053 Rursus,
3740 4990 3790 5042 si
3812 5005 3962 5059 quem
4040 5012 4041 5049 1

2435 5085 2572 5151 piam
2614 5079 2873 5134 eatechesi
2902 5079 3173 5143 instituas,
3212 5078 3299 5132 dic
3324 5087 3381 5132 ut
3423 5078 3653 5148 postulat
3686 5080 3974 5149 subjectum
4040 5066 4041 5141 ἶ

2434 5166 2832 5237 argumentum;
2862 5167 3054 5236 alioqui
3080 5178 3218 5220 tace.
3249 5166 3306 5219 Si
3346 5181 3526 5222 sermo
3566 5167 3638 5222 sit
3662 5168 3777 5222 sale
3803 5170 3955 5224 condi

2435 5267 2537 5321 tus,
2565 5256 2769 5311 etiamsi
2797 5255 2847 5308 in
2875 5253 3196 5309 difﬂuentem
3224 5254 3467 5308 inciderit
3490 5254 3739 5316 animam.
3770 5256 3971 5310 mollem

2435 5345 2731 5414 restringit:
2764 5345 2970 5399 etiamsi
2993 5344 3048 5398 in
3084 5357 3357 5411 asperam,
3385 5343 3574 5411 levigat
3603 5343 3873 5398 duritiem.
3901 5344 3973 5397 Sis
4040 5336 4041 5387 ἰ

2434 5435 2728 5504 gratiosus,
2758 5448 2855 5487 nec
2883 5432 3168 5494 molestus;
3202 5446 3301 5485 nec
3346 5444 3529 5484 rursus
3558 5432 3731 5485 mollis
3751 5472 3766 5493 .
3799 5433 3894 5487 sed
3928 5443 3968 5485 et

2433 5524 2792 5577 austeritatem
2833 5521 3028 5576 habeas
3052 5529 3107 5575 et
3132 5518 3470 5588 voluptatem.
3510 5518 3641 5572 Nam
3683 5518 3728 5573 si
3774 5522 3892 5587 quis
3913 5521 3969 5572 sit

2433 5626 2588 5681 supra
2629 5610 2840 5665 modum
2864 5618 3133 5674 austeros,
3164 5608 3329 5677 magis
3367 5607 3509 5660 ltrdit
3546 5622 3702 5677 quam
3729 5609 3966 5676 prodest.

2434 5702 2513 5753 sin
2543 5708 2718 5755 autem
2746 5698 2815 5753 sit
2842 5712 3001 5769 supra
3029 5696 3244 5752 modum
3272 5694 3535 5764 urbanus,
3564 5696 3729 5769 magis
3761 5704 3846 5753 est
3873 5713 3969 5748 nia-
