4060 6340
706 382 806 433 377

702 492 801 557 ὑεν
831 490 863 558 ἢ
892 489 1184 561 ὠφέλησεν·
1216 489 1309 542 ἐὰν
1328 491 1382 543 δέ
1409 492 1654 560 ἀμέτρως
1674 494 2240 565 χαριεντίσηται,μᾶλ-

704 580 791 629 λον
816 577 1082 646 ἐλύπησεν
1111 580 1141 648 ἢ
1170 578 1392 647 ὤνησεν·
1442 581 1580 632 ὥστε
1626 582 1899 651 πανταχοῦ
1958 583 2127 651 μέτρα
2163 582 2244 634 δεῖ

703 665 861 721 εἶναι.
896 669 1046 737 Μήτε
1082 670 1327 739 κατηφὴς
1344 670 1430 722 ἔσο
1453 671 1543 721 καὶ
1576 670 1911 742 σκυθρωπός·
1938 671 2095 741 ἀηδὲς
2111 671 2237 740 γάρ·

703 757 837 825 μήτε
860 755 1257 824 διακεχυμένος·
1317 757 1783 827 εὐκαταφρόνητον
1814 760 1921 829 γὰρ
1942 761 2034 812 καί
2068 776 2240 811 πεπα-

699 846 942 914 τημένοντ
970 846 1083 898 ἀλλ’
1111 847 1365 915 ἐκατέρου
1398 847 1493 916 τὴν
1529 847 1723 917 ἀρετὴν
1755 847 1951 910 λαϐὼν,
2017 847 2112 918 τὴν
2140 866 2239 901 κα-

699 936 821 987 κίαν
850 934 996 1006 [408]
1028 935 1182 1002 φύγε,
1215 936 1461 1007 καθάπερ
1494 938 1767 1006 ήμέλιττα
1790 939 1880 990 τοῦ
1908 938 2004 1008 μέν
2024 939 2085 991 τὸ
2112 957 2237 1006 φαι-

698 1022 841 1091 δρὸν,
890 1022 980 1074 τοῦ
1010 1023 1064 1074 δὲ
1093 1024 1150 1075 τὸ
1180 1024 1391 1092 σεμνόν.
1439 1026 1501 1076 Εἰ
1544 1026 1648 1096 7&9
1683 1027 1863 1097 ἰατρὸς
1895 1028 1990 1096 οὐχ
2041 1026 2239 1094 ὁμοίως

698 1113 828 1164 πᾶσι
858 1114 1112 1183 χρήσεται
1134 1114 1242 1175 τοῖς
1276 1112 1508 1181 σώμασι,
1547 1114 1721 1183 πολλῶ
1750 1114 1947 1183 μᾶλλον
1996 1114 2237 1167 διδάσκα-

695 1201 799 1264 λος.
835 1202 1022 1253 Καίτοι
1046 1201 1243 1270 μᾶλλον
1273 1202 1338 1254 ἂν
1361 1203 1425 1254 τά
1462 1201 1684 1271 σώματα
1721 1202 2065 1271 ἀκατάλληλα
2099 1204 2237 1271 φάρ-

697 1309 843 1360 μακα
870 1293 1095 1359 ἐνέγκοι,
1119 1293 1149 1361 ἦ
1173 1292 1316 1361 ψυχὴ
1343 1292 1519 1359 λόγον’
1552 1288 1678 1354 οἷον,
1715 1285 1989 1362 πρόσεισιν
2022 1293 2233 1360 Ἕλλην,

694 1381 786 1431 καὶ
814 1382 1017 1447 γίνεταί
1040 1399 1119 1433 σοι
1150 1382 1334 1449 φίλοςς
1366 1382 1528 1451 μηδὲν
1566 1381 1710 1451 αὐτῷ
1736 1382 1860 1449 περὶ
1888 1382 2073 1435 τούτου
2121 1381 2235 1432 δια-

689 1468 901 1539 λεχθῇς,
928 1470 1031 1530 ἕως
1059 1471 1123 1522 ἂν
1147 1469 1365 1538 γένηται
1393 1473 1532 1522 πάνυ
1555 1470 1720 1538 φίλος·
1742 1470 1833 1522 καί
1853 1471 1977 1522 ὅταν
1998 1470 2233 1539 γένηται,

689 1559 789 1627 ήρέ
798 1576 889 1627 μα.

758 1676 825 1735 γ’.
870 1670 1008 1740 Ὅρα
1041 1668 1147 1739 7&9
1184 1671 1277 1722 καὶ
1297 1670 1325 1720 6
1358 1668 1564 1731 Παῦλος
1592 1668 1749 1738 ήνίκα
1771 1670 1849 1731 εἰς
1875 1668 1974 1730 τάς
2009 1668 2233 1738 Ἀθήνας

689 1759 1032 1828 παρεγένετο,
1066 1758 1180 1822 πῶς
1194 1760 1375 1823 αὐτοῖς
1395 1760 1676 1827 διελέγετο.
1696 1761 1807 1813 Οὐκ
1833 1755 2004 1825 εἶπεν,
2024 1757 2094 1814 Ὦ
2108 1778 2233 1829 μια-

690 1847 774 1913 ροὶ
825 1848 917 1900 καὶ
955 1848 1261 1917 παμμίαροι
1288 1865 1301 1879 ⁸
1342 1848 1477 1901 ἀλλά
1524 1849 1608 1915 τί;
1650 1850 1894 1918 Ἄνδρες
1932 1851 2230 1917 Ἀθηναῖοι,

686 1935 833 1989 κατὰ
851 1935 1045 1989 πάντα
1063 1937 1141 2001 ὡς
1160 1936 1797 2006 δεισιδαιμονεστέρους
1834 1939 1984 2008 ὑμᾶς
2021 1940 2230 2008 θεωρῶ.
2290 1952 2302 1962 ·

687 2024 854 2077 Πάλιν
876 2026 962 2077 ὅτε
992 2025 1204 2095 ὑϐρίσαι
1231 2026 1415 2095 ἐχρῆν,
1442 2028 1501 2078 οὐ
1529 2028 1895 2098 παρῃτήσατο·
1935 2029 2068 2083 ἀλλά
2094 2031 2231 2099 μετά

687 2114 881 2182 πολλῆς
905 2115 1384 2187 τῆςσφοδρότητος
1435 2117 1583 2185 ἔλεγε
1614 2118 1689 2187 τῷ
1726 2119 1944 2190 Ἐλύμᾳο
1984 2122 2045 2175 Ὢ
2078 2121 2231 2187 «.116-

679 2222 795 2273 ρης
818 2205 1040 2270 παντὸς
1086 2205 1268 2259 δόλου
1313 2206 1410 2283 καί
1457 2207 1657 2274 πάσης
1689 2208 2085 2277 ῥᾳδιουργίας,
2141 2212 2231 2264 υἱὲ

684 2295 984 2359 διαϐόλου,
1011 2295 1182 2361 ἐχθρὲ
1214 2296 1411 2362 πάσης
1457 2296 1855 2365 δικαιοσύνης.
1887 2300 2092 2370 Ὠσπερ
2122 2303 2231 2372 γάρ

685 2384 923 2443 ἐκείνους
953 2384 1167 2455 ὑϐρίσαι
1194 2385 1375 2447 ἀνοίας
1408 2381 1495 2455 ἦν,
1527 2384 1667 2438 οὑτω
1690 2386 1875 2441 τοῦτον
1904 2388 1977 2458 μὴ
2012 2389 2228 2459 ὑϐρίσαι

687 2472 955 2541 μαλακίας
1003 2469 1089 2543 ἦν.
1146 2459 1332 2538 Πάλιν,
1384 2476 1637 2544 εἰσήχθης
1694 2472 1826 2546 πρὸς
1857 2476 2087 2547 ἄρχοντα
2143 2480 2228 2533 διὰ

685 2563 940 2629 πρᾶγμα;
970 2561 1068 2625 τάς
1090 2562 1465 2632 προσηκούσας
1501 2565 1789 2635 ἀπόνειμαι
1818 2568 2001 2636 τιμάς.
2033 2569 2230 2623 Πάντα

683 2652 841 2718 ὑμῖν,
876 2654 1025 2719 φησὶ,
1062 2653 1373 2720 γιοωριοῦσι
1419 2653 1490 2706 τὰ
1514 2648 1645 2707 ὧδε.
1696 2656 1792 2708 Διά
1827 2656 1879 2709 τί
1924 2657 2007 2729 μὴ
2035 2660 2230 2729 συνῆλ-

684 2738 792 2800 Οον,
826 2740 993 2807 φησίς
1037 2740 1103 2791 Τί
1125 2740 1181 2791 δέ
1220 2743 1354 2803 ἐστι,
1397 2742 1596 2797 Πάντα
1632 2744 1773 2811 ὑμῖν
1804 2749 2112 2816 γνωριοῦσι
2158 2751 2228 2803 τὰ

681 2822 827 2888 ὧδε;
855 2829 1126 2889 Τουτέστι,
1152 2830 1229 2881 Τά
1251 2829 1443 2899 δεσμὰ,
1474 2833 1564 2885 καὶ
1588 2832 1801 2887 τάάλλα
1825 2836 1998 2889 πάντα
2014 2836 2081 2889 τά
2098 2856 2226 2891 κατ-

683 2918 871 2987 έχοντά
916 2936 1002 2989 με.
1066 2922 1176 2972 Οὐκ
1220 2920 1285 2973 ἂν
1341 2918 1433 2974 οῦν
1483 2925 1512 2975 6
1560 2921 1993 2994 προσευχόμενος
2038 2928 2229 2992 αὐτοὺς

686 3009 832 3072 ἰδεῖν,
863 3009 892 3060 6
911 3009 1003 3061 καὶ
1032 3010 1247 3081 ἐτέρους
1270 3011 1628 3076 ἀποστέλλων,
1662 3015 1822 3077 αὐτὸς
1841 3016 2127 3087 ὑστέρησα,
2154 3021 2227 3088 μὴ

686 3096 924 3167 μεγάλης
941 3115 1009 3167 με
1038 3099 1369 3170 κατεχούσης
1396 3102 1655 3172 ἀνάγκης.
1683 3104 1789 3157 Καὶ
1816 3105 1921 3176 μὴν
1956 3107 2112 3160 τοῦτο
2132 3110 2228 3161 οὐκ

681 3178 750 3253 ἦν
788 3186 1178 3253 ἐγκαλούντων.
1226 3190 1334 3242 Καὶ
1364 3190 1471 3260 μὴν
1498 3191 1697 3261 σφόδρα
1746 3194 2134 3261 ἐγκαλούντων.
2158 3198 2230 3250 Τδ

684 3274 792 3343 γὰρ
820 3273 1009 3343 μαθεῖν
1039 3277 1119 3329 ὅτι
1145 3278 1239 3329 καὶ
1261 3282 1581 3347 πειρασμοῖς
1604 3281 1891 3352 περιέπεσε
1926 3286 2018 3337 καὶ
2036 3286 2227 3356 ήνεγκε

685 3366 966 3430 γενναίως,
1014 3365 1168 3419 τοῦτο
1216 3368 1572 3437 πιστουμένου
1616 3366 1683 3441 ἦν
1741 3371 1803 3424 τὸ
1854 3376 2108 3445 πρᾶγμα,
2138 3378 2231 3430 καὶ

685 3455 1030 3525 ἀνορθοῦντος
1050 3456 1147 3519 τάς
1172 3458 1391 3510 ἐκείνων
1410 3458 1604 3528 ψυχάς.

752 3545 877 3597 Σὺν
917 3546 1227 3614 Ὀνησίμῳ,
1256 3547 1408 3617 φησί,
1464 3547 1543 3612 τῷ
1588 3548 1865 3616 ἀγαπητῷ
1904 3552 1999 3606 καί
2040 3554 2231 3619 πιστῷ

684 3626 942 3694 ἀδελφῷ.
991 3627 1237 3695 ’Δδελφδν
1259 3628 1349 3681 τὸν
1375 3627 1557 3681 δοῦλον
1577 3631 1605 3683 6
1630 3629 1839 3695 Παῦλός
1867 3649 2049 3700 φησιν·
2089 3636 2229 3688 εἰκό-

679 3733 809 3780 τως·
826 3718 959 3770 ὅπου
978 3734 1041 3785 γε
1062 3718 1155 3771 καὶ
1177 3719 1362 3771 ἑαυτὸν
1388 3717 1582 3770 δοῦλον⁹
1599 3718 1848 3789 ὀνομάζει
1872 3719 1978 3773 τῶν
2007 3721 2227 3777 πιστῶν.

642 3798 662 3815 ⁸
686 3805 1114 3875 Κατενέγκωμεν
1164 3806 1358 3869 πάντες
1406 3806 1497 3858 τὸν
1543 3804 1731 3874 τῦφον,
1762 3809 2231 3879 καταᾼπατήσωμεν

636 3946 639 3947 ,
683 3894 781 3963 τὴν
807 3892 1143 3956 ἀλαζονείαν.
1180 3893 1373 3947 Δοῦλον
1398 3895 1645 3963 ὀνομάζει
1695 3876 2145 3960 ἐαυτδνθῐῐαῦλος,
2201 3901 2231 3951 6

683 3982 782 4050 τῆς
800 3983 1119 4053 οἰκουμένης
1142 3984 1383 4049 ἀντάξιος
1408 3984 1501 4036 καὶ
1531 3984 1736 4055 μυρίων
1767 3986 2023 4057 οὐρανῶν,
2055 3989 2146 4040 καὶ
2166 3990 2227 4041 σύ

688 4073 829 4142 μέγα
866 4078 1109 4143 φρονεῖς;
1146 4075 1174 4126 ὀ
1200 4075 1373 4127 πάντα
1404 4074 1549 4142 ἄγων
1577 4075 1668 4127 καὶ
1717 4075 1891 4145 φέρων
1915 4076 1990 4139 ὡς
2018 4077 2226 4147 ἤθελεν,

683 4166 713 4216 6
733 4164 800 4217 τά
825 4166 1063 4229 πρωτεῖα
1090 4163 1227 4233 ἔχων
1258 4165 1314 4215 ἐν
1360 4166 1424 4233 τῇ
1465 4162 1706 4233 βασιλείᾳ
1748 4165 1857 4217 τῶν
1890 4166 2153 4237 οὐρανῶν,
2201 4171 2230 4221 6

686 4253 1142 4321 ἐστεφανωμένος,
1169 4253 1293 4314 όείς
1315 4251 1491 4321 τρίτον
1531 4250 1765 4304 ἀνελθὼν
1806 4253 2049 4323 οὐρανὸν,
2106 4256 2229 4318 τούς

685 4344 897 4405 δούλους
925 4342 1183 4410 ἀδελφοὺς
1215 4341 1385 4405 καλεῖ,
1423 4341 1515 4393 καὶ
1560 4342 1889 4412 συνδούλους.
1922 4344 2031 4396 Ποῦ
2065 4347 2098 4415 ή
2124 4364 2226 4414 μα·

688 4437 806 4501 via;
833 4433 935 4486 ποῦ
967 4435 1001 4501 ή
1025 4431 1339 4494 ἀλαζονεία;
1372 4430 1553 4492 Ούτως
1602 4431 1907 4495 ἀξιόπιστος
1938 4434 2158 4500 γέγονεν
2203 4439 2231 4489 6

701 4526 1020 4592 Ὀνήσιμος,
1080 4521 1220 4573 ὥστε
1271 4519 1363 4571 καὶ
1416 4519 1638 4573 τοιαῦτα
1695 4522 2059 4578 πιστεύεσθαι.
2123 4526 2231 4579 Καὶ

688 4612 941 4679 Μάρκος,
962 4609 1141 4681 φησὶν,
1171 4613 1203 4662 ό
1228 4608 1476 4676 ἀνεψιὸς
1503 4609 1793 4676 Βαρνάϐα,
1846 4613 1975 4680 περί
1998 4609 2069 4669 οὗ
2096 4614 2227 4668 ἐλά.

689 4699 816 4761 Geta
836 4704 1103 4769 ἐντολάςν
1126 4703 1380 4767 δέξασθε
1408 4692 1609 4756 αὐτόν.
1633 4704 1786 4765 Ἰσως
1818 4705 1966 4776 παρά
1985 4698 2234 4776 Βαρνάϐα

690 4798 906 4859 ἐντολὰς
933 4794 1142 4847 ἐλαεον.
1176 4796 1239 4847 Ol
1267 4793 1434 4857 ὄντες
1464 4791 1533 4844 ἐκ
1560 4792 1891 4862 περιτομῆς.
1927 4796 2232 4849 Καταστέλ-

690 4886 901 4939 λειτῶν
939 4885 1203 4937 Ἰουδαίων
1247 4883 1308 4935 τὸ
1354 4881 1595 4952 φύσημ’
1627 4884 1837 4952 ἐπαίρει
1880 4885 2082 4938 τούτων
2133 4887 2230 4949 τάς

693 4974 886 5044 ψυχὰς,
906 4973 984 5025 ὅτι
1004 4971 1167 5039 ὀλίγοι
1192 4970 1286 5040 μὲν
1314 4971 1378 5022 ἐκ
1418 4968 1735 5041 περιτομῆς.
1762 4973 1813 5023 οἰ
1841 4971 1899 5025 δέ
1924 4972 2134 5036 πλείους
2172 4975 2236 5025 ἐκ

693 5066 798 5117 τῶν
832 5063 1017 5116 ἐθνῶν.
1050 5062 1271 5125 Οἵτινες
1316 5058 1687 5128 ἐγενήθησάν
1731 5078 1851 5132 μοι,
1896 5064 2045 5133 φησὶ,
2094 5076 2237 5131 παρ-

694 5155 917 5222 ηγορία.
937 5152 1216 5205 Δείκνυσιν.
1226 5134 1413 5203 ἐαυτὸν
1427 5151 1485 5202 ἐν
1498 5152 1812 5222 πειρασμοῖς
1825 5150 1952 5204 ὄντα
1965 5152 2235 5221 μεγάλοις.

700 5245 859 5295 ’Ὥστε
890 5241 1007 5294 οὐδὲ
1034 5239 1190 5292 τοῦτο
1234 5239 1449 5309 μικρόν
1498 5240 1779 5315 ὅταν-τούς
1834 5239 2019 5309 ἁγίους
2059 5257 2235 5312 παρα-

700 5330 948 5398 καλῶμεν
964 5331 1053 5382 καὶ
1073 5329 1338 5400 παρουσίᾳ
1362 5328 1456 5381 καὶ
1484 5328 1622 5398 λόγῳ
1651 5330 1741 5382 καὶ
1762 5330 2098 5400 προσεδρείᾳ,
2114 5331 2238 5383 ὅταν

700 5419 1191 5489 συγκακουχώμεθα
1224 5421 1354 5489 (τοῖς
1386 5418 1619 5487 δεσμίοις
1644 5419 1773 5489 γὰρ,
1805 5421 1987 5490 φησὶν,
2014 5421 2088 5483 ὡς
2113 5437 2238 5473 συν-

697 5513 1005 5583 δεδεμένοι)’
1035 5512 1159 5566 ὅταν
1182 5512 1249 5564 τά
1276 5509 1492 5563 ἐκείνων
1524 5510 1763 5583 ἡμέτερα
1792 5509 2029 5579 ποιῶμεν
2071 5511 2236 5583 πάθη,

703 5604 795 5656 καὶ
823 5603 880 5653 ἐν
910 5604 1021 5664 τοῖς
1053 5602 1331 5669 στεφάνοις
1367 5601 1782 5671 κοινωνήσομεν.
1817 5601 1928 5669 Οὐχ
1956 5600 2237 5671 εἱλκύσθης

706 5694 783 5755 εἰς
813 5691 871 5745 τδ
901 5691 1145 5759 στάδιονς
1191 5692 1251 5745 οὑ
1303 5690 1543 5761 καθῆκας
1586 5693 1663 5754 εἰς
1693 5690 1781 5745 τὸν
1835 5690 2050 5759 ἀγῶνα;
2081 5690 2235 5754 ἀλλος

1384 380 1452 432 ηδ.
1488 377 1769 433 JOANNIS’
1801 352 2275 435 (smusosrom
2317 384 2634 441 ARCHIEP.
2676 340 3218 447 CONSTANTINOP.
3785 396 3882 452 37s

2342 497 2657 575 ἀπεδύσατο,
2682 501 2836 565 ἀλλος
2864 502 3099 557 παλαίει.
3132 502 3277 557 ’Ἀλλ’
3296 502 3390 558 ἐάν
3419 501 3597 576 θέλῃς,
3631 508 3878 581 κοινωνή-

2344 602 2452 648 σεις
2481 589 2574 640 καὶ
2601 591 2685 642 σύο
2714 592 2928 661 ἀλειψον
2950 594 3172 658 ἐκεῖνον,
3217 594 3372 661 γενοῦ
3402 594 3565 647 αὐτοῦ
3612 595 3762 668 [409]
3793 616 3877 666 φιν

2340 670 2504 738 λητής
2562 675 2654 725 καὶ
2702 675 3076 746 σπουδαστής,
3153 676 3348 740 ἔξωθεν
3410 676 3604 729 ἐπιὸόα
3656 680 3878 748 μεγάλα,

2340 750 2568 820 διέγειρε
2618 754 2715 823 τὴν
2753 754 2999 819 δύναμιν,
3043 756 3262 809 ἀνακτῶ
3311 756 3408 826 τήν
3453 756 3650 827 ψυχήν.
3701 758 3879 812 Ταῦτα

2339 832 2431 884 ἐπὶ
2456 833 2563 885 τῶν
2590 835 2761 887 ἀλλων
2786 837 3037 890 ἀπάντων
3091 836 3332 905 γίνεσθαι
3380 838 3684 890 ἀκόλουθον.
3740 839 3880 892 Παῦ-

2339 915 2428 977 λος
2457 915 2562 986 γάρ
2608 918 2706 970 οὐκ
2736 918 2924 981 ἐδεῖτο,
2980 918 3098 971 ἀλλ’
3151 920 3390 981 ἐκείνους
3430 920 3674 989 ἐπαίρων
3731 921 3878 989 ἔλεγε

2338 995 2525 1049 ταῦτα.
2547 996 2617 1049 Σὺ
2641 998 2815 1050 τοίνυν
2839 1000 2931 1051 ἐπὶ
2949 996 3066 1051 ’τῶν
3096 999 3268 1053 ἄλλων
3319 999 3569 1052 ἁπάντων
3592 1002 3717 1063 τοὺς
3759 1001 3876 1070 βου-

2340 1077 2597 1145 λομένους
2640 1076 2884 1142 κακίζειν
2928 1079 3264 1148 ἐπιστόμιζε,
3321 1081 3692 1143 κατασκεύαζε
3736 1081 3879 1151 αὐτῷ

2339 1159 2589 1227 ἐραστὰς,
2618 1160 2870 1223 ὑπόδεξαι
2920 1159 3125 1223 ἐξιόντα
3179 1161 3319 1230 μετὰ
3369 1154 3569 1231 πολλῆς
3599 1162 3698 1231 τῆς
3721 1164 3876 1233 θερα-

2338 1244 2515 1305 πείας·
2546 1244 2687 1296 οὕτω
2720 1246 3067 1314 κοινωνήσεις
3121 1246 3230 1297 τῶν
3263 1247 3559 1314 στεφάνων,
3613 1248 3756 1300 οὕτω
3783 1248 3879 1316 τῆς

2335 1324 2508 1393 δόξης·
2539 1324 2637 1377 κᾶν
2670 1325 2834 1394 μηδὲν
2860 1324 3044 1394 ἕτερον
3076 1327 3321 1397 ποιήσῃς,
3375 1328 3543 1397 ήσθῇς
3565 1328 3623 1380 δὲ
3650 1330 3743 1381 ἐπὶ
3771 1332 3878 1391 τοῖς

2337 1407 2663 1473 γενομένοις,
2711 1407 2801 1458 καὶ
2825 1404 2995 1467 οὑτως
3036 1405 3394 1476 ἐκοινώνησας
3440 1407 3536 1477 οὐχ
3564 1409 3641 1471 ὼς
3672 1409 3876 1479 ἐτυχενο

2336 1489 2652 1556 εἰσήνεγκας
2673 1487 2781 1557 γάρ
2805 1489 3044 1557 ἀγάπην,
3071 1489 3133 1541 τὸ
3181 1488 3396 1542 πάντων
3422 1491 3713 1558 κεφάλαιον
3775 1492 3880 1544 τῶν

2335 1568 2573 1635 ἀγαθῶν.
2622 1570 2685 1621 Εἰ
2715 1570 2823 1640 γὰρ
2850 1570 2900 1621 οἱ
2945 1567 3477 1632 κλαίοντες“δοκοῦσι
3523 1569 3614 1622 τοῦ
3651 1572 3879 1633 πένθους

2336 1652 2628 1715 κοινωνεῖν,
2687 1651 2784 1703 καὶ
2836 1650 3045 1719 μεγάλα
3105 1651 3417 1721 χαρίζονται
3444 1652 3554 1713 τοῖς
3601 1651 3876 1713 πενθοῦσι,

2333 1730 2517 1783 καὶτὸ
2546 1730 2678 1783 πολὺ
2714 1730 2815 1799 τῆς
2868 1730 3058 1800 ὀδύνης
3107 1732 3417 1800 ἀφαιροῦσι,
3469 1731 3644 1801 πολλῷ
3682 1733 3879 1802 μᾶλλον

2333 1813 2427 1866 καὶ
2453 1813 2503 1867 οἰ
2538 1812 2816 1882 χαίροντες
2860 1810 3079 1880 μείζονα
3104 1810 3318 1866 ποιοῦσι
3356 1812 3453 1883 τήν
3480 1814 3689 1884 ήδονήν.
3719 1815 3879 1866 ὀσον

2330 1898 2442 1964 7&9
2472 1894 2637 1947 κακὸν
2670 1894 2731 1948 τὸ
2755 1893 2984 1964 μήέχειν
3011 1896 3136 1956 τοὺς
3184 1893 3663 1963 συλλυπουμένους,
3717 1896 3879 1949 ἄκουε

2331 1976 2423 2029 τοῦ
2444 1977 2724 2045 Προφήτου
2742 1975 3007 2042 λέγοντος·
3030 1974 3138 2027 Καί
3160 1974 3445 2043 ὑπέμεινα
3463 1977 3880 2044 συλλυπούμε-

2330 2073 2461 2118 νον,
2487 2055 2585 2108 καί
2613 2058 2725 2123 οὐχ
2750 2055 3002 2123 ὑπῆρξε.
3052 2054 3152 2109 Διά
3176 2056 3331 2109 τοῦτο
3358 2056 3449 2109 καὶ
3479 2056 3688 2120 Παῦλὸς
3718 2064 3875 2127 φησυ

2330 2138 2562 2203 Χαίρειν
2580 2136 2727 2204 μετά
2737 2138 3078 2204 χαιρόντων,
3099 2137 3196 2189 καί
3227 2138 3456 2190 κλαίειν
3469 2138 3618 2206 μετὰ
3644 2139 3880 2193 κλαιόν-

2330 2234 2465 2270 των.
2487 2216 2726 2287 Αὐξησον
2746 2218 2842 2288 τήν
2872 2218 3083 2288 ἡδονήν·
3127 2217 3192 2271 ἂν
3216 2217 3330 2287 ῐδῃς
3346 2218 3437 2270 τὸν
3474 2217 3698 2287 ἀδελφὸν
3735 2220 3881 2272 εὐδο-

2331 2299 2607 2368 κιμοῦντα,
2629 2301 2702 2371 μή
2727 2302 2904 2372 εἴπῃς,
2934 2300 3169 2355 Ἐκείνου
3185 2303 3217 2370 ή
3236 2301 3597 2371 εὐδοκίμησις,
3609 2300 3723 2368 ἐγὼ
3739 2303 3882 2364 τίνος

2328 2378 2509 2433 ἕνεκεν
2539 2380 2711 2449 χαίρω
2736 2399 2751 2446 ;
2788 2382 2887 2435 οὐκ
2914 2380 3141 2449 ἀδελφοῦ
3190 2380 3361 2435 ταῦτα
3387 2382 3453 2433 τὰ
3476 2382 3716 2451 ῥήματα,
3745 2381 3882 2435 ἀλλά

2329 2459 2606 2529 πολεμίου.
2643 2463 2737 2515 "Av
2774 2462 2954 2532 θέλῃς,
2983 2463 3099 2514 οὐχ’
3131 2462 3339 2515 ἐκείνου
3374 2461 3540 2526 ἐστὶν,
3590 2461 3878 2516 ἀλλάσοῦο

2331 2540 2395 2593 σὺ
2417 2540 2602 2610 κύριος
2632 2542 2847 2611 ποιῆσαι
2880 2541 3048 2611 αὐτήν
3083 2540 3323 2611 μείζονα,
3337 2541 3401 2595 ἀν
3425 2540 3501 2611 μή
3522 2541 3772 2613 κατηφὴς
3794 2539 3880 2614 ᾖς,

2330 2620 2442 2675 ἀλλ’
2473 2622 2661 2692 ήσθῇς,
2692 2623 2757 2674 ἂν
2787 2622 3007 2692 φαιδρὸς
3045 2622 3196 2693 γένῃ,
3225 2622 3291 2675 ἂν
3326 2623 3726 2693 γεγανωμένος.
3772 2623 3883 2676 Καὶ

2328 2703 2408 2755 ὅτι
2427 2700 2595 2765 οὕτως
2618 2702 2727 2772 ἔχει
2752 2703 2810 2753 τὸ
2839 2704 3088 2772 πρᾶγμα,
3116 2704 3319 2759 ἐκεῖθεν
3347 2704 3518 2774 δῆλον·
3543 2705 3603 2756 Οί
3625 2702 3885 2774 φθονοῦν-

2326 2800 2417 2847 τες
2450 2785 2547 2837 οὐκ
2576 2783 2800 2845 ἐκείνοις
2830 2783 3081 2850 φθονοῦσι
3116 2784 3297 2853 μόνοις
3344 2787 3455 2847 τοῖς
3482 2783 3883 2854 εὐδοκιμοῦσιν,

2329 2865 2463 2918 ἀλλά
2484 2866 2577 2918 καὶ
2601 2869 2710 2929 τοῖς
2739 2868 2859 2928 ταῖς
2891 2865 3115 2919 ἐκείνων
3162 2866 3538 2936 εὐδοκιμήσεσι
3573 2867 3881 2935 χαίρουσινο

2329 2946 2508 3011 οὑτως.
2526 2948 2702 3000 ἴσασιν
2734 2949 2817 3003 ὃτι
2842 2948 2936 3001 καὶ
2967 2939 3114 3000 οῦτοι
3151 2947 3211 3000 ἐν
3259 2949 3325 3017 τῇ
3355 2946 3702 3016 εὐδοκιμήσει
3749 2948 3883 3012 εἰσί,

2330 3030 2425 3082 καὶ
2459 3023 2601 3083 οὗτοι
2659 3030 2891 3099 μάλιστά
2930 3030 3067 3081 εἰσιν
3107 3030 3155 3081 οἱ
3201 3028 3600 3099 σεμνυνόμενοι.
3642 3030 3885 3094 Ἐκεῖνος

2332 3110 2430 3179 μέν
2454 3110 2560 3180 7&9
2581 3111 2674 3163 καὶ
2696 3109 2920 3181 ἐρυθριᾷ
2949 3110 3147 3181 σφόδρα
3196 3109 3694 3179 ἐγκωμιαζόμενος
3729 3106 3886 3173 οὗτος

2328 3194 2384 3245 δέ
2439 3193 2575 3263 μετά
2622 3192 2818 3263 πολλῆς
2859 3193 2958 3261 τῆς
2999 3193 3189 3264 ήδονῆς
3239 3191 3717 3261 ἐγκαλλωπίζεται.
3771 3192 3887 3264 Οὐχ

2327 3280 2487 3346 δρᾶτε
2514 3278 2606 3330 ἐπὶ
2636 3278 2743 3331 τῶν
2772 3277 3017 3348 ἀθλητῶν
3057 3277 3172 3340 πῶς
3196 3277 3227 3329 ὀ
3277 3278 3373 3348 μὲν
3423 3275 3805 3346 στεφανοῦται,
3856 3281 3887 3331 ὀ

2327 3362 2383 3415 δέ
2409 3363 2468 3416 οὐ
2496 3363 2885 3431 στεφανοῦταις
2934 3364 2969 3433 ή
3013 3362 3071 3416 δὲ
3098 3362 3255 3432 ὀδύνη
3307 3364 3402 3416 καὶ
3432 3362 3575 3434 χαρά
3608 3362 3723 3415 τῶν
3751 3365 3887 3433 ἐρα-

2331 3450 2469 3502 στῶν
2517 3449 2632 3502 ἐστι
2683 3450 2775 3501 καί
2830 3448 2937 3503 τῶν
2991 3447 3305 3519 μισούντωνο
3366 3449 3559 3501 ἐκεῖνοι
3613 3446 3885 3518 πηδῶσιν,

2329 3536 2527 3587 ἐκεῖνοι
2567 3536 2875 3604 σκιρτῶσιν.
2931 3534 3069 3604 Ὅρα
3114 3533 3277 3587 πόσον
3330 3534 3447 3586 ἐστί
3498 3532 3557 3585 τὸ
3604 3532 3680 3603 μὴ
3755 3534 3889 3602 φθοο

2328 3623 2457 3675 νεῖν·
2509 3621 2691 3691 ἐτέρου
2738 3623 2766 3674 ὀ
2808 3621 2985 3684 πόνος,
3017 3620 3109 3673 καὶ
3140 3619 3293 3691 σοῦή
3338 3619 3520 3689 ήδονή·
3579 3618 3769 3689 ἔτερος
3791 3619 3889 3673 τδν

2330 3707 2588 3776 στέφανον
2618 3707 2938 3778 περίκειται,
2978 3706 3067 3758 καὶ
3108 3708 3171 3759 σὺ
3226 3706 3465 3775 σκιρτᾷς,
3502 3703 3565 3756 σὺ
3601 3703 3886 3771 ἐγκαλλω-

2329 3789 2481 3859 πίζῃ.
2517 3787 2650 3840 Εἰπέ
2678 3789 2784 3857 γάρ
2815 3804 2925 3857 μοι,
2957 3788 3113 3848 ἀλλος
3159 3786 3426 3854 νενίκηκε,
3478 3785 3544 3837 σύ
3581 3784 3632 3837 τί
3664 3785 3884 3857 πηδᾷςς

2341 3873 2479 3926 Ἀλλ’
2513 3873 2655 3925 ῐσασι
2684 3874 2922 3925 κάκεῖνοι
2948 3871 3144 3936 καλῶς,
3175 3872 3256 3924 ὅτι
3280 3871 3456 3923 κοινὸν
3482 3870 3542 3923 τὸ
3565 3869 3886 3939 γενόμενον.

2328 3959 2427 4011 Διά
2446 3957 2600 4011 τοῦτο
2623 3956 2791 4027 τούτῳ
2819 3958 2918 4027 μὲν
2952 3956 3051 4009 οὐκ
3078 3954 3394 4023 ἐγκαλοῦσιν
3437 3956 3485 4006 οἰ
3537 3954 3884 4023 φθονοῦντες.

2330 4043 2621 4115 πειρῶνται
2673 4042 2729 4095 δὲ
2766 4036 3119 4101 καταϐάλλειν
3139 4041 3234 4110 τὴν
3283 4040 3457 4106 νίκην·
3507 4039 3601 4092 καὶ
3657 4040 3885 4103 ἀκούεις

2331 4132 2545 4199 ῥήματα
2574 4126 2793 4181 τοιαῦτα
2820 4127 3080 4195 λεγόντων
3106 4126 3281 4178 αὐτῶν
3301 4140 3315 4155 ·
3334 4124 3619 4194 Ἐξήλειψά
3646 4141 3729 4188 σε,
3762 4129 3881 4188 καὶ,

2332 4215 2640 4268 Κατέϐαλόν
2666 4231 2743 4267 σε·
2770 4214 2945 4267 καίτοι
2994 4229 3059 4281 γε
3104 4211 3289 4281 ἐτέρου
3331 4212 3390 4263 τὸ
3416 4210 3594 4282 ἔργον,
3630 4210 3770 4264 ἀλλά
3820 4212 3887 4266 τδ

2330 4300 2597 4370 ἐγκώμιον
2646 4301 2754 4353 σόν.
2783 4301 2844 4353 Εἰ
2877 4298 2933 4351 δὲ
2961 4296 3155 4360 ἐντοῖς
3178 4296 3372 4361 ἔξωθεν
3400 4296 3648 4350 τοσοῦτον
3672 4298 3885 4365 ἀγαθὸν

2330 4391 2391 4442 τὸ
2422 4390 2497 4459 μὴ
2521 4388 2751 4457 φθονεῖν,
2808 4387 2923 4440 ἀλλ’
2958 4385 3283 4440 οἰκειοῦσθαι
3323 4384 3390 4437 τά
3440 4385 3626 4455 ἐτέρου
3671 4385 3883 4455 ἀγαθὲ,

2332 4474 2507 4544 πολλῷ
2537 4474 2733 4543 μᾶλλον
2768 4474 2859 4525 ἐπὶ¹
2887 4476 2952 4543 τῇ
2976 4473 3098 4541 νίκῃ
3143 4472 3238 4526 τοῦ
3279 4470 3542 4524 διαϐόλουο
3595 4471 3715 4525 τότε
3772 4473 3886 4543 γὰρ

2334 4561 2452 4615 καθ’
2483 4561 2636 4631 ήμῶν
2655 4560 2812 4612 πλέον
2839 4562 2980 4622 πνεῖ,
3005 4557 3243 4627 δηλονότι
3281 4557 3357 4620 ὡς
3397 4556 3553 4609 πλέον
3580 4556 3882 4627 ήδομένων.

2333 4648 2522 4702 Καίτοι
2548 4663 2611 4714 γε
2641 4646 2830 4715 μιαρὸς
2868 4643 2944 4696 ὢν
2967 4638 3105 4697 οἶδεν
3125 4642 3364 4713 ἀκριϐῶς
3386 4644 3467 4697 ὅτι
3498 4642 3705 4713 μεγάλη
3738 4644 3886 4714 αῦτη

2331 4732 2365 4800 ή
2390 4729 2566 4799 ἡδονή.
2594 4728 2781 4790 Θέλεις
2803 4726 2963 4780 αὑτὸν
2983 4726 3255 4796 λυπῆσαις
3303 4725 3498 4795 ήσθητι
3524 4724 3620 4779 καὶ
3654 4726 3883 4797 χάρηθι.

2332 4814 2516 4876 Θέλεις
2544 4813 2702 4867 αὑτὸν
2726 4812 3018 4881 εὐφρᾶναι;
3074 4804 3391 4881 σκυθρωπὸς
3440 4810 3617 4879 γενοῦο
3662 4812 3770 4880 τὴν
3819 4814 3889 4865 ἐκ

2333 4904 2429 4971 τῆς
2455 4900 2607 4969 νίκης
2664 4898 2756 4952 τοῦ
2789 4897 3015 4966 ἀδελφοῦ
3042 4896 3335 4967 γενομένην
3370 4895 3518 4966 αὐτῷ
3545 4895 3723 4967 λύπην
3762 4898 3889 4950 ἐπι-

2334 4988 2603 5057 κουφίζεις
2624 4986 2711 5039 διά
2740 4987 2839 5055 τῆς
2859 4985 2958 5055 σῆς
2978 4983 3231 5053 ἀθυμίας·
3282 4984 3399 5054 μετ’
3424 4984 3628 5037 ἐκείνω
3661 4982 3891 5038 ῖστασαι

2334 5075 2675 5146 ἀπωχισθείς
2700 5073 2793 5126 τοῦ
2820 5070 3065 5142 ἀδελφοῦ·
3090 5069 3326 5142 μεῖζονῆ
3351 5072 3552 5135 ἐκεῖνος
3580 5073 3759 5135 ποιεῖς
3787 5090 3891 5127 κα-

2336 5166 2446 5217 κόν.
2480 5164 2554 5216 οὐ
2582 5162 2689 5232 γάρ
2720 5162 2864 5214 ἐστιν
2911 5160 3023 5213 ῐσον
3058 5156 3251 5229 ἐχθρὸν
3283 5156 3411 5211 ὄντα
3434 5155 3503 5210 τά
3526 5156 3634 5210 τῶν
3670 5156 3890 5229 ἐχθρῶν

2338 5253 2528 5316 ποιεῖν,
2558 5250 2651 5302 καὶ
2680 5245 2831 5318 [H0]
2864 5246 3016 5313 φίλον
3055 5243 3183 5297 ὄντα
3209 5242 3468 5312 μετὰτῶν
3493 5242 3699 5315 ἐχθρῶν
3731 5244 3892 5298 lna-

2340 5334 2479 5385 σθαι’
2516 5326 2671 5394 οὗτος
2690 5330 2799 5383 τῶν
2828 5326 3033 5397 ἐχθρῶν
3057 5326 3408 5396 μιαρώτερος.
3443 5326 3507 5380 Εἰ
3529 5324 3891 5395 εὐδοκίμησεν

2336 5416 2366 5465 δ
2393 5413 2633 5481 ἀδελφὸς.
2662 5411 2696 5482 ἢ
2731 5411 2918 5477 λέγων,
2944 5408 2976 5477 ἢ
2998 5406 3493 5479 ιπιδεικνῠμενοςι.
3524 5406 3887 5479 amnem.

2403 5696 2430 5723 ⁸
2452 5691 2599 5751 )Iarg.
2621 5687 2765 5739 Savil.
2792 5683 3127 5766 ἐπαινούμενος.
