4050 6324
178 503 290 559 37'!

183 618 358 669 lestus
385 623 542 679 quam
577 605 742 675 juvat.
772 597 1124 668 Quamobrem
1165 598 1373 660 oportet
1401 586 1591 679 ubique
1622 595 1739 679 esse

183 672 433 758 nimium.
463 672 672 754 Nec'sis
697 692 861 748 tristis
889 696 945 744 et
972 695 1122 740 torvo
1150 681 1327 742 vultu;
1370 685 1451 730 est
1493 674 1630 727 cnim
1662 672 1742 722 in-

181 793 520 861 jncundum:
547 798 718 854 neque
761 779 986 836 diffusus
1034 789 1096 828 ac
1138 770 1454 828 dissolutus;
1494 773 1577 861 cst
1605 762 1742 814 enim

183 855 472 953 despectui
501 876 821 937 obnoxium;
863 869 955 924 scd
995 867 1267 931 utriusque
1291 868 1502 953 accepta
1533 855 1743 953 virtute,

183 941 320 1041 fuge
343 972 546 1032 vitium,
578 967 714 1020 sicut
740 963 854 1031 apis
896 958 1049 1026 hujus
1073 954 1286 1023 quidem
1315 947 1544 1042 lictitiam
1569 953 1616 1042 et
1640 941 1749 1016 ala-

180 1035 463 1124 critatem,
489 1060 627 1113 illius
649 1069 775 1109 vero
804 1062 1028 1118 carpens
1050 1045 1384 1114 gravitatem.
1413 1035 1542 1090 Nam
1570 1035 1611 1086 si
1639 1045 1747 1124 nie-

181 1157 350 1208 dicus
382 1121 488 1204 non
511 1148 753 1202 similiter
782 1139 1026 1195 omnibus
1052 1137 1216 1190 utitur
1231 1127 1560 1199 corporibus,
1583 1121 1748 1175 tnulto

185 1243 368 1310 magis
401 1237 682 1307 magister:
716 1243 1030 1302 quamquam
1063 1239 1166 1278 non
1193 1217 1556 1310 convenientia
1587 1209 1750 1264 medi-

183 1307 445 1383 camenta
475 1329 639 1394 magis
669 1322 888 1376 tulerint
902 1330 1147 1384 corpora,
1175 1326 1330 1382 quam
1361 1307 1530 1360 anima
1559 1314 1752 1394 sermo:

186 1437 346 1473 nent.
377 1388 733 1484 Verbigratia,
752 1410 954 1464 accedit
981 1407 1218 1466 Grmcus,
1245 1410 1300 1454 et
1325 1398 1416 1452 tibi
1444 1397 1499 1449 fit
1518 1388 1750 1446 amicus?

183 1513 260 1561 de
309 1509 398 1560 illa
446 1522 502 1560 re
545 1519 661 1558 cum
693 1504 806 1570 ipso
849 1496 979 1550 nihil
1033 1491 1365 1550 tlisserueris,
1421 1485 1590 1537 donec
1632 1493 1751 1532 cum

181 1615 259 1652 eo
297 1608 468 1652 tecum
503 1607 688 1661 magna
717 1590 870 1643 fuerit
895 1585 1151 1646 amicitia;
1180 1590 1231 1632 et
1261 1591 1378 1630 eum
1416 1574 1590 1634 fuerit,
1628 1583 1752 1637 pau-

187 1692 371 1743 latim.

269 1781 329 1833 3.
372 1777 507 1831 Vide
531 1772 742 1842 quando
789 1767 980 1824 Paulus
1027 1763 1162 1840 venit
1209 1757 1465 1816 Athenas,
1493 1747 1757 1842 quomodo

190 1883 328 1921 eum
351 1866 432 1920 eis
453 1839 765 1917 disserebat.
794 1857 908 1911 Non
934 1839 1159 1911 dicebat.
1187 1847 1233 1902 Ο
1261 1843 1500 1900 scelerati
1530 1852 1584 1894 et
1604 1839 1757 1908 plane

189 1953 544 2011 exsecrandi!
576 1951 666 2005 sed
694 1949 851 2019 quid?
881 1945 986 1999 Viri
1008 1941 1346 2000 Athenienses,
1371 1952 1453 1988 vos
1482 1949 1568 2000 per
1594 1931 1760 1982 omnia

189 2047 350 2097 video
375 2059 479 2097 esse
505 2054 753 2110 tamquam
775 2034 1209 2107 superstitiosiores
1235 2029 1367 2098 (Act.
1398 2027 1480 2078 l7.
1500 2021 1610 2090 2‘2).
1630 2022 1760 2074 Rur-

193 2149 304 2188 sus
331 2131 540 2202 quando
588 2129 794 2199 probris
820 2122 1094 2192 Oportebat
1133 2118 1362 2178 afficere,
1407 2127 1510 2167 non
1548 2122 1760 2164 recusa-

193 2227 305 2286 vit,
355 2221 447 2276 sed
499 2233 618 2272 cum
664 2229 850 2284 magna
890 2209 1216 2266 vehementia
1265 2204 1472 2261 dicebat
1516 2202 1757 2270 Elymze:

196 2315 372 2369 Plcne
399 2311 534 2364 omni
575 2307 690 2361 dolo
717 2317 762 2360 et
789 2304 925 2358 omni
964 2302 1187 2370 fallacia,
1222 2299 1297 2365 ﬁli
1339 2295 1542 2360 diaboli,
1571 2291 1766 2344 inimice

194 2405 373 2458 cumis
400 2401 607 2470 justitite
640 2395 796 2466 (Ibid.
830 2395 916 2447 15.
957 2391 1066 2459 l0).
1097 2389 1225 2442 Nam
1255 2386 1390 2440 sicut
1427 2384 1546 2446 illo;
1571 2379 1766 2470 probro

197 2469 458 2546 affecisse
503 2485 810 2555 insipientia:
846 2483 1063 2544 fuisset,
1111 2479 1180 2530 ita
1221 2475 1360 2528 hunc
1397 2487 1500 2525 non
1529 2469 1769 2523 affecisse

199 2583 401 2637 fuisset
423 2577 598 2648 pusilli
623 2579 677 2629 et
703 2572 891 2642 abjecti
925 2568 1105 2623 animi.
1133 2567 1366 2626 Rursus,
1399 2564 1460 2615 ad
1491 2561 1766 2630 magistra-

200 2681 328 2724 t-um
370 2684 427 2722 es
470 2667 724 2719 adductus
770 2670 983 2731 propter
1026 2655 1344 2725 negotium?
1401 2651 1592 2706 exhibe
1637 2663 1769 2718 quos

203 2774 317 2828 par
343 2766 422 2811 est
466 2757 712 2808 honores.
757 2751 959 2815 Omnia,
1007 2747 1192 2815 inquit,
1229 2759 1340 2807 qua:
1380 2743 1459 2794 ltic
1499 2749 1631 2804 sunt,
1682 2754 1768 2792 oo-

201 2849 291 2900 bis
338 2857 453 2900 nota
494 2845 696 2913 facient.
746 2839 851 2894 Cur
897 2853 1021 2901 non,
1075 2834 1270 2903 inquit,
1325 2832 1477 2884 simul
1515 2828 1776 2882 venerim?

203 2937 356 3004 Quid
395 2942 480 2988 est
512 2941 706 2992 autem,
751 2928 931 2980 Omnia
958 2925 1091 2979 vobis
1118 2933 1232 2976 nota
1275 2921 1494 2988 facient?
1534 2918 1643 2971 lloc
1668 2925 1767 2979 est,

208 3025 452 3089 vincula,
497 3031 551 3077 et
598 3022 696 3074 alia
741 3018 915 3072 omnia
964 3029 1080 3083 quae
1109 3028 1192 3065 me
1233 3011 1478 3064 retinent.
1505 3006 1618 3059 Non
1647 3020 1772 3072 ergo

207 3118 313 3188 qui
349 3129 441 3169 vos
479 3124 606 3182 Oplo
633 3110 830 3172 videre,
860 3115 913 3160 et
951 3106 1102 3158 mitto
1143 3101 1293 3168 alios,
1326 3101 1434 3168 ipse
1463 3097 1769 3157 tardasscm,

210 3210 262 3263 si
302 3221 403 3258 non
435 3218 518 3256 tne
547 3214 732 3268 magna
761 3199 1011 3250 retineret
1041 3192 1342 3246 necessitas.
1365 3188 1519 3256 Atqui
1543 3193 1774 3238 nouerat

211 3299 329 3352 hoc
361 3292 792 3348 insimulantium.
820 3289 930 3341 ltno
977 3299 1100 3339 vero
1149 3282 1300 3335 valde
1341 3279 1770 3333 insimulantium.

214 3387 439 3440 Discere
466 3383 608 3436 enim
635 3376 776 3447 quod
801 3386 854 3429 et
881 3372 1124 3428 inciderit
1154 3373 1204 3424 in
1236 3370 1572 3433 tentatiunes,
1609 3375 1662 3419 et
1685 3380 1777 3419 eas

213 3473 430 3530 fortiter
457 3479 509 3525 et
532 3481 789 3538 generose
818 3464 1014 3527 tulerit,
1041 3461 1153 3530 ejus
1176 3466 1292 3513 erat
1311 3459 1396 3527 qui
1420 3458 1493 3511 rei
1523 3455 1675 3509 fidem
1700 3457 1774 3506 fa-

213 3563 415 3625 ciebat,
445 3570 498 3614 et
518 3557 748 3627 erigebat
772 3570 954 3609 eorum
979 3553 1202 3606 animos.

302 3653 457 3706 Pauli
495 3651 755 3711 modestia.
783 3675 852 3685 —
873 3645 925 3699 9.
955 3642 1076 3698 Cum
1119 3642 1370 3704 Onesimo,
1403 3638 1587 3707 inquit,
1619 3636 1778 3689 caris-

217 3747 356 3800 simo
387 3752 433 3796 et
458 3742 592 3809 ﬁdeli
618 3741 796 3808 fratre.
824 3737 1043 3790 Servum
1090 3734 1280 3786 Paulus
1305 3731 1427 3783 dicit
1457 3729 1703 3782 fratrem:
1728 3737 1782 3780 et

219 3834 440 3898 merito,
463 3846 581 3886 eum
607 3838 662 3884 et
690 3829 802 3896 ipse
826 3842 884 3881 se
901 3838 1109 3880 servum
1136 3822 1368 3876 nominet
1397 3820 1644 3872 fidelium.
1680 3818 1780 3871 De-

219 3927 518 3993 primamus
544 3933 726 3973 omnes
753 3916 968 3993 fastum,
990 3913 1356 3968 conculcemus
1380 3909 1730 3978 arrogantiam
1763 3923 1778 3960 :

219 4025 441 4067 servum
470 4024 528 4063 se
559 4009 792 4062 nominat
817 4005 1027 4068 Paulus,
1060 4003 1148 4072 qni
1193 4011 1273 4055 est
1318 4003 1481 4054 instar
1508 3998 1650 4052 orbis
1675 4007 1782 4052 ter-

221 4115 406 4154 rarum
437 4106 490 4153 et
516 4099 760 4152 emlorum
779 4093 1255 4154 innumerabilium,
1281 4099 1333 4144 et
1357 4100 1407 4142 tu
1436 4089 1597 4141 altum
1620 4087 1783 4156 sapis?

223 4190 334 4257 Qui
371 4188 548 4242 omnia
575 4197 632 4239 ut
660 4186 887 4249 volebat,
917 4184 1104 4252 agebat
1130 4190 1183 4235 et
1213 4179 1440 4243 ferebat;
1470 4179 1561 4247 qui
1602 4179 1653 4231 in
1697 4192 1783 4231 re-

223 4293 338 4348 gno
361 4278 608 4331 cmlurum
638 4276 832 4344 primas
862 4272 1091 4337 tenebat,
1122 4271 1210 4337 qui
1242 4269 1334 4321 fuit
1361 4276 1663 4332 coronatus,
1695 4267 1783 4336 qui

225 4372 294 4424 in
333 4369 540 4423 tertium
582 4365 818 4420 ascendit
853 4364 1038 4417 cadum
1059 4402 1074 4425 ,
1109 4376 1294 4415 servos
1324 4358 1512 4423 fratres
1543 4367 1695 4412 vocat
1734 4367 1798 4418 et,

225 4473 542 4516 conservos.
587 4457 686 4512 Ubi
724 4465 808 4511 est
845 4453 1083 4510 insania?
1135 4453 1221 4506 ubi
1264 4451 1598 4519 arrogantia?
1639 4450 1787 4503 Adeo

228 4550 343 4606 fide
371 4550 558 4618 dignus
589 4547 682 4601 fuit
721 4545 1033 4608 Onesimus,
1080 4552 1138 4596 ut
1181 4541 1293 4605 haec
1333 4543 1380 4595 ei
1420 4541 1780 4594 crederentur.

229 4643 328 4697 10.
358 4641 421 4693 Et
453 4640 676 4705 Marcus,
721 4638 909 4708 inquit,
938 4635 1258 4695 consobrinus
1296 4632 1559 4685 Barnabw.
1588 4631 1664 4684 De
1691 4649 1785 4700 quo
1818 4667 1837 4697 ρ

226 4733 496 4800 accepistis
518 4731 753 4784 mandata
772 4743 792 4782 :
809 4728 1043 4795 suscipite
1060 4727 1224 4779 illum.
1254 4724 1499 4777 Fortasse
1531 4738 1559 4776 a
1589 4722 1783 4775 Barna-

227 4822 306 4877 ba
349 4819 590 4873 mandata
631 4823 963 4885 acceperant.
999 4815 1097 4880 Qui
1136 4822 1250 4867 sunt
1288 4829 1348 4865 ea:
1393 4813 1784 4864 circumcisione.

228 4909 548 4976 Comprimit
575 4917 829 4973 tumorem
849 4905 1170 4967 Judmorum,
1195 4903 1347 4970 erigit
1367 4916 1545 4954 eorum
1563 4902 1785 4966 animos,

231 4997 378 5068 quod
405 4999 551 5066 pauci
573 5005 750 5052 essent
777 5011 842 5050 ex
865 4993 1282 5054 circumcisione,
1320 4991 1494 5058 plures
1528 4999 1698 5043 autem
1725 5005 1790 5042 ex

231 5089 502 5160 gentibus.
531 5090 616 5142 11.
647 5088 747 5154 Qui
767 5092 987 5156 fuerunt,
1012 5085 1196 5153 inquit,
1221 5081 1344 5135 mihi
1364 5082 1562 5134 solatio.
1597 5078 1787 5133 Osten-

232 5180 402 5234 ditse
427 5193 546 5232 esse
573 5179 626 5231 in
666 5178 870 5247 magnis
914 5173 1307 5228 tentationibus.
1356 5171 1535 5237 Itaque
1578 5184 1680 5222 non
1709 5177 1790 5223 est

236 5270 346 5323 hoc
376 5283 614 5337 parvum,
641 5256 849 5335 quando
868 5274 1079 5319 sanctos
1098 5263 1430 5317 consolamur
1447 5270 1498 5314 et
1514 5261 1788 5329 przesentia

233 5367 297 5412 ct
326 5371 568 5410 sermone
592 5365 648 5410 et
671 5355 996 5421 assiduitate,
1020 5353 1228 5422 quando
1256 5350 1413 5405 simul
1451 5365 1569 5404 cum
1604 5351 1681 5404 eis
1708 5349 1788 5402 af-

235 5448 506 5516 ﬂigimur:
530 5447 660 5502 Cum
691 5447 879 5500 vinctis
920 5445 1081 5509 enim,
1120 5445 1309 5513 inquit,
1342 5453 1603 5511 tamquam
1633 5439 1788 5494 simul

236 5536 400 5589 vineti
447 5533 626 5604 (Hebr.
676 5535 763 5590 l5.
803 5536 893 5604 5):
925 5533 1134 5598 quando
1176 5533 1381 5587 illorum
1424 5529 1789 5600 perpessiones

237 5635 450 5679 nostras
473 5638 590 5679 esse
614 5625 874 5689 (lucanus,
896 5629 948 5678 in
968 5623 1177 5678 coronis
1196 5637 1402 5692 quoque
1425 5623 1550 5676 socii
1572 5623 1783 5676 erimus.

237 5712 356 5768 Non
395 5725 456 5766 es
482 5721 678 5766 tractus
702 5714 752 5766 in
781 5713 1041 5767 stadium?
1080 5727 1183 5768 non
1213 5712 1527 5767 descendisti
1571 5712 1634 5766 ad
1675 5726 1787 5765 cer-

241 5803 455 5858 tamen?
491 5801 626 5857 alius
661 5799 731 5856 'ad
768 5802 1071 5858 luctandum
1100 5817 1159 5858 se
1185 5802 1350 5869 exuit,
1379 5802 1510 5856 alius
1536 5802 1778 5880 luctatur.

1068 484 1126 538 IN
1169 478 1376 536 Fl‘lST.
1421 477 1506 530 Al)
1547 469 1813 527 COLOSS.
1858 468 2008 523 CAP.
2052 467 2137 521 IV.
2179 465 2390 522 llOlllL
2428 464 2515 518 Kl.

3291 469 3392 524 578

1844 577 1947 631 Sed
1978 576 2021 631 si
2047 577 2197 641 velis,
2241 585 2294 630 tu
2324 589 2530 644 quoque
2557 571 2662 626 etis
2692 572 2898 626 Sneius:
2929 589 3062 641 urge
3109 576 3250 629 illum
3280 591 3396 634 cer-

1845 674 2095 730 taturum,
2126 666 2242 732 ejus
2279 665 2351 716 sis
2393 663 2593 714 amicus
2621 670 2674 715 et
2715 661 2999 726 studiosus,
3043 663 3167 716 foris
3208 679 3396 732 magna

1849 768 1974 807 voce
2003 753 2257 814 exclama,
2289 753 2456 805 excita
2498 745 2659 814 vires,
2685 764 2864 804 recrea
2903 751 3156 804 animum.
3190 752 3314 812 llam
3342 756 3396 809 in

1847 844 1965 896 aliis
1991 842 2231 897 omnibus
2260 843 2368 896 fieri
2419 850 2501 897 est
2546 851 2978 896 consentaneum.
3025 843 3221 899 Paulus
3257 848 3403 900 enim

1851 947 1954 985 non
1997 946 2131 1001 Opus
2173 931 2418 995 habebat,
2461 931 2555 986 sed
2597 932 2718 985 illos
2754 925 2988 1004 excitans
3036 933 3247 990 dicebat
3289 936 3405 991 luco

1850 1022 2045 1075 omnia.
2074 1020 2154 1075 Tu
2201 1036 2326 1090 ergo
2356 1025 2408 1074 in
2437 1022 2554 1076 aliis
2595 1019 3070 1088 omnibus,'eorum
3102 1027 3187 1095 qui
3220 1027 3405 1081 volunt

1851 1111 2170 1179 vituperare,
2215 1125 2308 1166 ora
2353 1111 2588 1178 obstruc,
2636 1128 2855 1182 procura
2905 1123 2961 1167 ut
2999 1114 3107 1168 sint
3151 1117 3239 1185 qui
3287 1134 3406 1171 cum

1852 1188 2067 1266 ament,’
2101 1210 2377 1256 exeuntem
2409 1202 2654 1257 officiose
2669 1212 2723 1257 et
2750 1204 3030 1272 diligenter
3074 1206 3258 1274 excipe
3289 1225 3303 1260 :
3333 1209 3409 1260 sic

1856 1289 1963 1342 eris
2022 1290 2284 1359 particeps
2329 1305 2392 1345 ac
2437 1291 2614 1347 socius
2683 1307 3035 1360 coronarum,
3087 1296 3162 1348 sic
3205 1298 3410 1365 glori-.r.

1855 1379 2070 1431 Etiamsi
2099 1379 2228 1434 nihil
2262 1380 2422 1434 aliud
2459 1381 2652 1450 egeris,
2695 1382 2898 1436 luctatus
2927 1397 2985 1436 es
3009 1391 3183 1436 autem
3229 1383 3299 1438 ob
3345 1400 3408 1436 ea

1854 1484 1972 1536 qua:
2006 1466 2140 1521 facta
2163 1472 2304 1534 sunt,
2334 1471 2409 1523 sic
2430 1486 2637 1540 quoque
2662 1487 2765 1526 non
2800 1488 2980 1538 parum
3010 1473 3149 1526 fuisti
3178 1475 3354 1526 socius
3396 1493 3408 1524 :

1855 1558 2074 1611 attulisti
2105 1560 2245 1613 enim
2284 1561 2579 1625 caritatem,
2625 1578 2742 1630 qua:
2790 1574 2870 1615 est
2909 1579 3113 1617 summa
3153 1565 3411 1617 bonorum

1857 1648 2111 1699 omnium.
2141 1646 2270 1700 Nam
2299 1648 2341 1701 si
2370 1649 2456 1716 qui
2489 1647 2636 1713 flent,
2665 1650 2907 1703 videntur
2944 1667 3062 1705 esse
3100 1652 3272 1706 luctus
3295 1667 3415 1720 par-

1860 1736 2062 1804 ticipes,
2091 1746 2146 1790 et
2175 1737 2236 1789 iis
2261 1737 2349 1805 qui
2377 1737 2556 1805 lugent
2580 1739 2798 1792 multum
2827 1741 3205 1807 gratificantur,
3231 1757 3292 1794 ac
3322 1744 3417 1794 do-

1859 1827 1987 1880 loris
2013 1827 2232 1880 multum
2257 1829 2520 1893 adimunt;
2551 1830 2714 1882 multo
2748 1833 2915 1899 magis
2955 1835 3215 1902 etiamqui
3235 1835 3420 1888 lactan-

1863 1929 1946 1972 tur
1975 1919 2226 1988 majorem
2253 1918 2480 1972 afferunt
2509 1920 2846 1987 volutitatcm.
2885 1922 3148 1987 Quantum
3177 1926 3318 1978 enim
3349 1928 3420 1979 sit

1863 2009 2055 2062 malum
2082 2025 2185 2062 non
2204 2009 2395 2062 habere
2422 2010 2506 2077 qui
2533 2009 2685 2062 simul
2708 2004 2939 2076 doleant,
2964 1989 3081 2064 audi
3105 2014 3415 2081 prophetam

1861 2100 2142 2165 dicentem,
2175 2099 2241 2151 Et
2268 2101 2548 2167 exspectavi
2578 2101 2623 2153 si
2658 2101 2767 2168 quis
2808 2097 3202 2170 contristamur,
3231 2113 3276 2156 et
3318 2116 3420 2160 non

1863 2189 1957 2257 fuit
2002 2187 2170 2258 (Psal.
2212 2188 2298 2243 68.
2339 2189 2450 2258 2i).
2493 2189 2776 2258 Propterea
2809 2191 3006 2245 Paulus
3032 2207 3240 2262 quoque
3271 2194 3415 2258 dicit,

1866 2277 2096 2331 Gaudere
2120 2291 2233 2331 cum
2261 2278 2608 2348 gaudentibus,
2639 2291 2684 2331 et
2708 2281 2828 2348 ﬂere
2853 2297 2961 2332 cum
2985 2266 3220 2349 ﬂentibus
3247 2283 3418 2348 (llum.

1867 2369 1952 2421 12.
1998 2368 2108 2437 15).
2156 2370 2301 2438 Auge
2343 2368 2575 2421 laetitiam
2617 2386 2631 2421 :
2675 2370 2717 2421 si
2775 2368 2917 2421 vides
2962 2371 3172 2422 fratrem
3223 2387 3339 2426 ese
3372 2375 3420 2424 in

1867 2459 2275 2526 existimatione,
2299 2474 2366 2514 ne
2394 2459 2610 2526 dixeris,
2643 2460 2741 2514 Est
2763 2460 2900 2514 illius
2927 2463 3062 2514 bona
3083 2463 3419 2528 existimatio,

1868 2565 1960 2603 cur
1989 2565 2086 2618 ego
2119 2549 2408 2619 gaudeam?
2435 2550 2546 2604 inec
2575 2564 2678 2604 non
2708 2559 2832 2604 sunt
2880 2553 3039 2605 verba
3090 2552 3283 2617 fratris,
3331 2555 3423 2606 sul

1871 2641 2056 2696 hostis.
2095 2641 2149 2696 Si
2191 2642 2341 2708 velis,
2371 2657 2475 2696 non
2518 2652 2640 2696 sunt
2682 2644 2840 2708 illius,
2868 2644 2960 2698 sed
2990 2653 3112 2698 tua:
3145 2657 3225 2700 est
3254 2647 3304 2699 in
3339 2657 3423 2699 ltta

1872 2741 2130 2800 potestate
2158 2747 2272 2786 eam
2319 2733 2490 2788 facere
2538 2734 2810 2803 majorem,
2853 2736 2897 2788 si
2941 2751 3046 2788 non
3077 2737 3152 2789 sis
3181 2747 3424 2803 Incestus,

1871 2823 1962 2875 sed
2007 2823 2223 2889 ueteris,
2265 2824 2310 2877 si
2338 2823 2496 2878 fueris
2525 2824 2735 2888 alacris,
2767 2825 3104 2894 exsultesque
3133 2835 3185 2880 et
3209 2829 3422 2896 gestias.

1871 2911 2021 2976 Quod
2052 2912 2151 2966 hoc
2173 2923 2346 2966 autem
2377 2916 2446 2966 ita
2475 2929 2533 2967 se
2562 2913 2769 2979 habeat,
2796 2916 2940 2969 illinc
2967 2927 3048 2969 est
3068 2921 3422 2984 perspicuum;

1873 3003 1960 3067 qui
1986 3001 2217 3054 invident
2238 3017 2341 3055 non
2376 3002 2477 3056 illis
2501 3005 2628 3056 solis
2655 3004 2907 3066 invident,
2937 3005 3024 3072 qui
3052 3005 3103 3057 in
3144 3005 3277 3060 bona
3304 3016 3428 3059 sunt

1875 3090 2281 3159 existimatione,
2313 3091 2405 3145 sed
2436 3093 2499 3145 iis
2526 3095 2682 3146 etiam
2711 3094 2797 3161 qui
2839 3093 2976 3148 bona
3005 3094 3211 3147 illorum
3242 3094 3428 3147 existi-

1877 3179 2103 3232 matione
2133 3181 2404 3233 laetantur:
2435 3181 2505 3234 ita
2534 3184 2705 3234 seiunt
2729 3182 2870 3250 quod
2906 3183 2956 3234 hi
2998 3198 3208 3252 quoque
3245 3183 3352 3238 sint
3377 3185 3430 3237 in

1877 3274 2011 3324 bona
2037 3273 2454 3335 existimatione;
2488 3281 2540 3325 et
2559 3274 2594 3326 ii
2615 3282 2738 3327 sunt
2760 3275 2848 3341 qui
2871 3275 3098 3328 maxime
3118 3275 3424 3343 gloriantur,

1876 3360 2006 3412 Nam
2036 3361 2121 3413 illc
2148 3360 2357 3427 quidem
2384 3362 2539 3412 etiam
2566 3361 2830 3414 erubescit
2852 3376 2970 3414 cum
2992 3363 3143 3416 valde
3165 3362 3428 3416 laudatur:

1880 3451 1978 3502 iste
2003 3451 2157 3503 etiam
2181 3466 2296 3502 cum
2321 3450 2482 3505 multa
2512 3452 2777 3517 voluptate
2805 3451 3075 3519 gloriatur.
3101 3453 3213 3507 Non
3244 3454 3432 3508 videtis

1880 3540 2141 3606 quomodo
2168 3538 2480 3591 athletarum
2528 3538 2659 3592 alter
2707 3539 2918 3606 quidem
2946 3557 3250 3610 coronatur,
3298 3546 3432 3598 alter

1880 3643 2005 3680 vero
2035 3644 2136 3680 non
2159 3631 2478 3680 coronatur?
2505 3628 2655 3682 dolor
2676 3638 2852 3684 autem
2873 3644 2924 3684 et
2945 3631 3122 3685 lzetitia
3148 3645 3432 3689 esteorum

1883 3718 1970 3786 qui
1999 3728 2178 3770 amant
2212 3727 2263 3770 et
2290 3734 2467 3770 eorum
2501 3720 2586 3786 qui
2614 3721 2871 3774 oderunt:
2899 3721 2972 3772 illi
3001 3723 3214 3786 saltant,
3239 3725 3311 3774 illi
3337 3724 3433 3773 tri-

1884 3807 2120 3874 pudiant.
2157 3807 2280 3860 Vide
2306 3818 2495 3874 quanta
2528 3824 2612 3860 res
2648 3810 2715 3860 sit
2756 3824 2857 3862 non
2903 3810 3141 3864 invidere
3173 3832 3186 3866 :
3219 3812 3438 3864 alterius-

1885 3907 1962 3949 est
1995 3893 2178 3957 labor,‘
2199 3907 2251 3950 et
2293 3907 2378 3950 tua
2407 3907 2487 3951 est
2514 3899 2757 3966 voluptas
2789 3915 2804 3951 ε
2844 3899 2993 3952 alteri
3021 3900 3306 3968 imponitur
3342 3916 3434 3953 co-

1885 4001 2034 4051 rnna,
2058 3996 2111 4040 et
2141 3996 2194 4039 tu
2221 3989 2399 4052 saltas,
2427 3998 2478 4040 tu
2508 3989 2766 4056 gloriaris.
2799 3988 3041 4050 Nam,dic
3062 3989 3209 4054 mihi,
3233 4006 3438 4058 (ιυωευ.

1886 4077 2018 4129 alius
2063 4077 2204 4141 vicit,
2259 4088 2319 4129 tu.
2358 4079 2482 4146 quid
2525 4079 2719 4130 saltas?
2761 4077 2864 4132 Sed
2917 4078 2992 4131 illi
3039 4093 3251 4148 quoque
3296 4093 3438 4134 recte

1887 4168 2059 4219 sciunt
2085 4169 2222 4234 quud
2248 4181 2526 4220 commune
2554 4168 2619 4219 sit
2647 4167 2786 4235 quod
2808 4166 3002 4221 factum
3028 4179 3128 4222 est.
3155 4159 3437 4238 Propterea

1887 4255 2025 4308 hunc
2073 4255 2282 4325 quidem
2332 4271 2434 4309 non
2479 4259 2774 4324 vituperant
2813 4259 2902 4326 qui
2932 4259 3194 4325 invident;
3237 4270 3440 4314 tentant

1888 4359 2063 4400 autem
2093 4348 2389 4416 deprimere
2433 4348 2726 4413 victoriam,
2759 4358 2812 4401 et
2835 4349 2986 4403 audis
3021 4365 3112 4404 eos
3140 4350 3252 4403 haec
3280 4353 3436 4404 verba

1888 4438 2156 4491 dicentes:
2183 4438 2254 4490 'l‘e
2300 4437 2490 4501 delevi,
2540 4446 2589 4492 te
2631 4437 2797 4507 dejeci
2833 4455 2845 4489 :
2879 4441 3082 4492 etiamsi
3127 4441 3342 4495 alterius
3371 4443 3441 4495 sit

1889 4542 2040 4595 opus,
2072 4536 2157 4580 tua
2183 4537 2354 4580 tamen
2383 4535 2463 4580 est
2491 4527 2622 4580 laus.
2650 4527 2704 4580 Si
2734 4542 2861 4595 ergo
2893 4520 3208 4582 illexit-mis
3241 4541 3438 4584 tantum

1890 4620 2082 4670 bonum
2109 4625 2190 4670 est
2217 4632 2318 4670 non
2352 4617 2603 4680 invidere,
2646 4619 2740 4671 sed
2789 4617 3006 4670 aliorum
3056 4620 3188 4673 bona
3224 4622 3317 4674 sibi
3349 4637 3440 4672 ac-

1890 4707 2223 4760 ctammodare
2249 4715 2302 4760 et
2330 4722 2420 4760 sua
2450 4707 2662 4770 ducere,
2690 4707 2853 4760 multo
2883 4709 3046 4776 magis
3084 4710 3134 4763 in
3175 4720 3350 4763 nostra
3377 4712 3443 4765 de

1891 4796 2098 4851 diabolo
2128 4796 2374 4859 victoria;
2401 4805 2522 4850 tunc
2545 4796 2632 4850 ille
2657 4797 2822 4866 magis
2851 4810 3029 4850 c0ntra
3064 4815 3156 4850 nos
3183 4805 3365 4866 spirat,
3389 4810 3444 4852 ut

1891 4887 1978 4956 qui
1999 4887 2164 4956 magis
2200 4871 2456 4941 hetemur.
2491 4887 2600 4940 Etsi
2640 4897 2719 4941 est
2747 4889 3056 4953 sceleratus,
3084 4903 3268 4943 exacte
3300 4895 3444 4945 novit

1893 4979 2026 5030 hanc
2051 4991 2290 5046 magnam
2315 4992 2433 5030 esse
2453 4978 2794 5045 voluptatem.
2829 4978 2918 5031 Vis
2943 4995 3060 5031 eum
3091 4982 3330 5035 molestia
3361 4983 3443 5034 af-

1892 5070 2082 5123 ficere?
2118 5069 2285 5136 gaude
2326 5077 2380 5122 et
2408 5069 2605 5122 laetare.
2659 5069 2749 5141 Vis
2791 5085 2910 5123 eum
2965 5069 3290 5126 exhilarare?
3330 5083 3444 5127 esto

1894 5167 2076 5219 tristis.
2107 5165 2350 5218 Dolorem
2378 5167 2464 5233 qui
2494 5180 2556 5218 ex
2584 5165 2801 5218 victoria
2832 5165 3008 5219 fratris
3044 5169 3092 5219 ei
3124 5167 3333 5232 accidit,
3367 5168 3442 5219 le-

1892 5273 1983 5311 vas
2032 5272 2124 5326 per
2170 5266 2310 5309 tuam
2354 5256 2514 5309 animi
2558 5257 2918 5325 a‘gritudincm
2944 5275 2956 5310 :
2985 5274 3101 5310 eum
3150 5259 3236 5310 illa
3275 5268 3384 5309 stas
3413 5273 3440 5308 a

1894 5347 2056 5400 fratre
2083 5347 2378 5400 abscissus:
2403 5346 2571 5414 majus
2616 5361 2772 5414 quam
2815 5347 2904 5400 ille
2931 5349 3122 5399 malum
3150 5348 3296 5400 facis.
3327 5348 3443 5402 Non

1892 5448 2011 5490 sunt
2038 5437 2173 5490 enim
2201 5438 2364 5504 paria,
2395 5451 2512 5490 eum
2540 5439 2611 5491 sis
2640 5437 2902 5501 inimicus,
2945 5436 3118 5491 facere
3161 5454 3279 5505 qute
3324 5446 3446 5490 sunt

1893 5528 2247 5593 inimicorum,
2277 5540 2327 5581 et
2357 5542 2474 5582 cum
2499 5529 2571 5582 sis
2597 5530 2816 5590 amicus,
2844 5538 2983 5582 stare
3025 5545 3142 5582 cum
3176 5529 3399 5582 inimicis
3428 5548 3442 5583 :

1892 5616 1994 5670 iste
2030 5624 2112 5670 est
2150 5616 2378 5670 inimicis
2417 5616 2563 5684 pejor
2589 5626 2641 5671 et
2686 5618 3012 5671 sceleratior.
3061 5618 3116 5671 Si
3149 5616 3309 5671 frater
3345 5617 3443 5669 sibi

1892 5707 2079 5762 bonam
2106 5706 2310 5774 paravit
2329 5707 2790 5769 existimationem,
2811 5707 2900 5762 .vel
2930 5708 3053 5762 dum
3079 5708 3328 5776 loquitur,
3363 5709 3441 5761 vel

1896 5796 2018 5852 dum
2065 5805 2212 5863 orat,
2266 5800 2345 5856 vel
2391 5797 2585 5866 aliquid
2630 5806 2776 5854 recte
2818 5798 2975 5869 gerit,
3023 5806 3138 5854 esto
3187 5798 3439 5867 partit-cpe
