4050 6324
635 378 736 429 579

635 488 801 541 laudis
844 496 896 540 et
941 487 1089 539 bona:
1139 482 1581 543 existimationis.
1630 481 1847 535 ostende
1893 495 2011 535 cum
2062 492 2178 532 esse

637 589 778 628 ιιιιιιιι
810 576 1123 628 membrum.
1460 572 1465 576 ’

707 665 758 715 ι.
794 663 1052 728 Quomodo
1079 678 1190 713 cum
1222 660 1431 713 inimicis
1453 659 1792 729 agendum.——
1813 658 1878 712 Et
1898 654 2177 727 quomodo,

633 755 702 804 ait
727 753 750 804 ’ἲ
775 769 872 820 ego
911 755 1048 805 enim
1095 767 1198 805 non
1227 767 1341 804 smn
1374 751 1562 804 bonam
1603 758 1915 817 asscquutus
1966 746 2177 798 famam.

635 842 709 894 Nc
727 842 823 894 line
852 843 1064 896 verbum
1089 841 1305 905 dixeris,
1333 841 1466 893 labia
1494 838 1801 907 comprime.
1832 836 1886 888 Si
1916 849 2072 903 prope
2100 847 2181 885 mc

635 946 782 982 esses
813 943 864 983 tu
897 932 982 999 qui
1040 931 1153 984 ba-c
1186 931 1436 999 loqueris,
1471 929 1836 997 imposuissem
1866 937 2076 977 manum
2103 921 2178 973 la-

637 1020 744 1070 liris
773 1019 894 1081 tuis,
928 1035 990 1072 nc
1033 1020 1236 1073 audiret
1267 1020 1530 1072 inimicus.
1558 1018 1710 1084 Saepe
1733 1017 1866 1068 inter
1894 1027 1987 1068 nos
2015 1011 2179 1062 inter-

637 1109 829 1162 cedunt
857 1109 1160 1173 iniuiicitim,
1191 1120 1244 1164 et
1266 1109 1488 1162 inimicis
1509 1103 1988 1168 nonostendinms:
2019 1109 2071 1151 ιιι
2094 1113 2181 1148 ve-

637 1214 696 1250 ro
719 1199 951 1250 ostendis
977 1199 1207 1253 diabolo.
1235 1199 1311 1252 Ne
1334 1198 1432 1252 hoc
1452 1195 1668 1255 dixeris.
1692 1208 1757 1246 ne
1788 1191 1885 1244 hoc
1914 1189 2176 1256 cogitave-

639 1287 748 1348 ris;
800 1287 892 1339 sed
945 1300 1155 1348 contra,
1185 1287 1277 1340 Est
1321 1301 1493 1340 meum
1527 1283 1854 1337 membrum:
1899 1278 1960 1330 ad
1992 1289 2178 1343 corpus

641 1376 827 1426 ll‘ﬂlhll
857 1376 1041 1444 gloria.
1074 1375 1178 1430 Cur
1206 1389 1361 1443 ergo,
1408 1374 1592 1440 inquit,
1619 1387 1721 1424 non
1751 1371 1820 1422 ita
1851 1376 1970 1420 sunt
2006 1361 2178 1417 all'eeti

640 1466 729 1531 qui
758 1475 881 1518 suut
906 1466 1070 1519 loris?
1094 1467 1348 1530 Quoniam
1377 1475 1429 1517 tu
1459 1477 1517 1516 es
1543 1477 1717 1515 clusa.
1743 1460 1868 1513 Nam
1885 1473 2004 1511 cum
2032 1453 2174 1509 vide-

643 1553 750 1606 ιίιιι
795 1563 846 1607 te
900 1556 1014 1622 ejus
1057 1555 1286 1608 laetitiam
1326 1555 1547 1605 alienam
1594 1563 1710 1603 esse
1753 1549 2033 1608 dicentem,
2083 1545 2180 1612 ipsi

645 1658 852 1712 quoque
900 1645 1194 1696 alienantur
1224 1660 1237 1694 :
1268 1641 1403 1710 quod
1445 1641 1488 1692 si
1517 1637 1742 1691 viderint
1769 1646 1819 1691 te
1847 1651 1964 1689 eam
1990 1635 2182 1688 ducen-

645 1744 750 1786 tem
794 1749 911 1787 essc
957 1735 1238 1802 propriam,
1270 1748 1372 1784 non
1415 1729 1633 1791 audent;
1676 1727 1767 1781 sed
1799 1736 1852 1780 tu
1894 1740 2100 1795 quoque
2125 1739 2183 1778 es

647 1823 888 1876 similiter
913 1822 1105 1876 clarus.
1135 1821 1247 1874 Non
1265 1834 1324 1874 es
1364 1819 1585 1872 dicendo
1612 1819 1816 1871 laudem
1841 1824 2180 1884 assequutus;

647 1911 740 1964 sed
772 1923 825 1964 tu
849 1911 971 1964 dum
1007 1913 1052 1964 ei
1085 1910 1358 1978 gratularis
1381 1948 1397 1972 ,
1440 1909 1694 1975 majorem
1724 1920 1783 1959 es
1826 1905 2029 1958 laudem
2060 1902 2185 1955 adc-

649 2011 768 2069 ptus
784 2017 936 2070 quam
966 2002 1068 2054 ille.
1091 2001 1142 2054 Si
1167 2002 1305 2054 enim
1327 2000 1519 2053 caritas
1545 2007 1625 2052 est
1646 2012 1732 2052 res
1751 2010 1934 2064 magna
1960 2003 2012 2048 et
2032 2003 2187 2062 caput

649 2090 902 2152 omnium,
931 2099 981 2140 tu
1005 2104 1139 2151 eam,
1159 2103 1274 2156 qua:
1295 2103 1357 2140 ex
1381 2089 1490 2156 ipsa
1523 2094 1754 2154 paratur,
1771 2084 2016 2153 accepisti
2036 2098 2188 2136 coro-

650 2193 770 2230 nam
792 2195 806 2230 :
825 2178 906 2230 ille
924 2192 1038 2230 eam
1065 2193 1180 2246 qua:
1205 2177 1488 2246 acquiritur
1503 2190 1570 2228 ex
1588 2183 1700 2227 arte
1715 2172 1943 2237 dicendi,
1974 2181 2031 2224 tu
2069 2186 2184 2225 eam

651 2280 765 2332 qttzn
781 2280 842 2316 ex
863 2263 1150 2318 vehementi
1171 2279 1349 2318 amore
1365 2281 1378 2316 :
1393 2263 1480 2318 ille
1498 2261 1726 2317 ostendit
1746 2262 1848 2314 vim
1865 2259 2140 2313 verborum
2159 2275 2175 2323 ;

653 2364 707 2404 tu
727 2367 817 2420 per
840 2353 970 2407 facta
993 2355 1226 2423 dejecisti
1242 2354 1508 2415 invidiam,
1533 2361 1585 2406 et
1608 2349 1926 2405 conculcasti
1945 2349 2184 2404 livorem.

650 2440 999 2505 Quamobrem
1030 2443 1149 2510 jure
1176 2443 1340 2510 magis
1359 2456 1514 2510 quam
1557 2440 1646 2492 ille
1677 2438 1835 2491 lueris
1859 2447 2142 2492 coronatus
2171 2453 2184 2488 :

650 2538 914 2583 certamen
945 2539 1088 2583 tuum
1118 2538 1200 2583 est
1231 2529 1561 2596 praeclarius:
1588 2543 1693 2580 non
1716 2526 1884 2580 solmn
1913 2525 2190 2578 conculca-

652 2621 718 2672 sti
749 2620 1015 2684 invidiam,
1045 2621 1136 2673 sed
1174 2620 1331 2672 etiam
1364 2617 1558 2686 aliquid
1585 2617 1769 2670 fecisti.
1798 2615 1889 2669 llle
1927 2630 2081 2667 unam
2106 2629 2193 2668 so-

648 2712 756 2765 lum
791 2712 944 2766 liabet
973 2727 1244 2774 coronam,
1273 2720 1324 2763 tu
1354 2719 1527 2762 autem
1553 2709 1703 2772 duas,
1725 2714 1779 2761 et
1805 2707 1936 2760 duas
1957 2705 2073 2758 illas
2089 2719 2189 2756 una

648 2801 1048 2870 splendidiores.
1065 2801 1316 2868 Quianam
1335 2807 1455 2853 sunt
1477 2798 1596 2852 hae?
1619 2799 1785 2852 Unam
1803 2796 2075 2864 suscepisti
2097 2795 2191 2848 ad-

652 2903 840 2942 versus
864 2888 1146 2953 invidiam;
1174 2889 1337 2942 altera
1365 2895 1446 2941 est
1485 2902 1584 2954 qua
1645 2883 1786 2939 fuisti
1810 2883 2082 2938 redimitus
2123 2897 2187 2936 ex

652 2978 891 3030 caritate.
919 2976 1032 3030 Non
1057 2977 1194 3031 enim
1222 2975 1466 3030 colltetari
1494 2975 1661 3027 solum
1679 2982 1760 3028 est
1783 2973 2029 3026 iudicium
2051 2971 2190 3041 quod

581 3050 596 3055 -
653 3066 728 3122 sis
765 3066 994 3119 mundus
1037 3065 1104 3118 ab
1131 3065 1343 3125 invidia,
1373 3064 1462 3116 scil
1485 3065 1644 3116 etiam
1668 3061 1803 3131 quod
1836 3062 2027 3114 habeas
2051 3060 2190 3113 cari-

655 3163 812 3207 tatem
844 3169 960 3222 qua:
991 3154 1196 3207 radices
1224 3153 1406 3222 egerit.
1437 3152 1512 3205 llli
1557 3166 1695 3218 sa'pe
1725 3151 2020 3203 molestiam
2044 3150 2192 3202 exhi-

653 3243 742 3297 bet
765 3244 986 3294 liumaua
1009 3243 1177 3310 aliqua
1196 3243 1354 3294 animi
1383 3241 1717 3309 perturbatio,
1751 3251 1806 3294 ut
1826 3241 1990 3293 inanis
2005 3240 2189 3308 gloria:

653 3341 709 3386 tu
749 3343 922 3383 autem
952 3345 1008 3384 es
1045 3331 1268 3383 mundus
1299 3331 1364 3383 ab
1408 3330 1547 3382 omni
1575 3330 1965 3397 perturbatione
1987 3329 2146 3380 animi
2177 3347 2191 3379 :

654 3420 794 3475 haud
822 3421 961 3474 enim
985 3419 1123 3471 inani
1156 3418 1322 3487 gloria
1351 3418 1615 3482 laborans,
1643 3417 1834 3470 laetaris
1870 3426 2081 3485 propter
2103 3417 2196 3469 bo-

655 3525 720 3562 ua
769 3510 1005 3562 alterius.
1035 3508 1210 3562 Erexit
1233 3511 1582 3576 ,dic,qu:eso,
1639 3506 1927 3560 Ecclesiam
1953 3546 1968 3570 ,
2000 3513 2191 3560 emtum

653 3599 1028 3667 ampliﬁcavit?
1049 3613 1233 3652 rursus
1256 3599 1408 3651 lauda
1439 3615 1452 3650 :
1487 3597 1649 3650 babes
1673 3596 1907 3663 duplices
1932 3609 2155 3649 coronas
2179 3614 2193 3658 ;

654 3689 891 3754 dejecisti
920 3689 1168 3742 invidiam
1189 3729 1202 3752 ,
1231 3687 1447 3742 caritate
1469 3685 1836 3740 esredimitus.
1875 3685 2042 3738 Etiam
2069 3699 2195 3751 rogo

655 3787 711 3832 et
732 3778 972 3830 obsecro.
996 3775 1089 3828 Vis
1113 3785 1168 3828 et
1184 3775 1386 3828 tertiam
1408 3774 1587 3826 audire
1604 3771 1884 3826 coronam?
1905 3772 1952 3824 ei
1982 3771 2199 3838 applau-

659 3872 789 3922 duut
816 3869 901 3936 qui
927 3869 1130 3921 inferne
1154 3875 1276 3918 sunt
1301 3864 1560 3925 homines,
1593 3863 1682 3915 tibi
1704 3848 1875 3915 autem
1904 3863 1988 3929 qui
2018 3875 2200 3928 super-

663 3974 728 4010 ne
781 3965 902 4009 sunt
945 3954 1136 4023 angeli.
1169 3952 1280 4006 Non
1330 3952 1471 4005 enim
1497 3961 1615 4003 sunt
1652 3949 1816 4017 paria,
1847 3950 2117 4016 pulchram
2147 3957 2202 4001 et

660 4048 952 4114 elegantem
983 4044 1262 4098 ostendere
1287 4042 1564 4095 dictionem
1594 4081 1608 4106 ,
1638 4049 1691 4094 et
1719 4049 1890 4094 motus
1925 4039 2085 4092 animi
2113 4054 2199 4090 su-

663 4150 848 4205 perare
880 4151 892 4188 :
920 4134 1033 4187 lucc.
1059 4134 1173 4186 laus
1217 4140 1299 4185 est
1327 4129 1628 4198 temporalis
1648 4169 1663 4193 ,
1691 4129 1777 4182 illa
1808 4143 1932 4182 vero
1961 4138 2152 4181 azterna
2184 4146 2197 4181 :

666 4226 750 4278 liic
779 4233 859 4276 est
886 4238 952 4276 ex
981 4220 1311 4281 hominibus,
1343 4218 1430 4272 ille
1457 4233 1519 4272 ex
1559 4217 1702 4271 Deo:
1733 4217 1818 4271 hic
1842 4217 2091 4286 aspicitur
2115 4231 2204 4269 co-

665 4323 919 4375 ronatus,
947 4320 999 4364 tu
1031 4321 1204 4364 autem
1255 4309 1307 4363 in
1351 4309 1557 4362 occulto
1607 4307 1895 4371 eoronaris,
1935 4306 2021 4359 ubi
2052 4307 2207 4360 Pater

665 4412 786 4457 tuus
824 4409 874 4453 te
901 4399 1060 4454 videt.
1089 4398 1149 4452 Si
1165 4398 1394 4452 dissecto
1417 4410 1637 4464 corpore
1662 4395 1842 4449 liceret
1882 4394 2207 4460 uniuscujus-

669 4506 770 4558 que
785 4489 963 4543 videre
982 4489 1228 4551 animam,
1251 4485 1596 4540 ostendissem
1623 4484 1715 4537 tibi
1740 4483 1879 4537 hunc
1895 4497 2011 4536 esse
2038 4481 2207 4536 hone-

667 4579 884 4633 Stiorem
931 4586 985 4632 et
1035 4576 1200 4644 magis
1243 4573 1684 4641 resplendentem.
1716 4570 1928 4624 Invidia:
1969 4569 2210 4623 stimulos

670 4677 999 4737 proteramus
1027 4681 1041 4718 :
1071 4665 1221 4719 nobis
1251 4664 1379 4732 ipsis
1405 4661 1664 4731 prosimus
1688 4698 1704 4724 ,
1747 4673 1780 4712 ο
1827 4658 2036 4714 dilecti!
2085 4657 2213 4725 ipsis

672 4755 823 4809 nobis
850 4768 1094 4807 coronam
1115 4754 1466 4821 imponemus.

745 4844 945 4896 Invidia
987 4842 1423 4912 propulsanda.-—
1436 4838 1536 4906 Qui
1567 4835 1785 4898 invidet,
1828 4849 1947 4888 cum
1977 4833 2086 4888 Deo
2115 4847 2216 4902 pu-

677 4943 820 5003 gnat,
851 4949 952 4986 non
975 4948 1093 4986 cum
1115 4932 1203 4984 illo
1228 4945 1242 4982 :
1268 4945 1389 4983 nam
1409 4942 1531 4983 cum
1555 4926 1698 4981 illum
1720 4925 1861 4978 videt
1884 4923 2076 4977 habere
2095 4937 2217 4991 gra-

679 5024 828 5086 tiam,
880 5030 933 5075 et
959 5020 1103 5074 dolet
1127 5029 1181 5073 et
1206 5020 1313 5072 vult
1338 5018 1616 5072 destruere
1646 5013 1956 5076 Ecclesiam,
1987 5025 2091 5065 non
2119 5025 2216 5078 pu-

1326 374 1380 429 S.
1420 372 1689 429 JO.\NN|S
1723 368 2187 426 ClllilSOSTOlll
2225 366 2532 422 ARCllllil‘.
2572 366 3080 420 CONSTANTINOP.

3716 367 3840 420 333

2289 487 2410 546 gnat
2433 493 2548 529 cum
2581 478 2688 538 illo,
2718 477 2813 530 sed
2835 493 2951 530 cum
2982 478 3105 531 lleo.
3132 477 3608 550 Naiii,.lic,qumso.
3631 478 3672 532 si
3704 482 3840 548 quis

2287 581 2500 623 ornaret
2521 571 2743 638 puellam
2774 572 2927 639 regis,
2959 579 3011 623 et
3040 571 3088 623 in
3115 571 3246 624 bona
3267 581 3408 625 esset
3434 575 3839 627 existimatione

2284 676 2396 715 eam
2449 675 2708 714 exornans
2757 661 3103 729 decoramque
3132 663 3391 728 reddens,
3442 665 3596 718 vellet
3645 676 3836 720 autem

2285 750 2470 818 aliquis
2512 765 2625 803 eam
2653 765 2709 804 se
2737 751 2960 818 turpiter
2994 759 3047 805 et
3070 751 3314 807 indecnre
3340 769 3544 822 gerere,
3572 767 3624 811 et
3653 759 3834 824 ipsum

2284 855 2386 890 non
2423 853 2575 906 posse
2596 853 2710 892 eam
2745 854 2971 903 ornare;
3001 843 3206 894 cuinam
3236 843 3588 911 insidiaretur,
3636 847 3837 902 lmiene

2283 942 2347 979 an
2379 928 2448 979 illi
2476 927 2657 994 etejus
2684 929 2854 996 patri?
2877 929 2953 982 Ita
2974 945 3110 984 nunc
3137 946 3341 1000 quoque
3363 941 3413 984 tu
3438 934 3698 997 invidens,
3727 951 3838 1004 pu-

2282 1030 2411 1082 gnas
2436 1030 2553 1068 cum
2580 1015 2838 1080 Ecclesia,
2865 1032 2984 1071 cum
3015 1017 3125 1070 Deo
3154 1019 3343 1074 bellum
3361 1023 3518 1088 geris.
3553 1023 3683 1076 Nam
3704 1040 3838 1092 quo-

2284 1104 2419 1155 niam
2448 1118 2564 1156 cum
2591 1102 2764 1157 fratris
2792 1104 2944 1159 laude
2969 1119 3205 1158 connexa
3225 1117 3304 1160 est
3329 1108 3522 1162 utilitas
3551 1110 3836 1177 Ecclesiae,

2283 1195 2328 1247 si
2371 1195 2480 1246 lure
2521 1203 2764 1262 corruat,
2791 1205 2848 1248 ut
2889 1196 2978 1248 ille
3003 1211 3207 1264 quoque
3235 1208 3444 1251 corruat
3472 1214 3692 1254 necesse
3721 1211 3832 1253 est.

2285 1283 2632 1349 Quamobrem
2661 1285 2713 1337 in
2745 1285 2843 1338 hoc
2857 1299 2987 1353 opus
3016 1285 3141 1340 facis
3168 1287 3474 1353 satanicum,
3506 1298 3564 1341 ut
3591 1289 3678 1356 qui
3705 1303 3836 1343 eor-

2285 1376 2398 1444 pori
2423 1375 2615 1429 Christi
2656 1375 2937 1429 iusidieris.
2967 1365 3232 1431 Adversus
3255 1393 3374 1431 eum
3403 1377 3589 1433 dolore
3633 1381 3836 1432 stimu-

2287 1468 2429 1530 laris,
2461 1467 2545 1535 qui
2601 1465 2692 1519 tibi
2723 1465 2914 1519 nullam
2945 1466 3065 1518 fecit
3111 1466 3380 1533 injuriam;
3433 1468 3602 1520 multo
3651 1479 3832 1520 autem

2287 1556 2450 1625 magis
2489 1555 2741 1609 adversus
2767 1554 3055 1609 Christum.
3081 1554 3244 1621 Quam
3274 1555 3366 1607 tibi
3390 1554 3512 1609 fecit
3542 1557 3793 1623 injuriam
3815 1598 3836 1619 ,

2287 1654 2344 1696 ut
2370 1659 2471 1696 non
2497 1645 2638 1696 sinas
2661 1644 2774 1712 ejus
2794 1657 2983 1711 corpus
3006 1643 3179 1695 ornari
3197 1641 3619 1709 pulchritudine?
3643 1652 3834 1695 utnon

2285 1732 2427 1784 sinas
2473 1744 2718 1797 sponsam
2783 1729 3072 1785 decorari?
3130 1730 3415 1784 Considera
3469 1741 3643 1785 autem
3701 1733 3840 1785 mihi

2287 1829 2536 1889 quantum
2562 1821 2629 1872 sit
2657 1820 3001 1889 supplicium;
3030 1820 3267 1874 inimicos
3293 1826 3408 1873 tuos
3436 1820 3610 1873 laatitia
3637 1821 3833 1883 allicis;

2288 1920 2341 1963 et
2363 1909 2510 1962 illum
2535 1908 2702 1976 ipsum
2737 1908 2823 1976 qui
2853 1907 3004 1962 estin
3033 1908 3166 1961 bona
3207 1907 3626 1974 existimatione,
3674 1925 3832 1976 quem

2288 1999 2368 2053 vis
2396 1999 2636 2052 molestia
2664 1997 2908 2066 allicere,
2938 1999 3102 2066 magis
3150 1999 3444 2065 exhilaras,
3491 2005 3547 2051 et
3591 1999 3835 2050 invidens

2291 2091 2456 2159 magis
2497 2089 2732 2143 ostendis
2779 2104 2899 2142 eum
2930 2088 3126 2142 laudari
3176 2097 3230 2141 et
3278 2088 3412 2142 bene
3451 2088 3678 2142 audire:
3711 2103 3835 2140 nam

2289 2178 2481 2247 alioqui
2510 2193 2613 2231 non
2637 2177 2948 2251 iuvidisses;
2975 2177 3053 2231 vel
3082 2177 3254 2245 potius
3291 2178 3522 2232 ostendis
3550 2178 3689 2247 quod
3716 2192 3837 2230 cru.

2290 2270 2464 2323 cieris.
2492 2269 2664 2336 Atque
2693 2283 2778 2322 me
2803 2269 3009 2337 quidem
3033 2267 3192 2336 pudet
3214 2281 3280 2320 ex
3307 2267 3388 2320 his
3415 2267 3680 2320 adhortari
3703 2285 3716 2327 ;
3739 2267 3838 2319 sed

2291 2359 2534 2427 quoniam
2563 2365 2702 2410 tanta
2730 2366 2810 2410 est
2827 2357 2990 2410 nostri
3011 2356 3166 2408 animi
3187 2354 3535 2416 imbecillitas,
3559 2353 3639 2406 vel
3659 2368 3723 2406 ex
3747 2353 3840 2406 his

2291 2447 2565 2514 castigati,
2608 2445 2675 2499 ab
2704 2445 2803 2498 hoc
2849 2444 3146 2514 pernicioso
3171 2445 3300 2497 vitio
3327 2444 3628 2496 liberemur.
3675 2441 3842 2494 Doles

2293 2537 2431 2606 quod
2461 2535 2700 2589 laudetur
2725 2543 2779 2588 et
2804 2535 2853 2587 in
2885 2535 3018 2588 bona
3045 2533 3112 2587 sit
3137 2533 3567 2587 existimatione?
3591 2545 3684 2584 cur
3708 2545 3840 2598 ergo

2296 2625 2532 2679 invidens
2574 2637 2732 2691 auges
2755 2623 2869 2690 ejus
2897 2622 3144 2675 laudem?
3171 2621 3260 2674 Vis
3285 2635 3404 2674 eum
3422 2619 3714 2672 cruciare?
3740 2634 3840 2671 cur

2293 2729 2418 2782 ergo
2442 2713 2676 2767 ostendis
2697 2721 2751 2766 te
2779 2710 2999 2764 dolere?
3049 2726 3144 2764 cur
3170 2709 3240 2764 de
3277 2718 3328 2763 te
3357 2710 3470 2777 ipso
3495 2709 3641 2776 prius
3667 2707 3846 2776 exigis

2294 2817 2477 2870 paruas
2497 2841 2510 2861 .
2549 2815 2703 2868 quam
2732 2799 2798 2853 de
2847 2814 2910 2853 eo
2939 2814 3092 2868 quem
3123 2813 3226 2852 non
3257 2799 3338 2852 vis
3367 2797 3567 2851 laudari
3587 2797 3682 2850 lEi
3710 2796 3834 2848 inde

2295 2899 2377 2943 est
2397 2889 2590 2956 duplex
2617 2889 2852 2956 voluptas
2889 2899 2942 2942 et
2963 2889 3170 2950 latitia,
3196 2893 3251 2941 et
3275 2886 3364 2940 tibi
3393 2886 3655 2940 cruciatus
3683 2900 3697 2937 :
3723 2899 3840 2939 non

2295 2980 2464 3032 solum
2493 2977 2632 3046 quod
2673 2992 2914 3046 magnum
2940 2991 3058 3030 eum
3086 2975 3338 3038 ostendis,
3367 2974 3459 3027 sed
3499 2975 3654 3028 etiam
3695 2972 3838 3040 quod

2294 3067 2512 3121 alteram
2535 3067 2582 3120 ei
2605 3080 2847 3133 procreas
2879 3066 3219 3132 voluptatem,
3242 3064 3364 3116 dum
3388 3065 3611 3130 teipsum
3639 3063 3840 3117 crucia-

2296 3157 2406 3219 ris;
2435 3164 2488 3208 et
2507 3167 2689 3207 rursus
2714 3153 2779 3207 de
2805 3153 2867 3205 iis
2907 3153 2972 3206 de
2997 3151 3186 3219 quibus
3212 3151 3358 3204 doles
3378 3191 3394 3216 ,
3426 3150 3511 3204 ille
3539 3151 3742 3204 laatatur
3784 3160 3844 3203 te

2298 3245 2583 3299 invidente.
2618 3243 2749 3296 Vide
2767 3257 2921 3311 quam
2947 3256 3131 3310 graves
3160 3241 3310 3294 nobis
3332 3241 3512 3308 plagas
3535 3238 3838 3306 inﬂigimus,

2298 3343 2350 3386 et
2376 3347 2478 3385 non
2520 3332 2796 3385 sentimus.
2827 3331 2915 3384 Est
2946 3330 3204 3383 inimicus.
3236 3327 3392 3396 Atqui
3419 3341 3517 3380 cur
3560 3327 3792 3380 inimicus
3811 3326 3838 3377 ?

2299 3438 2455 3492 quam
2482 3423 2571 3476 tibi
2603 3422 2726 3475 fecit
2746 3421 3023 3490 iujuriam?
3052 3419 3143 3473 sed
3171 3429 3346 3474 tamen
3370 3417 3638 3472 inimicum
3665 3415 3835 3471 reddi-

2300 3529 2418 3567 mus
2445 3512 2777 3564 illustriorem
2804 3552 2820 3575 ,
2875 3519 2928 3563 et
2957 3523 3053 3564 nos
3077 3508 3220 3577 ipsos
3247 3509 3412 3577 magis
3439 3509 3706 3577 punimus;
3729 3506 3835 3559 lloc

2301 3617 2483 3657 rursus
2507 3616 2605 3656 nos
2641 3602 2780 3667 ipsos
2805 3601 3099 3656 eruciamus
3121 3639 3135 3662 ,
3163 3599 3208 3652 si
3235 3598 3556 3652 senserimus
3579 3595 3715 3665 quod
3749 3595 3834 3649 ille

2302 3693 2622 3761 cognoverit.
2670 3691 2796 3743 Nam
2853 3691 2938 3745 ille
2962 3675 3170 3758 quidem
3215 3689 3434 3742 fortasse
3483 3702 3589 3741 non
3620 3687 3830 3749 letatur,

2304 3796 2401 3833 nos
2425 3791 2598 3834 autem
2625 3788 2862 3845 putantes
2891 3795 3008 3832 eum
3040 3777 3223 3842 lactari,
3243 3791 3421 3830 rursus
3449 3785 3719 3844 propterea
3740 3775 3833 3827 do-

2305 3871 2490 3924 lemus.
2515 3870 2674 3922 Ccssa
2701 3883 2826 3935 ergo
2851 3866 3084 3920 invidere
3107 3884 3120 3918 :
3151 3880 3247 3920 cur
3271 3864 3467 3933 tibiipsi
3486 3865 3709 3932 imponis
3730 3863 3834 3916 vul-

2305 3959 2473 4012 nera?
2502 3958 2624 4012 llaec
2653 3958 2961 4025 cogitemus,
2991 3971 3022 4008 ο
3043 3955 3254 4019 dilecti,
3287 3967 3475 4021 nempe
3502 3953 3731 4020 duplices
3750 3965 3834 4004 co-

2305 4063 2463 4102 ronas
2500 4061 2685 4115 eorum
2726 4043 2815 4112 qui
2855 4059 2958 4098 non
2999 4042 3232 4097 invident
3262 4058 3276 4094 :
3315 4041 3507 4116 laudes
3543 4039 3737 4093 scilicet
3771 4038 3834 4089 ab

2307 4135 2627 4196 hominibus,
2650 4133 2832 4209 lapdes
2851 4147 2879 4182 a
2902 4133 3031 4194 Deo,
3056 4140 3110 4184 et
3133 4131 3269 4206 mala
3291 4143 3405 4198 qua:
3423 4129 3664 4182 oriuntur
3681 4141 3741 4181 ex
3755 4127 3831 4178 in-

2309 4223 2444 4276 vidia
2469 4239 2484 4288 ;
2515 4233 2570 4277 et
2596 4223 2672 4275 sic
2697 4220 2857 4273 feram
2895 4219 3182 4287 poterimus
3207 4218 3558 4284 exstinguere,
3579 4223 3634 4269 et
3669 4227 3831 4268 coram

2308 4313 2418 4368 Deo
2463 4311 2687 4376 laudari,
2708 4319 2763 4365 et
2789 4312 2839 4364 in
2867 4309 2999 4366 bona
3027 4321 3145 4362 esse
3163 4304 3568 4368 existimatione,
3593 4302 3834 4359 eteadem

2309 4407 2514 4476 assequi
2542 4418 2660 4473 quae
2689 4403 2723 4455 ii
2751 4415 2970 4470 quorum
2988 4408 3065 4453 est
3087 4398 3222 4452 bona
3245 4394 3559 4453 existimatio
3588 4405 3604 4447 :
3631 4392 3837 4446 lortasse

2311 4495 2455 4550 enim
2509 4506 2848 4561 assequemur
2873 4507 2886 4541 :
2914 4488 3054 4558 quod
3097 4487 3142 4542 si
3191 4500 3298 4541 non
3338 4497 3707 4552 assequamur,
3740 4495 3835 4533 non

2313 4597 2653 4653 assequemur
2679 4579 2816 4650 quod
2849 4593 2950 4634 non
2976 4575 3219 4645 expediat
3247 4589 3261 4626 :
3296 4573 3582 4642 poterimus
3606 4581 3767 4623 tamen
3787 4576 3838 4620 et

2315 4674 2414 4738 sic,
2443 4687 2561 4726 cum
2592 4670 2656 4724 ad
2685 4669 2773 4724 Dei
2801 4668 3019 4737 gloriam
3050 4664 3332 4718 vixerimus
3355 4703 3370 4728 ,
3412 4662 3550 4718 bona
3597 4657 3836 4727 promissa

2317 4761 2568 4830 consequi
2599 4761 2664 4813 iis
2691 4759 2779 4828 qui
2809 4759 2975 4825 ipsum
3004 4755 3244 4823 diligunt,
3274 4752 3437 4821 gratia
3465 4759 3520 4802 et
3539 4747 3839 4815 benignitate

2320 4851 2524 4905 Domini
2567 4847 2738 4902 nostri
2764 4846 2886 4900 Jesu
2912 4844 3126 4906 Christi,
3156 4842 3239 4895 cui
3264 4854 3381 4895 etim
3409 4838 3564 4894 Patre
3590 4845 3643 4890 et
3660 4834 3838 4902 Spiritu

2321 4947 2504 4994 sancto
2521 4935 2704 5006 gloria,
2726 4934 3024 5002 imperium,
3048 4931 3240 4995 honor,
3265 4941 3402 4983 nunc
3420 4934 3472 4981 et
3490 4939 3714 4993 semper,
3731 4922 3840 4978 etin

2324 5025 2512 5083 saecula
2540 5022 2873 5078 saeculorum.
2901 5020 3088 5073 Amen.

677 5118 3845 5167 _____________________._________._________

2073 5207 2411 5270 HOMILIA
2449 5204 2591 5266 XII.

682 5347 808 5402 CAP.
836 5350 890 5402 4.
912 5363 962 5399 v.
992 5347 1076 5401 η.
1101 5347 1303 5402 Salutat
1337 5358 1422 5396 vos
1453 5340 1718 5408 Epaphras
1739 5376 1753 5399 ,
1779 5335 1864 5406 qui
1887 5350 1949 5388 ex
1972 5334 2105 5387 nobis
2129 5342 2222 5397 est,
2257 5395 2259 5397 ι

756 5453 924 5491 cervus
956 5434 1139 5489 Christi
1161 5475 1176 5499 ,
1205 5447 1399 5500 semper
1422 5429 1660 5483 sollicitus
1685 5441 1774 5495 pro
1802 5423 1935 5477 vobis
1959 5423 2010 5474 in
2035 5421 2225 5473 oratio-

753 5528 896 5581 nibus
920 5569 934 5592 ,
975 5535 1027 5579 ut
1061 5527 1191 5580 stetis
1217 5522 1459 5593 perfecti,
1495 5527 1540 5572 et
1566 5517 1697 5587 pleni
1732 5517 1784 5568 in
1821 5514 1956 5567 omni
1980 5512 2228 5565 uoluntate

764 5619 868 5670 Dei.
913 5619 991 5672 l3.
1023 5614 1378 5671 Testimonium
1419 5609 1550 5660 enim
1577 5605 1652 5659 illi
1679 5602 1906 5673 perhibeo
1929 5600 2060 5670 quod
2087 5599 2229 5651 habet

2395 5321 2604 5383 multum
2629 5326 2788 5379 zelum
2817 5339 2907 5394 pro
2930 5321 3085 5386 vobis,
3115 5327 3162 5374 et
3186 5335 3276 5389 pro
3296 5319 3357 5372 iis
3376 5317 3459 5387 qui
3481 5326 3596 5369 sunt
3614 5315 3848 5367 Laodicea

2399 5427 2443 5470 σι
2472 5416 2554 5485 qui
2584 5411 2864 5480 Hierapoli.

2402 5507 2452 5559 l.
2482 5504 2651 5558 Etiam
2679 5502 2730 5556 in
2760 5500 2908 5554 initio
2933 5497 3196 5566 epistolas,
3228 5495 3398 5549 virum
3431 5491 3803 5547 commendavit
3827 5507 3852 5542 a

2336 5597 2580 5658 caritate;
2609 5591 2876 5646 caritatem
2901 5596 3074 5642 autem
3113 5584 3339 5640 ostendit
3363 5622 3380 5648 ,
3408 5590 3461 5637 et
3493 5580 3634 5651 quod
3657 5578 3816 5633 laudet
