4050 6324
123 444 213 500 $8!

125 561 247 625 quod
287 551 490 622 quidem
529 548 661 603 dixit
697 546 762 600 ab
798 545 945 598 initio
967 582 983 606 ,
1016 543 1110 607 Qui
1133 541 1281 594 etiam
1307 536 1636 625 ntanifestapit

124 621 248 696 nobis
271 621 520 693 caritatem
546 645 753 690 vestram
774 635 828 686 in
847 631 1027 702 spiritu
1054 627 1183 697 (Col.
1216 628 1269 680 ί.
1298 625 1373 696 8).
1396 621 1640 677 Dilectio-

124 747 234 784 nem
251 728 472 783 ostendit
500 735 553 781 et
580 723 855 778 amabilem
876 717 1068 778 reddit.
1089 715 1226 785 quod
1252 729 1346 783 pro
1370 712 1484 765 aliis
1503 718 1638 764 oret.

123 823 280 889 Ipsum
310 829 481 872 autem
519 813 882 874 commendat.
908 808 1147 874 aperiens
1183 804 1372 858 ostium
1400 813 1642 856 sermone

121 911 227 976 ejus
255 908 394 978 (nam
422 904 559 972 quod
587 890 906 956 reverendus
927 898 1001 950 sit
1021 895 1294 964 magister,
1325 891 1375 944 id
1403 899 1486 945 est
1514 889 1643 978 utile

119 976 409 1063 discipulo),
439 1002 488 1046 et
508 1006 688 1045 rursus
705 987 840 1057 quod
861 984 1071 1046 dixerit,
1103 982 1185 1035 Ex
1207 980 1339 1034 vobis
1358 1018 1373 1041 ,
1401 985 1459 1029 ιιι
1485 976 1642 1029 etiam

119 1087 180 1139 de
203 1086 308 1137 vim
342 1083 632 1152 glorientur
651 1119 666 1142 ,
693 1085 750 1130 ut
775 1076 861 1144 qui
892 1074 1022 1127 tales
1040 1073 1183 1148 viros
1209 1067 1395 1120 ferant.
1428 1063 1491 1116 Et
1516 1077 1643 1152 sem-

119 1167 218 1245 per,
247 1151 452 1242 inquit,
482 1171 720 1224 sollicitus
765 1182 855 1234 pro
897 1162 1028 1216 vobis
1071 1161 1122 1213 in
1166 1154 1487 1212 orationibus.
1530 1151 1646 1251 Nqn

119 1267 278 1318 solum
309 1262 460 1324 dixit,
489 1262 656 1312 Urans
678 1296 693 1320 ,
733 1255 823 1309 sed
850 1294 865 1318 ,
905 1251 1163 1306 Sollicitus
1185 1287 1200 1310 ,
1232 1256 1460 1300 tremens
1496 1251 1549 1294 et
1577 1250 1645 1293 ti-

118 1367 280 1405 mens.
311 1349 669 1403 Testimonium
693 1360 842 1408 enim,
883 1340 1048 1409 inquit
1073 1377 1088 1402 ,
1131 1336 1203 1388 illi
1246 1332 1474 1401 perhibeo
1514 1326 1646 1416 quod

118 1441 252 1494 habet
275 1438 487 1490 multum
518 1434 678 1486 selum
703 1447 793 1498 pro
816 1427 970 1482 vobis.
1013 1426 1105 1478 Est
1140 1423 1289 1476 testis
1316 1421 1414 1472 ﬁde
1437 1416 1644 1485 dignus.

121 1527 363 1593 Quoniam
393 1524 552 1584 habet,
584 1520 782 1588 inquit,
806 1516 1013 1568 multum
1039 1511 1200 1593 selum
1224 1522 1318 1578 pro
1354 1506 1506 1558 vobis.
1539 1501 1649 1555 [Ioc

119 1624 210 1681 est,
240 1614 349 1667 Vos
374 1611 523 1666 valde
550 1609 714 1676 diligit
739 1615 793 1660 et
831 1616 1018 1672 magno
1045 1600 1202 1653 vestri
1240 1597 1420 1663 ﬂagrat
1449 1605 1648 1681 amore.

120 1702 182 1756 Et
199 1679 302 1771 pro
331 1702 392 1753 iis
434 1699 516 1766 qui
555 1704 668 1762 sunt
700 1692 992 1754 Laodicetc,
1036 1699 1081 1741 et
1111 1688 1193 1756 qui
1219 1682 1497 1749 Hierapoli.
1545 1679 1649 1778 Illis

118 1805 322 1860 quoque
349 1803 469 1843 eum
495 1782 845 1840 commendat.
891 1778 996 1833 Sed
1038 1776 1135 1830 hoc
1184 1774 1320 1827 unde
1355 1777 1503 1823 erant
1542 1774 1649 1860 sci-

120 1857 254 1936 turi‘l
287 1877 581 1933 Verisimile
623 1882 702 1927 est
739 1871 860 1924 illos
900 1868 1194 1928 audivisse;
1221 1863 1312 1917 sed
1342 1862 1500 1915 etiam
1525 1857 1649 1910 dum

116 1969 331 2039 epistola
358 1968 619 2034 legeretur
645 1960 930 2016 discebant.
980 1955 1151 2007 Facite
1185 1953 1321 2006 enim
1340 1991 1354 2015 ,
1385 1949 1570 2039 inquit,
1585 1953 1651 2039 ut

117 2033 164 2111 et
193 2059 245 2111 in
284 2033 662 2108 Laodicensium
704 2047 926 2101 Ecclesia
968 2046 1159 2112 legatur
1187 2040 1316 2112 (Col.
1357 2040 1409 2092 4.
1444 2035 1553 2106 Ili).
1585 2033 1652 2111 Ut

117 2148 266 2211 stetis,
293 2147 478 2212 inquit,
508 2140 728 2211 perfecti.
770 2136 938 2190 Simul
979 2142 1031 2187 et
1059 2148 1150 2187 eos
1180 2128 1553 2197 reprehendit,
1598 2132 1652 2179 et

118 2251 214 2289 non
242 2233 432 2288 acerbe
459 2245 549 2284 eos
573 2229 817 2281 admonet
838 2234 891 2278 et
915 2222 1192 2277 consilium
1209 2219 1316 2272 dat.
1347 2215 1483 2269 Fieri
1511 2215 1648 2268 enim

117 2333 282 2393 potest
308 2331 365 2374 nt
392 2329 444 2372 et
467 2317 722 2386 quispiam
756 2315 824 2367 sit
851 2310 1114 2390 perfectus
1141 2317 1195 2360 et
1223 2320 1325 2358 non
1354 2311 1458 2393 stet
1484 2317 1499 2364 ;
1529 2309 1582 2354 ut
1606 2299 1651 2352 si

116 2391 228 2482 quis
246 2411 421 2465 omnia
450 2406 671 2468 noverit,
699 2404 866 2456 adhuc
886 2409 1059 2453 autem
1093 2395 1330 2449 vacillet:
1351 2391 1460 2445 ﬁeri
1482 2397 1650 2482 potest

117 2475 268 2552 etiam
298 2507 356 2551 ut
382 2511 484 2549 non
509 2493 584 2546 sit
612 2491 872 2560 perfectus
895 2527 911 2551 ,
943 2500 1039 2538 nec
1062 2483 1344 2543 consistat;
1383 2487 1440 2531 ut
1464 2478 1506 2530 si
1536 2475 1654 2550 quis

119 2589 244 2642 sciat
284 2584 494 2655 quidem
539 2589 782 2649 partem,
829 2590 926 2630 nec
976 2581 1079 2626 stet
1129 2570 1364 2624 firmiter.
1419 2565 1524 2655 Sed
1569 2563 1654 2618 bic

119 2654 388 2741 utrumque
414 2679 574 2738 optat,
610 2667 675 2721 Ut
704 2665 857 2729 stetis,
890 2661 1070 2729 inquit,
1101 2657 1321 2726 perfecti.
1361 2654 1494 2708 Vide
1520 2667 1652 2721 quo-

121 2761 269 2815 modo
295 2773 389 2814 eos
418 2769 598 2810 rursus
617 2750 944 2806 admonuerit
980 2746 1233 2801 sermonis
1259 2743 1325 2796 de
1352 2741 1570 2810 angelis,
1600 2747 1651 2794 et

120 2851 181 2904 de
199 2851 322 2902 vita.
367 2846 432 2901 Et
462 2845 626 2912 pleni,
653 2841 818 2910 inquit
844 2879 857 2900 ,
883 2839 936 2889 in
959 2837 1092 2890 omni
1117 2835 1366 2887 voluntate
1389 2829 1506 2883 Dei.
1538 2828 1653 2883 Non

122 2940 253 2990 enim
278 2936 448 2990 solum
477 2931 669 2986 sufﬁcit
692 2929 865 2982 facere
891 2927 980 2979 Dei
1016 2925 1357 2977 voluntatem.
1385 2919 1481 2972 Cui
1509 2918 1654 2971 enim

121 3035 195 3081 est
218 3028 372 3094 plene
415 3022 608 3090 aliquid
654 3030 992 3088 persuasum,
1034 3029 1136 3066 non
1177 3012 1300 3066 sinit
1323 3008 1480 3062 aliam
1515 3007 1568 3060 in
1595 3020 1653 3061 se

122 3117 570 3172 cssevoluntatem
603 3107 834 3176 :alioqui
874 3120 977 3158 non
1022 3103 1174 3172 plene
1211 3113 1513 3169 persuasum
1558 3095 1654 3148 ha-

122 3209 282 3261 beret.
311 3201 692 3261 Testimonium,
723 3196 889 3265 inquit
907 3235 922 3257 ,
952 3193 1028 3245 illi
1053 3190 1283 3258 perhibeo
1303 3228 1317 3250 ,
1355 3187 1491 3255 quod
1511 3186 1656 3238 habet

121 3296 323 3349 multum
351 3293 528 3345 alunt.
555 3289 618 3341 Et
642 3285 834 3346 zelum,
863 3290 918 3336 et
958 3279 1174 3332 multum
1202 3293 1216 3339 ;
1246 3283 1520 3341 utrumque
1557 3287 1652 3324 au-

121 3395 202 3455 get
226 3395 280 3438 et
302 3380 584 3450 ampliﬁcat
616 3398 629 3430 :
658 3375 792 3428 sicut
813 3381 867 3425 et
886 3372 997 3438 ipse
1024 3367 1167 3429 dicit,
1194 3363 1430 3455 scribens
1548 3359 1654 3455 Cp-

123 3448 340 3528 rintbios
367 3448 648 3522 :izEmulor
676 3463 804 3515 enim
827 3475 909 3512 nos
935 3457 1028 3510 Dei
1047 3455 1153 3507 zelo
1183 3452 1256 3521 (2.
1297 3450 1413 3504 Cor.
1455 3450 1543 3502 ll.
1570 3448 1652 3516 2).

125 3564 204 3617 ιι.
232 3561 432 3616 Salutat
457 3572 541 3609 eos
566 3553 727 3605 Lucas
755 3548 972 3601 medicus
1005 3542 1309 3596 carissimus.
1343 3537 1437 3590 Hic
1458 3545 1540 3590 est
1568 3536 1656 3588 ille

123 3651 461 3720 evangelista.
490 3645 604 3699 Non
646 3657 767 3696 eum
805 3647 981 3692 autem
1009 3633 1308 3702 deprimens
1347 3630 1499 3720 ponit
1535 3627 1655 3681 ulti-

127 3719 285 3804 mum,
311 3739 404 3795 sed
439 3738 581 3790 illum
622 3731 863 3805 extollit,
892 3725 1205 3795 Epapbram.
1244 3719 1539 3774 Verisimile
1577 3725 1657 3770 est

126 3832 278 3884 fuisse
304 3829 460 3883 etiam
486 3824 617 3877 alios
639 3821 726 3888 qui
756 3821 1063 3871 vocarentur
1093 3812 1191 3864 hoc
1219 3809 1447 3861 nomine.
1473 3805 1538 3857 Et
1557 3806 1658 3858 De-

126 3934 245 3970 mas.
273 3916 407 3970 Cum
423 3912 660 3973 dixisset,
676 3905 874 3962 Salutat
896 3919 980 3956 vos
996 3900 1157 3953 Lucas
1181 3897 1419 3958 medicus,
1446 3895 1656 3962 adjecit,

125 4005 436 4059 Carissimus.
467 3999 577 4054 Hoc
601 4009 806 4064 quoque
834 4005 938 4044 non
987 4002 1200 4057 parvum
1230 3994 1308 4039 est
1337 3983 1657 4045 cncomium,

127 4095 212 4148 sed
240 4092 394 4146 valde
419 4100 683 4156 magnum,
709 4095 828 4136 esse
850 4079 1011 4132 Paulo
1030 4074 1381 4130 carissimum.
1401 4071 1487 4124 l5.
1509 4068 1662 4122 Salu-

128 4191 220 4233 tate
245 4185 427 4249 fratres
454 4175 536 4244 qui
562 4179 673 4226 sunt
689 4168 966 4230 Laodicew,
995 4175 1040 4218 et
1067 4161 1377 4231 Nympham,
1408 4167 1461 4249 et
1476 4172 1586 4249 quae
1606 4157 1661 4209 in

129 4247 267 4323 domo
283 4271 392 4338 ejus
403 4274 470 4319 est
485 4261 779 4316 Ecclesium.
795 4257 925 4324 Vide
935 4252 1196 4323 quomodo
1215 4265 1306 4304 eos
1320 4247 1658 4338 conglutinet,

130 4367 178 4410 et
197 4337 332 4411 inter
357 4371 414 4408 se
431 4349 718 4418 coniungit,
743 4363 846 4402 non
867 4345 1032 4400 solum
1057 4341 1194 4411 quod
1225 4338 1545 4400 salutaverit,
1569 4337 1662 4390 sed

131 4447 280 4498 etiam
306 4442 448 4512 quod
492 4438 737 4508 epistolas
763 4433 985 4489 dederit.
1029 4429 1224 4484 Deinde
1253 4441 1434 4480 rursus
1463 4425 1664 4494 gratiﬁ-

132 4541 306 4597 eatur,
350 4543 467 4583 eum
496 4539 731 4581 seorsum
759 4521 1045 4590 appellans.
1079 4519 1188 4570 Iloc
1210 4523 1380 4568 autem
1409 4513 1530 4567 facit
1559 4528 1664 4567 non

134 4621 242 4674 sine
257 4633 437 4683 causa,
466 4614 558 4670 sed
586 4614 717 4668 alios
739 4613 804 4666 ad
829 4608 1063 4665 eamdem
1091 4605 1352 4660 adducens
1379 4601 1669 4683 aemulatio-

137 4723 270 4768 nem.
287 4678 471 4774 Neque
491 4705 629 4758 enim
645 4711 726 4756 est
741 4713 973 4769 parvum,
991 4695 1128 4766 quod
1147 4709 1248 4747 non
1267 4678 1667 4747 connumeraiur

136 4815 248 4853 cum
276 4797 506 4853 caeteris.
537 4794 668 4847 Vide
695 4805 822 4860 ergo
845 4803 998 4858 quam
1019 4799 1261 4854 magnum
1296 4798 1413 4837 eum
1442 4779 1671 4834 ostendit

139 4903 253 4942 esse
278 4871 544 4945 virum,hsi
570 4878 996 4951 quidem'domus
1028 4875 1141 4942 ejus
1167 4881 1280 4927 erat
1301 4869 1541 4924 ecclesia.
1585 4867 1668 4920 16.

144 4975 202 5028 Et
229 4991 347 5029 cum
376 4974 500 5027 lecta
525 4970 673 5040 fuerit
703 4967 838 5035 apud
880 4980 964 5018 vos
1011 4961 1240 5032 epistola,
1279 4959 1426 5028 facite
1465 4965 1517 5008 ut
1551 4964 1598 5006 et
1620 4954 1674 5006 in

145 5065 520 5130 Laodicensium
580 5060 800 5113 Ecclesia
844 5057 1052 5126 legatur.
1095 5053 1218 5107 Mihi
1271 5051 1518 5104 videntur
1559 5060 1678 5101 esse

145 5155 379 5220 quaedam
408 5166 472 5206 ex
502 5151 564 5204 iis
592 5164 706 5217 qua:
734 5147 838 5201 illic
865 5145 1054 5214 scripta
1081 5150 1232 5204 sunt,
1260 5155 1374 5209 quae
1399 5138 1495 5191 hos
1520 5136 1681 5191 etiam

145 5240 424 5314 oportebat
447 5237 649 5292 audire.
670 5235 736 5290 Et
757 5235 838 5288 his
861 5237 1029 5301 major
1052 5240 1164 5286 erat
1187 5229 1409 5292 utilitas,
1433 5241 1550 5281 eum
1563 5224 1682 5314 illis

150 5312 478 5397 reprehensis
503 5339 596 5380 sua
623 5332 835 5393 peccata
861 5327 1219 5391 agnoscerent.
1251 5315 1318 5388 Et
1340 5332 1398 5369 ea
1416 5329 1524 5383 qua:
1550 5312 1683 5365 Lao-

153 5417 420 5470 dicensium
445 5423 558 5479 est,
584 5422 639 5466 ut
663 5421 712 5465 et
735 5426 819 5464 vos
861 5409 1052 5480 legatis.
1098 5404 1317 5474 Quidam
1356 5403 1533 5464 dicunt
1577 5399 1711 5454 non"

157 5503 297 5558 Pauli
318 5502 385 5557 ad
409 5503 549 5571 ipsos
570 5501 799 5564 missam,
832 5499 924 5552 sed
952 5511 1070 5566 qua:
1095 5480 1160 5549 ab
1185 5495 1311 5562 ipsis
1336 5492 1400 5545 ad
1427 5492 1642 5544 Paulum
1666 5504 1681 5541 :

161 5607 259 5644 non
287 5593 427 5647 enim
451 5590 615 5654 dixit,
644 5589 773 5643 Eam
822 5603 939 5657 qua:
964 5595 1046 5642 est
1078 5584 1144 5639 ad
1170 5583 1539 5645 Laodicenses,
1570 5579 1685 5645 sed,

164 5681 281 5747 Qua
317 5682 508 5751 scripta
561 5692 633 5736 est
660 5697 688 5734 a
715 5678 976 5734 Laodicea.
1004 5678 1093 5733 Π.
1125 5675 1191 5731 Et
1227 5675 1374 5730 dicite
1411 5672 1685 5744 Archippo,

925 430 991 486 IN
1025 427 1235 486 EPIST.
1277 425 1366 481 AD
1400 423 1671 480 COLOSS.
1711 420 1861 476 CAP.
1902 419 1986 474 IV.
2028 417 2251 476 IIOJIIL.
2293 418 2404 477 XII.

3097 438 3102 441 ’
3178 428 3291 489 3ΐῖ

1757 531 1880 586 Vide
1903 533 2227 586 ministerium
2245 535 2381 604 quod
2406 536 2641 605 accepisti
2674 538 2726 592 in
2757 539 2969 595 Domino
2989 583 3003 606 ,
3026 600 3031 605 _
3065 557 3115 596 ut
3153 545 3290 599 illm!

1745 622 1971 689 impleas.
1997 621 2103 676 Cur
2119 638 2222 676 non
2245 623 2426 678 scribit
2441 625 2506 678 ad
2530 626 2736 693 ipsum?
2763 629 3006 684 Fortasse
3029 646 3130 685 non
3152 648 3294 700 opus

1747 719 1880 776 erat,
1900 711 1993 764 sed
2015 712 2126 765 sola
2152 712 2290 765 nuda
2316 712 2691 780 admonitione,
2713 725 2768 770 ut
2793 716 2941 772 ﬁeret
2965 719 3282 789 diligentior.

1749 796 1834 851 l8.
1867 797 2116 852 Salutatio
2134 815 2241 851 mea
2265 815 2418 853 manu
2450 799 2624 854 Pauli.
2658 802 2768 858 Hoc
2792 813 2872 858 est
2899 806 3147 861 indicium
3176 809 3285 862 sin-

1747 884 1977 938 ceritatis
2003 894 2054 938 et
2081 886 2344 951 amicitiae,
2371 888 2508 956 quod
2547 897 2601 943 et
2627 890 2862 957 viderent
2889 892 3094 958 literas,
3131 905 3182 949 et
3231 896 3294 950 iu

1750 985 1839 1026 eas
1865 983 2040 1026 essent
2063 973 2252 1027 allecti.
2283 973 2526 1030 Mentorea
2551 987 2701 1032 estote
2719 980 3024 1035 uinculorum
3044 976 3284 1038 meorum.

1750 1060 1931 1128 Papze!
1953 1071 2142 1129 quanta
2162 1064 2479 1120 consolatio!
2498 1066 2609 1121 Hoc
2637 1070 2774 1123 enim
2802 1070 2993 1124 snfllcit
3016 1072 3080 1124 ad
3107 1088 3200 1126 eos
3222 1074 3285 1126 ad

1748 1150 1923 1206 omnia
1964 1152 2352 1218 adhortandos,
2397 1162 2450 1208 et
2475 1155 2541 1210 ad
2586 1157 2883 1212 reddendos
2932 1159 3175 1215 fortiores
3219 1161 3284 1216 ad

1749 1238 2032 1312 certamina
2081 1255 2094 1289 :
2129 1254 2230 1291 non
2260 1228 2426 1294 solum
2468 1252 2643 1299 autem
2671 1244 2934 1310 fortiores,
2960 1247 3053 1301 sed
3098 1258 3151 1302 et
3180 1254 3287 1303 eos

1749 1325 2001 1380 reddebat
2027 1329 2191 1396 magis
2217 1329 2516 1384 familiares.
2551 1332 2724 1385 Gratia
2750 1334 3016 1390 vobiscum.
3040 1337 3214 1390 Amen.

1742 1474 1747 1479 ι
1818 1413 1872 1466 2.
1898 1414 2136 1482 Magnum
2184 1418 2512 1482 cncomium,
2553 1428 2606 1472 et
2632 1421 2797 1489 majus
2836 1423 2952 1476 aliis
2990 1425 3230 1479 omnibus
3255 1464 3271 1486 ,

1751 1499 1927 1554 dicere
1958 1503 2027 1556 de
2053 1503 2316 1570 Epaphra,
2343 1507 2441 1568 Qui
2467 1516 2537 1559 est
2565 1524 2627 1561 ea:
2651 1510 2785 1562 vobis
2811 1527 2979 1564 servus
2995 1511 3198 1568 Christi.
3223 1513 3291 1566 Et

1751 1590 2052 1645 ministrum
2101 1593 2270 1659 ipsum
2303 1609 2400 1662 pro
2433 1595 2560 1664 ipsis
2601 1597 2766 1664 dicit,
2799 1601 2935 1655 sicut
2961 1609 3012 1654 et
3054 1617 3111 1657 se
3162 1603 3290 1657 dicit

1754 1679 2048 1732 ministrum
2078 1681 2327 1735 Ecclesiae
2356 1699 2370 1735 :
2401 1693 2457 1737 ut
2476 1686 2684 1752 quando
2710 1687 2855 1760 dicit,
2887 1689 3040 1758 Cujus
3066 1693 3193 1743 enim
3218 1693 3293 1761 fui

1756 1765 1948 1820 Paulus
1976 1771 2197 1822 minister
2223 1771 2356 1839 (Col.
2391 1773 2442 1825 1.
2465 1773 2578 1841 25).
2607 1774 2689 1828 Ad
2716 1777 2955 1832 eamdem
2986 1779 3293 1848 dignitatem

1757 1853 1926 1906 virum
1954 1854 2122 1919 eﬂ‘ert,
2155 1870 2468 1913 conservum
2490 1876 2608 1914 eum
2634 1865 2880 1930 superius
2918 1877 3093 1930 vocat,
3125 1875 3180 1921 et
3207 1867 3292 1922 hic

1753 1954 1980 1993 servum.
2001 1941 2098 2004 Qui
2119 1959 2180 1997 ea:
2193 1946 2326 1999 vobis
2353 1957 2442 2010 est,
2467 1948 2665 2016 inquit;
2697 1959 2955 2019 tamquam
2982 1967 3099 2006 cum
3126 1963 3301 2010 matre

1753 2027 2036 2092 disserens,
2079 2041 2130 2084 et
2157 2032 2359 2100 dicens,
2387 2035 2485 2099 Qui
2510 2045 2592 2089 cst
2621 2052 2684 2091 ex
2709 2047 2796 2093 tuo
2825 2049 2991 2094 utero.
3018 2040 3122 2096 Sed
3162 2044 3298 2097 invi-

1753 2116 1892 2169 diam
1916 2119 2174 2172 attulisset
2202 2121 2303 2175 hoc
2333 2125 2964 2196 encomium.'Propterea
2997 2146 3100 2185 non
3123 2147 3184 2186 ex
3213 2133 3314 2187 his-

1753 2205 1878 2259 solis
1898 2220 2017 2259 eum
2037 2210 2402 2276 commendat,
2427 2212 2519 2266 sed
2537 2222 2590 2267 et
2609 2228 2674 2268 ex
2695 2215 2758 2268 iis
2775 2232 2890 2285 quae
2917 2218 2980 2271 ad
3005 2221 3145 2287 ipsos
3171 2236 3291 2288 pcr-

1755 2293 1957 2346 tinent:
1988 2303 2041 2348 et
2066 2297 2169 2349 illic
2195 2298 2350 2351 solvit
2387 2299 2656 2367 invidiam,
2686 2310 2741 2356 et
2768 2303 2853 2358 hic
2892 2320 3120 2374 quoque.
3149 2308 3294 2362 Sam-

1754 2396 1860 2448 per,
1885 2382 2067 2449 inquit,
2097 2401 2187 2452 pro
2202 2387 2335 2439 vobis
2354 2388 2614 2443 sollicitus.
2635 2375 2757 2444 Non
2777 2407 2936 2446 nunc
2962 2396 3130 2448 solum
3158 2396 3296 2465 apud

1736 2483 1852 2546 nos
1891 2478 1947 2522 ut
1986 2471 2137 2526 nobis
2164 2475 2441 2541 ostendat,
2483 2491 2653 2545 neque
2699 2479 2839 2551 apud
2883 2496 2975 2536 vos
3024 2483 3193 2536 solum
3241 2492 3296 2536 ut

1753 2556 1904 2612 vobis
1933 2559 2198 2612 ostendat.
2227 2561 2469 2630 Magnum
2500 2565 2737 2619 exhibuit
2783 2567 2942 2622 animi
2991 2569 3217 2624 studium
3245 2582 3299 2626 et

1754 2646 2076 2701 alacritatem
2124 2649 2373 2716 dicendo,
2407 2652 2687 2706 Sollicitus.
2714 2655 2911 2711 Deinde
2940 2673 3006 2712 ne
3037 2659 3298 2715 videretur

1754 2735 1830 2788 eis
1873 2735 2138 2803 blandiri,
2191 2739 2505 2807 subjunxit:
2542 2741 2705 2795 Habet
2750 2746 2962 2820 multum
3000 2748 3160 2801 selum
3207 2766 3304 2820 pro

1753 2822 1907 2886 vobis,
1931 2832 1978 2875 et
1997 2839 2087 2891 pro
2105 2825 2168 2877 iis
2193 2827 2279 2893 qui
2306 2836 2419 2880 sunt
2443 2827 2710 2885 Laodicea
2733 2841 2784 2884 et
2810 2834 2894 2901 qui
2903 2817 2975 2886 Ἠ
2979 2817 3216 2903 ἰεναροιὶί
3232 2838 3300 2890 Et

1755 2910 1914 2974 illud,
1951 2911 2019 2965 Ut
2045 2915 2180 2968 stetis
2210 2918 2456 2985 perfecti,
2486 2933 2590 2972 non
2631 2927 2715 2974 est
2766 2925 3134 2977 assentationis
3156 2963 3171 2990 ,
3203 2925 3298 2979 sed

1755 3002 2028 3054 reverendi
2056 3006 2411 3073 praceptoris.
2438 3007 2504 3061 Et
2529 3010 2739 3077 repleti,
2769 3011 2954 3080 inquit,
2973 3021 3025 3067 et
3053 3013 3294 3081 perfecti.

1756 3085 1884 3141 Illud
1910 3090 2121 3156 quidem
2167 3091 2352 3158 dedit,
2401 3093 2501 3149 hoc
2528 3104 2706 3150 autem
2758 3098 2888 3151 dixit
2913 3099 3156 3154 deiicere.
3191 3100 3300 3155 Nec

1756 3177 1905 3242 dixit,
1931 3179 1999 3232 Ut
2026 3196 2130 3233 non
2164 3182 2350 3235 labetis
2375 3224 2389 3248 ,
2416 3184 2505 3238 sed
2533 3226 2552 3253 ,
2579 3185 2648 3239 Ut
2673 3189 2830 3239 stetis.
2860 3188 3008 3253 Quod
3045 3199 3218 3242 autem
3268 3206 3300 3244 a

1755 3266 1934 3319 multis
1958 3268 2266 3333 salutentur,
2287 3271 2386 3323 hoc
2409 3286 2501 3325 eos
2527 3283 2751 3336 recreat,
2769 3276 2977 3343 quando
3002 3292 3108 3330 non
3129 3278 3299 3333 solum

1756 3353 1846 3420 qui
1873 3364 1995 3407 sunt
2023 3370 2090 3408 ex
2131 3355 2208 3409 eis
2256 3356 2612 3413 familiaritate
2640 3369 2692 3414 et
2745 3360 3134 3418 necessitudine
3171 3379 3302 3419 con-

1753 3440 1954 3508 juncti,
1984 3437 2076 3496 sed
2107 3445 2264 3497 etiam
2315 3446 2403 3498 alii
2437 3462 2619 3501 eorum
2645 3453 3020 3505 meminerunt.
3046 3453 3112 3505 Et
3155 3454 3309 3508 dicite

1755 3529 2009 3598 Archippo
2051 3547 2070 3584 :
2121 3531 2246 3584 Vide
2286 3535 2619 3588 ministerium
2659 3538 2792 3606 quod
2828 3541 3064 3609 accepisti
3102 3542 3154 3594 in
3196 3541 3308 3596 Do-

1758 3620 1914 3672 mino.
1947 3620 2051 3673 Eos
2076 3623 2302 3676 maxime
2333 3623 2431 3691 ipsi
2462 3625 2690 3693 subjicit.
2715 3627 2826 3680 Non
2877 3637 3120 3696 poterant
3157 3634 3306 3686 enim

1759 3708 1980 3775 amplius
2025 3709 2172 3762 illum
2202 3725 2422 3780 arguere
2470 3716 2612 3781 ipsos
2656 3703 3013 3784 increpantem
3040 3759 3054 3784 ,
3087 3720 3308 3788 quando

1760 3798 1858 3865 ipsi
1913 3789 2214 3852 universum
2259 3803 2612 3868 susceperint.
2638 3802 2753 3857 Non
2795 3813 2878 3859 est
2921 3808 3061 3860 enim
3112 3809 3309 3862 rationi

1760 3896 2170 3942 consentaneum
2194 3928 2208 3952 ,
2238 3897 2296 3943 ut
2324 3891 2568 3960 discipuli
2613 3892 2791 3946 dicant
2841 3895 2909 3949 de
2963 3905 3306 3966 prmceptore.

1729 3975 1861 4030 'Sed
1891 3976 1968 4029 eis
1990 3989 2050 4028 os
2080 3977 2358 4032 obstruens
2401 3979 2501 4033 hoc
2548 3974 2676 4034 dicit
2705 4000 2718 4034 :
2751 3981 2947 4048 Dicite,
2970 3985 3162 4052 inquit,
3203 3986 3328 4037 Ar-‘

1762 4065 1942 4134 chippo
1970 4080 1989 4116 :
2028 4065 2167 4117 Vide.
2198 4066 2310 4120 Hoc
2337 4067 2552 4121 verbum
2602 4084 2809 4137 semper
2833 4081 2913 4125 est
2937 4073 3178 4126 terrentis
3207 4091 3220 4126 :
3250 4082 3310 4127 ut

1762 4152 1969 4220 quando
1997 4153 2156 4217 dicit,
2186 4152 2358 4207 Videte
2382 4165 2531 4209 Canes
2559 4155 2811 4226 (Philipp.
2834 4158 2886 4211 5.
2914 4158 3005 4229 2):
3040 4158 3212 4213 Videte
3248 4177 3317 4214 ne
3422 4226 3431 4233 _

1763 4241 1871 4309 quis
1897 4256 1980 4294 vos
2001 4242 2199 4295 seducat
2222 4257 2240 4295 :
2278 4240 2451 4296 Videte
2475 4261 2535 4297 ne
2554 4246 2720 4310 aliqua
2745 4246 2892 4299 modo
2914 4249 3030 4301 ista-
3050 4257 3210 4301 uestra
3248 4251 3309 4302 liv

1764 4328 1926 4384 bertas
1950 4331 2012 4384 sit
2026 4329 2380 4396 offendiculum
2398 4333 2608 4397 inﬁrmis
2632 4335 2761 4404 (Col.
2788 4336 2840 4389 2.
2860 4336 2913 4391 8.
2947 4337 2998 4390 Ι.
3016 4336 3203 4392 Con-8.
3229 4338 3313 4408 9).

1768 4419 1834 4471 Et
1863 4433 2070 4488 semper
2094 4420 2169 4473 sic
2193 4420 2322 4474 dicit
2352 4423 2562 4490 quando
2584 4431 2770 4477 terret.
2798 4422 2951 4491 Vide,
2980 4426 3184 4494 inquit,
3219 4429 3313 4479 mi-

1769 4510 2025 4562 nisterium
2050 4511 2187 4576 quod
2215 4512 2452 4578 accepisti
2480 4513 2535 4564 in
2563 4511 2777 4565 Domino
2795 4552 2812 4578 ,
2839 4523 2892 4566 ut
2930 4515 3058 4566 illud
3083 4515 3316 4583 impleas.

1769 4596 1948 4665 Neque
1967 4598 2093 4651 sinit
2117 4613 2238 4652 eum
2260 4613 2379 4652 esse
2405 4598 2678 4653 dominum
2703 4639 2717 4665 ,
2750 4601 2885 4654 sicut
2931 4602 3044 4670 ipse
3067 4602 3278 4657 dicebat
3298 4621 3316 4656 :

1773 4689 1832 4742 Si
1857 4688 1986 4741 enim
2011 4688 2175 4741 volens
2215 4688 2308 4740 hoc
2334 4689 2466 4758 {acia
2489 4727 2504 4751 ,
2556 4690 2826 4743 mercedem
2851 4691 3045 4755 habeo;
3083 4694 3128 4746 si
3152 4703 3320 4746 autem

1774 4777 1955 4828 invitus
1975 4818 1990 4842 ,
2021 4776 2330 4845 dispensatio
2356 4777 2477 4828 mihi
2522 4787 2593 4829 est
2635 4777 2827 4830 credita
2871 4780 2950 4847 (I.
2969 4779 3083 4834 Cor.
3114 4781 3168 4838 9.
3208 4781 3315 4850 l7).

1780 4867 1846 4920 Ut
1866 4868 2028 4935 ipsum
2051 4867 2258 4935 impleas
2287 4881 2306 4918 :
2333 4880 2542 4933 semper
2562 4866 2736 4920 studio
2761 4876 2913 4920 utens
2942 4885 2955 4920 :
2991 4869 3138 4932 Quod
3177 4885 3318 4922 acce-

1778 4958 1900 5025 pisti
1919 4959 1971 5009 in
1995 4956 2223 5009 Domina.
2255 4956 2456 5008 Rursus
2485 4955 2636 5021 illud,
2668 4957 2740 5018 in,
2768 4965 2867 5018 est,
2901 4971 2994 5024 per
3021 4957 3316 5009 Dominum.

1779 5046 1895 5114 Ipse
1921 5045 2013 5098 tibi
2043 5043 2204 5104 dedit.
2235 5058 2338 5096 non
2366 5058 2483 5097 nos.
2517 5045 2579 5097 Et
2606 5044 2724 5098 illos
2752 5045 2800 5097 ei
2829 5044 3041 5111 subjicit
3065 5084 3080 5108 ,
3109 5045 3322 5112 quando

1781 5134 2010 5190 ostendit
2032 5133 2084 5187 id
2120 5133 2219 5200 ipsi
2267 5131 2427 5185 fuisse
2475 5132 2723 5184 traditum
2750 5146 2779 5182 a
2810 5132 3049 5185 Domino.
3081 5131 3324 5184 Memores

1783 5232 1930 5278 estote
1948 5221 2253 5280 vinculorum
2272 5235 2510 5274 meorum.
2530 5217 2703 5271 Gratia
2721 5218 2985 5272 vobiscum.
3010 5217 3183 5270 Amen.
3209 5217 3321 5269 Sol‘

1786 5313 1863 5364 vit
1893 5309 2246 5364 metum.Etsi
2271 5308 2408 5361 enim
2452 5306 2634 5360 doctor
2661 5315 2741 5358 est
2782 5306 2833 5358 in
2861 5305 3108 5367 vinculis,
3158 5305 3325 5373 gratia

1790 5409 1960 5453 tamen
1999 5413 2118 5453 eum
2144 5397 2316 5450 solvit.
2338 5396 2404 5450 Et
2450 5395 2548 5449 hoc
2574 5408 2784 5463 quoque
2821 5402 2903 5448 est
2952 5394 3133 5462 gratia:
3155 5434 3168 5458 ,
3196 5408 3322 5446 cou-

1789 5488 2048 5542 ccdcreut
2069 5487 2179 5553 ipse
2201 5485 2404 5538 vinetus
2435 5500 2450 5534 :
2479 5482 2602 5536 andi
2629 5482 2770 5535 enim
2800 5481 2994 5535 Lucam
3024 5481 3286 5535 dicentem
3311 5496 3324 5532 :

1792 5577 2173 5631 Revertebantur
2189 5575 2404 5644 apostoli
2429 5591 2462 5628 a
2481 5574 2609 5644 facie
2629 5572 2830 5626 concilii
2864 5571 3135 5641 gaudentes
3153 5610 3167 5635 ,
3196 5581 3335 5638 quod

1793 5666 1931 5735 digni
1955 5675 2110 5719 essent
2139 5664 2292 5718 habiti
2319 5681 2412 5735 pro
2438 5664 2632 5719 nomine
2655 5662 2814 5727 ipsius
2840 5658 3192 5715 contumeliam
3218 5661 3329 5730 pati
