4050 6324
706 389 809 442 533

711 503 843 568 (Λα.
875 501 926 554 5.
964 502 1071 563 tl).
1109 500 1308 553 Revera
1339 497 1476 550 enim
1496 496 1709 563 dignum
1737 504 1855 544 esse
1883 487 2111 541 habitqu
2139 489 2239 546 est,

709 601 762 641 et
792 589 1164 642 contumeliam
1192 602 1309 641 esse
1333 600 1542 656 passmn
1573 622 1588 645 ,
1613 593 1665 636 et
1695 581 1921 634 vinctum
1957 590 2094 630 esse.
2117 570 2246 625 Nam

713 679 755 729 si
784 679 870 745 qui
901 686 1041 729 amat
1067 677 1381 744 quempiam,
1415 674 1615 727 lucrum
1644 683 1759 724 esse
1785 676 1930 737 putat
1962 665 2004 717 si
2038 670 2248 730 propter

711 775 939 817 amatum
976 779 1157 832 passus
1185 764 1273 822 sit,
1323 761 1484 814 multo
1513 759 1676 826 magis
1704 765 1919 824 propter
1959 751 2243 806 Christum.

788 853 976 905 Paulus
1016 853 1290 919 exemplum
1335 851 1567 901 virtutum
1611 846 1851 899 euntium.
1880 870 1948 880 ——
1993 839 2069 893 Ne
2121 851 2249 905 ergo

714 957 851 1009 πέει-ε
879 942 1102 994 feratnus
1138 939 1447 991 afﬂictioncs
1474 943 1684 1002 propter
1702 931 1992 991 Christum,
2022 926 2112 980 scd
2135 926 2248 977 vin-

718 1031 950 1082 culorum
980 1028 1124 1081 Pauli
1166 1041 1258 1079 nos
1308 1039 1513 1093 quoque
1540 1024 1700 1075 simus
1732 1030 2028 1079 memores;
2065 1023 2118 1067 et
2151 1015 2248 1065 hoc

721 1121 789 1172 sit
830 1119 977 1171 nobis
1001 1117 1310 1170 adhortatio.
1343 1112 1497 1167 Verbi
1527 1111 1710 1179 gratia,
1753 1107 1941 1160 suades
1964 1103 2241 1172 aliquibus,

716 1218 771 1260 ut
821 1207 1130 1274 pauperibus
1157 1205 1278 1257 dent
1309 1212 1518 1270 propter
1557 1196 1856 1253 Christum?
1910 1192 2248 1248 reminiscere

715 1295 1040 1347 vinculorum
1072 1293 1214 1345 Pauli
1240 1331 1255 1355 ,
1282 1301 1334 1344 et
1362 1300 1412 1343 te
1439 1300 1490 1342 et
1520 1288 1635 1340 illos
1666 1283 1940 1353 pronuntia
1984 1282 2204 1333 miseros
2227 1316 2242 1340 ,

715 1384 758 1434 si
789 1383 871 1433 ille
899 1380 1102 1448 quidem
1128 1389 1180 1432 et
1196 1392 1381 1445 corpus
1400 1375 1541 1429 dedit
1570 1373 1791 1426 vinculis
1818 1377 2026 1438 propter
2051 1369 2238 1432 ipsum,

722 1479 774 1521 tu
819 1479 991 1520 autem
1023 1483 1086 1520 ne
1135 1468 1302 1519 cibum
1346 1463 1553 1532 quidem
1593 1460 1926 1529 impertiaris.
1955 1454 2236 1508 Extelleris

712 1567 922 1625 propter
951 1558 1083 1608 bona
1126 1553 1325 1622 Opera?
1377 1550 1658 1604 recordare
1697 1546 2021 1601 vinculorum
2062 1543 2245 1606 Pauli,

710 1657 763 1698 et
787 1644 923 1713 quod
953 1641 1076 1695 nihil
1109 1641 1208 1694 tale
1235 1641 1307 1693 sis
1354 1653 1535 1707 passus
1555 1676 1570 1700 ,
1597 1651 1692 1690 nec
1736 1636 1870 1688 ultra
1901 1642 1950 1685 te
2005 1629 2244 1684 extollcs.

713 1737 848 1787 Itoua
898 1731 1118 1801 proximi
1179 1728 1562 1796 concupivisti?
1609 1733 1872 1778 memento
1921 1721 2248 1774 vinculorum

710 1824 888 1886 Pauli,
920 1830 973 1874 et
1020 1819 1219 1872 videbis
1253 1831 1409 1885 quam
1441 1817 1507 1868 sit
1534 1813 1817 1867 absurdum
1861 1811 2008 1863 illum
2039 1806 2250 1876 quidem

709 1927 823 1965 esse
851 1915 902 1963 in
932 1908 1172 1971 vinculis,
1203 1916 1254 1959 te
1277 1916 1452 1957 autem
1484 1904 1535 1955 in
1563 1901 1786 1955 deliciis.
1813 1901 2013 1952 liursus
2033 1894 2252 1948 delicia-

708 2016 821 2054 rum
851 1998 1044 2052 teneris
1069 1994 1374 2050 desiderio?
1406 1993 1496 2045 tibi
1527 1992 1700 2044 veniat
1732 1992 1782 2041 in
1808 1995 2038 2040 mentem
2069 1998 2251 2036 carcer

709 2090 852 2144 Pauli
884 2106 897 2141 :
934 2102 992 2140 es
1021 2086 1161 2138 illius
1185 2082 1495 2150 discipulus,
1528 2094 1586 2132 es
1616 2077 1753 2130 illius
1774 2074 2083 2129 commilito.
2111 2074 2253 2136 Quo-

708 2177 864 2232 modo
879 2185 958 2229 est
984 2173 1171 2227 rationi
1194 2179 1627 2229 consentaneum,
1652 2175 1710 2220 ut
1727 2165 2015 2219 commilito
2039 2163 2248 2230 quidem

706 2267 772 2319 sit
801 2266 850 2316 in
870 2262 1107 2323 vinculis,
1140 2272 1193 2313 tu
1221 2271 1395 2310 autem
1427 2258 1478 2308 in
1508 2255 1744 2307 deliciis?
1764 2253 1837 2306 Es
1865 2253 1915 2304 in
1947 2251 2249 2312 afﬂictione,

704 2354 974 2406 existimas
1019 2359 1069 2404 te
1112 2363 1229 2402 esse
1256 2345 1611 2400 derelicrum?
1651 2343 1773 2395 audi
1797 2340 1955 2395 verba
1988 2339 2168 2402 Pauli,
2199 2349 2250 2392 et

707 2442 910 2495 videbis
934 2439 1074 2508 quod
1119 2451 1237 2491 esse
1292 2437 1345 2488 in
1374 2434 1696 2494 afﬂictione,
1729 2445 1835 2483 non
1882 2437 1964 2482 est
2003 2427 2250 2481 indiciqu

710 2529 1088 2584 derclictionis.
1118 2527 1204 2580 Vis
1231 2535 1403 2580 vestes
1431 2524 1567 2577 ferre
1589 2521 1817 2576 sericas?
1847 2519 2126 2573 recordare
2142 2519 2254 2572 vin-

681 2623 944 2674 culorum
977 2617 1143 2680 Pauli,
1175 2625 1228 2670 et
1254 2631 1314 2669 ea
1343 2614 1660 2667 videbuntur
1688 2611 1873 2664 viliora
1909 2610 2094 2677 pannis
2139 2622 2255 2661 sor-

711 2709 850 2761 didis
894 2715 948 2761 et
974 2705 1222 2759 emnosis.
1248 2704 1337 2756 Vis
1378 2701 1552 2754 aureis
1583 2699 1772 2752 indui?
1803 2698 1893 2750 tibi
1946 2698 2158 2750 veniant
2199 2697 2252 2750 in

715 2806 947 2850 mentem
978 2792 1181 2846 vincula
1215 2791 1379 2852 Pauli,
1414 2800 1466 2842 et
1495 2787 1658 2840 nihilo
1691 2786 1781 2839 tibi
1799 2785 2116 2838 videbuntur
2145 2799 2250 2837 me-

715 2886 844 2937 liora
874 2897 1016 2944 esse,
1041 2894 1196 2948 quam
1229 2888 1379 2932 vetus
1405 2878 1616 2946 juncus.
1656 2877 1744 2928 Vis
1780 2875 1998 2941 capillos
2024 2888 2215 2927 ornare
2237 2914 2251 2936 ,

709 2982 762 3027 et
783 2973 943 3025 videri
970 2968 1217 3038 pulchra?
1239 2967 1408 3036 cogita
1434 2966 1732 3034 squalorem
1761 2965 1904 3018 Pauli
1936 2966 1984 3016 in
2015 2977 2251 3026 carcere,

709 3075 764 3117 et
801 3061 865 3114 ad
897 3061 1035 3114 illam
1084 3058 1383 3113 accenderis
1423 3055 1860 3124 pulchritudinem
1883 3095 1896 3118 ,
1925 3053 2104 3107 ethoc
2145 3054 2256 3105 exi-

713 3152 949 3207 stimabis
967 3164 1082 3204 esse
1104 3148 1507 3211 deformitatem,
1527 3155 1684 3214 atque
1703 3145 1893 3198 acriter
1919 3144 2252 3212 ingemisces,

716 3245 805 3295 illa
836 3241 1036 3294 vincula
1065 3239 1301 3306 cupiens.
1322 3235 1412 3289 Vis
1438 3238 1588 3290 tritos
1621 3234 1766 3288 fucos
1792 3244 1845 3287 et
1871 3234 2130 3302 pigmenta
2162 3233 2253 3285 tibi

714 3333 927 3398 illiuire,
952 3340 1005 3384 et
1024 3329 1245 3382 similia?
1275 3329 1442 3394 cogita
1467 3326 1608 3379 illius
1640 3325 1898 3391 lacrymas
1923 3340 1935 3373 ε
1972 3322 2253 3374 triennium

716 3431 873 3476 noctu
921 3429 975 3474 et
1016 3419 1105 3482 diu
1149 3432 1251 3470 non
1281 3416 1520 3470 cessabat
1550 3413 1693 3467 ﬂere.
1727 3413 1836 3466 lloe
1885 3412 2085 3465 mundo
2127 3425 2254 3464 orna

712 3522 827 3566 tuas
851 3524 1010 3578 genas
1042 3526 1054 3561 :
1090 3508 1170 3560 hae
1201 3507 1447 3574 Iacryma:
1494 3503 1612 3556 illas
1653 3502 1878 3555 reddunt
1926 3500 2250 3568 splendidas.

714 3601 827 3654 Non
856 3599 976 3654 dico
1025 3606 1079 3650 ut
1122 3610 1216 3664 pro
1246 3595 1362 3647 aliis
1389 3592 1549 3652 ﬂeas;
1578 3591 1697 3643 volo
1744 3589 1950 3656 quidem
1973 3630 1987 3653 ,
2016 3588 2107 3640 sed
2155 3587 2254 3641 hoc

711 3702 791 3745 est
820 3697 870 3742 te
896 3687 1084 3748 altius;
1113 3699 1292 3737 verum
1315 3683 1510 3736 suadeo
1547 3692 1599 3732 ut
1629 3681 1728 3732 hoc
1758 3679 1914 3730 facias
1946 3695 2038 3744 pro
2071 3692 2255 3744 pecca-

711 3781 776 3832 tis
805 3779 924 3830 tuis.
941 3775 1144 3829 Jussisti
1168 3773 1349 3824 vinciri
1377 3783 1617 3837 puerum,
1637 3761 1689 3820 et'
1717 3768 1846 3820 irata
1867 3766 1964 3820 es?
1990 3775 2254 3818 memento

713 3867 1038 3921 vinculorum
1064 3863 1229 3924 Pauli,
1259 3870 1311 3914 et
1337 3860 1509 3912 statim
1540 3859 1690 3910 sistes
1721 3858 1884 3909 iram:
1917 3857 2255 3909 reminiscere

711 3970 807 4008 nos
845 3967 962 4006 esse
1017 3967 1081 4005 ex
1126 3951 1189 4002 iis
1245 3949 1332 4016 qui
1390 3947 1548 3999 vincti
1601 3954 1760 4008 sunt,
1817 3960 1920 3999 non
1967 3960 2031 3998 ex
2073 3945 2136 3998 iis
2164 3947 2252 4011 qui

709 4043 986 4105 vinciunt;
1045 4055 1107 4092 ex
1153 4038 1218 4091 iis
1270 4037 1358 4104 qui
1431 4043 1552 4088 sunt
1613 4035 1823 4087 contriti
1897 4036 2093 4096 corde,
2147 4049 2252 4086 non

709 4141 886 4185 autem
939 4145 1003 4184 ex
1053 4129 1115 4181 iis
1171 4126 1257 4195 qui
1303 4134 1601 4196 conterunt.
1653 4123 1844 4176 Diﬂ'usa
1902 4138 2002 4187 es,
2039 4134 2092 4175 et
2144 4139 2254 4176 ma-

710 4235 865 4288 gnum
893 4217 1101 4271 edidisti
1132 4214 1486 4268 cachinnum?
1533 4212 1625 4266 tibi
1669 4213 1882 4265 veniant
1920 4212 1971 4264 in
2021 4222 2250 4266 mentem

711 4309 849 4362 illius
882 4306 1081 4370 ﬂetus,
1126 4291 1179 4358 et
1233 4304 1590 4372 ingemisces:
1632 4302 1794 4354 multo
1843 4299 2248 4367 splendidiorem

709 4407 760 4450 te
784 4395 1009 4450 reddunt
1037 4393 1118 4447 hae
1161 4394 1425 4462 lacrymm.
1459 4390 1650 4444 Vidisti
1680 4403 1736 4442 se
1765 4389 1968 4444 deliciis
1995 4390 2252 4446 dedentes

706 4496 761 4540 et
783 4485 1063 4539 saltantes?
1090 4481 1366 4537 recordare
1389 4481 1502 4550 eius
1524 4482 1895 4549 lacrymarum.
1928 4480 2003 4532 Ex
2025 4495 2251 4548 quonam

708 4573 851 4627 fonte
881 4581 1020 4626 tanta
1063 4579 1374 4625 emanarunt
1419 4569 1611 4623 ﬂuenta
1641 4609 1656 4632 ,
1685 4577 1741 4620 ut
1782 4583 1846 4621 ex
1896 4568 2037 4622 illius
2083 4570 2253 4625 oculis

711 4661 990 4733 lacrymm?
1013 4660 1255 4715 Mentorea
1282 4669 1452 4723 estote,
1468 4659 1654 4728 inquit,
1674 4659 2009 4728 lacrymarum
2033 4676 2254 4713 uacarunt

707 4752 1047 4821 (Αει.2ο.51),
1079 4751 1211 4804 sicut
1237 4753 1328 4804 hic
1347 4750 1694 4803 vinculorum.
1725 4749 1789 4801 Et
1819 4751 2005 4803 merito
2023 4751 2253 4805 illislimc

708 4841 935 4907 dicebat,
955 4857 1073 4896 cum
1096 4855 1188 4894 eos
1208 4840 1415 4908 Epheso
1437 4839 1666 4892 Miletum
1698 4840 2077 4895 aceersivisset.
2105 4842 2254 4896 Dice-

707 4931 796 4984 bat
814 4932 951 4985 enim
981 4931 1280 4984 doctoribus
1305 4947 1319 4994 ;
1348 4930 1531 4982 abillis
1554 4929 1763 4998 quidem
1782 4931 1996 4999 exigens
2015 4932 2171 4986 etiam
2199 4944 2254 4986 ut

705 5029 1043 5088 congregem,
1073 5020 1139 5072 ab
1167 5019 1247 5071 his
1275 5028 1450 5072 autem
1475 5019 1642 5071 solum
1675 5026 1732 5070 ut
1754 5020 1984 5086 pericula
2011 5021 2248 5076 subeant.

781 5111 835 5163 5.
858 5109 1145 5175 Quemnam
1177 5108 1371 5160 fontem
1400 5108 1478 5160 vis
1492 5121 1798 5176 comparare
1819 5123 1939 5162 cum
1977 5109 2057 5162 his
2082 5111 2251 5180 lacry-

708 5199 847 5254 mis?
877 5212 1067 5252 eumne
1093 5198 1178 5266 qui
1210 5205 1324 5250 erat
1361 5197 1413 5249 in
1462 5197 1719 5263 paradiso,
1745 5197 1835 5264 qui
1863 5197 2116 5265 irrigabat
2139 5199 2252 5251 uni-

708 5304 911 5344 versam
955 5287 1188 5341 terram?
1216 5285 1318 5340 Sed
1360 5284 1492 5338 nihil
1541 5285 1682 5339 dices
1706 5287 1909 5354 aequale
1941 5306 1954 5340 :
1985 5287 2070 5339 hic
2110 5287 2249 5341 enim

706 5381 824 5431 fons
869 5379 1212 5446 lacrymarum
1247 5376 1450 5428 animas
1502 5374 1771 5443 irrigabat,
1801 5390 1904 5428 non
1953 5384 2165 5429 terram.
2195 5377 2248 5430 Si

708 5470 966 5538 quispiam
994 5467 1147 5523 nobis
1194 5466 1486 5521 ostenderit
1525 5466 1743 5520 Paulum
1773 5467 2148 5538 lacrymantem
2199 5478 2253 5522 et

707 5566 1000 5625 gementem
1023 5595 1039 5623 ,
1067 5571 1242 5610 annon
1292 5556 1457 5609 multo
1498 5566 1637 5610 esset
1666 5557 1854 5611 melius
1879 5572 1999 5611 eum
2029 5557 2210 5612 videre
2235 5599 2249 5624 ,

707 5661 864 5713 quam
895 5646 1304 5703 innumerabiles
1328 5645 1519 5702 choros
1545 5647 1812 5715 eleganter
1835 5657 1889 5703 et
1933 5647 2067 5704 belle
2092 5664 2247 5704 coro-

1481 382 1535 440 S.
1575 379 1844 438 JOANNES
1880 366 2331 427 CllllYSOSTOMI
2371 369 2677 424 ARCIIIEP.
2717 371 3233 430 CONSTANTlNOP.

3796 371 3916 422 δεῖ

2355 489 2503 535 natos
2531 483 2552 536 Τ
2599 484 2672 537 De
2701 485 2847 540 vobis
2877 501 2980 541 non
3006 488 3192 556 loquor
3221 506 3233 542 :
3269 487 3361 543 sed
3412 489 3456 541 si
3482 490 3599 557 quis
3625 503 3654 540 a
3685 489 3916 541 theatro

2351 577 2402 622 et
2427 584 2457 622 a
2482 584 2640 624 scena
2671 572 2897 628 abducto
2925 575 3104 642 aliquo
3133 577 3486 630 iucontinente
3527 587 3580 631 et
3603 576 3912 645 impudico,

2351 658 2436 725 qui
2461 671 2639 713 amore
2663 675 2944 730 corporum
2975 663 3159 732 ﬂagret
3183 673 3238 718 et
3260 666 3558 728 bacchctur,
3589 664 3915 719 ostenderet

2351 745 2572 812 puellam
2604 749 2853 818 virginem
2881 753 2932 805 in
2960 753 3075 820 ipso
3093 753 3224 808 ﬂore
3251 756 3436 819 artatis,
3469 764 3523 826 et
3549 769 3663 824 qua:
3693 771 3822 808 eum
3853 755 3913 805 in

2352 833 2468 886 aliis
2510 846 2722 904 superet
2746 841 2978 907 mquales
3000 881 3015 904 ,
3043 850 3096 895 et
3125 844 3267 896 vultu
3297 844 3412 909 plus
3440 859 3592 912 quam
3640 844 3916 896 membris

2350 923 2571 985 crctcris,
2613 933 2665 976 et
2707 941 2822 992 qua:
2864 936 3071 982 teneros
3116 930 3400 998 mollesque
3440 930 3627 984 habeat
3669 931 3871 983 oculos
3899 971 3915 989 ,

2351 1006 2539 1062 leuiter
2579 1009 2867 1067 insidentes
2889 1055 2904 1079 ,
2954 1015 3139 1069 leniter
3166 1032 3224 1070 se
3254 1018 3519 1072 volventes
3544 1057 3560 1082 ,
3591 1018 3864 1071 ﬂexibiles
3893 1057 3909 1074 .

2351 1095 2525 1159 mites,
2555 1111 2798 1166 serenos,
2827 1100 3177 1169 subridentes,
3211 1105 3374 1156 multo
3402 1105 3601 1172 pudore
3629 1106 3917 1173 composi-

2353 1189 2433 1235 tos
2467 1192 2521 1236 et
2547 1186 2706 1238 multa
2746 1190 2950 1256 gratia;
2981 1191 3143 1260 nigris
3176 1192 3437 1260 palpebris
3475 1193 3673 1248 inferne
3698 1202 3752 1247 et
3805 1207 3915 1244 5n—

2352 1284 2511 1336 perae
2527 1273 2596 1325 sit
2619 1285 2886 1342 coronata,
2915 1287 2968 1332 et
2983 1280 3284 1345 animatam,
3309 1289 3366 1335 ut
3390 1281 3460 1334 ita
3486 1281 3676 1348 dicam,
3702 1283 3915 1335 habeat

2351 1361 2597 1426 pupillam
2622 1402 2635 1425 ,
2666 1364 2880 1418 nitidam
2924 1367 3190 1425 frontem:
3229 1370 3430 1423 inferne
3475 1379 3651 1424 autem
3695 1387 3904 1439 genam

2351 1447 2416 1500 ad
2443 1453 2754 1505 concinnum
2787 1455 3029 1510 ruborem
3077 1458 3390 1523 venientem,
3422 1459 3586 1514 instar
3615 1463 3914 1514 marmoris

2351 1538 2642 1605 subjectam
2674 1544 2879 1610 planam
2908 1555 2960 1598 et
2985 1562 3187 1616 mquam
3211 1565 3224 1601 :
3251 1549 3438 1604 deinde
3453 1551 3582 1603 mihi
3601 1552 3915 1604 ostenderit

2353 1625 2566 1680 Paulum
2598 1630 2994 1700 laerymantcm,
3024 1649 3084 1688 ea
3116 1635 3328 1690 dimissa
3357 1639 3421 1691 ad
3449 1639 3614 1705 ipsum
3643 1649 3910 1707 spectan-

2352 1713 2473 1766 dum
2529 1718 2792 1772 exsilirem
2828 1721 2930 1774 :ab
2960 1723 3073 1790 ejus
3115 1725 3254 1776 enim
3303 1726 3470 1779 oculis
3526 1727 3915 1794 rcsplendebm

2354 1804 2688 1869 pulchritudo
2731 1808 3040 1873 spiritualis.
3071 1810 3200 1863 Nam
3261 1813 3343 1865 illa
3397 1814 3603 1881 quidem
3639 1815 3911 1882 juvenmzn

2353 1893 2505 1960 erigit
2527 1895 2752 1960 animos,
2777 1898 3121 1967 accenditque
3143 1909 3194 1953 et
3222 1903 3351 1963 urit;
3374 1903 3483 1955 lucc
3507 1913 3680 1956 autem
3709 1912 3913 1955 contra

2352 1983 2667 2048 comprimit.
2696 1984 2860 2052 llujus
2889 1988 2977 2055 qui
3029 1988 3170 2042 videt
3211 1990 3388 2044 oculos
3408 2031 3423 2054 ,
3454 1991 3660 2044 oculum
3705 1994 3914 2043 anima:

2353 2068 2515 2121 eflicit
2543 2070 2922 2138 pulchriorem,
2960 2083 3194 2130 ventrem
3225 2079 3537 2145 comprimit,
3565 2080 3730 2146 replet
3775 2080 3914 2145 phi—

2354 2157 2588 2225 l050phia
2617 2169 2671 2213 et
2702 2161 2860 2214 multa
2907 2167 3384 2232 commiseratione,
3411 2177 3464 2221 et
3510 2168 3915 2221 adamantinam

2354 2248 2560 2301 mollire
2583 2257 2754 2315 potest
2773 2251 3018 2304 animam.
3036 2253 3124 2305 liis
3145 2254 3389 2323 lacrymis
3415 2258 3610 2324 rigatur
3638 2257 3911 2322 Ecclesia,

2356 2333 2437 2385 his
2468 2336 2771 2401 plantantur
2800 2338 3008 2392 animae.
3029 2341 3241 2395 Etiamsi
3269 2343 3337 2396 sit
3362 2344 3514 2412 ignis,
3545 2344 3622 2397 lia:
3650 2345 3917 2414 lat-rvina:

2354 2433 2571 2487 possunt
2599 2426 2964 2493 exstinguere,
3006 2439 3060 2482 et
3099 2431 3402 2484 scnsibilem
3431 2442 3485 2486 et
3527 2434 3862 2500 corporalem
3899 2453 3913 2484 :

2356 2510 2436 2563 hze
2462 2511 2704 2582 lacryma:
2728 2516 2943 2583 sagittas
2970 2517 3184 2584 maligni
3209 2520 3399 2585 ignitas
3421 2522 3770 2589 exstinguunt.
3797 2523 3919 2574 Me-

2356 2600 2663 2655 minerimus
2707 2617 2832 2672 ergo
2875 2604 2988 2673 ejus
3036 2606 3383 2676 lacrymarum
3409 2649 3424 2672 ,
3465 2616 3518 2662 et
3564 2603 3918 2663 irridebitnus

2357 2690 2531 2742 omnia
2562 2691 2858 2756 prazsentia.
2891 2693 2996 2746 Has
3025 2694 3281 2764 laerymas
3303 2696 3543 2750 Christus
3571 2697 3746 2751 beatas
3776 2714 3919 2766 pro-

2359 2778 2653 2845 nuntiabat,
2685 2780 2889 2844 dicens,
2921 2781 3063 2833 Beati
3083 2786 3166 2846 qui
3194 2786 3385 2852 lugent,
3415 2796 3459 2838 et
3479 2786 3605 2838 beati
3627 2788 3710 2852 qui
3735 2789 3871 2854 ﬂent
3899 2830 3914 2851 ,

2356 2866 2590 2931 quoniam
2642 2868 2739 2934 ipsi
2789 2869 3014 2921 ridebunt
3041 2869 3264 2941 (Matth.
3287 2874 3340 2926 5.
3367 2873 3453 2940 5).
3486 2872 3589 2926 Has
3639 2875 3920 2943 lacrymas

2359 2953 2669 3008 emittebant
2697 2963 2749 3008 et
2776 2955 2936 3008 Isaias
2961 2965 3010 3009 et
3041 2957 3316 3012 Jcrcmias.
3347 2962 3409 3013 Et
3441 2962 3524 3014 ille
3571 2962 3778 3030 quidem
3818 2966 3914 3016 lli-

2359 3043 2512 3096 cebat
2537 3084 2551 3107 ,
2587 3045 2832 3098 Dimittite
2879 3063 2956 3099 me
2979 3088 2991 3110 ,
3020 3048 3146 3113 ﬂebo
3188 3031 3358 3102 amare
3406 3051 3553 3120 (lsai.
3579 3052 3666 3105 22.
3687 3054 3741 3121 4)
3770 3071 3782 3107 :
3823 3057 3920 3107 hic

2357 3142 2532 3185 autem
2560 3132 2798 3188 dicebat.
2829 3135 2953 3199 Quis
2981 3137 3116 3188 dabit
3136 3138 3288 3205 capiti
3313 3155 3420 3192 meo
3446 3155 3644 3209 aquam,
3673 3153 3717 3194 et
3738 3146 3918 3197 oculis

2357 3222 2477 3273 meis
2503 3222 2664 3288 fontes
2705 3223 3037 3291 lacrymarum
3066 3225 3194 3291 (λεν.
3218 3227 3270 3280 9.
3300 3227 3348 3295 1)
3370 3229 3392 3280 ?
3416 3244 3476 3282 ac
3526 3231 3569 3284 si
3617 3247 3718 3285 non
3747 3234 3921 3287 suni-

2357 3311 2461 3362 ciat
2488 3310 2601 3362 ious
2629 3313 2897 3365 naturalis.
2926 3312 3064 3366 Nihil
3093 3325 3172 3367 est
3205 3315 3284 3368 his
3314 3317 3554 3386 lacrymis
3575 3319 3864 3388 jucundius
3901 3342 3916 3376 :

2358 3399 2543 3465 quovis
2570 3400 2677 3452 risu
2700 3410 2820 3452 sunt
2848 3401 2928 3454 ha:
2964 3402 3324 3468 jucundiores.
3352 3406 3534 3460 Sciunt
3559 3409 3644 3476 qui
3676 3409 3867 3478 lugent
3896 3454 3912 3476 ,

2359 3495 2608 3552 quantam
2636 3487 2747 3540 haec
2788 3503 2873 3542 res
2915 3489 3103 3544 habeat
3140 3495 3572 3548 consolationem.
3599 3496 3674 3550 Ne
3711 3499 3917 3553 existi-

2359 3590 2562 3628 memus
2592 3592 2702 3630 rem
2732 3592 2851 3630 esse
2879 3579 3281 3648 deprecandam,
3315 3582 3407 3636 sed
3433 3584 3588 3638 etiam
3619 3586 3768 3640 valde
3797 3603 3916 3656 0p-

2361 3665 2590 3717 tandam.
2626 3665 2737 3718 Non
2765 3667 2920 3718 utalii
2951 3677 3186 3736 peccent,
3210 3671 3301 3723 sed
3330 3682 3384 3723 ut
3415 3673 3537 3740 ipsis
3562 3676 3916 3740 peccantibus

2359 3769 2455 3805 nos
2505 3762 2875 3820 conteramur,
2923 3757 3106 3810 harum
3153 3761 3490 3816 recordemur
3518 3765 3912 3834 lacrymarum.

2359 3843 2549 3903 horum
2577 3846 2924 3899 vinculorum.
2957 3847 3097 3916 Ergo
3118 3859 3168 3902 et
3195 3865 3351 3919 super
3377 3855 3578 3907 vincula
3606 3855 3910 3914 descende-

2359 3936 2483 3988 bant
2512 3935 2759 4003 lacryma:
2793 3953 2805 3988 :
2838 3953 2954 4005 qua:
3001 3947 3174 3992 autem
3223 3957 3288 3995 ex
3317 3943 3536 3998 vinculis
3564 3947 3857 4014 percipitur
3879 3991 3896 4014 ,

2359 4024 2678 4090 voluptatem
2718 4040 2820 4077 non
2873 4027 3080 4080 sinebat
3126 4031 3320 4084 sentire
3365 4047 3508 4086 mors
3558 4050 3736 4090 eorum
3762 4079 3776 4104 ,
3807 4043 3910 4107 qui

2358 4111 2617 4179 peribant,
2651 4113 3004 4168 vincientium.
3030 4115 3130 4169 Pro
3159 4118 3263 4170 illis
3284 4121 3476 4188 quippe
3501 4122 3709 4178 dolebat
3737 4143 3752 4178 :
3783 4139 3914 4182 erat

2356 4200 2496 4252 enim
2521 4199 2807 4268 discipulus
2836 4201 2974 4255 illius
3017 4203 3103 4270 qui
3133 4203 3289 4258 ﬂebat
3339 4209 3639 4264 sacerdotes
3683 4211 3910 4269 Judreo-

2360 4304 2497 4354 rum,
2529 4304 2633 4341 non
2661 4289 2800 4357 quod
2831 4290 3000 4358 ipsum
3027 4301 3209 4347 essent
3236 4295 3287 4347 in
3334 4310 3542 4350 crucem
3568 4303 3766 4364 acturi,
3799 4305 3908 4357 sed

2356 4381 2496 4450 quod
2524 4382 2619 4451 ipsi
2639 4385 2890 4452 perirent.
2917 4385 3024 4439 Nec
3052 4386 3162 4454 ipse
3182 4389 3322 4442 solus
3351 4389 3450 4443 hoc
3470 4389 3613 4454 facit,
3631 4392 3720 4445 sed
3738 4381 3909 4448 etiam

2357 4473 2488 4527 alios
2507 4473 2584 4527 sic
2608 4473 2933 4539 exhortatur,
2955 4476 3155 4542 dicens,
3183 4476 3374 4544 Nolite,
3403 4480 3587 4548 inquit,
3604 4481 3726 4547 ﬂere
3747 4499 3908 4552 super

2357 4579 2434 4615 me
2457 4602 2472 4626 ,
2507 4562 2627 4630 ﬁlia:
2652 4564 2930 4618 Jerusalem
2955 4564 3103 4634 (Luc.
3131 4565 3218 4619 25.
3241 4565 3356 4635 28).
3382 4567 3638 4623 Viderunt
3679 4573 3907 4638 paradi—

2357 4668 2474 4707 sum
2503 4654 2589 4706 isti
2608 4654 2770 4719 oculi,
2802 4654 3048 4709 viderunt
3073 4657 3280 4710 tertium
3311 4658 3529 4723 caelum;
3557 4659 3649 4714 sed
3672 4675 3763 4714 eos
3788 4677 3906 4717 non

2358 4755 2464 4799 tam
2491 4759 2686 4799 censeo
2727 4746 2910 4799 beatos
2939 4754 3150 4815 propter
3179 4746 3279 4801 hoc
3316 4751 3671 4816 spectaculum
3691 4790 3709 4815 ,
3736 4767 3904 4820 quam

2358 4845 2569 4905 propter
2593 4834 2852 4903 lacrymas
2895 4850 2986 4903 per
3029 4850 3158 4904 quas
3185 4837 3429 4890 viderunt
3472 4839 3754 4894 Christum.
3785 4842 3906 4898 Hoc

2357 4927 2566 4996 quidem
2608 4939 2795 4980 revera
2821 4933 2902 4980 est
2949 4927 3160 4980 beatum
3189 4943 3204 4979 :
3233 4941 3352 4980 nam
3378 4929 3488 4996 ipse
3507 4943 3712 4998 quoque
3736 4929 3802 4984 de
3830 4947 3905 4988 eo

2355 5017 2627 5085 gloriatur,
2650 5016 2830 5069 dicens
2854 5032 2866 5068 :
2887 5013 3069 5068 Nonne
3079 5014 3250 5068 Iesum
3265 5015 3514 5070 Christum
3534 5016 3798 5072 Dominum
3811 5037 3910 5075 no-

2355 5102 2958 5173 strumridi(l.Cor.9.i)
2982 5103 3005 5154 ?
3035 5103 3126 5157 sed
3153 5113 3232 5156 est
3251 5104 3456 5159 beatius
3483 5107 3552 5158 ita
3575 5105 3719 5161 ﬂere.
3752 5107 3903 5164 Illius

2356 5193 2638 5262 spectaculi
2685 5191 2834 5244 multi
2859 5191 3068 5244 fuerunt
3097 5191 3409 5259 participes;
3437 5201 3491 5246 et
3531 5207 3624 5247 eos
3670 5195 3759 5262 qui
3787 5211 3902 5251 non

2356 5284 2563 5337 fuerunt
2590 5283 2903 5350 participes,
2934 5297 3114 5335 rursus
3161 5282 3358 5351 beatos.
3403 5283 3702 5350 pronuntiat
3746 5285 3902 5338 Chri-

2356 5383 2472 5429 stus
2494 5415 2509 5438 ,
2535 5375 2719 5428 dicens
2740 5411 2757 5438 ,
2783 5370 2925 5424 Beati
2965 5371 3053 5440 qui
3090 5388 3187 5424 non
3237 5372 3461 5423 viderunt
3509 5383 3553 5425 ct
3584 5375 3903 5430 crediderunt

2361 5469 2534 5538 (Joan.
2563 5466 2653 5520 20.
2679 5466 2773 5532 29)
2803 5481 2815 5516 :
2848 5463 2947 5518 hoc
2997 5470 3170 5516 autem
3223 5478 3327 5516 non
3381 5463 3528 5515 multi
3578 5472 3698 5516 sunt
3744 5479 3900 5520 asse-

2357 5557 2525 5626 quuti.
2549 5557 2606 5610 Si
2649 5556 2788 5609 enim
2833 5553 2920 5610 hic
2965 5568 3181 5608 manere
3211 5562 3424 5623 prepter
3470 5553 3734 5608 Christum
3762 5596 3774 5618 ,
3815 5568 3904 5611 est

2363 5645 2526 5715 magis
2553 5645 2905 5702 necessarium
2943 5659 3096 5713 quam
3122 5643 3338 5700 dissolvi
3386 5655 3440 5700 ut
3487 5643 3553 5701 sit
3592 5659 3710 5701 cum
3740 5645 3857 5716 ipso
3881 5683 3903 5710 ,
