4050 6324
39 409 113 461 385
807 397 870 452 IN
909 393 1120 452 EPIST.
1159 391 1252 446 AD
1286 383 1553 445 COLOSS.
1583 381 1742 438 CAP.
1785 383 1871 439 IV.
1909 383 2134 438 HOMIL.
2173 383 2285 437 X1].

43 525 202 583 propter
219 514 439 568 aliorum
467 511 724 577 salutem;
753 524 880 579 ergo
907 518 962 564 et
1006 513 1221 577 propter
1247 506 1388 571 ipsos
1436 501 1503 552 in.

37 605 388 670 gemiseerenst
435 601 603 668 magis
632 597 986 653 necessarium
1033 607 1186 662 quam
1231 592 1400 659 ipsum
1443 587 1520 639 vi-

41 693 145 742 dere.
166 688 278 742 Nam
322 688 368 740 si
429 695 646 756 propter
698 687 840 754 ipsos
885 684 1080 749 essein
1131 679 1368 749 gebenna
1395 719 1410 742 ,
1440 684 1522 730 est

37 780 157 846 magis
176 777 576 831 desiderandum
595 791 747 844 quam
773 789 890 828 esse
916 787 1036 828 cum
1067 773 1212 840 ipso;
1234 780 1288 822 et
1311 775 1524 837 propter

39 871 140 932 ipsos
159 876 230 920 est
248 865 418 934 magis
446 864 846 919 desiderandum
868 863 934 915 ab
956 862 1069 929 ipso
1090 859 1340 926 separari,
1365 868 1520 924 quam

41 971 123 1007 esse
142 970 242 1006 cum
273 955 389 1020 ipso
427 953 552 1023 (hoc
575 953 714 1006 enim
746 960 827 1004 est
851 949 990 1017 quod
1012 947 1238 1010 dicebat,
1275 943 1521 1012 Optabam

37 1047 103 1110 ipse
135 1061 212 1112 ego
235 1045 506 1096 anathema
534 1057 635 1095 me
659 1058 692 1093 α
730 1039 922 1094 Christo
952 1037 1122 1108 [Rom
1141 1039 1193 1090 9.
1220 1035 1295 1104 5])
1322 1051 1334 1085 :
1361 1033 1524 1086 multo

39 1134 152 1198 magis
174 1132 293 1185 ﬂere
322 1139 543 1199 propter
571 1130 762 1198 ipsum.
797 1127 918 1180 Non
938 1126 1153 1187 cessavi,
1187 1122 1380 1192 inquit,
1412 1136 1524 1173 cunt

36 1224 213 1290 ἵει-νῃωὶς
236 1234 631 1290 unumquemque
644 1220 912 1271 admonens
933 1218 1066 1284 (Act.
1079 1215 1167 1268 20.
1186 1217 1239 1267 3i
1257 1215 1294 1281 ).
1317 1211 1524 1276 Quare?

37 1311 110 1360 Non
139 1310 312 1362 timens
343 1306 582 1376 pericula
610 1323 624 1370 ;
655 1302 769 1368 sed,
798 1317 854 1359 ut
878 1306 922 1358 si
951 1303 1068 1372 quis
1092 1301 1362 1370 aegrotanti
1394 1299 1526 1352 assi-

36 1399 123 1450 dens
141 1440 155 1460 ,
183 1405 230 1450 et
262 1397 512 1450 nesciens
539 1395 706 1448 morbi
733 1393 888 1448 tinem
913 1432 930 1456 ,
958 1393 1272 1462 lacrymetur
1318 1397 1530 1455 pr0pter

36 1489 328 1553 desiderium,
389 1486 630 1540 metuens
681 1500 748 1538 ne
799 1499 830 1538 e
874 1485 980 1536 vita
1020 1481 1272 1536 excidat:
1306 1481 1373 1531 ita
1419 1477 1527 1544 ipse

36 1593 193 1645 quoque
219 1592 338 1629 cum
356 1576 560 1628 videret
589 1575 874 1638 inﬁrmum,
908 1587 1006 1626 nec
1033 1579 1210 1640 posset
1236 1569 1524 1634 increpare,

36 1671 73 1720 de
95 1679 265 1720 cetero
293 1664 707 1735 lacrymabatur.
741 1663 852 1715 [loc
871 1675 1077 1730 quoque
1106 1658 1228 1711 fecit
1257 1656 1525 1721 Christus,

38 1769 70 1806 ut
95 1757 160 1808 vel
203 1766 570 1808 revererentur
622 1754 878 1827 lacrymas
906 1767 918 1801 :
951 1750 1093 1803 verbi
1121 1763 1275 1800 causa
1302 1787 1317 1811 ,
1349 1761 1532 1815 pecca-

34 1849 90 1896 lat
123 1843 298 1911 aliquis
320 1883 337 1905 ,
371 1842 682 1909 increpabat
726 1859 740 1893 :
771 1839 1094 1907 conspuebat
1141 1852 1258 1890 eum
1289 1844 1339 1888 et
1396 1835 1530 1886 resi-

33 1933 148 1984 liebat
172 1932 256 2000 qui
288 1930 689 1997 iucrepabatur:
724 1927 1106 1998 lacrymabatur
1127 1926 1236 1990 ille,
1271 1932 1326 1977 ut
1351 1924 1430 1977 vel
1457 1923 1532 1976 sic

34 2021 291 2073 auraltcret.

59 2108 114 2161 't.
152 2109 536 2162 Meminerimus
563 2107 745 2160 harum
784 2107 1134 2175 lacrymarum
1163 2120 1176 2155 :
1221 2103 1297 2156 sic
1326 2111 1532 2156 nostras

34 2199 266 2250 (ducemus
291 2198 460 2262 tilias,
506 2197 582 2249 sic
608 2196 772 2258 ﬁlios,
802 2196 1152 2264 lacrymantes
1181 2206 1299 2246 cum
1337 2191 1534 2244 videri-

35 2303 112 2338 ous
135 2302 221 2339 eos
249 2301 372 2340 esse
403 2286 456 2338 in
498 2286 670 2338 malis.
723 2284 1076 2350 Quaecumque
1116 2282 1296 2335 volunt
1335 2282 1534 2344 amari,

35 2376 325 2428 meminerint
353 2374 705 2442 lacrymarum
734 2372 900 2436 Pauli,
923 2381 977 2424 et
1002 2379 1247 2440 gemant:
1277 2383 1540 2438 quascum-

33 2479 102 2526 que
127 2463 286 2518 beata:
313 2464 628 2525 censemini,
661 2456 1008 2531 quascumque
1036 2462 1165 2515 estis
1193 2462 1244 2514 in
1270 2461 1537 2522 thalamis,

33 2566 334 2620 quacumque
363 2552 416 2604 in
443 2551 730 2618 voluptate,
778 2564 958 2604 carum
987 2548 1336 2602 recordamini
1368 2567 1381 2600 :
1423 2547 1541 2615 qui-

33 2654 210 2709 cumque
235 2639 366 2692 estis
392 2639 443 2692 in
464 2639 628 2703 luctu,
656 2638 914 2707 lacrymas
935 2639 1182 2707 lacrymis
1198 2645 1538 2691 commutate.

37 2727 97 2779 llle
117 2742 210 2780 non
239 2727 455 2796 lugebat
484 2736 741 2791 mortuos,
769 2725 864 2780 sed
890 2740 983 2779 eos
1008 2727 1096 2794 qui
1121 2727 1362 2794 peribant
1389 2737 1443 2780 et
1471 2725 1547 2777 vi-

35 2815 200 2867 vebant.
224 2815 410 2868 Dicam
449 2814 607 2868 etiam
633 2814 764 2868 alias
791 2814 1089 2883 lacrymas?
1115 2813 1299 2868 Flebat
1337 2828 1543 2881 quoque

37 2899 300 2955 Timotheus
331 2919 344 2954 :
376 2910 491 2955 erat
530 2902 672 2955 enim
711 2901 828 2969 ejus
857 2902 1144 2970 discipulus
1176 2919 1190 2954 :
1235 2910 1289 2955 et
1317 2901 1436 2954 ideo
1482 2903 1547 2955 ad

37 3005 122 3041 eum
151 2992 390 3044 scribens
416 2991 624 3044 dicebat
653 3007 668 3043 :
711 2989 906 3044 Memor
944 2992 1279 3060 tacrymarum
1317 3001 1545 3057 tuarum,

36 3091 71 3129 ut
89 3083 256 3149 gaudio
286 3081 573 3149 adimplear
607 3081 680 3150 (2.
715 3081 844 3134 Tim.
875 3083 927 3134 1.
965 3081 1042 3151 4).
1068 3082 1212 3135 Multi
1239 3081 1395 3136 etiam
1425 3081 1550 3136 ﬂent

36 3183 77 3218 et
99 3170 370 3236 voluptate.
398 3169 474 3222 ita
503 3169 660 3222 etiam
679 3183 765 3221 res
790 3177 872 3222 est
891 3169 1212 3237 voluptatis,
1230 3179 1283 3223 et
1310 3171 1550 3238 volupta-

37 3259 80 3308 tis
101 3258 318 3326 ingentis
348 3276 361 3310 :
395 3258 466 3311 ita
497 3273 601 3310 non
627 3267 748 3312 sunt
777 3273 966 3327 graves
1003 3273 1067 3312 ac
1110 3259 1344 3313 molesta:
1379 3261 1550 3326 lacry-

37 3362 107 3398 mae
131 3363 241 3415 qua:
287 3347 692 3416 proﬁciscuntur
729 3362 794 3402 ex
825 3349 927 3402 hoc
952 3363 1216 3412 mmrore;
1248 3349 1339 3403 sed
1387 3350 1551 3404 multo

37 3438 251 3492 meliores
277 3439 389 3492 illis
410 3452 528 3507 qua:
560 3445 683 3491 sunt
724 3447 940 3507 propter
969 3439 1285 3493 mundanam
1311 3442 1550 3508 volupta-

38 3539 133 3579 tem.
159 3528 292 3581 Audi
320 3528 636 3596 prophetam
660 3513 946 3591 dicentem,
977 3529 1178 3582 Audiuit
1203 3528 1447 3583 Dominus
1468 3546 1552 3583 vo-

37 3630 110 3664 cem
129 3617 268 3680 ﬂetus
293 3616 393 3667 mei
421 3613 589 3684 (Paul.
619 3616 671 3668 6.
696 3615 775 3682 9).
803 3615 904 3670 Ubi
924 3631 1027 3669 non
1057 3626 1178 3670 sunt
1202 3617 1355 3671 utiles
1382 3618 1552 3686 lacry-

37 3705 147 3754 me?
175 3705 222 3756 in
254 3705 522 3772 precibus,
548 3706 598 3758 in
625 3705 1070 3760 admonitionibus
1091 3707 1114 3758 ?
1138 3707 1244 3760 Nos
1269 3717 1440 3760 autent
1463 3722 1552 3760 eas

40 3795 462 3859 reprehendimus,
512 3803 571 3847 ut
607 3795 692 3862 qui
725 3809 830 3848 non
873 3806 1082 3848 utamur
1123 3795 1188 3849 ad
1229 3811 1288 3849 ea
1325 3795 1390 3848 ad
1439 3811 1554 3864 qua:

42 3881 142 3933 dare
167 3893 308 3935 sunt.
345 3881 566 3946 Quando
606 3881 816 3935 fratrem
848 3891 1152 3950 peccantem
1198 3885 1552 3945 consolamur,

42 3970 134 4022 flare
163 3980 208 4022 te
229 3978 442 4037 oportet
467 3971 727 4039 lugentem
761 3980 816 4024 et
844 3972 1270 4038 ingemiscentem
1305 3990 1316 4024 :
1349 3971 1556 4040 quando

43 4059 158 4110 alieni
185 4059 491 4121 suademus,
514 4060 600 4111 ille
626 4067 801 4112 autem
826 4069 1054 4112 mentem
1084 4075 1184 4113 non
1210 4061 1442 4122 adhibet,
1465 4059 1556 4113 sed

43 4148 163 4209 parit,
194 4146 425 4200 ﬂendum
469 4155 568 4200 est.
619 4141 870 4200 Hze'snnt
901 4147 1147 4216 lacryma:
1189 4149 1556 4216 philosopbizc.

42 4234 225 4297 Quando
270 4247 448 4290 autem
491 4237 748 4304 quispiam
788 4252 984 4306 pauper
1029 4237 1209 4300 fuerit,
1258 4238 1466 4306 quando
1509 4239 1559 4291 in

43 4326 196 4378 morbo
241 4326 538 4394 corporali,
589 4326 798 4392 quando
856 4337 1093 4381 mortuus
1134 4327 1316 4391 fuerit,
1367 4343 1564 4396 nequa-

43 4429 210 4480 quam:
256 4416 374 4470 brec
401 4417 542 4470 enim
586 4431 690 4469 non
740 4427 865 4470 sunt
907 4418 1062 4486 digna
1101 4417 1365 4486 lacrymis.
1417 4416 1564 4470 Sicut

45 4523 144 4570 ergo
169 4509 332 4560 risum
364 4507 798 4574 reprehendimus
824 4546 839 4571 ,
884 4522 948 4560 eo
991 4509 1285 4576 importune
1311 4515 1514 4562 utentes
1548 4523 1560 4560 :

45 4596 100 4646 sic
136 4597 290 4649 etiam
332 4597 629 4665 lacrymas,
678 4597 1046 4664 intempestive
1097 4611 1186 4650 eas
1229 4606 1560 4666 usurpantes.

46 4682 164 4737 Tunc
182 4686 324 4738 cnim
349 4685 581 4738 cernitur
603 4685 1012 4754 uniuscujusque
1029 4686 1210 4747 virtus,
1240 4688 1446 4754 quando
1469 4687 1565 4740 du-

47 4773 158 4824 citur
175 4773 238 4826 ad
260 4782 611 4840 opportunam
638 4774 716 4826 sui
736 4775 965 4826 muneris
982 4773 1331 4828 iunctionem:
1358 4776 1579 4842 quando.

47 4871 190 4912 autem
213 4862 276 4912 ad
293 4862 542 4925 alienam,
559 4877 906 4931 nequaquam.
931 4862 1170 4930 Exempli
1188 4878 1364 4928 causa,
1387 4865 1564 4918 vinmn
1612 4867 1618 4873 ”

47 4949 196 5001 dJlttm
220 4960 300 5004 est
327 4949 396 5003 ad
426 4951 678 5015 lartitiam,
710 4966 814 5003 non
862 4960 1038 5004 autem
1087 4951 1150 5004 ad
1194 4952 1503 5006 ebrietatem
1550 4969 1563 5004 :

48 5039 172 5103 panis
198 5039 264 5093 ad
295 5038 669 5105 nutritionem,
707 5039 878 5093 coitus
919 5040 984 5093 ad
1012 5040 1294 5094 liberorum
1325 5055 1568 5107 procrea-

50 5131 242 5183 tionem.
270 5131 424 5185 Sicut
447 5143 574 5198 ergo
599 5144 661 5184 ea
682 5131 1063 5198 vituperantur,
1095 5131 1138 5183 si
1159 5130 1353 5184 abusus
1373 5129 1530 5184 l‘uerit
1554 5147 1568 5182 :

52 5217 101 5269 ita
126 5219 277 5272 etiam
309 5219 575 5287 lacrymae.
626 5217 730 5272 Lex
761 5217 959 5272 feratur
984 5225 1044 5271 ut
1080 5219 1131 5272 in
1161 5218 1288 5272 solis
1331 5218 1572 5286 precibus

53 5317 91 5358 ct
115 5308 554 5364 admonitionibus
578 5309 642 5362 iis
666 5308 740 5362 uti
765 5308 922 5362 liceat
945 5325 958 5362 :
981 5316 1037 5361 et
1063 5308 1181 5362 vide
1199 5306 1463 5376 quomodo
1489 5322 1574 5362 res

54 5399 132 5449 rrit
153 5400 308 5452 etiam
329 5397 580 5473 optanda.
607 5397 750 5451 Nihil
773 5399 844 5452 ita
870 5407 1054 5467 purgat
1075 5407 1305 5466 peccata,
1323 5407 1380 5452 ut
1407 5398 1578 5466 lacry-

55 5501 150 5540 une.
178 5489 246 5544 Et
282 5490 554 5559 pulchram
579 5490 808 5545 ostendit
848 5489 1032 5544 faciem
1061 5505 1365 5559 corpoream
1396 5507 1409 5543 :
1449 5506 1568 5546 eum

56 5577 172 5630 enim
212 5581 301 5648 qui
349 5577 492 5632 videt
535 5577 804 5632 attrahunt
853 5578 919 5632 ad
967 5578 1377 5633 misericordiam
1414 5596 1428 5632 :
1460 5593 1576 5632 eam

58 5663 182 5720 nolis
203 5667 400 5724 faciunt
421 5683 634 5740 gravem
657 5678 712 5726 et
731 5668 1022 5725 honestam.
1039 5669 1176 5724 Nihil
1201 5677 1282 5725 est
1299 5668 1578 5738 jucundius

3065 391 3171 446 386

1613 493 1786 547 oculis
1813 494 2241 563 lacrymantibus.
2278 492 2385 547 lloc
2425 493 2563 547 enim
2604 502 2686 550 est
2720 496 3012 552 membrum
3055 515 3169 552 oni-

1624 587 1767 636 nium
1795 585 1844 635 in
1864 585 2016 636 nobis
2035 584 2418 637 nobilissimum
2448 595 2500 637 et
2531 585 2996 652 speciosissimum,
3017 599 3172 657 atque

1617 671 1756 724 .adeo
1784 671 1945 739 ipsius
1975 671 2163 738 anima:
2185 671 2502 725 membrum.
2531 672 2817 740 Tamquam
2853 688 2978 741 ergo
3002 675 3171 744 ipsum

1627 760 1862 814 videntes
1887 759 2165 813 deﬂentem
2194 763 2441 826 animam,
2473 761 2541 814 ita
2571 761 2850 815 ﬂectimur.
2875 763 2995 817 ιιως
3023 779 3052 816 a
3078 779 3174 818 no-

1627 851 1708 904 bis
1739 867 1839 904 non
1887 861 2082 904 temere
2120 851 2256 903 dicta
2300 862 2460 917 sunt,
2488 853 2578 920 sed
2610 859 2665 904 ttt
2692 867 2784 906 vos
2822 868 2920 908 nec
2946 855 3168 923 nuptiis,

1621 953 1726 991 nec
1753 939 2159 1003 saltationibus,
2194 955 2288 992 nec
2313 939 2490 993 eboris
2517 940 2697 994 adsitis
2731 942 2995 997 satauicis.
3046 943 3172 997 Vide

1626 1026 1764 1079 enim
1794 1026 1915 1094 quid
1938 1026 2192 1080 invenerit
2218 1027 2478 1082 diabolus.
2509 1028 2638 1082 Nam
2667 1032 2914 1098 quoniam
2940 1046 2970 1084 a
2991 1045 3169 1094 scena,

1629 1124 1682 1167 et
1721 1115 1783 1166 iis
1812 1130 1926 1181 qua:
1955 1115 2059 1167 illic
2084 1125 2206 1168 sunt
2249 1118 2416 1184 turpia
2447 1128 2500 1170 et
2527 1117 2804 1179 indecora,
2850 1121 2960 1186 ipsa
2992 1130 3172 1175 natura

1629 1203 1843 1256 abduxit
1865 1204 2128 1268 mulieres,
2157 1221 2272 1272 qua:
2297 1215 2417 1258 sunt
2452 1206 2640 1259 theatri
2669 1207 2887 1260 abduxit
2922 1209 2970 1260 in
2994 1223 3172 1277 gynre-

1631 1309 1802 1356 ccum,
1829 1295 2035 1358 molles,
2069 1296 2276 1362 inquam
2299 1335 2316 1358 ,
2349 1303 2408 1348 et
2432 1296 2756 1349 meretrices.
2803 1295 2946 1348 lianc
2973 1307 3172 1365 pestem

1631 1383 1826 1436 invexit
1855 1383 1936 1435 lex
1982 1385 2258 1451 nuptialis,
2292 1385 2397 1437 imo
2443 1398 2568 1436 vero
2611 1397 2712 1435 non
2760 1383 2842 1436 lex
2889 1385 3171 1451 nuptialis,

1627 1473 1782 1534 absit,
1811 1473 1901 1525 sed
1930 1474 2011 1527 lex
2040 1477 2230 1526 noStra:
2261 1475 2519 1541 mollitiei.
2545 1473 2679 1539 Quid
2709 1474 2837 1525 iacis
2859 1463 2887 1536 ,’
2917 1488 2948 1526 o
2976 1476 3175 1527 homo?

1631 1561 1804 1614 nescis
1825 1561 1945 1629 quid
1973 1577 2116 1630 agas.
2146 1561 2411 1614 Mulierem
2435 1561 2582 1614 ducis
2610 1561 2674 1613 ad
2699 1562 3095 1628 temperantiam
3123 1571 3177 1616 et

1635 1650 1916 1702 liberorum
1947 1650 2359 1715 procreationem
2393 1666 2404 1699 :
2435 1649 2559 1716 quid
2589 1664 2714 1718 ergo
2736 1649 2830 1701 sibi
2859 1650 3038 1702 volunt
3063 1666 3171 1703 me-

1632 1740 1887 1792 retrices'!
1913 1738 1981 1792 Ut
2024 1737 2125 1799 sit,
2164 1739 2328 1805 inquit
2352 1778 2364 1798 ,
2394 1739 2560 1806 major
2591 1740 2786 1790 laetitia.
2837 1741 3021 1792 Annon
3066 1739 3178 1792 haec

1632 1839 1754 1881 sunt
1778 1828 2088 1895 insipientia:
2113 1827 2134 1878 2
2162 1827 2364 1880 Probro
2391 1827 2557 1880 amcis
2584 1843 2852 1892 sponsam,
2880 1830 3075 1896 probro
3099 1830 3178 1882 af-

1633 1916 1746 1969 ﬁcis
1775 1905 2033 1969 invitatus.
2067 1915 2193 1968 Nam
2231 1916 2272 1966 si
2322 1916 2403 1968 his
2439 1915 2790 1976 delet-tantur,
2823 1931 2907 1969 res
2947 1926 3027 1969 est
3055 1932 3178 1984 pro-

1636 2006 1785 2057 brum
1830 2015 1882 2057 et
1919 2004 2256 2057 contumelia.
2301 2003 2428 2056 Nam
2470 2004 2512 2056 si
2550 2004 2726 2056 videre
2777 2007 3078 2059 meretrices
3123 2021 3181 2062 se

1634 2093 1855 2160 turpiter
1876 2100 1932 2144 et
1959 2091 2202 2144 indecore
2228 2101 2470 2157 gerentes
2497 2092 2720 2158 aliquam
2767 2092 2917 2146 alTert
2945 2096 3184 2162 magniﬁ-

1608 2183 1880 2256 centiam,
1928 2194 2021 2231 cur
2051 2195 2154 2232 non
2192 2179 2410 2232 attrahis
2457 2194 2704 2247 sponsam
2745 2189 2802 2232 ut
2850 2184 2932 2234 illa
2978 2197 3184 2251 quoque

1636 2272 2116 2344 Spectct?0mnino
2148 2281 2294 2337 turpe
2329 2281 2409 2324 est
2449 2279 2500 2323 et
2527 2271 2847 2334 indecorum,
2884 2274 3025 2326 viros
3056 2275 3186 2327 mul-

1640 2362 1716 2415 les
1742 2371 1795 2414 et
1830 2362 2099 2425 saltantes,
2146 2368 2200 2414 et
2237 2374 2445 2413 omnem
2487 2375 2725 2427 pompam
2769 2363 3048 2416 satanieam
3088 2365 3187 2418 do-

1613 2468 1783 2510 .mnm
1810 2453 2164 2506 introducere.
2197 2453 2440 2506 Mentore:
2465 2462 2638 2518 estote,
2671 2455 2854 2522 inquit,
2882 2456 3188 2507 vinculorum

1642 2557 1879 2594 ineorum.
1908 2541 2288 2594 Matrimonium
2323 2551 2402 2594 est
2423 2542 2711 2606 vinculum,
2744 2543 3002 2595 vinculum
3027 2559 3055 2595 a
3084 2544 3191 2596 Deo
3254 2571 3258 2574 -

1642 2629 1977 2682 constitutmn
2004 2645 2017 2681 :
2047 2629 2236 2681 solutio
2257 2639 2339 2683 est
2364 2631 2612 2683 meretrix
2635 2639 2690 2682 et
2715 2631 3008 2684 dissolutio.
3046 2631 3193 2685 Licet

1643 2718 1760 2771 aliis
1782 2717 2075 2770 exhilarare
2099 2716 2328 2783 nuptias,
2358 2728 2410 2770 ut
2437 2717 2588 2770 lautis
2614 2719 2808 2771 mensis
2833 2727 2886 2771 et
2911 2721 3189 2772 vestimen-

1647 2807 1713 2859 tis
1737 2823 1749 2856 :
1785 2808 1894 2859 haec
1920 2821 2021 2859 non
2049 2816 2279 2872 amputo,
2315 2821 2379 2858 ne
2407 2806 2585 2860 videar
2612 2821 2728 2860 esse
2753 2808 2902 2860 valde
2926 2809 3144 2875 agrestis
3177 2824 3192 2863 :

1645 2909 1955 2963 quamquam
1981 2895 2230 2948 Rebeccae
2255 2896 2380 2948 satis
2408 2894 2506 2948 fuit
2533 2896 2702 2949 solum
2727 2897 3024 2950 theristrum
3058 2918 3072 2952 :
3101 2901 3203 2953 sed’

1647 2997 1750 3036 non
1767 2992 1997 3051 amputo.
2019 2985 2161 3037 Licet
2182 2984 2459 3037 exhilarari
2481 2985 2734 3059 vestibus;
2760 2986 2880 3040 licet
2899 2988 2947 3038 in
2968 3003 3198 3056 praesen-

1630 3073 1716 3145 tia
1759 3074 2169 3127 venerandorum
2201 3074 2425 3128 virorum
2472 3086 2525 3128 et
2562 3077 2970 3130 reverendarunt
3015 3081 3200 3133 mulie-

1647 3177 1784 3216 rum.
1812 3163 1944 3228 Quid
1973 3163 2191 3216 ludibria
2235 3164 2318 3214 illa
2346 3204 2359 3226 ,
2390 3163 2514 3231 quid
2548 3177 2782 3218 monstra
2824 3166 3067 3220 inducis?
3108 3168 3202 3221 Dic

1650 3267 1766 3320 qua:
1795 3252 1943 3305 audis
1973 3252 2039 3304 ab
2067 3252 2213 3319 ipsis.
2239 3255 2307 3304 At
2334 3253 2607 3307 erubescis
2639 3255 2859 3308 dicere?
2886 3256 2963 3310 Tu
3005 3259 3200 3312 erube-

1650 3344 1754 3397 scis
1774 3385 1788 3405 ,
1823 3353 1875 3395 et
1903 3342 2017 3396 illos
2053 3343 2197 3410 cogis
2225 3344 2276 3395 id
2303 3343 2511 3397 facere?
2535 3343 2587 3397 Si
2618 3345 2893 3411 pulchrum
2922 3357 2999 3400 est
3025 3357 3076 3401 et
3104 3348 3196 3399 lio-

1650 3443 1875 3497 ncstum,
1927 3448 2021 3485 cur
2063 3447 2162 3485 non
2216 3433 2328 3500 ipse
2369 3447 2577 3500 quoque
2605 3432 2772 3486 facis?
2814 3436 2857 3486 si
2905 3444 3077 3488 autem
3122 3446 3205 3490 est

1651 3530 1818 3588 turpe,
1861 3536 1954 3572 cur
1994 3520 2150 3573 alium
2194 3521 2371 3587 cogis?
2406 3521 2590 3573 Omnia
2631 3532 2838 3589 oportet
2881 3538 3000 3577 esse
3048 3525 3204 3593 plena

1653 3611 1991 3676 temperantia
2033 3625 2095 3664 ac
2139 3610 2425 3674 modestia,
2477 3609 2731 3678 gravitate
2784 3619 2837 3663 et
2886 3612 3197 3668 honestate:

1652 3715 1790 3752 nunc
1825 3714 1946 3752 vero
1974 3699 2292 3751 contrarium
2321 3688 2500 3758 'vidco,
2535 3685 2785 3751 saltantes
2829 3708 3088 3768 tamquam
3115 3716 3208 3755 ca-

1655 3788 1846 3848 melos,
1872 3794 2136 3853 tamquam
2156 3786 2346 3838 mulos.
2378 3786 2572 3854 Virgini
2595 3786 2737 3838 Solus
2763 3799 2845 3840 εει
2863 3796 3014 3854 aptus
3037 3793 3202 3842 thala-

1654 3892 1790 3929 mus.
1823 3877 1890 3928 At
1937 3886 2036 3936 est,
2068 3875 2267 3943 inquit,
2300 3891 2513 3942 pauper.
2564 3876 2821 3940 Quoniam
2869 3887 2947 3930 est
2987 3895 3205 3946 panper,

1656 3965 1814 4018 debet
1840 3965 1996 4018 etiam
2028 3978 2145 4017 esse
2170 3963 2404 4016 modesta
2433 3973 2486 4016 et
2509 3964 2729 4018 honesta
2758 3983 2770 4016 :
2813 3966 3001 4020 habeat
3039 3985 3210 4024 mores

1658 4068 1754 4122 pro
1783 4053 1998 4106 divitiis.
2030 4053 2145 4106 Non
2171 4061 2344 4121 potest
2374 4052 2500 4104 dare
2529 4053 2744 4105 dotem?
2773 4068 2867 4106 cur
2908 4069 3022 4107 eam
3054 4067 3212 4110 etiam

1659 4143 1788 4194 alias
1842 4142 2018 4194 reddis
2067 4142 2501 4195 contemnendznn
2559 4157 2622 4193 ex
2686 4143 2785 4195 hac
2833 4145 3213 4211 perversione?

1660 4232 1840 4285 Laudo
1867 4231 2004 4300 quod
2034 4231 2207 4284 adsint
2235 4232 2465 4300 virgines
2492 4233 2745 4301 mqualem
2772 4248 2917 4286 suam
2947 4233 3209 4287 honoran-

1671 4331 1788 4377 tes:
1824 4322 1959 4389 quod
1994 4322 2164 4374 adsint
2192 4322 2438 4375 mulieres
2473 4336 2588 4374 eam
2633 4322 2982 4386 honorantes,
3015 4339 3130 4390 qua:
3163 4340 3212 4376 Ill

1663 4425 1812 4463 suum
1846 4426 2118 4464 numerum
2153 4419 2233 4463 est
2276 4411 2438 4463 relata
2473 4428 2485 4462 :
2514 4410 2612 4463 hoc
2643 4420 2785 4463 recte
2831 4421 2910 4464 est
2957 4423 3212 4466 COIlSlllU-

1665 4510 1797 4553 tum.
1827 4500 1957 4553 Sunt
1995 4483 2132 4552 enim
2165 4499 2213 4551 lii
2242 4499 2346 4552 duo
2375 4500 2522 4552 chori
2557 4518 2567 4550 :
2599 4498 2792 4552 chorus
2835 4501 3092 4568 virginum
3115 4542 3129 4563 ,
3161 4515 3214 4556 et

1666 4588 1858 4643 chorus
1907 4604 2086 4642 carum
2133 4604 2248 4656 qua:
2304 4597 2638 4655 nupserunt:
2681 4589 2785 4642 illa:
2835 4591 3085 4652 tradunt,
3138 4602 3217 4642 na:

1667 4679 1973 4746 suscipiunt.
2001 4679 2202 4746 Sponsa
2230 4686 2312 4731 est
2336 4679 2472 4730 inter
2497 4693 2607 4740 eas,
2639 4693 2806 4747 neque
2857 4679 3021 4748 virgo,
3051 4696 3221 4748 neque

1667 4771 1856 4823 mulier
1887 4786 1899 4821 :
1935 4785 2052 4822 nam
2089 4769 2229 4822 illinc
2258 4769 2464 4836 quidem
2495 4770 2779 4839 egreditur,
2804 4770 2855 4823 in
2887 4771 3020 4824 hanc
3045 4783 3218 4824 autem

1668 4861 1903 4914 ascendit
1924 4861 2164 4913 classem.

1707 4969 1719 4978 ·
1742 4950 2024 5002 Μειγανίτας
2051 4950 2099 5001 in
2132 4951 2320 5016 nuptiis
2343 4950 2598 5002 admixtis.
2618 4980 2685 4988 —
2704 4951 2806 5002 Cur
2841 4961 3014 5004 autem
3045 4966 3218 5005 mere-

1672 5041 1870 5094 trices?
1913 5041 2042 5092 Cum
2090 5048 2355 5108 Oporteret
2397 5055 2487 5094 eas
2515 5054 2622 5107 pra:
2666 5040 2864 5107 pudore
2901 5040 3043 5108 tegi,
3098 5041 3221 5093 dum

1673 5130 1867 5198 nuptia:
1889 5128 2238 5192 celebrantur,
2266 5143 2385 5182 cum
2407 5135 2678 5196 oporteret
2709 5143 2800 5182 eas
2825 5130 2984 5182 inrodi
3016 5129 3226 5198 (matri-

1679 5221 1842 5276 monii
1871 5221 2011 5275 enim
2043 5221 2312 5288 corruptio
2349 5229 2431 5274 est
2475 5219 2771 5288 scortatio),
2800 5236 2894 5274 nos
2923 5232 3096 5275 autem
3139 5237 3231 5289 cas

1675 5312 1913 5365 ducimus
1941 5310 2004 5364 ad
2033 5303 2258 5379 nuptias.
2289 5309 2353 5362 Et
2381 5309 2594 5377 quando
2633 5302 2830 5377 aliquid
2855 5308 3066 5376 quidem
3101 5307 3224 5360 l‘aci-

1679 5403 1766 5465 tis,
1793 5401 1947 5454 etiam
1969 5400 2146 5452 verbis
2176 5409 2327 5453 tenus
2347 5399 2608 5454 contraria
2629 5400 2804 5452 omnia
2832 5397 3184 5466 deprecamini
3208 5414 3223 5450 :

1678 5500 1736 5544 ut
1760 5490 1968 5558 quando
1995 5489 2244 5552 scminas,
2267 5488 2477 5558 quando
2497 5489 2678 5542 vinum
2699 5487 2878 5542 hauris
2903 5502 2969 5542 ex
2997 5489 3224 5542 torcula-

1680 5581 1843 5643 ribus,
1873 5594 1938 5633 ne
1979 5578 2313 5656 responderis
2353 5577 2564 5648 quidem
2602 5593 2720 5648 qua:
2761 5591 2981 5646 vappam
3026 5575 3225 5644 signiti-

1679 5678 1802 5726 cant
1833 5685 1846 5723 :
1879 5670 2187 5735 hic-autem,
2220 5667 2305 5722 ubi
2333 5669 2525 5732 decent
2549 5666 2841 5744 moderatio
2864 5675 2912 5718 et
2937 5673 3226 5733 temperan-
