4050 6324
851 415 951 470 587

853 529 954 591 tia,
999 539 1215 594 vappam
1259 519 1620 585 introducitis;
1671 519 1771 573 hoc
1793 519 1932 573 enim
1984 525 2064 570 est
2104 510 2380 568 meretrix.

851 616 1069 681 Quando
1093 620 1408 682 unguentum
1437 609 1752 678 componitis
1778 647 1794 670 ,
1825 605 1955 661 nihil
1978 604 2116 658 male
2140 603 2288 656 olens
2317 596 2389 651 si-

856 705 975 756 nitis
991 702 1422 770 appropinquare.
1441 697 1821 751 Matrimonium
1834 705 1911 748 est
1927 701 2246 761 unguentum
2263 706 2276 738 :
2290 701 2386 742 cur

854 791 987 845 omni
1035 791 1268 844 faetorem
1318 787 1518 840 inducis
1546 787 1599 840 in
1621 784 2049 852 compositionem
2093 782 2384 850 unguenti?

855 880 985 945 Quid
1005 879 1164 933 dicis?
1189 878 1340 931 saltat
1368 877 1534 944 virgo,
1556 883 1609 926 et
1633 889 1734 925 non
1761 888 1874 925 eam
1898 870 2058 939 pudet
2083 885 2190 923 sua:
2211 885 2386 938 :equa-

857 971 958 1022 lis?
982 969 1198 1036 Oportet
1223 967 1362 1019 enim
1389 966 1550 1032 ipsam
1571 964 1668 1018 hac
1684 977 1800 1016 esse
1827 962 2174 1015 honestiorem
2201 970 2255 1014 et
2271 977 2388 1029 gra-

855 1058 1051 1109 viorem
1073 1073 1085 1107 :
1107 1069 1172 1107 ex
1197 1055 1314 1107 uina
1347 1053 1542 1119 quippe
1567 1065 1775 1119 egressa
1800 1058 1898 1114 est,
1922 1065 2022 1101 non
2043 1066 2104 1102 ex
2127 1051 2383 1116 palmstra.

854 1144 966 1196 Non
1011 1149 1215 1211 oportet
1263 1140 1403 1192 enim
1459 1138 1675 1191 omnino
1724 1138 1975 1205 virginem
2028 1151 2284 1206 apparere
2334 1137 2386 1189 in

856 1232 1064 1297 nuptiis.

923 1319 974 1370 5.
1013 1317 1125 1369 Non
1157 1317 1301 1368 vides
1321 1315 1461 1384 quod
1491 1315 1543 1367 in
1571 1315 1710 1382 regia
1734 1313 1819 1381 qui
1845 1320 1963 1365 sunt
1988 1313 2195 1381 quidem
2225 1314 2389 1366 hono-

861 1406 998 1468 rati,
1031 1413 1155 1457 sunt
1181 1407 1320 1456 intus
1341 1405 1481 1456 circa
1525 1418 1739 1470 regem;
1779 1403 1812 1454 ii
1842 1410 2015 1454 autem
2063 1403 2150 1470 qui
2182 1419 2284 1455 non
2335 1404 2387 1456 in

856 1496 1053 1547 honore
1080 1503 1220 1557 sunt,
1244 1502 1381 1544 stant
1409 1491 1574 1543 foris?
1602 1491 1685 1543 Sis
1712 1491 1886 1559 itaque
1911 1491 2048 1544 intus
2071 1494 2206 1544 circa
2233 1506 2388 1558 spon-

855 1597 986 1634 sam.
1016 1580 1118 1634 Sed
1149 1590 1289 1632 casta
1321 1594 1473 1631 mane
1515 1578 1698 1630 domi:
1738 1594 1804 1633 ne
1851 1579 1902 1631 in
1945 1595 2184 1646 pompam
2230 1580 2387 1634 ducas

855 1672 1226 1739 virginitatem.
1279 1669 1465 1721 Adstat
1523 1675 1739 1735 uterque
1782 1667 2006 1731 chorus;
2050 1669 2135 1720 ille
2179 1668 2388 1736 quidem

853 1760 1058 1827 qualem
1086 1758 1174 1809 det
1197 1756 1499 1816 ostendens,
1532 1755 1614 1806 hic
1636 1764 1831 1817 autem,
1858 1765 1913 1806 ut
1933 1769 2046 1808 eam
2072 1763 2347 1811 coaservet
2372 1771 2388 1806 :

853 1863 946 1898 cur
970 1845 1224 1898 dedecore
1246 1843 1412 1896 allieis
1443 1843 1830 1908 virginitatem?
1859 1843 1987 1895 Nam
2016 1844 2058 1896 si
2090 1853 2142 1896 tu
2160 1859 2228 1906 es
2252 1843 2386 1907 talis,

856 1935 974 1987 talia
1004 1947 1227 1999 sponsus
1251 1931 1316 1982 de
1351 1930 1434 1981 illa
1472 1929 1819 1996 suSpicabitur
1849 1948 1862 1981 :
1891 1932 1932 1982 si
1965 1939 2016 1982 tu
2045 1933 2172 1984 velis
2203 1933 2386 1994 amari,

854 2037 915 2074 ea
941 2028 1063 2071 sunt
1086 2035 1228 2085 cepa:
1253 2057 1266 2080 ,
1299 2018 1500 2069 olerum
1541 2016 1839 2068 venditricis
1864 2027 1915 2070 et
1941 2019 2158 2082 Opilicis.
2201 2020 2387 2070 Annon

853 2120 973 2163 Sttnl
1008 2110 1116 2160 Itatc
1143 2108 1385 2174 probrmn
1413 2115 1465 2157 et
1493 2103 1758 2156 dedecus?
1783 2104 2034 2156 Probrum
2061 2106 2199 2156 enim
2229 2117 2308 2157 est
2336 2116 2389 2158 et

851 2201 1078 2252 dedecus
1106 2211 1161 2248 se
1190 2195 1435 2247 indecore
1463 2207 1670 2260 gerere,
1703 2193 1858 2244 etiam
1899 2194 1942 2244 si
1982 2194 2049 2243 sit
2082 2193 2183 2244 lilia
2229 2193 2385 2260 regis.

853 2288 982 2339 Num
1009 2285 1248 2352 prohibet
1279 2281 1596 2348 paupertas?
1623 2295 1745 2332 num
1772 2281 1890 2332 vita:
1915 2281 2142 2332 studium
2165 2290 2217 2333 et
2243 2281 2390 2332 iusti-

853 2374 1057 2429 tututn?
1083 2370 1293 2424 Etiamsi
1320 2383 1472 2422 serva
1492 2370 1560 2421 sit
1591 2369 1756 2434 virgo,
1781 2377 1987 2420 maneat
2017 2369 2066 2418 in
2092 2368 2341 2434 pudicitia
2368 2385 2380 2418 :

854 2465 916 2516 lu
948 2465 1139 2516 Citt't'aw
1167 2461 1305 2514 enim
1326 2458 1451 2511 Jesu
1476 2475 1574 2510 non
1600 2468 1670 2510 est
1689 2473 1872 2518 aereus,
1913 2473 1999 2508 nec
2025 2457 2143 2509 liber
2167 2456 2304 2523 (Gal.
2331 2457 2385 2508 3.

851 2554 962 2618 28).
990 2550 1337 2601 Tlteatrumne
1366 2557 1445 2599 est
1480 2545 1908 2597 matrimonium?
1960 2545 2051 2597 Est
2077 2545 2384 2612 mysterium

851 2653 900 2691 et
925 2639 996 2691 rei
1023 2652 1222 2703 magum.
1244 2645 1396 2704 typus
1421 2650 1434 2685 :
1461 2643 1512 2686 et
1533 2634 1576 2686 si
1595 2633 1762 2699 ipsum
1782 2648 1882 2685 non
1901 2635 2211 2696 reverearis,
2236 2647 2389 2685 reve-

855 2742 966 2778 rere
985 2725 1031 2776 id
1051 2725 1198 2790 cujus
1223 2733 1304 2775 est
1333 2731 1505 2789 typus.
1538 2721 1927 2781 Sacramentum,
1953 2720 2136 2788 inquit,
2161 2722 2255 2772 hoc
2281 2737 2388 2773 ma-

852 2831 998 2883 gmmt
1016 2825 1086 2866 est
1111 2829 1129 2864 :
1150 2829 1237 2880 ego
1256 2821 1416 2862 autent
1437 2811 1548 2860 dico
1569 2810 1618 2858 in
1634 2809 1828 2861 Christo
1851 2819 1897 2861 et
1923 2809 2143 2861 Ecclesia
2168 2809 2382 2877 (Epha.

831 2911 904 2962 â€˜5.
933 2906 1041 2970 52).
1062 2904 1306 2957 Ecclesia:
1329 2912 1405 2954 est
1433 2909 1586 2968 typus
1607 2910 1657 2954 et
1672 2902 1882 2965 Christi,
1910 2911 1962 2953 et
1989 2905 2292 2956 meretrices
2309 2906 2388 2956 in-

854 2995 1102 3049 troducis?
1119 2994 1169 3046 Si
1188 3007 1334 3059 ergo,
1354 2991 1539 3057 inquit,
1561 3005 1727 3056 neque
1745 2991 1964 3057 virgines
1984 2993 2200 3054 saltant,
2217 3008 2387 3059 neque

852 3100 968 3151 qua:
1009 3091 1333 3148 nupserunt,
1377 3081 1494 3146 quis
1540 3079 1790 3132 saltabit?
1832 3080 2054 3133 Nullus:
2100 3083 2390 3136 saltationis

852 3175 990 3224 enim
1016 3185 1252 3238 quamam
1281 3177 1362 3220 est
1388 3167 1707 3220 necessitas?
1727 3168 1780 3219 ln
1810 3169 2066 3238 mysteriis
2083 3169 2384 3222 Cra-eorum

853 3269 973 3311 sunt
998 3258 1343 3319 saltationes;
1395 3256 1444 3307 in
1475 3256 1668 3307 nostris
1709 3264 1879 3310 autem
1916 3258 2178 3311 silentium
2205 3269 2259 3310 et
2293 3259 2388 3312 ho-

855 3357 998 3401 nesta
1021 3347 1265 3413 gravitas,
1292 3344 1456 3410 pudor
1480 3353 1527 3396 et
1559 3344 1828 3396 modestia.
1855 3345 2093 3412 Magnum
2127 3348 2388 3414 peragitur

855 3436 1182 3504 mysterium,
1204 3433 1343 3484 foras
1368 3432 1690 3495 meretrices,
1719 3431 1856 3483 foras
1879 3433 2098 3499 profani.
2117 3435 2389 3497 Quomodo

851 3535 932 3576 est
961 3522 1304 3591 mysterium?
1345 3521 1695 3583 Conveniunt,
1743 3528 1794 3572 et
1827 3519 1931 3573 duo
1957 3521 2154 3574 faciunt
2203 3539 2383 3576 unum.

853 3615 957 3666 Cur
1011 3612 1220 3680 quando
1267 3609 1554 3674 ingreditur
1605 3610 1841 3676 quidem,
1891 3625 1993 3662 non
2035 3621 2112 3663 est
2157 3613 2382 3675 saltatio,

852 3720 955 3755 non
999 3712 1121 3754 sunt
1162 3699 1432 3767 cymbala,
1475 3697 1564 3749 sed
1611 3697 1825 3749 multum
1874 3698 2168 3762 silentium,
2225 3702 2384 3754 multa

849 3791 1027 3856 quies;
1059 3787 1265 3857 quando
1308 3794 1481 3836 autem
1534 3785 1866 3848 conveniunt,
1918 3801 2019 3837 non
2052 3787 2382 3839 inanimatam

852 3877 1150 3943 imaginem,
1179 3889 1282 3924 non
1314 3871 1537 3937 alicujus
1565 3886 1630 3923 ex
1663 3873 1724 3923 iis
1752 3864 1866 3939 quin
1893 3884 2014 3925 sunt
2036 3875 2086 3926 in
2111 3885 2264 3938 terra,
2290 3877 2383 3929 sed

852 3967 1010 4032 ipsius
1038 3963 1128 4014 Dei
1155 3960 1408 4012 facientes
1447 3958 1722 4024 imaginem
1744 3968 1792 4011 et
1829 3961 2238 4027 similitudinem,
2267 3973 2380 4016 tan-

849 4065 954 4105 tum
982 4049 1262 4104 introducis
1280 4047 1577 4108 tumultum,
1596 4056 1648 4099 et
1664 4062 1755 4100 eos
1777 4050 1861 4115 qui
1882 4049 2070 4101 adsunt
2085 4053 2380 4118 pet-turbas,

849 4153 901 4193 et
939 4141 1194 4192 dedecore
1220 4137 1449 4188 animam
1496 4135 1663 4188 afficis
1710 4145 1763 4189 et
1801 4139 2114 4190 conturbas?
2158 4139 2382 4194 Veniunt

850 4229 1006 4281 futuri
1035 4242 1192 4278 unum
1220 4239 1412 4290 corpus
1441 4241 1454 4274 :
1481 4238 1604 4276 ecce
1630 4240 1810 4278 rursus
1851 4229 2152 4295 mysterium
2193 4233 2382 4282 carita-

852 4320 934 4369 tis.
959 4317 1014 4368 Si
1043 4316 1147 4366 duo
1173 4327 1275 4364 non
1307 4311 1426 4362 facti
1461 4311 1665 4364 fuerint
1683 4328 1866 4377 unum,
1891 4331 1992 4366 non
2023 4317 2212 4368 faciunt
2245 4321 2382 4370 mul-

851 4421 952 4469 tos,
984 4404 1229 4473 quamdiu
1248 4403 1350 4455 duo
1374 4403 1661 4454 manserint
1684 4419 1698 4464 ;
1727 4405 1931 4470 quando
1955 4417 2124 4458 autem
2148 4410 2383 4460 venerint

850 4496 912 4545 ad
943 4495 1213 4552 unitatem,
1267 4498 1389 4540 tunc.
1438 4490 1649 4540 faciunt.
1682 4490 1811 4554 Quid
1850 4505 1912 4542 ex
1957 4493 2054 4544 hoc
2096 4495 2383 4548 diseinms?

850 4581 996 4646 Quod
1035 4579 1242 4630 unionis
1273 4592 1458 4643 magna
1508 4576 1576 4628 sit
1601 4578 1696 4629 vis.
1740 4579 1918 4630 Solcrs
1967 4580 2056 4632 Dei
2101 4584 2378 4636 artificium

852 4684 1008 4720 untun
1038 4667 1089 4718 in
1136 4666 1240 4716 duo
1264 4664 1441 4716 divisit
1477 4663 1546 4714 ab
1577 4664 1750 4726 initio;
1782 4676 1833 4718 et
1880 4667 2062 4719 volens
2105 4672 2381 4725 ostendere

854 4755 990 4823 quod
1019 4755 1171 4806 etiam
1206 4762 1477 4819 postquam
1521 4753 1588 4804 sit
1611 4753 1810 4805 divisus
1845 4767 2015 4808 manet
2048 4773 2235 4823 unum,
2276 4777 2379 4815 non

852 4845 976 4896 sinit
1001 4857 1158 4894 unum
1186 4840 1426 4892 sufficere
1450 4839 1514 4890 ad
1560 4842 1965 4907 generationem.
1994 4845 2104 4898 Non
2129 4857 2210 4900 cst
2237 4851 2376 4902 enim

853 4945 1002 4992 unus,
1030 4929 1114 4996 qui
1143 4927 1370 4980 nondunt
1397 4934 1478 4979 est
1511 4927 1740 4994 junctus,
1767 4929 1858 4982 sed
1883 4931 2151 4986 dimidium
2180 4938 2331 4989 unius
2356 4957 2370 4991 :

850 5029 906 5072 et
961 5019 1079 5070 hinc
1123 5016 1294 5084 palam
1350 5022 1432 5067 est
1483 5015 1621 5081 quod
1675 5017 1810 5069 filios
1849 5019 2076 5072 nondum
2117 5034 2376 5088 procreet.

856 5106 1038 5159 Vidisti
1060 5104 1361 5172 mysterium
1387 5104 1721 5170 nuptiarum?
1758 5106 1901 5159 Fecit
1939 5123 2001 5160 ex
2048 5123 2151 5163 uno
2178 5127 2335 5164 unum
2360 5153 2375 5176 ,

851 5205 906 5248 et
951 5209 1134 5247 rursus
1169 5207 1290 5245 cum
1332 5192 1430 5245 hos
1474 5192 1606 5246 duos
1654 5194 1860 5248 fecisset
1907 5212 2088 5262 unum,
2136 5201 2212 5253 sic
2257 5203 2382 5255 facit

853 5300 1032 5337 unum.
1059 5283 1405 5347 Quamobrem
1433 5297 1500 5334 ex
1534 5297 1636 5333 uno
1676 5300 1881 5352 quoque
1927 5289 2155 5341 nascitur
2199 5290 2376 5346 homo.

852 5374 1036 5426 Mulier
1060 5371 1200 5424 enim
1224 5381 1277 5424 et
1303 5371 1380 5422 vir
1404 5387 1509 5425 non
1551 5383 1672 5426 sunt
1697 5374 1800 5426 duo
1825 5374 2080 5441 homines,
2104 5380 2194 5431 sed
2222 5380 2381 5433 homo

855 5476 988 5511 unus
1011 5483 1025 5516 ;
1059 5461 1211 5527 idque
1237 5469 1409 5528 potest
1434 5461 1639 5527 probari
1665 5477 1730 5514 ex
1756 5463 1960 5516 multis:
1990 5479 2054 5518 ex
2082 5465 2297 5532 Jacobo,
2325 5478 2379 5522 et

856 5563 919 5599 ex
947 5547 1104 5599 Maria
1134 5558 1299 5601 matre
1318 5549 1528 5614 Christi,
1556 5565 1619 5602 ex
1642 5565 1705 5603 eo
1729 5551 1865 5618 quod
1904 5553 2064 5616 dicat,
2100 5537 2377 5608 timum).

849 5637 898 5677 (Î¹
916 5633 1149 5698 pruinam
1183 5640 1300 5707 fecit
1323 5653 1408 5690 ea:
1433 5640 1580 5711 (Ceu.
1614 5643 1802 5713 1.97).
1844 5641 1896 5694 Si
1934 5641 2021 5695 ille
2059 5645 2268 5712 quidem
2296 5658 2376 5699 est

1627 412 1683 466 s.
1733 405 1999 467 JDANNIS
2034 400 2494 458 cnnvsosmiu
2532 399 2836 453 meumr.
2877 398 3393 455 CONSTANTINOP.
3934 405 4001 458 at

2490 517 2660 576 caput,
2719 509 2803 561 illa
2846 523 2970 562 vero
3009 524 3216 577 corpus,
3245 510 3504 579 quomodo
3548 508 3690 563 duo?
3737 511 4003 578 PrOptet-c:

2489 595 2600 649 hare
2623 597 2832 664 quidem
2855 597 3110 664 discipuli,
3139 597 3224 651 ille
3244 613 3367 652 vero
3389 599 3555 652 locum
3582 608 3721 652 tenet
3749 600 3991 666 magistri

2489 684 2574 736 ille
2600 685 2869 752 principis,
2898 685 3009 740 lucc
3043 687 3157 751 ejus
3183 701 3298 754 qua:
3323 695 3470 753 paret
3509 687 3747 754 principi.
3807 687 3886 740 Ex
3920 689 4003 753 ips:

2487 790 2693 843 quoque
2713 777 2950 842 corporis
2974 776 3281 829 formatione
3306 775 3498 830 videris
3516 790 3631 831 esse
3657 792 3822 830 unum
3847 794 3859 827 :
3896 777 4005 830 fact:

2487 871 2568 914 est
2586 863 2722 914 enim
2753 879 2818 917 ex
2849 863 3010 917 latere
3029 903 3044 926 ,
3076 872 3129 915 et
3167 872 3424 931 tamquam
3447 864 3551 917 duo
3577 880 3643 918 ex
3671 864 3895 917 dimidio
3923 865 4005 917 dis

2487 960 2626 1002 secta
2644 959 2784 1003 sunt.
2806 951 3085 1019 Propterea
3106 965 3220 1003 eam
3237 965 3438 1019 quoque
3452 959 3603 1004 vocat
3621 953 3952 1020 adjutricem.
3973 968 4002 1003 u

2487 1039 2726 1092 ostendat
2751 1054 2841 1093 eos
2862 1054 2978 1095 esse
3000 1054 3176 1092 unum.
3204 1039 3324 1092 Ideo
3343 1048 3395 1092 et
3415 1039 3544 1107 patri
3571 1047 3624 1093 et
3645 1041 3800 1092 matri
3830 1039 4005 1107 profer

2487 1129 2904 1197 eonjunctionem
2932 1139 2986 1182 et
3025 1128 3479 1191 eobabitationem,
3526 1137 3583 1181 ut
3612 1128 3860 1182 ostendat
3889 1146 4007 1196 quot

2487 1219 2590 1269 sint
2615 1233 2791 1270 unum.
2824 1219 2882 1269 Et
2927 1227 3074 1285 pater
3100 1216 3341 1270 similiter
3368 1217 3572 1270 laetatur
3603 1227 3657 1271 et
3685 1217 3790 1270 ï¬lia
3837 1229 3892 1271 et
3922 1220 4007 1271 filii

2483 1307 2675 1372 junctis
2701 1307 3046 1366 matrimonio,
3076 1305 3213 1373 quod
3241 1319 3431 1373 corpus
3473 1316 3719 1374 properet
3765 1306 3832 1359 ad
3874 1292 4007 1359 suun

2488 1395 2778 1448 membrum
2808 1413 2821 1446 :
2851 1395 3009 1463 fitque
3037 1403 3211 1448 tantus
3239 1403 3475 1462 sumptus
3498 1403 3552 1449 et
3579 1396 3814 1463 pecunia:
3865 1397 4007 1449 detri

2488 1492 2740 1545 mentum,
2769 1493 2823 1537 et
2852 1491 3024 1537 tamen
3069 1483 3120 1536 id
3152 1484 3290 1536 ferre
3319 1484 3513 1551 nequit,
3548 1492 3602 1536 ut
3643 1499 3745 1536 non
3772 1484 4009 1551 eonjuga

2489 1581 2595 1624 tum
2637 1572 2823 1625 videat.
2881 1573 3166 1640 Tamquam
3207 1573 3345 1625 enim
3398 1573 3506 1640 ipsa
3549 1572 3775 1625 abscissa
3823 1587 4009 1625 came.

2487 1671 2703 1729 uterque
2723 1671 2802 1713 est
2829 1659 3164 1729 imperfectus
3189 1661 3252 1714 ad
3275 1662 3555 1716 liberorum
3585 1662 4009 1728 procreationem

2489 1761 2702 1817 uterque
2728 1758 2808 1803 est
2840 1750 3175 1818 imperfectus
3201 1751 3264 1804 ad
3298 1752 3572 1819 prmsentis
3601 1753 3721 1804 vita:
3766 1753 4009 1804 constitui

2489 1840 2700 1892 tionem.
2751 1839 3030 1906 Propterea
3057 1839 3184 1892 dicit
3221 1839 3376 1893 etiam
3421 1838 3668 1906 propheta
3695 1879 3711 1904 ,
3758 1840 4011 1906 Reliquum

2485 1927 2688 1992 spiritus
2725 1928 2798 1978 tui
2841 1927 3090 1996 (Malach.
3129 1927 3182 1978 2.
3226 1927 3334 1994 15).
3372 1928 3640 1992 Quomodo
3689 1938 3866 1981 autem
3906 1938 4011 1980 sunl

2486 2015 2640 2066 etiam
2673 2015 2725 2066 in
2771 2029 2930 2068 carne
2965 2016 3113 2067 una?
3151 2014 3285 2069 Utsi
3328 2016 3438 2067 auri
3466 2016 3724 2070 ademeris
3762 2016 3905 2084 quod
3946 2027 4011 2067 est

2487 2106 2844 2171 purissimum,
2867 2114 2920 2157 et
2945 2105 3095 2163 alteri
3123 2119 3250 2157 auro
3276 2105 3617 2159 admiscueris
3648 2122 3662 2156 :
3692 2107 3759 2158 ita
3787 2106 3874 2158 hie
3895 2121 4011 2172 quo-

2486 2207 2608 2257 que,
2636 2192 2686 2242 id
2730 2192 2866 2258 quod
2897 2201 2976 2244 est
3019 2193 3409 2258 pinguissimum
3429 2233 3442 2253 ,
3471 2203 3727 2259 tamquam
3771 2194 4013 2246 fundente

2487 2279 2766 2344 voluptate,
2794 2277 3080 2344 suscipiens
3108 2278 3295 2330 mulier
3318 2279 3409 2330 alit
3440 2288 3492 2330 et
3524 2279 3697 2341 fovet,
3727 2289 3777 2333 et
3814 2297 3933 2332 cum
3961 2296 4013 2332 ea

2485 2382 2599 2434 qua:
2623 2375 2744 2419 sunt
2769 2382 2860 2420 sua
2885 2368 3181 2430 contulerit,
3229 2369 3341 2420 viro
3374 2368 3562 2422 reddit.
3613 2368 3678 2421 Et
3717 2379 3797 2422 est
3854 2369 4013 2421 infans

2485 2455 2648 2509 instar
2670 2456 2859 2524 pontis.
2887 2455 3230 2521 Quamobrem
3254 2464 3357 2508 tres
3376 2457 3504 2509 fiunt
3527 2472 3623 2508 una
3655 2472 3797 2520 caro,
3830 2457 4015 2509 infame

2484 2547 2745 2614 utrimque
2783 2555 3026 2613 utrosque
3056 2547 3419 2615 eonjungente.
3459 2547 3600 2600 Sicut
3642 2549 3779 2600 enim
3817 2550 3862 2600 si
3906 2563 4014 2600 eum

2485 2637 2602 2689 dote
2629 2637 2733 2688 sint
2755 2636 3006 2698 civitates,
3039 2645 3090 2688 et
3117 2634 3300 2688 ï¬‚uvius
3323 2651 3412 2688 eas
3438 2637 3651 2688 omnino
3677 2636 3892 2697 dividat,
3925 2651 4015 2687 una

2487 2726 2544 2779 lit
2567 2727 2752 2778 civitas
2779 2737 2934 2794 ponte
2973 2726 3234 2792 utrimque
3273 2725 3616 2793 conjungente
3652 2744 3664 2777 :
3699 2727 3766 2777 ita
3817 2735 3895 2778 est
3940 2726 4015 2777 hic

2484 2829 2713 2883 quoque,
2743 2821 2796 2867 et
2823 2816 3003 2883 magis,
3039 2815 3244 2882 quando
3270 2816 3380 2881 ipse
3411 2828 3538 2882 pons
3563 2825 3640 2867 est
3667 2830 3729 2868 ex
3757 2816 4017 2882 utriusque

2483 2903 2743 2967 essentia,
2773 2916 2836 2955 ea
2873 2903 3071 2955 ratione
3115 2912 3170 2955 ut
3195 2917 3383 2970 corpus
3419 2913 3472 2955 ct
3512 2912 3664 2970 caput
3709 2905 3813 2955 sint
3864 2920 4012 2956 unum

2483 3007 2675 3059 corpus
2704 3010 2716 3044 :
2746 2992 2884 3045 collo
2908 2992 3044 3044 enim
3091 2992 3369 3055 dividitur;
3415 2991 3506 3044 sed
3551 3007 3652 3044 non
3676 2995 3842 3060 magis
3887 2995 4010 3045 divi-

2486 3082 2682 3135 duntur
2704 3097 2856 3149 quam
2883 3083 3264 3149 conjunguntur
3282 3082 3304 3120 Î¹Â¹
3335 3103 3348 3136 :
3378 3096 3497 3133 nam
3516 3098 3630 3133 cmn
3653 3085 3721 3134 sit
3751 3083 3970 3135 medium
3998 3123 4009 3143 ,

2485 3181 2763 3238 utrumque
2790 3170 3074 3238 conjungit.
3107 3170 3173 3222 Et
3197 3169 3411 3237 perinde
3439 3169 3496 3222 fit
3522 3179 3575 3222 ut
3614 3171 3657 3222 si
3695 3172 3884 3224 chorus
3911 3173 4008 3223 dis-

2487 3269 2714 3321 tractus,
2759 3274 2858 3311 una
2904 3258 3112 3325 quidem
3149 3259 3261 3325 ejus
3293 3268 3440 3321 parte
3489 3259 3610 3311 hinc
3659 3270 3892 3328 accepta,
3940 3261 4010 3310 al.

2488 3355 2598 3400 tera
2645 3355 2818 3399 autem
2861 3360 2890 3398 a
2955 3346 3207 3409 dextera,
3262 3361 3419 3398 unum
3472 3347 3652 3400 fecerit
3696 3366 3709 3400 :
3754 3360 3841 3400 aut
3888 3352 4007 3400 sicut

2485 3435 2573 3504 qui
2617 3422 2806 3488 fuerint
2873 3436 2925 3487 in
2975 3450 3132 3487 unum
3184 3435 3470 3499 contracti,
3500 3436 3654 3490 etiam
3705 3452 3887 3491 manus
3929 3454 4006 3489 ex-

2487 3526 2758 3578 tendentes
2807 3533 2929 3578 sunt
2974 3540 3133 3576 unum
3175 3542 3188 3574 :
3226 3539 3411 3577 manus
3460 3526 3599 3578 enim
3639 3534 3867 3579 extensa:
3913 3541 4005 3576 non

2485 3615 2662 3667 sinunt
2689 3629 2807 3668 esse
2832 3613 2982 3666 duos.
3011 3613 3290 3681 Propterea
3320 3623 3500 3666 exacte
3529 3625 3580 3667 et
3602 3625 3841 3667 accurate
3866 3615 4004 3673 dixit,

2485 3719 2610 3767 non,
2642 3706 2802 3756 Erunt
2828 3718 2928 3754 una
2957 3717 3102 3765 caro,
3131 3702 3244 3767 sed,
3276 3701 3341 3753 In
3377 3718 3526 3754 unum
3560 3719 3757 3757 carnem
3783 3747 3796 3769 ,
3831 3719 4004 3770 nempe

2483 3795 2548 3846 ab
2574 3795 2768 3846 infante
2812 3792 3095 3859 conjuncti.
3131 3791 3264 3856 Quid
3291 3807 3444 3856 vero,
3470 3794 3676 3860 quando
3721 3811 3821 3847 nou
3863 3795 4003 3847 fuerit

2485 3883 2675 3943 infans,
2698 3898 2797 3933 non
2821 3889 2974 3934 erunt
2997 3881 3137 3933 duo?
3159 3881 3354 3943 Erunt;
3385 3882 3481 3935 hoc
3499 3885 3636 3936 enim
3664 3885 3784 3937 facit
3806 3887 3964 3938 coitus
3988 3902 3999 3936 :

2482 3969 2752 4022 confundit
2785 3977 2839 4021 et
2863 3969 3163 4020 commiscet
3204 3970 3474 4021 amborum
3518 3985 3760 4038 corpora,
3790 3982 3842 4025 et
3883 3974 4000 4022 sicut

2481 4058 2568 4126 qui
2597 4058 2646 4110 in
2670 4058 2841 4110 oleum
2875 4057 3050 4124 injecit
3075 4066 3412 4125 unguentum,
3454 4067 3617 4111 totum
3660 4059 3782 4112 facit
3812 4075 3995 4112 unum:

2483 4149 2551 4201 ita
2584 4148 2666 4200 hic
2692 4162 2914 4215 quoque.

2551 4237 2600 4290 6.
2642 4237 2762 4288 Seio
2813 4236 3002 4288 multos
3048 4235 3248 4301 pudore
3289 4235 3426 4288 affici
3474 4237 3536 4289 iis
3563 4253 3679 4304 qum
3719 4238 3985 4294 dicuntur;

2484 4340 2634 4378 causa
2662 4335 2837 4378 autem
2868 4339 3051 4377 eorum
3095 4341 3210 4393 qua:
3240 4324 3346 4377 dixi
3370 4335 3448 4377 est
3479 4326 3638 4378 libido
3667 4336 3717 4378 et
3745 4326 3993 4392 impudici-

2483 4417 2573 4466 tia.
2616 4414 2761 4478 Quod
2808 4415 2883 4465 sic
2925 4413 3049 4464 fiant
3099 4415 3321 4479 nuptiae,
3365 4415 3499 4481 quod
3540 4424 3927 4481 corrumpantur
3951 4421 3992 4462 et

2482 4505 2848 4570 depraventur,
2878 4502 2927 4553 id
2967 4516 3076 4553 rem
3105 4501 3273 4553 reddit
3306 4502 3538 4554 odiosam
3567 4518 3580 4550 :
3611 4502 3738 4554 Nam
3778 4501 3988 4553 Honora-

2482 4593 2600 4643 biles
2626 4600 2735 4643 sunt
2766 4592 2950 4658 nuptite
2969 4630 2982 4653 ,
3013 4599 3058 4641 et
3096 4591 3256 4642 cubile
3284 4590 3661 4642 immaculatum
3711 4590 3886 4658 (Hebr.
3916 4589 3988 4638 15.

2482 4679 2557 4747 4).
2586 4679 2718 4744 Quid
2761 4688 2812 4731 te
2860 4678 3015 4744 pudet
3051 4678 3164 4743 ejus
3206 4678 3342 4741 quod
3391 4689 3472 4730 est
3515 4677 3988 4744 lionorabilciquid

2482 4766 2749 4820 erubescis
2791 4765 2859 4816 ob
2901 4764 2951 4815 id
2984 4765 3120 4829 quod
3149 4773 3229 4817 est
3255 4765 3683 4817 immaculatum?
3732 4767 3849 4818 lltec
3886 4772 3991 4814 sunt

2483 4855 2878 4916 haereticorum;
2909 4855 3020 4904 inec
3047 4862 3168 4904 sunt
3196 4867 3378 4905 eorum
3415 4855 3503 4919 qui
3538 4854 3862 4906 introducunt
3898 4866 3988 4902 me-

2481 4945 2716 4998 retrices.
2767 4944 3050 5008 Propterea
3080 4943 3200 4993 volo
3229 4944 3398 5008 ipsum
3425 4956 3718 5008 expurgare
3747 4941 3986 4994 matrimo-

2482 5037 2647 5098 nium,
2680 5043 2735 5084 ut
2760 5033 3005 5085 reducam
3030 5035 3096 5085 ad
3116 5048 3261 5085 suam
3293 5034 3612 5086 nobilitatem
3633 5075 3648 5096 ,
3692 5044 3745 5087 Î¹Î¹Î¹
3771 5037 3982 5088 obturem

2481 5138 2572 5176 ora
2605 5123 2985 5175 litereticorum.
3038 5122 3238 5175 Probro
3267 5122 3506 5175 allectum
3549 5132 3630 5174 est
3666 5124 3754 5176 Dei
3783 5123 3980 5180 donum,

2483 5213 2631 5265 radix
2679 5222 2872 5264 nostra:
2922 5213 3275 5279 generationis
3325 5230 3337 5262 :
3389 5228 3506 5264 nam
3551 5214 3770 5266 multum
3814 5213 3906 5264 fimi
3941 5218 3982 5259 et

2482 5301 2618 5354 eatni
2649 5301 2892 5367 injectttm
2916 5311 2998 5353 est
3021 5301 3198 5353 radici.
3240 5301 3349 5353 Hoc
3375 5317 3498 5370 ergo
3525 5304 3726 5355 ratione
3752 5314 3980 5370 expurge-

2483 5407 2598 5443 tnus
2640 5409 2654 5442 :
2693 5393 2945 5443 sustinete
2983 5392 3136 5458 igitur
3161 5406 3380 5458 parum;
3424 5408 3542 5443 natn
3580 5403 3632 5446 et
3675 5395 3762 5460 qui
3801 5406 3977 5444 eo-muu

2547 5501 2561 5528 Â¹
2589 5497 2678 5558 Hic
2701 5498 2832 5545 locus
2848 5498 2916 5544 sic
2938 5496 3137 5545 habetur
3159 5499 3205 5545 in
3219 5501 3433 5558 margine
3457 5497 3725 5551 Savil.......
3760 5516 3815 5551 ea
3831 5501 3978 5547 ratium

2483 5565 2532 5606 ut
2553 5556 2710 5606 omnia
2748 5561 2955 5608 membra
2988 5560 3036 5606 in
3056 5561 3223 5608 ordine
3257 5556 3482 5620 Î±á½¹á½·ÎµÎ¹ÏˆÎ¼Î¹
3504 5571 3716 5621 cooptata
3749 5575 3879 5610 totum
3894 5561 3979 5606 smtâ€™

2484 5637 2497 5664 Î¹
2511 5632 2654 5682 ÏÎ¹â€™Î½Î¶Î¹Î´
2674 5656 2686 5670 ,
2709 5621 2915 5677 quamvis
2937 5622 3056 5682 (Î¿Ï…Ï
3078 5620 3350 5669 diridwttttr
3368 5633 3385 5668 :
3412 5620 3640 5680 siquidem
3665 5637 3752 5671 nou
3776 5621 3910 5682 magis
3934 5622 3972 5667 lu

2487 5677 2761 5726 dividuntur
2783 5695 2812 5743 Îµá½·
2834 5692 2922 5726 tum
2947 5677 3309 5743 rmijtmguutur.
3355 5687 3450 5727 t-tc.
