4058 6326
158 423 249 477 337

212 532 271 583 Δί
308 530 364 584 δὲ
409 533 626 602 πόρναι,
650 532 737 587 διά
764 533 849 601 τίς
880 534 1007 587 Δέον
1033 536 1200 599 αύτάς
1248 538 1679 605 έγκαλύπτεσθαι

155 621 261 671 ὅταν
278 618 451 686 γάμος
474 616 531 691 ᾖ,
566 619 681 671 δέον
702 620 871 684 αὐτὰς
898 623 1318 692 κατορύττεσθαι
1354 624 1550 693 (φθορά
1575 625 1683 696 7&9

153 705 307 771 γάμου
329 705 597 773 πορνεία),
620 707 779 773 ἡμεῖς
819 705 874 758 δὲ
919 707 1123 775 ἄγομεν
1150 708 1317 770 αύτάς
1347 711 1425 772 εἰς
1451 710 1678 778 γάμους.

155 790 247 842 Καὶ
281 790 403 843 ὃταν
441 790 539 859 μέν
570 807 621 842 τι
658 790 866 859 ποιῆτε,
897 792 991 844 καὶ
1020 792 1181 861 μέχρι
1232 794 1479 862 ῥήματος
1509 794 1682 846 οἰωνί-

153 874 288 937 ζεσθε
305 874 371 926 τά
400 874 646 927 ἐναντία·
672 870 801 939 οἷον,
826 877 953 928 ὅταν
983 877 1231 949 σπείρης,
1254 879 1380 930 ὅταν
1408 880 1683 948 ἀπαντλῇς

150 961 243 1010 τῶν
266 959 564 1027 ύποληνίων
590 961 679 1012 τὸν
708 956 871 1025 οἶνον,
908 961 978 1014 τά
1003 962 1185 1032 ὀξίνην
1219 962 1549 1032 σημαίνοντα
1572 963 1676 1016 οὐδ’

146 1046 202 1096 ἂν
242 1046 577 1115 ἀποκρίνοιο·
602 1045 833 1099 ἐνταῦθα
876 1047 932 1099 δὲ
997 1047 1344 1118 σωφροσύνης
1374 1048 1679 1118 γινομένης,

146 1131 442 1198 ὶπεισάγετε
481 1131 578 1200 τὴν
618 1132 831 1201 ὀξίνην;
861 1135 1017 1185 τοῦτο
1047 1133 1155 1203 7&9
1207 1135 1241 1205 ἠ
1291 1134 1485 1205 πόρνη.
1514 1134 1682 1187 Ὅταν

150 1214 297 1283 μύρον
344 1216 807 1284 κατασκευάζητε,
850 1216 1001 1270 οὐδὲν
1044 1217 1275 1280 δυσῶδες
1313 1218 1501 1286 ἀφίετε
1545 1219 1681 1286 πληο

148 1299 350 1363 σιάζειν.
395 1300 584 1368 Μύρον
637 1302 783 1353 ἐστὶν
830 1302 859 1352 ὀ
892 1303 1096 1371 γάμος·
1123 1304 1177 1355 τί
1214 1304 1392 1356 τοίνυν
1435 1305 1533 1375 τὴν
1584 1305 1679 1357 τοῦ

148 1385 385 1454 βορϐόρου
433 1386 694 1439 δυσωδίαν
740 1389 1052 1456 ὲπεισάγεις
1090 1391 1156 1459 τῇ
1211 1390 1306 1443 τοῦ
1362 1391 1531 1460 μύρου
1582 1408 1680 1444 κα-

146 1474 408 1541 τασκευῇς
433 1471 498 1523 Τί
540 1472 751 1539 λέγεις;
782 1474 1021 1543 ὀρχεῖται
1051 1476 1084 1544 ἠ
1132 1476 1413 1545 παρθένος,
1448 1478 1539 1529 καὶ
1581 1478 1681 1530 ούκ

147 1555 439 1623 αἰσχύνεται
478 1554 575 1625 τὴν
626 1557 889 1627 ὀμήλικα;
926 1558 1143 1629 Ταύτης
1193 1559 1302 1629 γὰρ
1354 1556 1681 1631 σεμνοτέραν

146 1640 294 1709 αὐτὴν
320 1636 461 1693 εἶναι
490 1642 598 1693 δεῖ·
626 1642 685 1705 ἑξ
728 1644 971 1712 ἀγκάλης
1013 1661 1099 1711 γε,
1123 1646 1221 1697 ούκ
1254 1648 1316 1697 ὲκ
1350 1647 1681 1717 παλαίστρας

146 1725 331 1791 ἐξῆλθε.
361 1726 651 1779 Φαίνεσθαι
690 1727 795 1798 γὰρ
819 1729 957 1791 ὅλως
981 1731 1038 1782 tv
1060 1730 1257 1799 γάμοις
1289 1729 1385 1799 τὴν
1416 1730 1681 1800 παρθένον

145 1809 196 1860 οὐ
215 1809 305 1861 δεῖ.

204 1893 343 1966 [H9]
365 1902 427 1949 ε’.
460 1896 712 1966 Ούχόρᾲς
740 1899 797 1949 ἐν
829 1902 939 1959 τοῖς
959 1898 1265 1967 βασιλείοις,
1287 1901 1367 1952 ὅτι
1400 1902 1446 1953 οί
1467 1902 1563 1969 μὲν
1588 1919 1677 1953 τε-

143 1981 409 2055 τιμημένοι
436 1981 582 2032 ἔνδον
610 1984 736 2050 περὶ
763 1983 853 2036 τὸν
884 1984 1105 2052 βασιλέα
1143 1987 1298 2048 εἰσὶν,
1328 1987 1377 2036 οἱ
1408 1986 1464 2037 δὲ
1495 1987 1678 2056 ἄτιμοι

144 2064 256 2127 εξω;
276 2054 379 2118 Καὶ
406 2068 469 2119 σὺ
500 2067 645 2119 ἔνδον
674 2068 764 2119 ἔσο
786 2070 914 2138 περὶ
937 2069 1035 2139 τὴν
1064 2068 1298 2138 νύμφην.
1331 2070 1487 2122 Ἀλλά
1520 2054 1678 2139 ἀγνὸς

137 2153 258 2217 μένε
287 2152 378 2204 ἐπὶ
404 2152 503 2222 τῆς
547 2154 722 2216 οἰκίας
740 2170 752 2182 ·
785 2154 859 2223 μὴ
888 2156 1200 2223 ὲκπόμπευε
1235 2157 1333 2224 τὴν
1363 2157 1674 2225 παρθενίαν.

144 2236 479 2306 Παρέστηκεν
528 2238 786 2308 ἑκάτερος
824 2240 852 2289 ὀ
897 2240 1074 2308 χορὸς,
1109 2242 1137 2292 ὀ
1183 2241 1279 2309 μὲν
1320 2242 1436 2293 οἵαν
1480 2242 1679 2295 διδόασι

143 2321 351 2384 δεικνὺς,
378 2322 408 2372 ὀ
432 2320 489 2373 δὲ
521 2320 606 2373 ἴνα
633 2322 834 2391 ταύτην
864 2324 1196 2391 φυλάττωσι·
1221 2326 1272 2377 τί
1305 2326 1682 2397 καταισχύνεις

142 2404 225 2473 την
254 2406 581 2474 παρθενίαν;
606 2407 666 2459 Εἰ
693 2408 801 2476 7&9
833 2409 897 2458 σὺ
924 2408 1165 2479 τοιαύτη,
1196 2411 1417 2462 τοιαῦτα
1441 2412 1533 2463 καὶ
1555 2413 1683 2483 περὶ

145 2491 337 2558 ἐκείνης
360 2494 389 2544 ὀ
416 2491 644 2560 νυμφίος
674 2492 1028 2544 ὑποπτεύσει·
1056 2497 1104 2546 εί
1134 2495 1197 2546 σὺ
1230 2495 1455 2565 ἐρᾶσθαι
1486 2496 1678 2559 θέλεις,

146 2577 524 2640 παντοπιῖιλιδος
574 2580 667 2631 καὶ
721 2579 1143 2648 λαχανοπώλιδος
1207 2582 1300 2633 καὶ
1354 2583 1680 2653 δημιουργοῦ

147 2661 311 2715 ταῦτα.
348 2664 464 2716 Οὐκ
509 2664 623 2716 ἐστι
677 2664 849 2716 ταῦτα
894 2665 1425 2740 αἰσχύνηλΛίσχύνη
1476 2670 1591 2721 ἐστὶ
1623 2670 1683 2721 τὸ

149 2749 470 2815 ἀσχημονεῖν,
509 2749 613 2801 κᾶν
634 2748 891 2817 βασιλέως
913 2747 1224 2823 θυγάτηρ
1239 2753 1327 2821 Μὴ
1345 2754 1452 2824 γὰρ
1470 2757 1504 2823 ἡ
1528 2755 1684 2808 πενία

151 2832 349 2899 κωλύεις
379 2835 453 2903 μὴ
476 2833 585 2902 7&9
609 2834 669 2886 τὸ
695 2834 1053 2904 έπιτήδευμα;
1078 2838 1197 2889 Κᾶν
1217 2837 1375 2909 δούλη
1398 2836 1529 2911 τιςῇ
1552 2857 1685 2909 παρτ

150 2916 297 2980 θένος,
314 2920 371 2969 tv
388 2919 709 2989 σωφροσύνῃ
728 2920 958 2986 μενέτω·
990 2921 1084 2971 Ἐν
1099 2922 1204 2991 7&9
1230 2923 1455 2990 Χριστῷ
1483 2926 1683 2992 Ἰησοῦ

142 3002 264 3054 οὔτε
286 3003 527 3068 δοῦλος,
548 3006 684 3057 οὔτε
704 3006 1033 3073 ἐλεύθερος.
1052 3007 1143 3075 Μὴ
1171 3007 1276 3077 7&9
1298 3008 1520 3077 θέατρόν
1540 3011 1683 3062 ἐστιν

146 3090 383 3158 ὀγάμος;
411 3091 725 3162 Μυστήριόν
768 3094 902 3154 ἐστι,
932 3093 1026 3145 καὶ
1063 3093 1229 3157 τύπος
1275 3097 1510 3163 μεγάλου
1540 3100 1682 3167 πρά-

146 3189 361 3240 γματος·
392 3175 498 3229 κᾶν
535 3174 665 3229 αὐτὸ
691 3176 765 3246 μὴ
792 3178 933 3247 αἰδῇ,
961 3178 1237 3247 αίδέσθητι
1266 3177 1325 3233 οὗ
1345 3182 1512 3243 τύπος
1544 3184 1679 3237 ἐστί.

151 3261 210 3309 Τὸ
240 3259 572 3327 μυστήριον
611 3261 805 3322 τοῦτο,
842 3263 992 3330 φησὶ,
1036 3264 1188 3332 μέγα
1228 3264 1431 3318 ἐστίν·
1460 3267 1573 3334 ἐγὼ
1616 3267 1684 3319 δὲ

143 3346 278 3411 λέγω
326 3348 415 3409 εἰς
469 3348 745 3412 Χριστὸν,
771 3347 867 3399 καὶ
895 3351 981 3412 εις
1014 3348 1128 3414 τὴν
1169 3350 1545 3417 Ἐκκλησίαν.
1574 3353 1683 3422 Τῆς

155 3431 459 3500 Ἐκκλησίας
486 3432 655 3494 τύπος
683 3434 799 3485 ἐστὶ
831 3434 925 3486 καὶ
951 3433 1044 3485 τοῦ
1076 3435 1332 3503 Χριστοῦ,
1361 3437 1452 3490 καὶ
1483 3439 1683 3507 πόρνας

144 3517 393 3584 εἰσάγεις;
414 3519 509 3569 Ἂν
531 3517 734 3581 τοίνυν,
763 3518 916 3586 φησὶ,
951 3520 1085 3588 μήτε
1115 3519 1367 3589 παρθένοι
1392 3522 1679 3591 ὀρχῶνται,

146 3604 264 3670 μήτε
286 3604 690 3672 γεγαμημέναι,
714 3604 797 3665 τίς
821 3606 1113 3674 ὀρχήσεται
1134 3623 1147 3669 ;
1166 3607 1367 3673 Μηδείς
1387 3623 1402 3637 ·
1428 3609 1552 3659 ποία
1575 3609 1681 3679 γὰρ

144 3688 403 3757 ὀρχήσεως
427 3690 637 3757 ἀνάγκη
660 3705 675 3752 ;
702 3689 790 3741 Ἐν
812 3692 923 3751 τοῖς
940 3690 1048 3742 τῶν
1071 3690 1335 3759 Ἑλλήνων
1367 3694 1683 3762 μυστηρίοις

144 3774 190 3823 αἱ
212 3774 478 3845 ὀρχήσεις,
499 3776 556 3825 tv
583 3774 639 3826 δὲ
659 3776 771 3836 τοῖς
795 3774 1081 3842 ἡμετέροις
1116 3775 1241 3844 σιγὴ
1271 3777 1367 3828 καὶ
1391 3778 1676 3846 εὐκοσμία,

145 3861 285 3923 αἰδὼς
313 3862 409 3913 καὶ
434 3859 758 3928 καταστολὴ.
786 3860 1095 3929 Μυστήριον
1123 3860 1350 3913 τελεῖται
1383 3860 1551 3929 μέγα·
1576 3862 1680 3926 ἔξω

146 3950 190 3997 αἱ
217 3944 548 4015 πόρναι,ἕξω
569 3946 617 3996 οί
646 3943 881 4015 βέϐηλοι.
913 3944 1036 4006 Πῶς
1064 3947 1359 4015 μυστήριόν
1376 3949 1518 4011 tau;
1552 3950 1679 4000 Συν-

146 4031 409 4101 έρχονται,
464 4030 555 4081 καὶ
596 4028 840 4081 ποιοῦσιν
879 4030 929 4080 οί
961 4028 1052 4081 δύο
1080 4030 1192 4084 ἕνα.
1230 4031 1329 4083 Διά
1352 4032 1428 4095 τί,
1467 4034 1552 4085 ὅτε
1583 4034 1680 4101 μὲν

144 4117 314 4185 εἰσῄει,
349 4116 449 4167 οὐκ
482 4115 729 4183 ὄρχησις.
758 4115 820 4166 ού
850 4114 1125 4183 κύμϐαλα,
1159 4117 1293 4169 ἀλλά
1327 4117 1493 4187 πολλὴ
1532 4119 1676 4187 σιγὴ,

146 4203 293 4272 πολλὴ
318 4201 543 4271 ἡσυχία·
573 4201 701 4252 ὅταν
727 4200 783 4252 δὲ
817 4202 1085 4267 συνίωσιν,
1116 4204 1214 4254 οὐκ
1244 4204 1425 4269 εἰκόνα
1454 4204 1674 4273 ἄψυχον,

144 4289 244 4341 ιιὖᾶ
271 4288 452 4341 εἰκόνα
491 4287 636 4347 τινὸς
660 4286 768 4339 τῶν
797 4287 889 4339 ἐπὶ
918 4287 1041 4356 γῆς,
1069 4288 1183 4341 ἀλλ’
1220 4288 1380 4341 αὐτοῦ
1408 4290 1679 4352 ποιοῦντες

144 4374 222 4425 τοῦ
253 4373 407 4437 Θεοῦ,
432 4374 686 4426 τοσοῦτον
730 4373 1043 4440 ὲπεισάγεις
1080 4373 1323 4444 θόρυϐον,
1356 4376 1448 4427 καὶ
1484 4377 1681 4445 ταράτ-

144 4476 239 4522 τεις
260 4463 385 4524 τοὺς
415 4462 574 4524 ὄντας
594 4473 644 4525 ι,
671 4462 765 4513 καὶ
800 4460 1072 4531 αἰσχύνεις
1100 4463 1199 4531 τὴν
1243 4462 1439 4532 ψυχὴν,
1466 4463 1558 4515 καὶ
1590 4464 1678 4515 θο-

145 4546 332 4613 ρυϐεῖς;
363 4547 652 4617 Ἐρχονται
682 4547 738 4598 ἒν
761 4546 917 4617 σῶμα
948 4548 1318 4617 γενησόμενοι.
1356 4547 1485 4599 Ἰδοὺ
1520 4549 1677 4601 πάλιν

141 4634 339 4702 ἀγάπης
377 4636 690 4704 μυστήριον.
728 4636 823 4687 Ἂν
848 4635 897 4686 οἱ
933 4634 1025 4686 δύο
1056 4634 1129 4703 μὴ
1174 4634 1434 4701 γένωνται
1475 4634 1551 4697 tv,
1578 4637 1677 4688 οὐκ

141 4718 441 4787 ἐργάζονται
472 4719 718 4781 πολλοὺς,
743 4718 845 4781 ἕως
874 4717 938 4771 ἂν
965 4718 1057 4770 δύο
1089 4718 1318 4788 μένωσιν
1335 4735 1348 4747 ·
1370 4720 1497 4771 ὅταν
1522 4720 1576 4771 δὲ
1599 4723 1676 4782 εἰς

142 4804 345 4875 ἑνότητα
376 4804 589 4864 ἔλθωσι,
613 4803 733 4855 τότε
763 4804 1099 4872 ἐργάζονται.
1118 4804 1182 4855 Τί
1208 4803 1545 4873 μανθάνομεν
1571 4805 1677 4858 ἀπὸ

139 4894 338 4957 τούτους
372 4892 497 4943 Ὀτι
530 4890 697 4959 πολλὴ
725 4892 822 4959 τῆς
848 4891 1090 4953 ένώσεως
1132 4892 1165 4960 ἡ
1197 4891 1365 4959 ίσχύς.
1400 4892 1472 4943 Τὸ
1504 4892 1674 4962 εὐμή-

141 4993 282 5043 χανον
303 4976 399 5030 τοῦ
425 4975 561 5028 Θεοῦ
583 4976 671 5028 τὸν
692 4976 786 5027 ἕνα
816 4978 894 5038 εἰς
914 4975 1006 5028 δύο
1019 4976 1175 5028 διεῖλε
1195 4977 1343 5046 παρά
1356 4978 1454 5046 τὴν
1479 4979 1669 5047 ἀρχὴν,

139 5064 217 5113 καὶ
239 5063 406 5116 θέλων
425 5061 593 5125 δεῖξαι
607 5062 686 5114 ὅτι
711 5062 844 5130 μετά
867 5062 925 5115 τὸ
938 5063 1274 5132 διαιρεθῆναι
1292 5065 1381 5116 καὶ
1398 5058 1478 5126 εἷς
1503 5065 1671 5133 μένει,

140 5148 221 5199 ιύκ
246 5150 456 5217 ἀφῆκεν
483 5148 580 5200 ἕνα
613 5147 800 5216 ἀρκεῖν
833 5148 967 5217 πρὸς
1013 5148 1108 5217 τὴν
1137 5148 1407 5218 γέννησιν.
1458 5151 1531 5201 Οὔ
1566 5149 1675 5218 γάρ

141 5234 267 5284 ἐστιν
296 5228 377 5296 εἷς
406 5230 482 5303 [ὀ]
504 5232 732 5294 οὐδέπω,
762 5231 877 5284 ἀλλ’
903 5234 1070 5301 ἣμισυ
1092 5232 1184 5285 τοῦ
1214 5235 1349 5295 ένός·
1376 5234 1467 5286 καὶ
1495 5234 1672 5305 δῆλον,

140 5317 205 5368 ὅτι
234 5319 291 5370 οὐ
319 5318 645 5380 παῶοποιεί,
672 5317 922 5386 καθάπερ
950 5318 1045 5370 καὶ
1074 5319 1356 5390 πρότερον.
1396 5314 1547 5381 Εἶδες
1577 5319 1672 5372 τοῦ

140 5405 296 5466 γάμου
317 5404 379 5456 τὸ
406 5403 727 5472 μυστήριον;
754 5403 1033 5473 Ἐποίησεν
1057 5403 1114 5466 ἐξ
1133 5404 1249 5466 ένός
1271 5406 1384 5467 ἕνα,
1401 5405 1493 5457 καὶ
1514 5404 1674 5457 πάλιν

142 5491 247 5549 τοὺς
273 5488 367 5540 δύο
392 5486 614 5549 τούτους
642 5487 737 5539 ἕνα
768 5488 1002 5558 ποιήσας
1041 5482 1186 5541 οὕτω
1213 5493 1355 5541 ποιεῖ
1382 5489 1506 5541 ἕνα·
1533 5489 1674 5543 ὥστε

142 5573 219 5623 καὶ
256 5571 349 5625 νῦν
388 5572 450 5637 ἐξ
495 5571 612 5634 ἑνὸς
636 5572 873 5625 τίκτεται
902 5572 1203 5643 ἄνθρωπος.
1236 5575 1377 5644 Γυνὴ
1416 5575 1523 5646 7&9
1578 5576 1699 5628 καί

199 5712 215 5727 ‘
236 5705 417 5756 Danao
440 5707 703 5769 legendum
723 5706 917 5757 videtur
941 5707 1048 5762 τοὺς
1068 5707 1306 5762 συνόντας.

988 421 1053 477 ιιι
1093 421 1308 480 arma
1332 423 1423 476 AD
1461 390 1744 486 comss.
1775 431 1928 487 CAP.
1969 429 2059 488 ιν.
2087 433 2319 489 ιιοιιιι.
2361 434 2475 491 χιι.

3236 438 3341 496 σεε

1787 542 1925 613 ἀνὴρ
1958 545 2056 597 οὐκ
2092 546 2230 598 εἰσὶν
2263 546 2537 617 ἄνθρωποι
2578 545 2693 610 δύο,
2744 546 2859 601 ἀλλ’
2908 546 3188 618 ἄνθρωπος
3223 544 3338 610 εἶς·

1786 630 1879 680 καὶ
1909 631 2081 699 παρὸν
2114 624 2208 683 καὶ
2257 632 2581 701 πολλαχόθεν
2627 634 2757 686 αὐτὸ
2804 632 3197 698 πιστώσασθαι,
3227 628 3339 685 οἷον

1784 715 1890 767 ἀπὸ
1938 716 2029 767 τοῦ
2071 716 2347 781 Ἰακώϐου,
2380 720 2485 772 ἀπὸ
2522 721 2617 789 τῆς
2645 719 2859 790 Μαρίας
2892 721 2989 787 τῆς
3016 718 3216 790 μητρὸς
3244 719 3338 773 τοῦ
3378 709 3384 714 ’

1783 799 2037 869 Χριστοῦ,
2052 801 2158 853 ἀπὸ
2175 802 2269 854 τοῦ
2295 803 2493 871 λέγειν·
2514 805 2736 871 Ἀρσεν
2756 806 2851 857 καί
2868 804 3024 871 θῆλυ
3052 806 3342 872 εποίησεν·

1782 887 2019 947 αὐτούς.
2044 888 2105 940 Εἰ
2135 888 2164 939 ὀ
2202 889 2299 955 μὲν
2329 889 2557 959 κεφαλὴ,
2582 892 2615 959 ἡ
2647 890 2703 943 δὲ
2734 891 2909 961 σῶμα,
2943 890 3059 953 πῶς
3090 890 3213 955 δύο;
3242 890 3340 943 Διά

1782 971 1938 1023 τοῦτο
1965 974 1998 1040 ἡ
2039 973 2136 1041 μὲν
2170 974 2431 1044 μαθητοῦ,
2459 978 2488 1028 ὀ
2515 977 2571 1029 δὲ
2598 977 2917 1051 διδασκάλου
2946 976 3098 1042 τάξιν
3121 976 3305 1045 ἐπέχει
3323 991 3336 1002 ·

1781 1059 1809 1110 ό
1841 1057 1938 1127 μὲν
1982 1059 2257 1127 ἄρχοντες,
2286 1063 2318 1131 ἡ
2348 1062 2405 1114 δὲ
2435 1062 2761 1132 ἀρχομένης.
2792 1064 2901 1115 Καὶ
2933 1063 3025 1115 ἀπ’
3073 1064 3242 1132 αὐτῆς
3281 1061 3340 1113 δὲ

1781 1144 1878 1213 τῆς
1904 1144 1997 1197 τοῦ
2020 1140 2264 1216 σώματος
2292 1149 2629 1213 διαπλάσεως
2648 1151 2747 1202 ίδοι
2768 1167 2849 1213 τις
2868 1150 2954 1214 ἂν,
2970 1150 3049 1221 ὅτι
3068 1149 3126 1202 tv
3164 1150 3301 1201 είσιν
3319 1163 3335 1178 ·

1780 1229 1889 1282 ἀπὸ
1913 1230 2019 1298 γὰρ
2045 1231 2143 1299 τῆς
2180 1230 2328 1303 [420]
2365 1235 2601 1305 πλευρᾶς
2632 1235 2837 1303 γέγονε,
2865 1233 2957 1289 καὶ
2988 1234 3171 1306 ῶσπερ
3203 1232 3336 1302 ἠμί-

1781 1332 1922 1381 τομα
1958 1316 2049 1368 δύο
2078 1318 2203 1370 είσί.
2225 1319 2321 1371 Διά
2344 1318 2499 1372 τοῦτο
2528 1320 2621 1371 καὶ
2647 1320 2838 1389 βοηθὸν
2872 1320 3046 1383 καλεῖ,
3081 1320 3166 1371 ἵνα
3188 1319 3337 1388 δείξῃ

1781 1401 1861 1452 ὅτι
1887 1400 1945 1453 ἓν
1966 1402 2070 1453 είσι
2092 1417 2105 1430 ·
2136 1402 2225 1454 διὰ
2248 1403 2403 1458 τοῦτο
2422 1405 2514 1458 καὶ
2545 1406 2749 1475 πατρὸς
2769 1406 2863 1459 καὶ
2881 1404 3084 1475 μητρὸς
3098 1406 3339 1474 προτιμᾷ

1780 1490 1878 1556 τὴν
1912 1489 2239 1557 συνοίκησιν,
2270 1490 2358 1544 ἵνα
2386 1490 2533 1564 δείξῃ
2568 1492 2647 1545 ὅτι
2677 1492 2734 1545 tv
2766 1493 2893 1566 είσι.
2942 1492 3051 1545 Καὶ
3099 1491 3129 1543 ό
3158 1491 3337 1559 πατὴρ

1780 1572 1978 1641 ὁμοίως
2007 1574 2185 1643 χαίρει
2214 1576 2307 1628 καὶ
2338 1576 2603 1647 θυγατρὸς
2642 1578 2735 1631 καὶ
2758 1576 2875 1629 υίοῦ
2902 1575 3240 1645 γαμούντων,
3262 1575 3338 1638 ὼς

1782 1657 1917 1726 πρὸς
1961 1661 2156 1712 οἰκεῖον
2201 1660 2358 1729 μέλος
2401 1662 2757 1731 ἐπειγομένου
2793 1661 2887 1716 τοῦ
2937 1659 3218 1730 σώματος·
3243 1660 3339 1713 καὶ

1779 1743 2011 1813 τοσαύτη
2047 1745 2257 1816 δαπάνη
2291 1746 2494 1813 γίνεται
2537 1748 2631 1799 καὶ
2677 1748 2974 1818 χρημάτων
3020 1746 3337 1809 ἐλάττωσις,

1780 1828 1873 1880 καὶ
1919 1829 2067 1897 ὅμως
2112 1831 2212 1883 ούκ
2261 1832 2511 1901 ἀνέχεται
2556 1832 2767 1901 ἄγαμον
2820 1834 3095 1902 περιορᾷν.
3130 1831 3339 1900 Ὠσπερ

1780 1918 1888 1981 γὰρ
1937 1915 2341 1987 ἀπεσχισμένης
2378 1910 2513 1986 αύτῇ
2560 1918 2659 1986 τῆς
2708 1917 2927 1985 σαρκὸς,
2962 1915 3153 1985 ἀτελὴς
3204 1914 3339 1984 πρὸς

1782 1998 2123 2051 παιδοποιίαν
2151 2001 2427 2070 ἑκάτερος,
2456 2002 2652 2070 ἀτελής
2682 2003 2798 2053 ἑστι
2832 2001 2963 2072 πρὸς
2992 2000 3106 2069 βίου
3141 2000 3337 2052 σύστα-

1783 2099 1864 2133 σιν
1886 2083 1977 2135 τοῦ
2007 2086 2271 2152 παρόντος
2298 2085 2575 2155 ἑκάτερος.
2594 2085 2693 2139 Διά
2714 2084 2871 2137 τοῦτο
2894 2084 2985 2136 καὶ
3008 2085 3036 2135 ό
3056 2084 3338 2153 προφήτης

1779 2168 1963 2236 φησίν·
1994 2169 2358 2237 ’Υπόλειμμα
2405 2172 2742 2238 πνεύματός
2791 2184 2927 2222 σου.
2960 2168 3083 2231 Πῶς
3140 2168 3197 2220 δὲ
3245 2166 3339 2220 καὶ

1778 2252 2017 2318 γίνονται
2062 2254 2139 2316 εἰς
2190 2244 2369 2322 σάρκα
2422 2252 2580 2322 μίανς
2613 2253 2877 2321 Καθάπερ
2908 2251 3106 2321 χρυσοῦ
3146 2251 3205 2304 τὸ
3240 2268 3338 2305 καμ-

1780 2336 2087 2407 θαρὼτατον
2138 2337 2203 2390 ἂν
2236 2338 2438 2410 ἀφέλῃς
2468 2338 2560 2390 καὶ
2606 2338 2779 2408 ἑτέρῳ
2824 2338 3093 2409 ἀναμίξῃς
3131 2337 3355 2407 χρυσῷ,Δ

1778 2423 1919 2475 οὓτω
1948 2424 2011 2493 δὴ
2053 2423 2144 2476 καὶ
2185 2422 2439 2487 ἐνταῦθα,
2469 2422 2530 2476 τὸ
2579 2424 2831 2481 πιότατον
2877 2424 2973 2492 τῆς
2999 2423 3191 2493 ἡδονῆς
3229 2442 3339 2493 χω-

1779 2511 2037 2579 νευούσης
2084 2513 2117 2579 ὴ
2152 2513 2287 2583 γυνὴ
2336 2510 2600 2581 δεχομένη
2634 2512 2820 2580 τρέφει
2869 2513 2962 2563 καὶ
2999 2511 3211 2574 θάλπει,
3245 2511 3341 2564 καὶ

1778 2597 1846 2648 τά
1880 2598 2007 2665 παρ’
2048 2597 2247 2665 ἑαυτῆς
2275 2598 2791 2667 συνεισενεγκαμένη
2830 2596 2997 2668 ἀνδρα
3028 2595 3338 2649 ἀποδίδωσι.

1782 2682 1889 2735 Καὶ
1918 2682 2130 2751 γέφυρά
2153 2681 2235 2745 τίς
2266 2683 2381 2735 ἐστι
2414 2684 2475 2734 τὸ
2502 2683 2730 2736 παιδίον.
2765 2683 2924 2737 Ὥστε
2954 2683 3003 2734 οἰ
3030 2684 3177 2751 τρεῖς
3204 2680 3339 2752 σὰρξ

1780 2772 2013 2839 γίνονται
2044 2773 2163 2842 μία,
2192 2771 2287 2825 τοῦ
2318 2772 2504 2833 παιδὸς
2541 2769 2876 2838 ἑκατέρωθεν
2900 2767 3191 2837 ἑκατέρους
3218 2784 3340 2820 συν-

1782 2858 2064 2920 άπτοντος.
2098 2858 2308 2925 ’Ὠσπερ
2351 2856 2458 2926 7&9
2515 2857 2565 2908 εί
2613 2856 2707 2908 δύο
2749 2853 2956 2907 πόλεων
3002 2852 3195 2916 ούσῶν,
3243 2852 3339 2905 καὶ

1783 2942 2023 3012 ποταμοῦ
2061 2942 2231 2995 διόλου
2263 2941 2617 3012 διαιροῦντος,
2664 2939 2760 3008 μία
2798 2939 3004 3006 γίνεται
3039 2938 3210 3004 πόλις,
3242 2954 3338 3003 γε-

1782 3030 1956 3100 φύρας
1986 3031 2321 3101 ἑκατέρωθεν
2351 3027 2657 3097 ἁπτομένης
2680 3043 2693 3056 ·
2714 3025 2885 3089 οὓτως
2916 3027 3062 3078 ἐστὶν
3085 3024 3335 3089 ἐνταῦθα,

1780 3117 1874 3168 καὶ
1924 3115 2116 3167 πλέον·
2153 3114 2290 3184 αὑτὴ
2337 3113 2445 3182 7&9
2486 3113 2516 3181 ἠ
2549 3112 2762 3180 γέφυρα
2812 3110 2875 3161 ἑκ
2918 3108 3039 3179 τῆς
3066 3109 3339 3177 ἑκατέρων

1778 3201 1983 3261 οὐσίας.
2017 3202 2124 3251 Καὶ
2165 3199 2242 3268 τῷ
2289 3199 2432 3267 λόγῳ
2476 3199 2649 3263 τούτῳ
2682 3196 2741 3248 tv
2774 3197 2933 3256 είσιν,
2965 3195 3041 3256 ὼς
3082 3197 3141 3246 τὸ
3180 3196 3338 3264 σῶμα

1780 3287 1871 3335 καὶ
1902 3282 2107 3353 κεφαλὴ
2142 3282 2199 3334 tv
2244 3282 2402 3349 σῶμα
2423 3298 2435 3312 ·
2464 3280 2540 3350 τῷ
2572 3281 2681 3351 γὰρ
2726 3280 2977 3349 τραχήλῳ
3013 3280 3332 3351 διαιρεῖται·

1780 3372 1894 3424 ἀλλ’
1922 3371 1980 3422 οὐ
2022 3362 2351 3438 διαιροῦνται
2376 3367 2405 3406 ιι
2436 3367 2652 3436 μᾶλλον,
2686 3366 2719 3436 ἢ
2753 3366 3140 3418 συνάπτονται·
3176 3367 3337 3434 μέσος

1779 3458 1887 3526 7&9
1903 3455 1976 3507 ὢν
1988 3454 2279 3525 ἑκατέρους
2300 3453 2518 3519 συνάγει
2540 3468 2552 3481 ·
2576 3452 2668 3505 καὶ
2692 3451 2884 3504 ταυτὸν
2903 3452 3131 3518 γίνεται,
3150 3451 3335 3522 ὥσπερ

1780 3543 1843 3594 ἂν
1875 3543 1922 3593 εί
1976 3538 2131 3609 χορὸς
2174 3538 2567 3605 διεσπασμένος
2611 3536 2671 3589 τὸ
2721 3537 2818 3605 μὲν
2848 3537 2903 3589 tv
2952 3537 3115 3590 αὑτοῦ
3174 3538 3335 3607 μέρος

1781 3624 2025 3679 ἐντεῦθεν
2080 3623 2277 3686 λαϐὼν,
2328 3622 2388 3675 τὸ
2432 3623 2488 3675 δὲ
2531 3622 2715 3692 ἕτερον
2764 3624 2828 3675 ὲκ
2874 3622 2973 3691 τῆς
3012 3622 3211 3685 δεξιᾶς,
3238 3623 3337 3675 ἕνα

1781 3715 2054 3783 ποιήσειεν
2073 3729 2086 3741 ·
2114 3713 2146 3782 ἢ
2176 3712 2361 3781 ῶσπερ
2389 3712 2437 3763 οἰ
2489 3710 2902 3778 συνεσταλμένοι
2935 3703 3080 3762 οῦτοι
3116 3710 3209 3763 καὶ
3237 3710 3337 3771 τὰς

1779 3804 1962 3870 χεῖρας
1996 3799 2325 3859 ἐκτείνοντες
2357 3796 2414 3849 tv
2466 3797 2732 3863 γίνονται·
2769 3796 2825 3848 αἱ
2871 3796 2979 3865 7&9
3016 3799 3197 3865 χεῖρες
3244 3797 3336 3847 ἐκ-

1779 3885 2044 3948 ταθεῖσαι,
2075 3884 2173 3935 ούκ
2210 3883 2431 3949 ἀφιᾶσιν
2459 3878 2599 3932 εἶναι
2628 3880 2738 3932 δύο.
2773 3880 2870 3933 Διά
2901 3880 3057 3932 τοῦτο
3084 3879 3213 3947 γοῦν
3243 3881 3335 3932 καὶ

1778 3968 2020 4038 ἀκριϐῶς
2053 3964 2225 4030 εἶπεν,
2256 3968 2377 4030 οὐκ,
2427 3968 2677 4018 Ἔσονται
2730 3966 2829 4033 μία
2878 3964 3034 4035 σὰρξ,
3068 3965 3203 4029 ἀλλ’,
3235 3969 3335 4031 Εἰς

1779 4054 1975 4121 σάρκα
2003 4055 2167 4121 μίαν,
2197 4052 2295 4120 τὴν
2321 4051 2413 4103 τοῦ
2438 4052 2627 4113 παιδὸς
2657 4052 3046 4121 συναπτόμενοι
3072 4052 3333 4120 δηλονότι.

1778 4142 1843 4191 Τί
1890 4134 2001 4202 οὖν,
2045 4139 2168 4190 ὅταν
2226 4137 2435 4189 παιδίον
2468 4136 2545 4206 μὴ
2576 4133 2632 4208 ᾗ,
2665 4136 2765 4188 ούκ
2810 4137 3021 4189 ἔσονται
3064 4137 3156 4190 δύο
3185 4149 3207 4176 ε
3243 4138 3336 4191 καὶ

1779 4227 1927 4289 τότε;
1960 4223 2191 4291 Εὔδηλον
2213 4241 2225 4253 ·
2260 4225 2292 4292 ἡ
2330 4223 2471 4291 μίξις
2514 4222 2622 4291 7&9
2664 4221 2820 4275 τοῦτο
2868 4224 3175 4292 ἐργάζεται,
3206 4226 3337 4278 ἀνα-

1779 4313 1946 4381 χέασα
1997 4310 2090 4362 καὶ
2123 4308 2432 4378 ἀναμίξασα
2474 4307 2794 4377 ἀμφοτέρων
2834 4308 2903 4360 τά
2950 4309 3189 4377 σώματα.
3226 4311 3336 4364 Καὶ

1778 4399 1963 4468 ὥσπερ
2010 4400 2087 4460 είς
2134 4386 2311 4447 ἔλαιον
2344 4394 2513 4465 μύρον
2543 4392 2813 4463 ἐμϐαλὼν,
2846 4393 2906 4446 τὺ
2935 4395 3043 4446 πᾶν
3086 4394 3336 4466 ἐποίησεν

1778 4482 1855 4549 ἓν,
1880 4481 2022 4533 οὓτω
2048 4480 2111 4550 δὴ
2144 4480 2235 4531 καὶ
2261 4478 2510 4533 ἐνταῦθα.

1850 4573 1921 4630 ς’,
1937 4562 2063 4616 Οἶδα
2082 4567 2161 4618 ὅτι
2186 4566 2368 4619 πολλοὶ
2398 4565 2734 4635 αἰσχύνονται
2757 4567 2866 4628 τοῖς
2886 4566 3213 4637 λεγομένοις·
3244 4569 3335 4620 καὶ

1778 4654 1963 4705 τούτου
1995 4654 2161 4706 αἴτιον
2196 4656 2227 4722 ἡ
2265 4653 2520 4721 ἀσέλγεια
2564 4654 2653 4706 καὶ
2692 4656 2725 4723 ἡ
2776 4654 3057 4708 ἀκολασία.
3094 4658 3163 4707 Τὸ
3188 4656 3335 4717 ¹οὕτω

1778 4740 1901 4801 τοὺς
1943 4740 2151 4807 γάμους
2183 4739 2445 4805 γίνεσθαι,
2475 4740 2535 4792 τὸ
2585 4740 3068 4810 πσραφθείρεσθαι,
3096 4742 3156 4793 τὸ
3193 4744 3335 4812 πρᾶ-

1776 4842 1895 4895 γμα
1924 4824 2197 4877 διέϐαλεν·
2245 4826 2365 4877 ἐπεὶ
2414 4826 2605 4894 Τίμιος
2650 4830 2681 4879 ό
2715 4825 2918 4893 γάμος,
2955 4828 3051 4879 καί
3083 4829 3119 4895 ἡ
3168 4828 3333 4897 κοίτη

1777 4912 2080 4979 ἀμίαντος.
2102 4911 2168 4963 Τί
2198 4913 2429 4983 αἰσχύνῃ
2451 4912 2528 4981 τῷ
2555 4912 2752 4981 τιμίῳ;
2781 4914 2832 4964 τί
2861 4913 3114 4984 ἐρυθριᾷς
3138 4917 3227 4967 ἐπὶ
3258 4916 3335 4984 τῷ

1775 4996 2057 5065 ἀμιάντῳ;
2102 4995 2285 5049 Ταῦτα
2334 4997 2623 5066 αἱρετικῶν
2674 4999 2811 5061 ἐστι,
2867 4998 3037 5050 ταῦτα
3081 4999 3191 5052 τῶν
3237 5001 3335 5062 τὰς

1776 5081 1976 5149 πόρνας
1996 5080 2413 5148 ἐπεισαγόντων.
2439 5082 2537 5133 Διά
2554 5082 2711 5135 τοῦτο
2735 5084 2896 5136 αὑτὸν
2916 5085 3333 5154 ὲκκαθαίρεσθαι

1778 5166 2056 5237 βούλομαι,
2077 5166 2213 5219 ὥστε
2238 5168 2328 5218 ἐπὶ
2357 5167 2455 5238 τὴν
2482 5169 2687 5221 οἰκείαν
2716 5170 2994 5237 εὐγένειαν
3019 5171 3331 5237 ἀναγαγεῖν,

1776 5248 1913 5304 ὥστε
1945 5253 2052 5305 τῶν
2080 5252 2365 5321 αἱρετικῶν
2382 5254 2655 5322 ἐμφράξαι
2671 5254 2738 5308 τὰ
2759 5254 3020 5323 στόματα.
3047 5255 3333 5323 Ὗϐρισται

1773 5335 1834 5389 τὸ
1858 5337 1951 5389 τοῦ
1978 5338 2110 5391 Θεοῦ
2141 5338 2329 5408 δῶρον,
2372 5340 2406 5407 ὴ
2435 5336 2558 5407 ῥίζα
2590 5338 2690 5407 τῆς
2730 5342 2999 5410 ἡμετέρας
3036 5341 3329 5407 γενέσεως·

1839 5470 1867 5509 ιι
1901 5470 2034 5535 L'n_us
2054 5472 2229 5535 (ξφα.οι
2258 5484 2409 5535 marg.
2438 5470 2568 5535 Sain
2595 5508 2609 5529 ,
2644 5473 2695 5519 ἐν
2716 5474 2851 5535 εἰσιν,
2888 5476 2951 5528 ὡς
2987 5471 3073 5535 τοῦ
3112 5476 3332 5535 σώματος

1771 5531 1999 5602 πάντα.τά
2025 5534 2140 5605 μέλη
2170 5531 2637 5609 συναρμολογρύμξνα
2654 5533 2768 5604 πρὸς
2788 5535 2873 5606 τὴν
2895 5534 3120 5609 κεχαλην,
3144 5531 3330 5609 ἱνγίνεο

1771 5605 1851 5657 ται
1874 5593 2034 5651 σῶμα,
2056 5592 2097 5638 εἰ
2119 5592 2199 5639 καὶ
2218 5592 2533 5655 τῷίτραχήλῳ
2554 5592 2795 5655 διαιρεῖται
2832 5592 3026 5641 ἐνταῦθα
3051 5595 3098 5641 δὲ
3126 5594 3181 5641 οὗ
3211 5592 3330 5641 διαι-

1773 5664 1981 5711 ρουνται.

1839 5710 1861 5739 ⁸
1884 5708 2169 5771 Legendum
2191 5711 2384 5761 videtur
2407 5713 2470 5768 εἰς
2492 5715 2537 5761 οἰ
2555 5713 2655 5767 δύο.
