4058 6326
730 393 892 450 τεο.

731 502 903 575 πολλῆ
926 503 1032 574 γὰρ
1058 503 1185 572 “39‘-
1209 504 1307 574 τὴν
1335 503 1489 575 ῥίζαν
1517 509 1548 576 ἡ
1586 507 1787 577 κόπρος
1822 508 1914 560 καὶ
1950 509 1978 559 ό
2007 504 2281 575 βόρϐορος.

1416 394 1479 451 s.
1516 392 1799 451 somnus
1834 363 2273 450 cumsuam

2373 360 2671 443 ιίὶειιιειι,
2711 386 3243 442 CONSTANTINOP.

3796 383 3902 437 330

2389 501 2568 561 ποίους
2593 498 2649 551 δὲ
2682 499 2904 567 γάμους,
2932 498 3242 568 προσέχετε.
3272 494 3487 564 Πρῶτον
3510 493 3608 563 μὲν
3635 491 3806 564 ἄνδρα
3828 494 3917 563 ζή-

670 588 677 597 ’
733 588 936 643 Τοῦτον
967 583 1059 641 οῦν
1083 588 1474 659 ὲκκαθάρωμεν
1506 590 1584 659 τῷ
1608 591 1769 660 λόγῳ.
1807 590 2086 658 ’Δνέχεσθε
2112 588 2287 640 τοίνυν
2384 601 2462 635 τει
2491 582 2559 653 τῇ
2584 583 2830 652 παρθένῳ
2857 583 3021 645 ὅντως
3048 581 3214 649 ἀνδρα
3250 581 3342 633 καὶ
3365 579 3692 660 προστάτην,
3721 578 3801 639 ώς
3822 578 3917 630 σώ-

735 676 927 746 μικρὸν
955 674 1077 726 ἐπεὶ
1106 674 1198 726 καὶ
1234 675 1263 727 ό
1296 674 1559 745 βόρϐορον
1604 678 1847 745 κατέχων
1891 674 2149 735 δυσωδίας
2188 673 2283 723 ἀν-

735 760 937 829 έχεται.
964 758 1231 829 Βούλομαι
1258 759 1420 823 δεῖξαι
1442 761 1523 812 δτι
1550 762 1610 814 οὗ
1640 762 1744 830 χρὴ
1770 761 1862 812 ἐπὶ
1876 760 2080 822 τούτοις
2098 756 2285 825 αίσχύ-

731 845 936 910 νεσθαι,
953 844 1103 917 [421]
1129 845 1262 899 ἀλλά
1281 845 1485 910 τούτοις
1499 840 1580 908 οἷς
1603 851 1799 899 ποιεῖτε
1814 864 1828 877 ·
1854 848 1915 898 σὺ
1941 846 1997 896 δὲ
2041 847 2125 897 ἐπ’
2145 844 2285 895 ὲκεί-

731 947 843 993 νοις
879 931 1220 1001 αίσχύνεσθαι
1269 932 1441 999 ἀφεὶς,
1456 932 1662 995 τούτοις
1689 931 1913 1001 αἰσχύνῃ
1933 948 1946 961 ·
1970 930 2158 982 οὐκοῦν
2188 929 2282 1001 τοῦ

732 1015 865 1067 Θεοῦ
886 1015 1305 1083 καταγινώσκεις
1320 1016 1411 1068 τοῦ
1439 1016 1577 1068 οὓτω
1604 1016 1973 1076 ϐεσπίσαντος.
1993 1014 2144 1067 Είπω
2166 1013 2283 1077 πῶς

734 1103 825 1153 καὶ
857 1104 1147 1171 μυστήριον
1170 1103 1267 1171 τῆς
1292 1101 1608 1170 Ἐκκλησίας
1630 1101 1794 1154 ἐστίν·
1830 1101 1887 1153 '0
1905 1100 2127 1170 Χριστὸς
2153 1096 2279 1169 ῆλθε

732 1187 869 1253 πρὸς
896 1188 993 1255 τὴν
1032 1186 1372 1255 Ἐκκλησίαν,
1393 1188 1483 1238 καὶ
1513 1185 1571 1248 ἐξ
1596 1186 1765 1253 αὐτῆς
1788 1186 1997 1252 γέγονε,
2025 1184 2117 1235 καὶ
2144 1185 2276 1253 αὐτῇ

736 1271 1042 1339 συνεισῆλθε
1066 1283 1092 1311 ι
1116 1271 1367 1340 συνουσία
1390 1274 1747 1340 πνευματικῇ.
1774 1270 2153 1337 Ἦρμοσὰμην
2172 1270 2277 1336 γὰρ

733 1351 906 1419 ὑμᾶς,
924 1355 1104 1423 φησὶν,
1123 1355 1211 1406 ἐνί
1239 1354 1406 1421 ἀνδρί
1436 1355 1730 1421 παρθένον
1759 1354 1968 1421 ἁγνήν.
1993 1355 2117 1405 Ὀτι
2144 1353 2198 1403 δὲ
2220 1352 2276 1417 ἐξ

732 1436 894 1505 αὑτοῦ
918 1439 1099 1505 ἐσμεν,
1119 1438 1278 1491 ἄκουε
1297 1440 1410 1501 πῶς
1433 1455 1591 1506 φησιν
1607 1455 1621 1468 ·
1654 1439 1747 1492 Ἐκ
1775 1438 1881 1489 τῶν
1900 1439 2070 1507 μελῶν
2091 1437 2272 1497 αὐτοῦ,

731 1518 825 1572 καὶ
860 1521 923 1572 ἐκ
953 1520 1053 1589 τῆς
1095 1523 1293 1592 σαρκὸς
1344 1523 1508 1575 αὑτοῦ
1544 1524 1744 1585 πάντες
1774 1526 1953 1592 ἡμεῖς.
1994 1522 2175 1573 Ταῦτα
2210 1522 2273 1591 δὴ

731 1603 903 1657 πάντα
930 1605 1248 1669 ἐννοοῦντες,
1285 1608 1357 1677 μὴ
1380 1609 1718 1677 αίσχύνωμεν
1742 1610 1801 1660 τὸ
1828 1608 2138 1675 τηλικοῦτον
2174 1625 2275 1675 μυ-

731 1690 965 1757 στήριον.
1000 1691 1175 1767 Τύπος
1216 1694 1315 1760 τῆς
1356 1695 1447 1746 τοῦ
1475 1693 1709 1761 Χριστοῦ
1740 1694 2039 1763 παρουσίας
2076 1694 2220 1745 ἐστὶν
2247 1694 2274 1744 ό

726 1773 921 1840 γάμος,
947 1775 1010 1826 σὺ
1038 1773 1093 1826 δὲ
1118 1775 1368 1841 μεθύεις;
1400 1779 1531 1830 Εἰπέ
1564 1795 1674 1847 μοι,
1720 1780 1767 1831 εί
1796 1779 1978 1831 είκόνα
2012 1778 2149 1840 εἶδες
2180 1777 2271 1829 τοῦ

728 1856 1003 1926 βασιλέως,
1046 1855 1152 1927 ἆρα
1181 1860 1246 1911 ἂν
1279 1862 1445 1931 αὐτὴν
1490 1863 1753 1932 ᾔσχυνες;
1785 1863 2066 1932 Οὐδαμῶς.
2121 1866 2275 1916 Δοκεῖ

741 1944 838 2010 μὲν
864 1940 956 1995 οὖν
981 1944 1247 2015 ἀδιάφορα
1273 1943 1411 1999 εἶναι
1442 1962 1509 2001 τα
1534 1951 1664 2018 περὶ
1686 1949 1777 2001 τδν
1797 1950 1972 2017 γάμον
1998 1949 2270 2018 γινόμενα,

726 2027 840 2078 ἔστι
890 2027 946 2078 δὲ
983 2028 1227 2095 μεγάλων
1264 2032 1409 2083 αίτια
1455 2033 1657 2084 κακῶν.
1705 2034 1887 2084 Πάντα
1934 2035 2271 2101 παρανομίας

723 2110 898 2180 γέμει.
937 2114 1265 2179 Αἱσχρότης
1302 2116 1398 2166 καί
1424 2117 1761 2182 μωρολογία
1785 2116 1882 2167 καί
1912 2118 2271 2182 εὐτραπελία

720 2196 803 2264 μὴ
843 2196 1269 2263 ἐκπορευέσθω,
1300 2199 1481 2267 φησιν,
1523 2199 1592 2251 ἐκ
1625 2200 1728 2253 τοῦ
1756 2201 2049 2267 στόματος
2084 2201 2267 2270 ὑμῶν.

722 2283 902 2335 Πάντα
931 2284 987 2335 δὲ
1020 2285 1221 2347 ἐκεῖνα,
1246 2286 1536 2356 αἰσχρότης
1581 2288 1676 2339 καὶ⁵
1708 2286 2015 2357 μωρολογία
2046 2289 2139 2340 καὶ
2181 2288 2272 2340 εύ-

719 2368 1003 2438 τραπελία,
1044 2370 1144 2439 οὐχ
1179 2370 1383 2435 ἀπλῶς,
1416 2372 1553 2424 ἀλλά
1582 2372 1719 2441 μετά
1753 2373 2081 2435 ὲπιτάσεως·
2111 2373 2269 2443 τέχνη

720 2454 827 2523 γάρ
848 2454 908 2506 τδ
936 2455 1167 2526 πρᾶγμά
1189 2457 1324 2518 ἐστι,
1340 2456 1431 2509 καὶ
1460 2456 1709 2527 ἐγκώμια
1734 2459 1945 2527 μεγάλα
1972 2461 2081 2520 τοῖς
2106 2458 2271 2525 αὐτὴν

723 2538 991 2607 μετιοῦσι·
1015 2539 1082 2591 τά
1105 2541 1472 2611 ἁμαρτήματα
1499 2542 1660 2612 τέχνη
1687 2544 1926 2610 γέγονεν.
1952 2545 2063 2613 Οὐχ
2088 2543 2272 2606 ἀπλῶς

719 2623 858 2675 αὺτά
903 2624 1293 2694 μετερχόμεθα,
1325 2626 1462 2679 ἀλλά
1495 2626 1634 2696 μετά
1676 2628 1931 2697 σπουδῆς,
1970 2628 2108 2697 μετὰ
2148 2630 2271 2681 ὲπι-

721 2710 959 2779 στὴμης·
989 2711 1082 2762 καὶ
1114 2714 1410 2782 στρατηγεῖ
1439 2712 1624 2765 λοιπὸν
1651 2715 1681 2765 ό
1703 2714 1947 2777 διάϐολος
1972 2714 2081 2768 τῶν
2108 2714 2271 2768 αὐτοῦ

719 2795 1028 2863 ταγμάτων.
1058 2795 1231 2851 ὐπου
1264 2796 1370 2865 γὰρ
1406 2796 1563 2867 μέθη,
1591 2797 1884 2851 ἀκολασία·
1906 2800 2035 2851 ὅπου
2056 2801 2273 2868 αἰσχρο-

718 2874 892 2944 λογία,
926 2879 955 2930 ό
977 2878 1218 2942 διάϐολος
1255 2881 1482 2948 πάρεστι
1510 2881 1578 2934 τά
1612 2885 1739 2952 παρ’
1770 2884 1958 2935 ἑαυτοῦ
1986 2884 2268 2953 εἰσφέρων.

718 2961 937 3025 Τούτοις
979 2962 1323 3033 ἑστιώμενος,
1370 2966 1490 3019 εἰπέ
1533 2984 1642 3036 μοι,
1695 2969 1990 3039 μυστήριον
2038 2965 2272 3037 Χριστοῦ

716 3048 910 3111 τελεῖς,
936 3049 1028 3100 καὶ
1066 3049 1155 3101 τὸν
1195 3050 1435 3103 διάϐολον
1481 3051 1696 3117 καλεῖς;
1738 3052 1887 3121 Τάχα
1918 3069 1985 3121 με
2022 3053 2273 3121 φορτικὸν

720 3129 855 3185 εἶναι
884 3133 1150 3201 νομίζετε.
1172 3135 1396 3206 Καὶγάρ
1424 3136 1686 3188 καὶτοῦτο
1706 3136 1803 3204 τῆς
1823 3136 2149 3205 διαστροφῆς
2176 3136 2273 3206 τῆς

719 3218 938 3287 πολλῆς,
965 3218 1046 3270 ὅτι
1094 3219 1189 3271 καὶ
1232 3221 1260 3273 ό
1291 3222 1577 3288 ἐπιτιμῶν,
1607 3221 1815 3288 γέλωτα
1857 3221 2166 3291 ὀφλισκάνει
2199 3220 2273 3282 ώς

724 3303 1014 3371 αὐστηρός.
1048 3305 1160 3355 Οὐκ
1192 3304 1417 3357 ἀκούετε
1458 3306 1667 3359 Παύλου
1706 3307 1971 3372 λέγοντος,
1998 3305 2126 3361 Πᾶν
2153 3305 2187 3357 ὅ
2222 3322 2275 3357 τι

720 3387 798 3440 ἂν
811 3386 1035 3453 ποιῆτε,
1054 3389 1171 3441 εἴτε
1186 3389 1432 3456 ἐσθίετε,
1449 3390 1567 3443 stre
1595 3392 1816 3453 πίνετε,
1833 3392 1950 3444 εἶτε
1968 3408 2021 3443 τι
2036 3390 2272 3456 ποιεῖτε,

719 3472 911 3525 πάντα
931 3475 1016 3538 είς
1041 3474 1225 3536 δόξαν
1239 3475 1384 3527 Θεοῦ
1412 3478 1664 3540 ποιεῖτε;
1698 3477 1882 3546 Ὑμεῖς
1902 3478 1958 3530 δὲ
1981 3479 2058 3539 είς
2072 3477 2273 3547 δυσφη-

724 3558 852 3626 μίαν
882 3559 975 3610 καὶ
1003 3559 1235 3622 ἀδοξίαν.
1262 3562 1375 3612 Οὐκ
1404 3562 1625 3613 ἀκούετε
1656 3562 1749 3613 τοῦ
1782 3563 2061 3631 Προφήτου
2090 3561 2271 3628 λέγον-

719 3658 833 3703 τος,
864 3645 1234 3697 Δουλεὺσατε
1262 3644 1340 3709 τῷ
1391 3647 1585 3712 Κυρίῳ
1628 3647 1696 3697 ἐν
1739 3648 1915 3713 φόϐῳ,
1950 3645 2047 3698 καὶ
2092 3647 2275 3714 ἀγαλ-

720 3726 1101 3794 λιᾶσθεαὺτῷ
1122 3732 1193 3783 ἐν
1212 3733 1428 3799 τρόμῳ;
1463 3732 1646 3801 Ὑμεῖς
1663 3732 1719 3784 δὲ
1737 3731 2044 3804 βιαχεῖσθε.
2063 3732 2153 3797 Μὴ
2168 3731 2273 3799 γάρ

721 3812 819 3865 οὐκ
852 3813 966 3865 ἔστι
996 3815 1089 3865 καὶ
1120 3815 1365 3881 ἥδεσθαι,
1410 3817 1503 3868 καὶ
1550 3818 1685 3885 μετά
1715 3817 2042 3883 ἀσφαλείας;
2090 3817 2274 3869 Βούλει

726 3897 904 3966 μελῶν
932 3898 1159 3950 ἀκοῦσαι
1187 3900 1392 3963 καλῶν;
1416 3901 1666 3953 Μάλιστα
1704 3902 1800 3968 μὲν
1835 3900 1954 3952 οὐδὲ
1980 3901 2113 3953 ἔδει·
2140 3903 2275 3972 πλὴν

725 3983 1157 4050 συγκαταϐαίνω,
1185 3984 1233 4035 εί
1264 3984 1474 4053 βούλει·
1505 3986 1579 4053 μὴ
1613 3984 1719 4036 τῶν
1763 3986 2063 4039 σατανικῶν
2108 3987 2273 4038 ἀκού-

723 4084 840 4137 σῃς,
860 4067 994 4120 ἀλλά
1012 4069 1119 4119 τῶν
1146 4070 1549 4138 πνευματικῶν.
1570 4069 1757 4122 Βούλει
1778 4070 2096 4139 χορεύοντας
2116 4072 2270 4136 ἱδεῖν;

722 4153 822 4223 ὅρα
844 4153 949 4205 τῶν
976 4154 1219 4221 ἀγγέλων
1248 4155 1337 4207 τὸν
1362 4155 1538 4223 χορόν.
1562 4156 1669 4207 Καὶ
1694 4154 1807 4217 πῶς
1828 4155 2068 4219 δυνατὴν,
2089 4157 2268 4225 φησὶν,

726 4241 879 4303 ίδεῖν;
912 4241 1036 4292 Ἐὰν
1056 4241 1225 4293 ταῦτα
1250 4242 1546 4313 ἀπελάσῃς.
1564 4241 1836 4293 ἐλεύσεται
1870 4243 1962 4295 καὶ
1996 4244 2023 4294 ό
2043 4243 2271 4312 Χριστὸς

725 4324 806 4384 είς
836 4323 1054 4386 τούτους
1079 4327 1205 4388 τοὺς
1237 4326 1474 4394 γάμους·
1501 4324 1596 4378 τοῦ
1624 4326 1678 4377 δὲ
1712 4326 1943 4396 Χριστοῦ
1988 4329 2269 4397 παρόντος,

726 4409 817 4460 καὶ
844 4411 871 4461 ό
903 4410 1009 4462 τῶν
1050 4411 1293 4478 ἀγγέλων
1345 4410 1571 4481 πάρεστι
1614 4412 1792 4482 χορός.
1822 4414 1915 4463 Ἂν
1963 4404 2139 4485 θέλῃς,
2179 4415 2271 4466 καὶ

724 4492 818 4545 νῦν
850 4494 1100 4565 θαύματα
1127 4498 1437 4565 ἐργάσεται,
1466 4498 1711 4570 καθάπερ
1758 4499 1849 4549 καὶ⁵
1881 4498 2030 4549 τότε·
2060 4500 2271 4567 ποιήσει

726 4585 819 4635 καὶ
845 4584 938 4637 νῦν
987 4585 1049 4637 τὸ
1080 4586 1221 4656 ὕδωρ
1250 4584 1389 4640 οἶνον
1411 4604 1423 4615 ·
1452 4588 1543 4640 καὶ
1593 4587 1771 4656 πολλῷ
1816 4587 2269 4657 θαυμασιώτερον,

726 4671 821 4741 τὴν
844 4672 1086 4741 διάχυσιν
1113 4675 1427 4744 ἐπιστρέψει
1452 4664 1549 4744 τὴν
1577 4676 1926 4744 διαρρέουσαν
1955 4675 2044 4727 καὶ
2062 4675 2271 4746 ψυχρὰν

726 4756 1037 4826 ἐπιθυμίαν,
1078 4759 1173 4811 καὶ
1217 4761 1310 4812 ἐπὶ
1358 4762 1457 4829 τὴν
1509 4760 1879 4828 πνευματικὴν
1928 4763 2269 4831 μεταστήσει.

727 4841 895 4893 Τοῦτό
927 4844 1072 4894 ἐστιν
1102 4844 1159 4907 ἐξ
1187 4843 1377 4908 ὓδατος
1406 4842 1545 4898 οἶνον
1568 4846 1811 4912 ποιῆσαι.
1833 4844 1999 4897 Ἔνθα
2024 4846 2269 4915 αὐληταὶ,

726 4928 959 4996 οὐδαμοῦ
996 4929 1024 4979 ὁ
1072 4931 1331 4999 Χριστός·
1364 4931 1499 4984 ἀλλά
1544 4932 1644 4984 κᾶν
1695 4928 1927 5001 εἰσέλθῃ,
1957 4930 2017 4983 τὸ
2060 4930 2272 5000 πρῶτον

728 5014 975 5066 ἐκϐάλλει
1019 5014 1256 5082 τούτους,
1305 5018 1397 5068 καὶ
1446 5016 1564 5067 τότε
1612 5015 2026 5085 θαυματουργεῖ.
2066 5016 2129 5068 Τί
2174 5016 2271 5085 τῆς

731 5098 1021 5166 σατανικῆς
1051 5102 1268 5169 πομπῆς
1293 5101 1632 5172 ἀηδέστερον,
1656 5101 1781 5154 ἔνθα
1812 5101 2053 5171 ἄναρθρα
2076 5101 2270 5168 πάντα,

731 5182 878 5253 μῖὶ]
912 5183 1037 5237 ἔνθα
1080 5187 1254 5239 πάντα
1302 5186 1518 5256 ἀσημα;
1554 5188 1616 5241 ἂν
1663 5188 1719 5240 δέ
1757 5205 1809 5240 τι
1858 5188 1952 5240 καὶ
1996 5186 2271 5256 ἔναρθρον,

729 5269 887 5322 πάλιν
915 5270 1086 5323 πάντα
1122 5272 1341 5342 αίσχρά,
1373 5273 1548 5326 πάντα
1576 5273 1736 5344 ἀηδῆ.

798 5356 862 5418 ζ’.
885 5355 1047 5408 Οὐδὲν
1063 5358 1159 5426 τῆς
1184 5359 1381 5429 ἀρετῆς
1410 5360 1577 5428 ἥδιον,
1606 5360 1753 5412 οὐδὲν
1773 5358 2123 5430 κοσμιότητος
2147 5359 2273 5426 γλυ·

733 5440 976 5509 κύτερον,
1009 5441 1155 5494 οὐδὲν
1176 5445 1495 5515 σεμνότητος
1521 5444 1910 5515 ποθεινότερον.
1941 5445 2272 5508 Ποιείτωτις

730 5527 968 5597 γάμους,
1008 5529 1149 5592 οἴους
1202 5532 1311 5599 ἐγὼ
1342 5533 1502 5601 λέγω,
1551 5535 1641 5589 καὶ
1684 5533 1870 5602 δέεται
1917 5534 2013 5605 τὴν
2048 5533 2268 5604 ἡδονήν·

792 5674 819 5702 ⁸
839 5674 983 5723 Sam.
1008 5678 1131 5736 conj.
1154 5681 1361 5735 συνῆλθε.

2386 684 2512 735 ματι
2543 667 2746 736 μέλλων
2774 667 3042 735 ἐπιθήσειν
3064 664 3320 735 κεφαλὴν,
3346 658 3423 726 ὡς
3452 664 3548 714 οὐκ
3572 662 3914 730 ἀνδράποδον,

2381 751 2513 804 ἀλλά
2555 752 2828 821 θυγατέρα
2874 750 3019 821 αὐτῷ
3055 750 3260 821 μέλλων
3288 747 3655 819 παραδώσειν
3685 748 3763 816 μὴ
3788 750 3917 816 ΧΡή’

2384 854 2526 905 ματα
2555 838 2723 907 ζήτει,
2762 837 2837 905 μὴ
2881 837 3067 905 γένους
3114 834 3486 906 λαμπρότητα,
3540 834 3615 902 μὴ
3668 832 3917 909 πατρίδος

2384 922 2628 991 μέγεθος,
2691 921 2867 974 πάντα
2891 921 3061 974 ταῦτα
3099 919 3345 990 περιττά,
3390 918 3522 970 ἀλλά
3556 917 3730 986 ψυχῆς
3767 917 3919 969 εὐλά-

2378 1004 2549 1069 ϐειαν,
2585 1006 2900 1068 ἐπιείκειαν,
2938 1007 3035 1074 τὴν
3064 1004 3235 1074 ἀληθῆ
3280 1001 3515 1065 σύνεσιν,
3549 1001 3641 1054 τοῦ
3671 1002 3808 1054 Θεοῦ
3834 1002 3917 1053 τὸν

2378 1092 2559 1159 φόϐον,
2588 1093 2635 1143 εί
2659 1090 2833 1160 βούλει
2862 1090 2978 1160 μεθ’
3005 1089 3198 1158 ἡδονῆς
3225 1091 3283 1142 τὸ
3304 1089 3591 1157 θυγάτριον
3613 1078 3732 1156 ζῇν.
3761 1087 3918 1139 Πλου-

2380 1175 2631 1246 σιώτερον
2663 1176 2771 1245 γὰρ
2799 1175 3056 1246 ζητοῦσα,
3096 1175 3155 1227 οὐ
3205 1175 3361 1243 μόνον
3394 1174 3558 1243 αὐτὴν
3585 1174 3684 1225 οὐκ
3705 1171 3916 1241 ὠφελή-

2381 1279 2512 1325 σεις,
2544 1262 2677 1315 ἀλλὰ
2706 1263 2798 1315 καὶ
2825 1264 3061 1333 βλάψεις,
3091 1261 3277 1331 δούλην
3299 1262 3410 1313 ἀντ’
3438 1260 3721 1329 ἐλευθέρας
3742 1258 3919 1311 ποιοῦ-

2380 1364 2464 1399 σα.
2498 1349 2572 1399 Οὐ
2600 1349 2863 1416 τοσαύτην
2892 1350 2999 1419 γὰρ
3031 1350 3135 1401 ἀπὸ
3172 1348 3278 1399 τῶν
3305 1347 3553 1416 χρυσίων
3572 1346 3917 1415 καρπώσεται

2375 1433 2474 1500 τὴν
2521 1433 2732 1503 ἡδονὴν,
2790 1435 2919 1503 ὅσην
2968 1432 3073 1485 ἀπὸ
3119 1432 3212 1485 τοῦ
3252 1430 3517 1485 δουλεύειν
3561 1430 3679 1497 τὴν·
3706 1429 3913 1497 ἀηδίαν.

2388 1517 2544 1570 Ἀλλά
2581 1519 2653 1588 μὴ
2675 1520 2823 1587 ζήτει
2854 1519 3041 1584 ταῦτα,
3072 1519 3204 1571 ἀλλά
3237 1519 3465 1586 μάλιστα
3505 1518 3602 1587 μὲν
3623 1517 3913 1583 ὁμότιμον·

2374 1603 2498 1654 εἰδὲ
2526 1602 2599 1672 μὴ
2659 1602 2897 1666 δυνατὸν,
2936 1602 3247 1673 πενέστερον
3292 1601 3506 1672 μᾶλλον,
3537 1602 3571 1671 ἢ
3620 1599 3917 1669 εὐπορώτε-

2376 1704 2486 1757 ρον,
2512 1689 2565 1739 εῖ
2584 1705 2645 1754 γε
2667 1688 2740 1757 μὴ
2764 1687 3051 1739 ἀποδόσθαι
3079 1687 3327 1757 δεσπότῃ,
3359 1687 3472 1739 ἀλλ’
3501 1685 3744 1739 ἐκδοῦναι
3771 1685 3918 1755 ἀνδρὶ

2376 1773 2665 1842 βούλειτὴν
2691 1773 2979 1842 θυγατέρα.
3025 1773 3191 1826 Ὅταν
3230 1773 3471 1841 ἀκριϐῶς
3500 1771 3759 1841 έξετάσῃς
3795 1773 3920 1823 τάν·

2372 1858 2493 1926 δρὸς
2517 1859 2612 1926 τὴν
2634 1859 2850 1927 ἀρετὴν,
2876 1857 2966 1909 καὶ
3000 1857 3195 1927 μέλλῃς
3234 1857 3516 1919 ἐκδιδόναι,
3546 1855 3919 1928 παρακάλεσον

2372 1941 2461 1993 τὸν
2479 1942 2707 2009 Χριστὸν
2734 1941 3160 2009 παραγενέσθαι·
3193 1941 3251 1992 ού
3274 1941 3379 2010 γὰρ
3403 1942 3915 2009 ἐπαισχυνθήσεται·

2377 2028 2669 2099 μυστήριόν
2699 2029 2812 2079 ἐστι
2855 2027 2952 2094 τῆς
2984 2026 3147 2079 αὑτοῦ
3176 2027 3490 2096 παρουσίας.
3532 2028 3779 2079 Μάλιστα
3826 2028 3919 2094 μὲν

2371 2109 2461 2163 οῦν
2503 2113 2593 2164 καὶ
2646 2112 2764 2163 τότε
2817 2112 3135 2182 παρακάλει,
3186 2111 3326 2164 ὥστε
3369 2113 3649 2181 μνηστῆρα
3684 2113 3919 2163 τοιοῦτον

2370 2197 2568 2249 δοῦναι.
2624 2198 2715 2264 Μὴ
2742 2197 2871 2266 γένῃ
2922 2196 3014 2249 τοῦ
3050 2196 3233 2257 παιδὸς
3264 2194 3357 2248 τοῦ
3414 2195 3660 2266 Ἀϐραὰμ
3702 2197 3916 2265 χείρων,

2372 2282 2430 2345 δς
2464 2284 2542 2345 εἱς
2568 2284 2832 2351 τοσαύτην
2880 2282 3181 2352 ἀποδημίαν
3233 2283 3599 2351 πεμπόμενος,
3650 2284 3766 2352 ⁴ᾔδει
3794 2282 3917 2343 ἔνθα

2369 2368 2472 2437 χρὴ
2506 2370 2873 2436 καταφυγεῖν·
2919 2368 2999 2420 διὸ
3022 2369 3115 2420 καί
3164 2368 3377 2421 πάντων
3421 2368 3701 2436 ἐπέτυχεν.
3754 2368 3920 2419 Ὅταν

2368 2452 2701 2523 περιεργάξῃ
2751 2455 2844 2506 καὶ
2886 2454 3053 2522 ζητῇς
3091 2453 3179 2505 τὸν
3207 2453 3394 2522 ἄνδρα,
3446 2452 3606 2521 εὔχου
3631 2469 3646 2485 ·
3674 2453 3810 2505 ἐἰπὲ
3841 2454 3917 2520 τῷ

2369 2538 2507 2607 Θεῷ·
2544 2542 2641 2591 Ὃν
2672 2539 2735 2591 ἂν
2764 2538 2920 2607 θέλῃς
2949 2539 3011 2590 σὺ
3041 2538 3386 2605 οἰκονόμησον
3405 2553 3420 2567 ·
3447 2538 3746 2607 ἐγχείρισον
3777 2538 3918 2606 αὐτῷ

2370 2624 2429 2676 τὸ
2458 2625 2706 2691 πρᾶγμα,
2738 2625 2827 2675 καὶ
2858 2623 3110 2690 τιμηθεὶς
3155 2623 3324 2692 ταύτῃ
3379 2625 3527 2692 παρὰ
3556 2624 3649 2675 σοῦ
3694 2625 3761 2693 τῇ
3790 2626 3916 2693 τιμῇ

2371 2710 2657 2777 ἀμείψεταί
2682 2725 2760 2760 σε.
2804 2708 2905 2760 Δύο
2932 2709 2994 2777 δη
3030 2710 3197 2760 ποιεῖν
3236 2707 3361 2778 χρὴ,
3394 2708 3540 2777 αὐτῷ
3582 2726 3643 2761 τε
3689 2710 3913 2780 ἐγχειρί-

2371 2794 2504 2859 ζειν,
2539 2796 2634 2847 καὶ
2673 2793 2906 2846 τοιοῦτον
2956 2792 3157 2863 ζητεῖν,
3200 2789 3309 2846 οἷον
3348 2793 3413 2846 ἂν
3452 2796 3611 2858 αὐτὸς
3642 2795 3917 2865 βούληται,

2371 2883 2613 2951 κόσμιον,
2637 2880 2902 2950 σώφρονα.
2929 2882 3095 2933 Ὅταν
3115 2875 3207 2934 οῦν
3244 2881 3370 2944 τοὺς
3394 2882 3604 2951 γάμους
3633 2885 3810 2952 ποιῇς,
3848 2883 3918 2950 μὴ

2371 2967 2655 3039 περιέλθῃς
2682 2966 2876 3028 οἰκίας,
2914 2966 3192 3037 κάτοπτρα
3227 2967 3320 3019 καὶ¹
3354 2968 3544 3032 ἱμάτια
3579 2968 3837 3037 χρωμένη
3869 2966 3917 3005 δ’

2370 3052 2429 3104 οὐ
2468 3052 2573 3121 γὰρ
2611 3051 2745 3121 πρὸς
2795 3051 3047 3115 ἐπίδειξιν
3085 3051 3147 3103 τὸ
3188 3053 3417 3121 πρᾶγμά
3467 3053 3631 3114 ἐστιν,
3684 3053 3807 3104 οὐδὲ
3842 3052 3919 3112 είς

2371 3135 2590 3205 πομπὴν
2628 3138 2861 3202 εἰσάγεις
2908 3136 2970 3187 τὸ
3021 3134 3306 3205 θυγάτριον
3330 3152 3345 3169 ·
3379 3136 3515 3189 ἀλλά
3557 3136 3915 3204 φαιδρύνουσα

2370 3222 2466 3291 τὴν
2488 3222 2663 3275 οίκίαν
2690 3224 2798 3283 τοῖς
2824 3222 3020 3284 ἐνοῦσι,
3045 3221 3197 3273 κάλει
3217 3222 3461 3289 γείτονας
3486 3222 3578 3274 καὶ
3606 3220 3794 3287 φίλους
3823 3220 3913 3272 καὶ

2374 3309 2670 3375 συγγενεῖς.
2718 3307 2913 3369 Ὃσους
2938 3306 3003 3359 ἂν
3022 3302 3161 3377 οἶδας
3183 3306 3457 3370 ἐπιεικεῖς,
3490 3305 3708 3368 τούτους
3740 3306 3911 3369 κάλει,

2372 3397 2467 3446 κα)⁵
2511 3394 2624 3455 τοῖς
2662 3386 2811 3443 οὖσιν
2852 3391 3207 3461 ὲπαρκεῖσθαι
3246 3392 3519 3461 παραίνει.
3563 3392 3769 3460 Μηδεὶς
3810 3391 3912 3443 τῶν

2373 3478 2481 3531 ἀπὸ
2521 3478 2621 3547 τῆς
2674 3477 2979 3546 ὀρχήστρας
3024 3475 3280 3545 παρέστω
3310 3492 3326 3507 ·
3384 3477 3499 3529 ἐκεῖ
3543 3475 3651 3544 γὰρ
3703 3476 3915 3543 δαπάνη

2374 3562 2600 3633 περιττὴ
2633 3562 2723 3614 καὶ
2753 3563 3027 3630 ἀσχημος·
3058 3560 3281 3613 κάλεσον
3307 3560 3396 3613 τὸν
3422 3562 3653 3629 Χριστὸν
3685 3561 3793 3629 πρὸ
3817 3560 3919 3612 τῶν

2373 3650 2546 3704 ἄλλων
2596 3648 2869 3701 ἁπάντων.
2921 3645 3080 3710 Οἶδας
3121 3646 3209 3698 διά
3249 3647 3391 3708 τίνος
3434 3647 3594 3698 αὑτὸν
3636 3647 3915 3711 καλέσειςς

2379 3738 2474 3798 Ὃς
2503 3735 2568 3787 ἀν
2593 3736 2813 3803 ποιήσῃ,
2878 3733 3060 3801 φησὶν,
3095 3733 3175 3784 ἑνὶ
3228 3731 3430 3783 τούτων
3471 3731 3578 3783 τῶν
3603 3731 3915 3800 ἐλαχίστων,

2374 3821 2496 3887 ἐμοὶ
2520 3819 2759 3888 ἐποίησε.
2828 3818 2917 3885 Μὴ
2966 3817 3192 3888 νομίσῃς
3238 3816 3297 3868 τὸ
3342 3818 3570 3886 πρᾶγμα
3595 3816 3916 3885 δυσάρεστον

2374 3903 2530 3968 εἷναι,
2553 3905 2613 3957 τὸ
2634 3906 2867 3971 πένητας
2888 3903 3069 3955 καλεῖν
3090 3902 3175 3954 διά
3194 3902 3283 3954 τὸν
3302 3902 3531 3971 Χριστόν
3557 3917 3573 3932 ·
3596 3901 3925 3970 δυσάρεστον

2372 3991 2431 4045 τὺ
2473 3991 2675 4060 πόρνας
2720 3989 2922 4043 καλεῖν.
2968 3988 3039 4039 Τὸ
3092 3988 3198 4058 γάρ
3232 3986 3464 4055 πένητας
3512 3986 3716 4048 καλεῖν,
3764 3985 3915 4039 τοῦτο

2372 4077 2592 4146 ἀφορμὴ
2635 4076 2885 4138 πλούτου,
2931 4075 3104 4127 έκεῖνο
3139 4073 3195 4125 δὲ
3229 4073 3556 4143 ἀνατροπῆς.
3588 4073 3797 4140 Κόσμει
3820 4072 3913 4141 τὴν

2371 4164 2585 4232 νύμφην
2609 4163 2681 4233 μὴ
2712 4161 2916 4223 τούτοις
2932 4163 3042 4222 τοῖς
3061 4160 3302 4228 κοσμίοις
3327 4161 3439 4221 τοῖς
3460 4158 3565 4211 ἀπὸ
3584 4157 3674 4211 τοῦ
3697 4157 3909 4228 χρυσοῦ,

2371 4249 2483 4301 ἀλλ’
2502 4248 2767 4318 ἐπιεικείᾳ
2796 4246 2888 4299 καὶ
2919 4247 3055 4298 αίδοῖ
3078 4245 3171 4298 καὶ
3198 4247 3304 4307 τοῖς
3335 4244 3617 4313 συνήθεσιν
3663 4244 3909 4312 ἱματίοις,

2370 4334 2487 4387 ἀντὶ
2515 4333 2713 4395 παντὸς
2759 4331 2960 4400 κόσμου
3004 4328 3202 4401 χρυσοῦ
3233 4330 3325 4383 καὶ
3373 4329 3809 4405 ὲμπλεγμάτων,
3852 4329 3912 4380 τὸ

2371 4419 2647 4490 ἐρυθριᾷν,
2663 4418 2723 4469 τὸ
2739 4416 3081 4485 αἰσχύνεσθαι
3099 4415 3378 4486 περιθεῖσα
3397 4455 3412 4480 ,
3437 4416 3529 4467 καὶ
3550 4416 3609 4467 τὸ
3637 4416 3713 4485 μῆ
3735 4414 3910 4484 ζητεῖν

2370 4508 2571 4559 ἐκεῖνα.
2602 4504 2804 4572 Μηδεὶς
2832 4504 2969 4554 ἔστω
2998 4502 3237 4571 θόρυϐος,
3270 4501 3506 4571 μηδεμία
3535 4502 3747 4571 ταραχή
3772 4517 3786 4530 ·
3820 4518 3911 4552 κα-

2370 4591 2565 4643 λείσθω
2587 4593 2615 4643 ὁ
2646 4589 2894 4658 νυμφίος,
2936 4588 3169 4655 δεχέσθω
3192 4587 3291 4655 τὴν
3312 4586 3595 4657 παρθένον.
3619 4586 3701 4638 Τά
3722 4587 3907 4657 ἄριστα

2370 4677 2461 4729 καὶ
2510 4676 2579 4727 τά
2628 4675 2811 4726 δεῖπνα
2860 4673 2933 4743 μὴ
2961 4672 3128 4741 μέθης
3173 4673 3310 4725 ἔστω
3340 4672 3540 4743 πλήρη,
3576 4671 3711 4725 ἀλλὰ
3754 4688 3907 4724 πνευ-

2374 4760 2606 4830 ματικῆς
2633 4759 2842 4829 ἡδονῆς.
2882 4759 3067 4829 Μυρία
3088 4758 3193 4827 γὰρ
3222 4760 3285 4811 ὲκ
3321 4756 3415 4809 τοῦ
3444 4756 3683 4809 τοιούτου
3738 4757 3907 4827 γάμου

2371 4848 2521 4903 ἔσται
2549 4847 2615 4899 τά
2645 4846 2801 4909 καλά,
2834 4847 2926 4899 καὶ
2968 4845 3035 4897 τά
3070 4844 3164 4897 τοῦ
3198 4844 3310 4913 βίου
3341 4847 3398 4896 ὲν
3430 4843 3733 4913 ἀσφαλείᾳ·
3769 4844 3830 4895 ἑκ
3854 4841 3907 4894 δὲ

2369 4932 2476 4986 τῶν
2506 4932 2601 4985 νῦν
2639 4932 2933 5001 γινομένων
2978 4931 3169 4999 γάμων
3215 4930 3288 4998 (εί
3312 4946 3374 4996 γε
3403 4930 3630 4998 γάμους,
3662 4928 3798 4982 ἀλλά
3836 4928 3905 4996 μὴ

2372 5017 2592 5087 πομπὰς
2616 5017 2751 5070 αύτά
2781 5016 2860 5068 δεῖ
2890 5016 3113 5083 καλεῖν),
3148 5014 3295 5086 [425]
3324 5016 3423 5084 δρα
3452 5024 3474 5051 ε
3508 5014 3607 5067 ὅσα
3650 5013 3721 5068 τά
3748 5012 3901 5067 κακά.

2370 5102 2696 5171 Διελύθησαν
2750 5104 2805 5153 αί
2845 5101 3131 5164 παστάδες,
3180 5101 3274 5153 καὶ
3331 5100 3529 5161 εὐθέως
3563 5100 3799 5170 μέριμνα
3821 5098 3907 5149 καὶ

2372 5190 2552 5259 φόϐος,
2584 5190 2659 5259 μή
2688 5206 2740 5240 τι
2774 5186 3060 5257 παραπέσῃ
3093 5186 3199 5239 τῶν
3232 5187 3597 5256 κεχρημένων,
3631 5186 3727 5238 καὶ
3754 5184 3906 5237 διαδέ-

2371 5293 2522 5346 χεται
2554 5274 2651 5344 τῆν
2679 5272 2867 5343 ἡδονὴν
2895 5272 3097 5341 ἀθυμία
3136 5272 3427 5340 ἀφόρητος.
3488 5269 3625 5321 Ἀλλ’
3646 5268 3784 5338 αῦτη
3816 5267 3905 5337 μὲν

2370 5363 2468 5431 τῆς
2500 5359 2816 5429 κηδεστρίας
2844 5356 3093 5427 ήάγωνία
3110 5372 3124 5386 ·
3150 5356 3342 5426 μᾶλλον
3369 5355 3425 5408 δὲ
3443 5353 3563 5424 οὐδὲ
3583 5354 3720 5425 αὑτὴ
3743 5352 3909 5423 ἀπήλε-

2430 5557 2459 5595 ιθ
2479 5556 2623 5620 ﬂutat
2640 5558 2900 5620 legendum
2925 5556 3134 5620 Dungms
3151 5559 3433 5620 κιχρωμξνη.

2432 5571 2459 5595 υ
2479 5571 2623 5605 rum
2641 5571 2900 5680 ιειὲἓὲαυω
2925 5571 3134 5626 υιιιιςςειιε
3151 5573 3433 5620 κιχρωμενη.
3565 5615 3576 5626 .

2376 5616 2659 5730 Ευεηγοοεω
2787 5656 2799 5679 ,
2839 5631 2981 5679 quam
3035 5626 3257 5680 Ignorant
3293 5618 3425 5679 (ιω,
3466 5617 3602 5668 όεόιι
3641 5626 3770 5666 που
3804 5608 3900 5660 cod-
