4050 6324
100 475 174 531 339
914 460 986 536 ut
1029 457 1238 512 EPIST.
1285 453 1374 508 an
1412 444 1688 504 cowss
1725 443 1876 499 cae.
1923 441 2010 495 tv.
2051 437 2279 496 noun;
2327 438 2417 493 xu

104 603 224 656 tenet.
252 590 498 644 ﬁctorem
547 581 796 638 sustinet.
843 577 976 631 Volo
1022 571 1305 628 ostendere
1359 564 1501 638 quod
1528 578 1636 616 non

104 693 267 754 propter
305 680 422 733 lucc
453 680 710 746 oporteat
735 669 937 740 pudore
983 663 1247 727 suﬁ‘undi,
1283 658 1375 754 sed
1423 664 1642 754 propter

101 746 144 830 ea
171 746 268 840 ipse
310 768 443 823 facis
477 784 492 818 :
531 775 590 819 tu
623 777 774 826 vero,
798 761 944 813 illum
976 757 1195 810 mittens
1224 751 1505 824 pudorem,
1532 746 1635 840 hoc

106 838 390 916 ςιιῐῖιιιιιιιιιῑε.
437 857 614 910 Deum
646 867 772 921 ergo
799 849 1128 904 condemnas
1153 843 1241 912 qui
1269 842 1345 896 sic
1375 838 1634 894 decrevit.

103 953 241 1004 Dicam
265 947 540 1015 quomodo
563 954 644 998 cst
666 948 1058 997 sacramentum
1088 933 1376 990 Ecclesia}?
1395 928 1639 984 Christus

105 1045 216 1096 venit
238 1039 299 1093 ad
330 1037 662 1100 Ecclesiam,
711 1035 798 1089 illa
828 1049 893 1086 cx
922 1032 1038 1099 ipso
1065 1038 1148 1082 est
1172 1035 1310 1087 orta,
1334 1034 1388 1079 et
1426 1037 1546 1077 cum
1574 1036 1637 1075 ea

103 1147 372 1201 congressus
415 1140 507 1184 est
549 1139 841 1196 congressu
886 1121 1171 1192 spirituali.
1215 1115 1473 1186 Despondi
1504 1114 1638 1168 enim

106 1240 180 1282 eos,
203 1222 374 1288 inquit,
427 1219 522 1272 uni
549 1218 656 1271 viro
683 1216 924 1283 virginem
953 1221 1146 1265 castam
1193 1208 1267 1277 (2.
1293 1208 1409 1260 Cor.
1445 1206 1528 1258 Η.
1555 1203 1634 1274 2).

107 1312 218 1377 Quod
236 1320 402 1362 autem
432 1325 500 1362 ex
536 1309 654 1377 ipso
680 1309 867 1369 simus,
899 1312 953 1358 ct
973 1318 1037 1356 ex
1074 1300 1323 1354 membris
1351 1298 1466 1368 ejus
1493 1305 1546 1349 et
1573 1311 1637 1350 cx

110 1415 226 1455 came
271 1399 407 1468 ejus,
441 1397 571 1451 audi
623 1395 889 1465 quomodo
934 1393 1093 1446 dicat.
1141 1391 1263 1444 l-lu-c
1306 1399 1481 1442 autem
1522 1403 1640 1439 om-

112 1494 167 1542 nia
185 1500 338 1543 mute
367 1498 675 1550 versantes,
724 1501 792 1539 ne
824 1494 1025 1538 tantum
1063 1480 1371 1551 mysterium
1431 1476 1637 1547 pudore

116 1582 363 1636 aliciamus.
417 1579 624 1634 Christi
677 1577 974 1646 praesentire
1023 1585 1176 1642 typus
1227 1580 1309 1625 est
1360 1569 1640 1624 matrimo-

111 1676 229 1734 nium,
259 1683 309 1726 tu
335 1686 470 1726 vero
502 1669 827 1724 inebriaris?
859 1668 951 1720 Dic
992 1664 1119 1719 mihi
1141 1705 1156 1729 ,
1189 1663 1234 1716 si
1263 1663 1405 1731 regis
1428 1659 1638 1721 videres

108 1764 368 1831 imaginem.
420 1777 558 1814 num
587 1775 703 1814 eam
737 1758 932 1827 probro
959 1754 1242 1810 afﬁceres?
1270 1752 1634 1821 Nequaquam.

109 1854 313 1906 Videntur
354 1853 580 1922 quidem
626 1866 713 1904 res
769 1864 887 1904 esse
933 1847 1295 1901 indiﬂ'erentes
1338 1860 1458 1915 qua:
1507 1843 1640 1896 ﬁunt

105 1944 208 1996 circa
248 1942 681 2003 matrimonium;
727 1949 849 1993 sunt
894 1949 1072 1992 autem
1116 1951 1430 2006 magnorum
1457 1949 1636 1988 causa:

107 2033 336 2086 malorum.
371 2032 570 2087 Omnia
605 2039 731 2085 sunt
759 2031 910 2100 plena
945 2029 1246 2097 iniquitate.
1279 2025 1561 2095 Turpitudo
1590 2035 1638 2077 et

109 2123 442 2190 stultiloquium,
476 2130 524 2174 et
545 2121 761 2174 scurrile
786 2119 987 2173 verbum
1003 2160 1018 2183 ,
1056 2118 1245 2187 inquit,
1271 2133 1332 2169 ea:
1357 2133 1444 2170 ore
1469 2125 1636 2168 vestro

109 2226 179 2261 non
201 2221 325 2263 exeat
376 2211 599 2281 (Epltes.
629 2211 684 2265 5.
716 2212 790 2274 Ιι).
824 2210 1011 2264 Omnia
1041 2217 1218 2263 autem
1251 2208 1340 2262 illa
1372 2216 1496 2262 sunt
1525 2216 1636 2260 lur-

110 2301 246 2364 pitudo
284 2312 333 2357 et
353 2303 751 2372 stultiloquium
796 2310 849 2356 et
894 2292 1224 2366 Scurrilitas,
1274 2316 1381 2354 non
1425 2300 1633 2360 leviter,

106 2391 172 2444 sed
195 2407 333 2460 supra
358 2394 600 2448 modum.
629 2396 730 2448 Ars
767 2396 907 2447 enim
937 2401 1019 2446 est
1048 2392 1168 2454 hoc,
1199 2400 1252 2446 ct
1284 2406 1528 2460 magnam
1557 2391 1636 2443 af-

109 2481 181 2534 fert
218 2484 408 2538 laudem
460 2487 524 2539 iis
569 2484 660 2553 qui
687 2500 801 2538 eam
848 2491 1103 2539 exercent
1145 2501 1159 2537 :
1201 2498 1288 2538 ars
1332 2483 1468 2537 facta
1511 2492 1637 2536 sunt

108 2585 297 2636 peccata.
324 2576 435 2630 Non
475 2578 666 2630 leviter
690 2592 749 2630 ea
789 2586 1101 2643 tractamus,
1131 2577 1223 2633 sed
1258 2577 1498 2630 adhibito
1524 2587 1635 2630 stu-

110 2664 179 2715 dio
214 2676 259 2719 et
291 2669 502 2723 scicntia
524 2712 537 2732 ,
572 2677 626 2722 et
657 2669 722 2722 de
748 2679 945 2723 caetero
973 2669 1220 2723 diabolus
1249 2679 1329 2724 est
1360 2671 1633 2738 cupiarum

115 2767 290 2807 suarum
311 2757 402 2812 dux
445 2769 498 2812 et
519 2759 829 2827 imperator.
860 2760 957 2815 Ubi
984 2770 1066 2814 est
1099 2761 1240 2814 cnim
1282 2762 1534 2826 ebrietas,
1555 2771 1636 2815 est

123 2852 164 2892 et
189 2844 390 2913 inscitia;
429 2849 519 2903 ubi
548 2865 727 2904 sei-mo
750 2849 1058 2915 obscoenos,
1089 2851 1239 2904 adest
1267 2851 1512 2905 diabolus
1539 2865 1632 2904 sua

114 2932 309 2989 ell'ercns.
334 2939 459 2993 Cmn
490 2941 573 2995 his
600 2943 908 3006 convivalis,
941 2943 1259 3010 dic,qu:cso,
1288 2941 1483 2996 Christi
1514 2960 1632 3013 my-

109 3027 281 3080 sterium
313 3033 516 3100 peragis
535 3073 550 3093 ,
580 3041 635 3086 et
662 3033 931 3086 diabolum
960 3034 1216 3087 invocas?
1246 3035 1329 3088 Me
1361 3034 1497 3089 forte
1520 3038 1633 3090 exi-

106 3114 292 3172 stimatis
318 3135 525 3189 gravem
551 3132 601 3176 et
626 3123 1004 3192 importunum.
1030 3123 1160 3176 Nam
1193 3123 1294 3178 hoc
1317 3140 1530 3195 quoque
1552 3135 1633 3180 est

106 3205 251 3260 multa:
295 3212 661 3276 pervcrsitatis,
705 3213 844 3281 quod
887 3213 975 3281 qui
1009 3215 1246 3282 increpat
1277 3215 1505 3268 ludibrio
1536 3216 1632 3270 lia-

105 3292 260 3378 beatur
289 3307 547 3368 tamquam
576 3312 827 3356 austerus.
851 3302 966 3357 Non
993 3302 1185 3357 auditis
1207 3303 1424 3358 Paulum
1452 3305 1635 3359 dicen-

106 3396 203 3450 tem,
231 3389 490 3460 Quidquid
518 3393 714 3448 faciatis
732 3436 746 3459 ,
777 3395 896 3449 Sive
936 3396 1205 3449 comedetis
1224 3437 1238 3460 ,
1271 3397 1374 3448 sire
1416 3397 1592 3450 bibatis
1612 3437 1628 3462 ,

105 3477 182 3531 sive
230 3484 418 3552 aliquid
457 3485 677 3555 faciatis,
733 3488 904 3539 omnia
946 3487 1014 3540 ad
1065 3489 1281 3557 gloriam
1329 3487 1426 3542 Dei
1477 3491 1631 3558 facile

107 3568 175 3631 (Ι.
203 3569 583 3645 Cor.10.5l)?
627 3576 733 3629 Vos
777 3587 952 3630 autem
996 3577 1062 3630 ad
1105 3577 1527 3633 malediccntiam
1581 3590 1632 3636 ct

109 3657 422 3724 ignarrtiniam.
454 3665 569 3718 Non
600 3666 794 3719 auditis
821 3666 1131 3736 prophetam
1163 3667 1459 3731 dicentem,
1508 3669 1632 3723 Ser-

109 3748 181 3800 rite
203 3749 404 3806 Domino
432 3755 484 3806 in
513 3755 707 3818 timore,
733 3766 777 3808 et
803 3757 1048 3810 exsultale
1075 3758 1120 3810 ei
1137 3758 1192 3810 in
1218 3768 1430 3811 tremore
1459 3758 1629 3830 (Psal.

108 3833 148 3887 2.
169 3837 274 3910 ll)?
299 3842 397 3896 Vos
424 3854 600 3897 autem
628 3844 978 3899 dili'undimini
1000 3855 1053 3900 et
1079 3847 1204 3900 luxu
1236 3847 1494 3902 diﬂluitis.
1523 3849 1634 3902 Ati-

116 3939 190 3978 non
211 3946 322 3984 vero
347 3934 469 3988 licet
494 3935 652 3987 etiam
688 3943 800 3988 tuto
828 3937 998 3990 lauari
1019 3938 1040 3990 ?
1064 3938 1150 3992 Vis
1175 3938 1360 3993 audire
1382 3939 1632 4007 pulchros

122 4016 292 4074 modos?
328 4022 484 4077 Certe
510 4040 577 4077 ne
604 4034 873 4093 Oporteret
905 4027 1153 4095 quidem;
1184 4028 1278 4081 sed
1306 4044 1391 4082 mc
1421 4029 1512 4082 tibi
1545 4046 1632 4084 ac-

116 4113 370 4179 commodo,
397 4117 443 4169 si
479 4117 559 4169 vis
599 4135 611 4169 :
643 4132 748 4170 non
770 4117 954 4172 audias
983 4120 1251 4174 satanicos
1282 4122 1491 4186 modos,
1537 4123 1628 4176 sed

115 4197 383 4261 spirituales.
417 4206 508 4258 \‘is
536 4206 715 4260 videre
740 4207 1037 4280 saltantes?
1068 4209 1189 4263 vide
1217 4209 1436 4264 chorum
1462 4229 1630 4282 ange-

112 4286 259 4344 lorum.
299 4295 364 4348 Et
408 4295 680 4365 quomodo
709 4297 822 4359 ﬁeri
856 4307 1033 4366 potest
1059 4307 1117 4353 ut
1144 4300 1392 4355 videam?
1439 4303 1492 4357 Si
1520 4304 1634 4358 haec

111 4378 324 4450 abegeris,
353 4387 536 4441 veniet
578 4388 819 4442 Christus
841 4403 1056 4459 quoque
1082 4390 1146 4444 ad
1178 4393 1269 4446 has
1299 4394 1511 4462 nuptias
1544 4413 1556 4447 :
1589 4396 1632 4449 si

109 4470 212 4525 adsit
238 4488 400 4532 autem
425 4478 688 4544 Christus,
722 4481 872 4535 adest
897 4483 1055 4535 etiam
1082 4483 1278 4536 chorus
1299 4486 1629 4554 angelorum.

108 4558 147 4614 Si
174 4567 304 4634 velis,
335 4585 475 4624 nunc
511 4586 719 4640 quoque
759 4570 916 4646 faciet
940 4573 1194 4627 miracula
1221 4577 1358 4629 sicut
1379 4585 1433 4631 et
1458 4585 1582 4631 tunc
1614 4593 1629 4632 :

109 4650 226 4709 faciet
250 4674 380 4714 nunc
407 4675 618 4730 quoque
642 4677 832 4731 aquam
865 4664 1044 4717 vinum
1065 4706 1081 4730 ,
1112 4674 1165 4719 et
1193 4667 1360 4719 multo
1396 4668 1631 4721 admira-

108 4739 290 4802 biliora:
319 4750 632 4805 dissolutam
675 4763 952 4809 convertet
1001 4755 1234 4809 laetitiam
1282 4766 1336 4812 et
1387 4757 1632 4828 frigidam

108 4836 398 4901 cupiditatem
420 4881 435 4905 ,
464 4852 520 4896 et
548 4843 832 4898 transferet
856 4845 922 4898 ad
950 4845 1303 4914 spiritualem.
1331 4847 1443 4902 Hoc
1468 4846 1635 4904 estex

107 4934 206 4988 aqua
245 4930 416 4984 vinum
446 4931 639 4986 facere.
688 4932 786 4987 Ubi
826 4943 949 4988 sunt
1001 4935 1266 5002 tibicines,
1292 4953 1626 5008 nequaquam

107 5018 440 5087 c~tCIiristus;
481 5024 576 5078 sed
604 5033 658 5078 et
691 5025 733 5078 si
759 5024 916 5079 fuerit
943 5027 1244 5096 ingressus,
1274 5043 1366 5083 eos
1404 5031 1629 5099 primum

106 5103 239 5173 t'jicit,
277 5121 327 5166 et
365 5122 494 5167 tunc
527 5113 651 5168 facit
678 5115 949 5170 miracula.
995 5117 1130 5183 Quid
1169 5120 1402 5174 satanica
1441 5135 1632 5190 pompa

107 5203 164 5245 est
201 5198 546 5267 injucundius,
570 5203 657 5257 ubi
684 5214 806 5257 sunt
833 5207 1008 5258 omnia
1049 5207 1286 5261 articulis
1309 5224 1413 5262 non
1440 5211 1634 5263 distin-

106 5294 182 5343 (τι,
206 5290 285 5344 ubi
309 5294 486 5346 omnia
517 5309 620 5346 non
648 5294 848 5364 signata
870 5337 885 5360 ,
933 5311 1031 5350 nec
1071 5299 1292 5351 notata?
1337 5301 1380 5352 si
1408 5301 1532 5370 quid
1561 5303 1629 5354 sit

108 5386 245 5474 utilem
274 5380 433 5437 etiam
464 5387 702 5440 articulis
729 5387 1056 5455 distinctum,
1093 5405 1278 5446 rursus
1313 5392 1488 5446 omnia
1521 5405 1628 5447 tur-

108 5473 185 5528 Pin.
213 5473 381 5526 omnia
412 5474 718 5543 injucunda.
747 5533 750 5535 λ

157 5557 200 5612 7.
237 5561 409 5625 Qualis
458 5582 672 5632 sponsus
718 5569 1012 5635 quaerendus
1053 5570 1253 5639 virgini.
1283 5572 1509 5628 —Nihil
1551 5583 1632 5628 est

107 5643 262 5706 virtute
293 5653 604 5722 jucundius,
655 5655 784 5708 nihil
832 5659 1195 5716 moderatione
1222 5665 1458 5727 suavius,
1503 5664 1632 5718 nihil

108 5732 340 5824 honestate
364 5743 788 5800 desiderabilins.
815 5747 1268 5820 FaciatquiSpiam
1288 5755 1498 5823 nuptias
1516 5770 1638 5824 qua-

108 5823 164 5878 'cs
200 5845 292 5900 ego
331 5834 469 5892 dico,
515 5844 569 5887 et
617 5835 813 5890 videbit
854 5839 1175 5905 vnlnplalcm
1211 5861 1222 5896 :
1253 5845 1434 5910 quales
1461 5823 1636 5900 autem

372 5918 643 5978 l‘nnoL.
688 5918 779 5978 Gn
857 5919 1018 5977 LXII

3218 449 3322 503 390

1746 555 1989 624 nuptias,
2040 554 2318 609 attendite.
2374 553 2605 607 Primum
2652 556 2866 626 quidem
2919 559 3086 611 virum
3143 576 3322 629 qmrre

1743 646 1967 715 virgini,
2001 645 2087 714 qui
2138 660 2260 699 vere
2310 645 2378 698 sit
2423 645 2501 697 vir
2544 654 2790 714 tutorque
2828 647 2943 715 ejus
2968 657 3021 700 et
3047 647 3318 708 defensor.

1744 745 2008 806 tamquam
2058 737 2266 804 corpori
2308 747 2464 802 caput
2517 737 2901 805 impositurus,
2952 747 3008 791 ttt
3062 740 3151 809 qui
3213 757 3320 794 non

1744 829 2062 900 mancipium
2087 869 2101 893 ,
2132 829 2224 883 sed
2257 827 2418 881 ﬁliam
2451 829 2498 882 ei
2525 829 2597 882 sis
2629 829 2936 882 traditurus.
2987 829 3064 885 Ne
3113 848 3323 902 (pueras

1744 922 2040 989 pecuniam,
2073 934 2176 974 non
2215 920 2427 988 generis
2457 920 2821 990 Splendorem,
2868 937 2971 973 non
3000 906 3182 991 patriae
3209 940 3323 977 ma-

1741 1011 2107 1082 gnitudinem;
2155 1021 2279 1064 sunt
2339 1011 2452 1064 hare
2514 1013 2688 1065 omnia
2743 1027 3172 1081 superweanea;
3230 1015 3323 1068 sed

1741 1104 1903 1156 animi
1933 1103 2205 1172 pietatem,
2237 1103 2717 1161 mansuetudinem,
2750 1118 2926 1156 veram
2961 1103 3321 1171 prinleutiain.

1744 1193 1836 1247 Dei
1883 1192 2151 1257 timorem,
2197 1192 2239 1246 si
2282 1193 2362 1244 vis
2401 1193 2559 1244 ﬁliam
2591 1192 2771 1245 vivere
2811 1207 2928 1244 cum
2961 1190 3229 1261 voluptate
3273 1206 3327 1246 et

1743 1287 1945 1341 la‘titia.
1973 1287 2228 1353 Qumrens
2251 1285 2390 1338 enim
2420 1285 2693 1360 ditiorem,
2722 1299 2827 1338 non
2858 1284 3033 1338 solum
3067 1300 3185 1339 eam
3219 1300 3323 1338 non

1737 1377 1980 1446 juvabis,
2015 1378 2105 1431 sed
2135 1379 2291 1431 etiam
2326 1376 2524 1440 laedes;
2557 1392 2766 1430 servam
2800 1376 2964 1430 facies
3006 1392 3102 1446 pro
3137 1379 3320 1430 libera.

1741 1471 1857 1525 Non
1889 1477 2028 1523 tanta
2059 1472 2198 1522 cnim
2237 1485 2301 1523 ex
2343 1469 2518 1522 aureis
2557 1466 2762 1521 fruetur
2806 1468 3092 1536 voluptate,
3127 1479 3323 1536 quanta

1742 1563 1985 1617 molestia
2014 1578 2078 1616 cx
2106 1563 2380 1616 servitute.
2410 1561 2512 1615 Sed
2543 1563 2654 1614 haec
2685 1577 2749 1614 ne
2781 1577 3012 1629 qumras,
3046 1560 3140 1615 scd
3171 1561 3322 1630 illum

1742 1653 1829 1721 qui
1859 1653 1925 1706 sit
1969 1654 2110 1720 paris
2139 1651 2460 1705 conditionis
2493 1670 2504 1705 :
2539 1653 2580 1704 si
2613 1651 2724 1704 ﬁeri
2757 1662 2934 1706 autem
2979 1667 3081 1705 non
3115 1652 3318 1720 possit,

1743 1745 2111 1814 pauperiorem
2161 1746 2329 1814 magis
2374 1760 2532 1814 quam
2574 1745 2819 1798 ditiorem
2843 1787 2855 1807 ,
2887 1745 2929 1798 si
2964 1762 3068 1799 non
3100 1745 3322 1800 domino

1746 1826 1980 1889 vendere
2001 1875 2014 1898 ,
2045 1834 2136 1888 sed
2166 1835 2357 1887 marito
2389 1835 2467 1887 vis
2497 1834 2707 1888 tradere
2741 1834 2923 1887 ﬁliam.
2971 1836 3194 1903 Quando
3223 1838 3321 1890 viri

1742 1925 1991 1978 virtutem
2025 1934 2209 1978 exacte
2238 1923 2653 1988 examinavcris,
2689 1935 2743 1976 et
2772 1941 2886 1976 eam
2916 1940 2974 1978 es
3005 1925 3319 1989 traditurus,

1741 2032 1866 2086 roga
1911 2015 2180 2070 Christum
2229 2025 2284 2069 ut
2324 2015 2495 2076 adsit;
2549 2031 2654 2069 non
2700 2016 2844 2070 enim
2897 2016 3041 2070 illum
3073 2017 3319 2084 pudebit;

1741 2108 2050 2178 mysterium
2081 2108 2275 2176 quippe
2305 2116 2388 2161 est
2431 2123 2541 2161 suae
2590 2107 2908 2175 praesentiae.
2966 2109 3140 2176 Atque
3194 2117 3322 2162 tunc

1741 2215 1866 2269 roga
1913 2211 1970 2253 ut
2013 2200 2171 2253 talem
2219 2200 2310 2255 det
2354 2215 2631 2269 sponsum.
2678 2200 2756 2255 Ne
2798 2201 2872 2255 sis
2909 2215 3066 2255 servo
3095 2202 3323 2258 Abrahae

1739 2291 1996 2356 deterior,
2043 2292 2131 2361 qui
2186 2291 2252 2345 ad
2305 2301 2501 2345 tantam
2556 2291 2751 2346 missus
2797 2294 3320 2362 peregrinationem,

1742 2384 1892 2436 novit
1937 2398 2044 2452 quo
2089 2392 2232 2437 esset
2272 2381 2710 2452 confugiendum,
2761 2391 2816 2437 et
2865 2382 2984 2437 ideo
3023 2384 3198 2436 omnia
3239 2392 3324 2438 est

1738 2485 2117 2544 consequutus.
2151 2473 2374 2540 Quando
2407 2485 2458 2527 tu
2489 2488 2549 2528 cs
2576 2473 2856 2539 sollicitus,
2887 2482 2938 2528 et
2973 2473 3152 2527 virum
3183 2489 3324 2544 quae-

1740 2565 1832 2627 ris,
1869 2568 2086 2633 precare
2107 2565 2235 2624 .‘dic
2280 2565 2419 2630 Deo,
2450 2565 2619 2632 Quem
2651 2574 2702 2618 tu
2735 2565 2866 2618 velis
2898 2564 3160 2633 provide;
3207 2580 3320 2620 rem

1740 2663 1902 2708 totam
1933 2655 1980 2710 ei
2011 2656 2158 2710 trade
2187 2665 2241 2710 et
2262 2654 2544 2711 committe
2577 2675 2587 2708 :
2627 2655 2729 2711 hoc
2755 2666 2932 2710 autem
2965 2671 2995 2710 a
3025 2665 3075 2710 te
3101 2666 3322 2710 ornatus

1741 2744 1966 2810 honore,
1991 2753 2044 2797 te
2075 2746 2525 2799 remunerabitur.
2558 2747 2668 2799 Duo
2702 2755 2847 2799 certe
2880 2734 3093 2814 oportet
3123 2744 3318 2809 facere,

1738 2856 1931 2909 nempe
1955 2857 2067 2896 rem
2103 2841 2173 2895 illi
2199 2843 2558 2907 committere,
2579 2851 2632 2896 et
2657 2844 2812 2897 talem
2837 2860 3077 2913 qumrere
3108 2847 3318 2915 qualem

1736 2933 1849 3001 ipse
1895 2933 2026 2998 vult,
2059 2948 2248 3002 nempe
2297 2933 2518 3002 probum
2565 2944 2616 2988 et
2648 2933 2950 2989 honestum.
2997 2936 3221 3002 Quando
3261 2952 3320 2990 es

1737 3026 1975 3082 facturus
2003 3028 2212 3095 nuptias
2232 3068 2246 3091 ,
2280 3043 2344 3081 ne
2376 3027 2563 3081 domos
2590 3028 2788 3094 obeas,
2820 3028 3033 3097 specula
3063 3038 3116 3082 et
3146 3039 3320 3085 vestes

1734 3119 2073 3174 commodato
2100 3120 2368 3187 accipiens
2403 3137 2416 3171 :
2449 3134 2536 3172 res
2561 3121 2699 3173 enim
2731 3135 2834 3174 non
2879 3119 2935 3173 ﬁt
2978 3120 3051 3182 ad.
3085 3129 3321 3175 ostenta-

1738 3213 1958 3277 tionem,
1993 3227 2164 3281 neque
2215 3212 2376 3264 ﬁliam
2407 3210 2628 3266 adducis
2675 3212 2738 3266 ad
2786 3213 3209 3282 pompam;.sed
3257 3214 3321 3268 iis

1735 3316 1852 3369 qua:
1883 3301 1934 3353 in
1966 3315 2025 3354 ea
2054 3311 2175 3353 sunt
2203 3302 2416 3353 domum
2450 3291 2754 3355 exhilarans
2781 3343 2795 3367 ,
2841 3318 2970 3356 voca
3022 3305 3225 3358 vicinos
3266 3314 3322 3357 et

1735 3390 1936 3443 amicos
1962 3399 2014 3441 et
2040 3398 2293 3456 cognatos
2320 3406 2334 3453 ;
2367 3404 2502 3458 quos
2532 3391 2668 3444 nosti
2691 3391 2903 3459 quidem
2928 3392 3097 3446 bonos
3119 3403 3171 3448 et
3197 3409 3320 3463 pro-

1737 3481 1864 3544 bos,
1912 3495 2006 3535 eus
2046 3495 2212 3545 voca,
2254 3489 2308 3535 et
2351 3492 2408 3534 ut
2450 3481 2512 3534 iis
2554 3497 2672 3551 quae
2715 3482 2910 3537 adsunt
2938 3487 3171 3541 contenti
3212 3486 3321 3542 sint

1734 3573 1982 3628 admone.
2035 3572 2113 3626 Ex
2158 3573 2221 3626 iis
2251 3574 2340 3641 qui
2379 3582 2502 3626 sunt
2528 3587 2592 3627 ex
2627 3573 2903 3628 orchestra
2929 3576 3069 3630 adsit
3099 3581 3314 3646 nullus;

1736 3663 1842 3718 illic
1886 3663 2026 3717 cnim
2067 3671 2149 3717 est
2193 3673 2436 3732 sumptus
2476 3678 2900 3730 supervacaneus
2930 3677 2982 3721 et
3008 3668 3314 3727 indecorus.

1735 3755 1872 3808 Ante
1895 3756 2028 3808 alios
2050 3769 2236 3808 omnes
2258 3769 2386 3807 voca
2413 3753 2683 3808 Christum
2713 3772 2725 3806 :
2758 3756 2862 3810 scis
2893 3772 2987 3826 per
3010 3776 3164 3828 quem
3193 3779 3315 3818 cum

1734 3845 1970 3898 vocabis.
2006 3845 2104 3911 Qui
2139 3845 2347 3910 fecerit,
2377 3845 2566 3913 inquit,
2612 3843 2701 3897 uni
2761 3861 2825 3900 cx
2876 3848 3133 3913 minimis.
3185 3853 3317 3909 mihi

1736 3936 1859 3992 fecit
1894 3936 2103 4007 (Matth.
2129 3937 2216 3990 2-3.
2250 3936 2362 4004 45).
2393 3935 2470 3990 Ne
2508 3945 2661 4004 putes
2705 3952 2816 3990 rem
2848 3953 2966 3994 esse
3003 3955 3217 4010 gravem
3262 3950 3342 3998 et'

1736 4029 2040 4091 molestam,
2087 4042 2349 4094 pauperes
2397 4042 2592 4081 vocare
2636 4037 2854 4095 propter
2878 4029 3149 4086 Christum
3182 4051 3194 4086 :
3229 4049 3318 4089 res

1735 4131 1819 4176 est
1857 4121 2032 4189 gravis
2082 4128 2137 4173 et
2174 4121 2397 4196 molesta
2444 4133 2634 4173 vocare
2677 4122 3004 4176 meretrices.
3051 4123 3317 4193 Paupcrcs

1735 4213 1878 4266 enim
1910 4225 2126 4272 vocare,
2153 4225 2214 4263 ea
2245 4224 2330 4278 res
2359 4218 2440 4264 est
2469 4210 2681 4263 occasio
2708 4210 3033 4279 divitiarum,
3070 4215 3197 4269 illud
3225 4231 3319 4270 au-

1738 4313 1842 4358 tem
1884 4302 2177 4356 eversionis
2226 4310 2280 4353 et
2319 4301 2488 4354 exitii.
2535 4301 2674 4354 Orna
2709 4317 2958 4370 sponsam
3007 4319 3109 4358 non
3139 4307 3314 4361 aureis

1744 4391 2101 4456 ornamentis,
2133 4390 2225 4443 sed
2257 4390 2664 4444 mansuetudine
2692 4401 2746 4445 et
2775 4391 2975 4459 pudore
3005 4403 3059 4447 et
3088 4409 3317 4450 consue-

1738 4481 1806 4535 tis
1832 4480 2098 4543 vestibus;
2128 4495 2226 4549 pro
2251 4479 2438 4548 quovis
2471 4480 2666 4534 mundo
2696 4497 2858 4535 aureo
2885 4490 2938 4536 et
2969 4483 3317 4553 implicaturis

1737 4581 1789 4625 et
1838 4571 2118 4625 int'exturis
2168 4570 2395 4623 iuduens
2446 4571 2703 4640 pudorem
2746 4579 2800 4624 ct
2827 4575 3229 4639 verecundiam,
3263 4585 3318 4630 ct

1736 4661 1825 4715 illa
1856 4670 1906 4714 ut
1938 4676 2006 4715 ne
2039 4651 2262 4730 qumrat.
2292 4660 2479 4714 Nullus
2506 4661 2574 4712 sit
2605 4661 2887 4726 tuniultus,
2929 4663 3070 4716 nulla
3102 4675 3316 4733 pertur-

1737 4751 1880 4804 batio
1910 4768 1923 4802 :
1959 4761 2181 4805 vocetur
2205 4765 2435 4819 sponsus
2455 4791 2468 4815 ,
2500 4751 2727 4819 accipiat
2771 4752 3051 4821 virginem.
3085 4754 3317 4811 Prandia

1736 4851 1985 4896 et'cmnre
2010 4857 2114 4894 non
2142 4842 2248 4894 sint
2272 4841 2426 4910 plena
2455 4842 2730 4906 ebrietate,
2756 4842 2848 4896 sed
2881 4845 3136 4911 spirituali
3169 4849 3322 4902 volu—

1742 4940 1907 5000 ptate.
1942 4931 2219 4984 innumera
2251 4931 2392 4983 enim
2425 4930 2560 4982 bona
2593 4946 2655 4983 ex
2689 4931 2882 4986 talibus
2919 4935 3114 5002 nuptiis
3143 4952 3320 4992 emer-

1738 5033 1884 5092 gent,
1913 5031 1968 5078 et
1991 5037 2109 5091 qua:
2141 5021 2204 5074 ad
2239 5020 2397 5074 vitam
2427 5022 2692 5089 pertinent
2725 5022 2776 5097 in
2806 5031 2917 5076 tuto
2943 5035 3118 5078 erunt.
3152 5027 3227 5081 Ex
3257 5031 3318 5084 iis

1738 5125 1913 5168 autem
1932 5129 2050 5184 qum
2082 5128 2221 5167 nunc
2245 5112 2376 5165 ﬁunt
2397 5113 2594 5180 nuptiis
2625 5113 2687 5180 (si
2717 5115 2912 5181 nuptize
2938 5124 2990 5169 et
3014 5133 3117 5171 non
3145 5119 3322 5186 potius

1740 5220 1946 5274 pompm
1975 5212 2096 5256 sunt
2127 5200 2410 5269 dicendae),
2449 5201 2569 5254 vide
2600 5212 2728 5269 quot
2758 5203 2915 5256 mala.
2965 5205 3146 5263 Soluta
3196 5219 3321 5262 sunt

1740 5294 2033 5354 cmuacula,
2075 5302 2129 5347 et
2169 5291 2346 5345 statim
2377 5291 2597 5344 incessit
2619 5306 2745 5345 cura
2779 5302 2833 5346 et
2863 5306 3059 5359 metus,
3091 5311 3160 5350 ne
3191 5298 3317 5367 quid

1741 5387 2075 5441 interciderit
2107 5401 2170 5437 ex
2200 5385 2261 5436 iis
2287 5399 2404 5452 quae
2431 5384 2768 5436 commodata
2797 5395 3013 5454 accepta
3045 5398 3199 5444 erant
3223 5430 3238 5456 ,
3268 5402 3321 5446 ct

1739 5479 2065 5547 voluptatem
2094 5477 2293 5543 excipit
2334 5474 2685 5528 intolerabilis
2716 5475 2878 5529 animi
2919 5477 3197 5547 :rgritudo.
3251 5485 3320 5536 At

1740 5569 1828 5623 hic
1875 5557 2048 5636 angor
2085 5576 2135 5620 et
2186 5566 2302 5619 lizec
2353 5565 2598 5618 molestia
2640 5576 2721 5618 est
2753 5569 3164 5635 procuratricis;
3213 5571 3325 5626 imo

1740 5675 1869 5715 vero
1906 5676 1970 5713 ne
2019 5658 2128 5726 ipsa
2179 5657 2388 5725 quidem
2440 5671 2636 5725 sponsa
2681 5666 2765 5711 est
2793 5658 2859 5711 ab
2890 5659 2969 5711 liis
3011 5659 3174 5714 libera
3209 5678 3221 5714 :
3253 5677 3321 5717 eo

1740 5750 1955 5818 quidem
2005 5757 2153 5801 certe
2196 5763 2317 5805 qua:
2363 5746 2655 5800 succedunt
2705 5751 2886 5815 postea
2940 5763 3150 5817 sponsa:
3197 5760 3323 5804 sunt

1743 5841 1941 5894 omnia.
1974 5837 2168 5891 Videre
2219 5839 2360 5891 enim
2407 5836 2624 5890 dissolvi
2663 5838 2863 5903 omnia,
2913 5848 2994 5892 est
3041 5853 3324 5909 argumen-

2880 5922 2960 5983 25
