4056 6332
729 525 826 579 591
1447 513 1502 569 S.
1533 509 1806 568 JOANNIS
1833 503 2309 563 CHRYSOSTOMI
2347 500 2662 558 ARClllEP.
2705 498 3236 556 CONSTANTINOP.
3868 493 3986 550 3'35

731 647 840 690 tum
871 633 1096 689 tristitie
1127 650 1139 684 :
1173 629 1354 684 videre
1383 627 1597 682 domum
1635 625 1900 678 desertam
1922 663 1935 685 ,
1978 631 2057 676 est
2090 636 2288 674 mro-
2393 635 2528 682 mus,
2559 628 2615 673 ut
2645 618 2752 672 Deo
2783 617 3103 688 placeamus,
3135 624 3189 670 et
3224 613 3366 684 digni
3395 612 3686 667 liabeamur
3717 613 3808 683 qui
3835 628 3983 668 con-

729 729 806 782 ris
845 723 1072 780 occasio.
1106 722 1216 775 Illic
1244 718 1505 781 Christus,
1547 717 1634 770 hic
1673 721 1924 778 satanas;
1955 713 2060 766 illic
2086 711 2286 774 laetitia,
2391 723 2675 777 sequamur
2715 706 2852 760 bona
2895 721 3012 774 quin
3057 713 3182 758 sunt
3229 703 3490 773 promissa
3541 705 3606 757 iis
3651 703 3740 773 qui
3788 704 3979 771 ipsum
4021 777 4026 782 _

727 820 812 872 hic
854 788 1014 878 cura;
1067 815 1170 866 illic
1225 810 1485 878 voluptas,
1521 807 1605 861 hic
1651 805 1840 866 dolor;
1870 803 1976 857 illic
2002 811 2282 870 sumptus,
2392 800 2638 870 diligunt,
2683 799 2852 869 gratia
2901 806 2955 851 et
3003 795 3332 866 benignitate
3375 794 3582 849 Domini
3626 796 3796 849 nostri
3837 793 3979 848 Jesu
4025 789 4030 792 ’

727 907 812 960 hic
859 904 988 958 nihil
1020 901 1157 964 tale;
1188 900 1293 954 ητις
1322 897 1571 967 probrum
1599 904 1652 949 et
1677 892 1940 952 dedecus,
1979 890 2064 944 hic
2107 888 2288 942 mode-
2390 890 2610 950 Christi.
2639 889 2722 943 cui
2749 902 2870 942 cum
2901 887 3060 942 Patre
3082 895 3135 940 et
3159 884 3358 954 Spiritu
3399 892 3583 940 sancto
3623 884 3817 953 gloria,
3863 883 3973 934 im-

722 996 852 1057 stia;
885 992 992 1046 illic
1019 989 1240 1052 invidia,
1275 987 1363 1042 hic
1400 985 1540 1038 nulla
1586 983 1740 1052 plane
1783 991 1865 1036 est
1891 979 2085 1035 invidia
2116 993 2130 1042 ;
2179 978 2288 1031 illic
2392 983 2616 1050 perium.
2648 981 2839 1046 honor,
2867 993 3010 1034 nunc
3037 990 3089 1034 et
3115 992 3347 1047 semper,
3388 987 3443 1033 et
3474 978 3527 1031 in
3557 975 3751 1032 sacula
3779 989 3970 1031 saecu-

730 1086 982 1149 ebrietns,
1033 1083 1118 1136 hic
1159 1079 1422 1134 sobrietas
1452 1075 1575 1143 ;ltic
1603 1074 1767 1136 salus,
1799 1073 1886 1127 hic
1914 1070 2282 1141 temperantia.
2391 1074 2580 1126 lorum.
2627 1074 2812 1127 Amen.

728 1175 850 1228 H:ec
873 1181 1046 1227 autem
1081 1170 1257 1225 omnia
1283 1169 1596 1236 cogitantes,
1623 1164 1882 1218 hactenus
1911 1161 2105 1216 malum
2132 1160 2285 1215 sista-

734 1433 3936 1469 WE

1343 1715 1724 1776 MONl'l'UM
1770 1716 1876 1775 AD
1922 1713 2314 1775 HOMILIAS
2346 1713 2406 1774 S.
2440 1711 2770 1774 JOANNIS
2809 1711 3371 1775 CHRYSOSTOMI

793 1948 902 2003 Has
931 1962 1147 2017 quoque
1179 1945 1552 2018 Chrysostomi
1584 1946 1638 2001 in
1669 1946 1936 2017 Epistolas
1963 1948 2028 2001 ad
2061 1948 2575 2004 Thessalonicenses
2604 1949 2856 2002 homilias
2887 1947 3356 2017 Constantinopoli
3394 1946 3611 2004 habitas
3637 1948 3807 2006 fuisse
3839 1951 3960 2021 ipse

721 2087 1070 2144 concionator
1103 2084 1345 2141 insinuat
1377 2099 1502 2140 cum
1538 2083 1675 2150 dicit
1713 2085 1934 2140 homilia
1973 2095 2163 2140 octava
2199 2085 2251 2139 in
2287 2085 2519 2155 primam
2553 2086 2850 2156 Epistolam
2889 2086 3032 2140 circa
3075 2084 3237 2139 linem
3275 2103 3288 2139 :
3331 2086 3444 2158 Ego
3482 2097 3656 2144 autem
3695 2091 3962 2145 obnoxius

718 2251 834 2287 sum
865 2231 1136 2287 reddenda:
1165 2231 1361 2284 rationi
1389 2230 1544 2300 hujus
1573 2229 1935 2298 praefectum;
1968 2231 2045 2284 ita
2074 2238 2130 2284 ut
2157 2246 2248 2300 ego
2279 2233 2512 2285 omnium
2539 2231 2766 2286 maxime
2791 2231 3012 2302 eﬂugere
3040 2247 3315 2302 nequeam.
3347 2230 3580 2287 Homilia
3604 2247 3736 2287 vero
3759 2243 3964 2301 quarta

716 2377 785 2430 ad
817 2377 1114 2431 secundam
1138 2376 1204 2430 ad
1232 2375 1751 2431 Thessalonicenses
1775 2374 2072 2444 Epistolam
2101 2375 2336 2445 idipsum
2364 2377 2508 2432 clare
2531 2368 2781 2432 enuntiat
2800 2376 2884 2432 his
2913 2375 3100 2431 verbis
3127 2394 3140 2429 :
3164 2375 3452 2431 Adversum
3478 2391 3570 2430 nos
3601 2374 3845 2430 diabolus
3873 2392 3966 2429 ar-

718 2530 896 2575 matur
922 2523 1266 2576 vehementius
1291 2538 1311 2576 :
1338 2523 1392 2575 in
1421 2520 1568 2576 bellis
1601 2519 1740 2597 enim
1772 2529 1894 2574 ante
1923 2519 2056 2574 alios
2089 2537 2264 2575 omnes
2285 2521 2408 2575 belli
2431 2521 2613 2574 ducem
2640 2528 2868 2574 sternere
2895 2527 3118 2574 conatur
3146 2519 3492 2573 adversarius.

782 2655 1513 2726 ConstantinOpolitanorum
1533 2668 1669 2725 ergo
1687 2655 1820 2724 vitia
1845 2653 2047 2723 passim
2073 2654 2409 2726 perstringit,
2435 2655 2491 2708 in
2516 2653 2745 2722 illosque
2769 2643 3000 2708 maxime
3030 2653 3322 2716 invehitur,
3345 2651 3440 2720 qui
3471 2650 3960 2716 incantationibus,

716 2785 1062 2857 ligaminibus
1082 2801 1145 2841 ac
1173 2785 1499 2840 divinationi
1526 2799 1750 2854 operam
1780 2783 2003 2838 dabant.
2033 2783 2342 2839 Theatralia
2372 2784 2682 2854 spectacula
2711 2785 3031 2854 proscribit;
3066 2799 3168 2839 nec
3202 2785 3410 2856 injuria
3427 2796 3575 2842 certe
3604 2803 3616 2838 :
3647 2785 3771 2840 talia
3794 2785 3952 2839 enim

711 2923 1190 3005 oblectamentain'
1213 2923 1516 2993 perniciem
1542 2933 1594 2978 et
1613 2923 1877 2993 iuvenum
1899 2933 1955 2980 et
1973 2925 2216 2978 virorum
2241 2939 2456 2994 semper
2478 2925 2712 2991 cedunt;
2738 2926 2970 2981 maxime
2992 2941 3124 2980 vero
3147 2923 3638 2995 Constantinopoli,
3663 2923 3758 2977 ubi
3782 2922 3958 2976 nudae

710 3061 968 3116 mulieres
999 3060 1055 3116 in
1088 3076 1249 3116 scena
1279 3062 1690 3132 comparebant.
1720 3061 1892 3129 Quam
1924 3071 2130 3132 pestem
2163 3070 2222 3116 ut.
2250 3073 2518 3129 amoveat,
2551 3063 2686 3118 nihil
2714 3078 2822 3119 non
2855 3063 2965 3133 agit
2992 3071 3215 3119 sanctus
3241 3065 3468 3118 antistes
3496 3061 3720 3115 homilia
3749 3060 3949 3129 quinta

705 3205 761 3250 et
793 3197 848 3251 in
883 3198 1004 3253 aliis
1029 3197 1194 3252 etiam
1218 3212 1340 3267 quae
1373 3196 1668 3267 praemissae
1696 3195 1850 3252 luere
1882 3194 2260 3252 concionibus.

774 3330 961 3402 Carpit
987 3333 1151 3388 etiam
1178 3333 1323 3398 illos,
1357 3333 1453 3403 qui
1477 3332 1650 3387 nimio
1675 3332 1826 3387 luctu
1851 3332 2141 3386 defunctos
2165 3331 2640 3401 prosequebantur
2665 3347 2678 3383 :
2702 3330 2825 3386 illos
2847 3344 2980 3384 vero
3005 3344 3129 3384 cum
3150 3328 3342 3399 primis
3364 3329 3460 3399 qui
3482 3330 3950 3385 resurrectionem

706 3466 906 3521 nullam
943 3467 1061 3524 fore
1097 3469 1416 3526 credebant.
1450 3467 1599 3538 Quos
1631 3467 1763 3524 alibi
1794 3469 1982 3529 etiam.
2018 3467 2192 3523 sicubi
2219 3467 2436 3523 occasio
2464 3466 2695 3532 feratur,
2726 3464 2983 3535 exagitat.
3018 3465 3324 3523 Verisimile
3356 3481 3595 3539 namque
3621 3477 3705 3524 est
3735 3470 3950 3524 multos

1639 4013 2046 4128 s'ANCTI
2097 4047 2503 4133 PATRIS
2567 4051 2991 4135 NOSTRI

1075 4097 3478 4392 JOAN
3521 4328 3564 4393 ,

1523 4430 2116 4496 ARCHIEPISCOPI
2160 4436 3111 4518 CONSTANTINOPOLITANI,

944 4588 1054 4658 IN
1128 4587 1731 4661 EPISTOLAM
1829 4591 2267 4665 PRIMAM
2365 4599 2514 4668 AD
2609 4602 3238 4677 THESSALON
3252 4605 3671 4679 [CENSES

1748 4731 2674 4827 COMMENTARIUS
2720 4735 2836 4826 (α).

2004 4893 2625 4953 meo

2087 5009 2430 5076 HOMILIA
2472 5018 2522 5079 Ι.

691 5166 819 5209 bu.
856 5154 904 5206 l.
936 5168 986 5205 ν.
1020 5153 1070 5206 1.
1105 5151 1298 5205 Paulus
1328 5158 1372 5204 et
1394 5149 1634 5205 Silvanus
1654 5159 1699 5202 et
1726 5148 2013 5205 Timotheus
2035 5152 2273 5208 Ecclesia

2449 5160 2669 5218 Domino
2691 5161 2723 5217 J
2730 5180 2814 5218 esu
2841 5165 3059 5219 Christo.
3091 5166 3142 5220 2.
3174 5165 3378 5220 Gratias
3396 5167 3590 5237 agimus
3615 5168 3719 5224 Deo
3743 5189 3940 5244 semper

771 5243 1290 5297 Thessalonicensiam
1338 5242 1391 5295 in
1443 5239 1546 5295 Dea
1586 5239 1742 5294 Patre
1795 5251 1840 5296 et
1879 5240 2095 5296 Domino
2141 5243 2268 5298 Jesu

2444 5270 2536 5322 pro
2560 5255 2789 5309 omnibus
2812 5255 2966 5320 vobis,
3007 5258 3296 5312 memoriam
3316 5259 3467 5311 vestri
3485 5261 3722 5329 facientes
3742 5262 3792 5314 in
3815 5279 3933 5315 ora-

767 5334 987 5401 Clm'sto,
1028 5333 1188 5400 qratia
1225 5332 1358 5386 vobis
1385 5340 1431 5387 et
1457 5347 1558 5401 pas:
1595 5347 1626 5385 a
1677 5330 1784 5385 Deo
1836 5330 1988 5387 Patre
2023 5343 2191 5388 nostra
2220 5343 2268 5388 et

2441 5345 2658 5398 tionibus
2685 5347 2886 5410 nostris,
2913 5347 2965 5401 5.
2995 5348 3103 5400 sine
3120 5347 3486 5402 intermissione
3506 5365 3747 5403 memores
3771 5355 3937 5419 operis

1239 5501 1272 5516 η
1307 5510 1319 5516 _
1353 5515 1359 5516 γ
1392 5503 1433 5516 ,ν
1514 5515 1521 5516 7
1689 5511 1699 5516 _
1739 5503 1771 5516 η
1860 5502 1890 5516 Λ
1926 5502 1956 5516 η
2039 5505 2068 5516 Α
2110 5504 2120 5514 .
2178 5504 2208 5516 ﬂ
2337 5503 2344 5508 η
2443 5437 2562 5504 ﬁdei
2595 5447 2772 5491 vestra
2798 5479 2810 5500 ,
2854 5448 2899 5491 et
2926 5437 3110 5492 laboris
3135 5440 3393 5503 caritatis.
3435 5450 3484 5494 et
3507 5441 3813 5496 sustinentia:
3832 5447 3942 5512 spei

752 5510 826 5570 (α)
845 5506 932 5556 ιι»
956 5504 1162 5554 homilia:
1182 5501 1368 5554 collata:
1391 5503 1531 5551 luere
1556 5516 1663 5552 cum
1688 5503 1848 5552 tribus
1858 5502 2150 5554 Colbertinis
2175 5504 2261 5556 Co-

687 5569 891 5621 dicibus.
918 5581 963 5614 in
980 5565 1398 5628 quibusomnibus
1419 5564 1862 5628 initium_d_eest;_ln
1884 5563 2074 5612 duobus
2095 5573 2260 5614 autem

2337 5503 2344 5508 V
2438 5501 2644 5581 Domini
2682 5529 2838 5582 nostri
2872 5527 2996 5584 Jesu
3047 5530 3249 5596 Christi,
3296 5501 3409 5585 ante
3445 5530 3607 5585 Deum
3643 5541 3692 5586 et
3732 5501 3937 5587 Patrem

688 5630 796 5678 nnis
815 5623 1135 5688 desideratur.
1162 5624 1307 5688 Initio
1326 5626 1556 5673 memoria
1568 5623 1742 5688 labitur
1752 5623 2130 5688 Chrysostomus,
2149 5639 2258 5676 cum
2439 5627 2682 5670 nostrum.

686 5691 817 5747 dicit,
839 5692 903 5738 ad
928 5686 1149 5749 Ephesios
1181 5685 1394 5736 scribens
1425 5697 1561 5734 :non
1593 5686 1722 5733 enim
1766 5697 1826 5733 ea
1850 5685 1975 5744 'qua:
2011 5686 2258 5749 subiungit

691 5749 910 5813 Ephesiis
931 5750 1115 5803 scribit,
1141 5747 1230 5795 sed
1246 5745 1656 5810 Philippeusmus,
1676 5753 1732 5796 ut
1761 5745 1940 5796 ibidem
1963 5747 2013 5794 in
2038 5745 2254 5808 nmginc

2440 5710 2489 5762 t.
2521 5708 2813 5773 Quamnam
2843 5707 2913 5763 ob
2939 5722 3152 5763 causam
3182 5709 3247 5764 ad
3279 5709 3542 5780 Ephesios
3570 5709 3779 5782 quidem
3801 5714 3939 5768 scri-

692 5799 899 5859 xu'natur.
1102 5799 1111 5803 ⁷
1371 5799 1419 5810 "
1637 5799 1653 5807 '
2136 5799 2163 5808 '
2365 5799 2514 5864 hens,
2543 5809 2600 5855 et
2627 5813 2806 5853 secum
2831 5800 3034 5856 habens
3066 5800 3405 5856 Timotheum
3425 5840 3441 5869 ,
3469 5815 3591 5875 eum
3619 5817 3796 5858 secum
3829 5818 3936 5858 non
