4056 6332
101 441 184 497 593
933 423 1000 480 IN
1042 418 1258 477 EPIST.
1300 417 1320 472 l
1386 415 1478 471 AD
1516 403 1846 468 TIIESSAL.
1886 401 2040 460 CAP.
2083 399 2125 456 Ι.
2168 397 2394 454 HOMIL.
2436 391 2477 448 1.

105 547 370 619 eonjutuil,
388 545 492 601 etsi
514 543 594 598 eis
616 548 758 597 esset
784 547 940 593 notus
967 544 1020 591 et
1045 535 1334 589 haberetur
1351 531 1403 585 in
1428 525 1659 619 admira-

108 618 221 696 tione
256 640 273 708 (
303 637 733 707 Ezperimentnm
770 631 912 685 enim
941 628 1049 698 ejus
1085 623 1416 697 cognoscitis,
1449 618 1659 708 inquit,

110 735 214 802 quod
233 707 359 786 sicut
383 728 525 797 patri
552 725 692 795 ﬁlius
722 738 914 776 mecum
943 718 1144 773 servivit
1170 732 1189 781 ,'
1227 724 1282 770 et
1319 726 1526 776 rursus,
1555 707 1662 802 {Ve-

111 800 260 878 iniuem
321 821 490 874 habeo
554 827 658 871 tam
718 813 1004 868 unanimem
1027 849 1042 874 ,
1121 807 1205 877 qui
1263 807 1457 859 sincera
1520 800 1664 868 απο-

113 912 242 963 ctione
289 921 386 975 pro
427 902 568 956 vobis
606 900 668 954 sit
719 897 966 952 sollicitus
1005 891 1263 965 [Philipp.
1289 888 1345 943 2.
1372 888 1462 942 22.
1494 883 1662 956 20]);

115 1003 182 1055 hic
245 1009 428 1053 autem
506 1008 628 1050 eum
703 989 802 1046 sibi
864 982 1185 1054 conjungit?
1260 981 1381 1036 Mihi
1460 978 1667 1032 videtur

115 1089 226 1161 quod
265 1088 452 1144 statim
511 1100 632 1140 eum
681 1089 826 1139 esset
887 1078 1184 1141 missurus,
1246 1083 1302 1128 et
1353 1084 1669 1141 supervaca-

117 1197 242 1234 ttettm
279 1186 430 1234 esset
472 1185 532 1230 ut
595 1175 642 1228 is
713 1169 974 1227 scriberet
1019 1166 1107 1237 qui
1159 1181 1281 1219 mos
1323 1163 1504 1218 literas
1556 1169 1671 1215 erat

119 1281 449 1338 esurituros:
510 1266 639 1321 dicit
689 1265 832 1320 enim
858 1305 872 1328 ,
908 1261 1058 1316 Huitc
1094 1274 1241 1328 spero
1279 1258 1471 1310 mittere
1499 1254 1566 1307 ad
1587 1269 1672 1306 vos

124 1363 315 1428 proxime
359 1356 474 1429 (Ib.
503 1373 552 1411 υ.
578 1355 649 1409 23
686 1356 722 1424 ).
784 1353 880 1407 llic
921 1361 1099 1404 autem
1130 1364 1236 1402 non
1269 1348 1372 1408 ita;
1420 1345 1514 1400 sed
1558 1353 1672 1398 erat

125 1464 338 1506 reversus
362 1446 778 1518 ,-quamobrem
804 1443 996 1498 merito
1035 1439 1338 1495 scribebat:
1382 1451 1511 1490 nam
1547 1434 1672 1488 Cum

124 1557 248 1605 super
275 1577 291 1603 ,
352 1537 576 1605 inquit,
615 1535 683 1587 ad
720 1549 811 1586 nos
849 1533 1060 1586 venisset
1127 1527 1415 1581 Timotheus
1460 1541 1492 1577 a
1538 1525 1674 1578 vobis

126 1633 181 1694 il.
205 1629 376 1683 Thess.
407 1628 464 1682 5.
502 1625 584 1694 6).
614 1624 720 1679 Cur
762 1634 940 1677 autem
977 1622 1025 1675 ei
1064 1619 1328 1689 praeponit
1365 1617 1672 1680 Silvanum,

123 1718 296 1772 etiamsi
318 1733 418 1772 suo
437 1715 746 1770 testimonio
766 1711 1170 1766 innumerabilia
1189 1708 1287 1778 ipsi
1303 1708 1439 1762 bona
1459 1707 1672 1770 tribuat,

125 1821 163 1864 et
183 1807 420 1862 omnibus
452 1819 577 1860 eum
605 1804 915 1874 praeponat?
962 1801 1122 1855 Forte
1148 1799 1360 1870 quidem
1394 1798 1534 1867 quod
1562 1799 1677 1866 ipse

126 1900 178 1951 ob
199 1912 436 1968 magnam
470 1895 824 1950 humilitatem
850 1893 951 1948 hoc
979 1892 1142 1946 vellet
1170 1899 1224 1946 et
1261 1900 1488 1958 rogaret.
1543 1888 1675 1943 Nam

126 2007 222 2044 cum
247 1990 458 2045 videret
491 1989 803 2057 magistrum
834 1985 969 2040 adeo
991 1999 1051 2039 se
1079 1983 1354 2037 humiliter
1375 1997 1576 2050 gerere,
1621 1991 1679 2035 ut

128 2096 275 2134 secum
303 2079 660 2148 coniungeret
681 2076 996 2145 discipulum
1023 2089 1037 2138 ;
1070 2073 1238 2126 multo
1257 2073 1424 2140 magis
1445 2070 1545 2125 hoc
1568 2072 1679 2146 ipse

128 2170 366 2236 transierit
385 2178 441 2223 et
463 2167 822 2222 contenderit.
857 2163 1054 2219 Paulus
1085 2163 1250 2228 enim,
1286 2159 1473 2231 inquit,
1503 2170 1548 2212 et
1567 2159 1678 2214 Sil-

131 2279 276 2326 vanas,
302 2272 345 2315 et
369 2259 668 2315 Timotheus
698 2257 939 2311 Ecclesia
958 2250 1496 2309 Thessalonicensium.
1523 2252 1597 2304 De
1623 2265 1683 2305 sc

133 2353 199 2406 hic
225 2352 346 2406 nihil
373 2353 548 2421 ponit,
579 2365 686 2404 non
717 2347 990 2420 apostolus
1013 2388 1028 2413 ,
1070 2360 1174 2399 non
1207 2357 1414 2397 servus.
1462 2341 1586 2396 Mihi
1607 2341 1684 2395 vi-

133 2443 261 2496 detur
283 2457 382 2496 non
411 2456 612 2511 ponere
652 2440 994 2510 dignitatem,
1039 2445 1315 2507 propterea
1355 2433 1495 2505 quod
1541 2433 1577 2489 ii
1600 2447 1679 2489 ese

133 2541 234 2586 seat
275 2532 539 2586 catecbesi
581 2544 773 2586 recens
817 2529 1044 2593 imbuti,
1094 2537 1146 2582 et
1177 2525 1410 2580 nondum
1449 2524 1683 2594 accepis-

140 2632 238 2676 sent
263 2623 421 2691 ipsius
452 2621 844 2690 experientiam
871 2637 884 2672 :
929 2619 1163 2688 alioquin
1187 2618 1346 2672 etiam
1378 2618 1552 2671 adhuc
1580 2617 1682 2671 ini-

143 2712 250 2765 tium
274 2712 664 2782 prtedicationis
690 2710 829 2779 apud
857 2711 999 2780 ipsos
1024 2717 1157 2764 erat.
1194 2709 1452 2774 Ecclesia,
1488 2708 1681 2777 inquit,

155 2799 648 2856 Thessalonicensium.
670 2801 913 2867 Pulchre.
931 2800 1062 2867 Quia
1083 2801 1223 2855 enim
1247 2799 1542 2855 verisimile
1569 2809 1686 2854 erat

153 2892 250 2948 il’os
265 2911 366 2952 esse
393 2911 593 2967 paucos
617 2937 634 2962 ,
689 2905 745 2951 et
797 2897 1031 2949 nondum
1059 2895 1376 2960 consistere,
1409 2903 1684 2964 propterea

147 3001 221 3039 eos
241 2988 534 3042 consolatur
550 3003 647 3058 per
667 3000 862 3041 nomen
888 2984 1141 3040 Ecclesiae
1166 3000 1181 3039 :
1209 2999 1331 3037 nam
1356 2984 1440 3037 ubi
1465 2985 1685 3038 multum

146 3083 326 3145 tempus
355 3080 705 3146 pnnterierat,
747 3085 803 3129 et
829 3089 1052 3144 magnus
1075 3082 1190 3130 erat
1218 3083 1391 3129 ctrtus
1413 3073 1686 3140 Ecclesiae,

141 3166 226 3222 hoc
271 3184 377 3222 non
404 3169 568 3238 ponit.
591 3169 849 3236 Quoniam
883 3175 1058 3222 autem
1100 3182 1292 3221 nomen
1334 3166 1689 3222 multitudinis

136 3268 181 3311 ut
205 3258 492 3328 plurimum
516 3274 700 3314 nomen
730 3260 1003 3324 Ecclesiae,
1043 3267 1099 3312 et
1137 3267 1308 3313 castus
1347 3258 1458 3326 jam
1478 3257 1688 3312 collecti

138 3360 181 3403 et
216 3350 580 3414 consistentis,
629 3350 742 3404 ideo
770 3364 864 3403 eos
885 3349 961 3403 sic
989 3357 1163 3402 vocat.
1195 3346 1260 3401 In
1290 3346 1400 3402 Deo
1423 3387 1436 3411 ,
1479 3348 1686 3416 inquit,

140 3437 275 3491 Patre
294 3448 341 3491 et
362 3436 582 3492 Domino
603 3437 726 3495 Jesu
746 3438 968 3492 Christo.
991 3438 1266 3502 Ecclesire,
1299 3439 1488 3506 inquit,
1517 3437 1688 3491 Thes-

142 3527 528 3582 salonicensium
576 3544 695 3598 qua:
723 3535 806 3582 est
831 3528 883 3582 in
907 3527 1035 3582 Deo.
1068 3528 1202 3582 Ecce
1230 3542 1414 3591 rursus
1443 3527 1590 3592 illud,
1625 3525 1690 3580 In

144 3615 258 3683 Deo,
293 3615 488 3673 dictum
515 3627 600 3673 est
629 3619 680 3672 in
710 3617 866 3672 Patre
895 3627 949 3673 et
979 3619 1031 3671 in
1060 3617 1216 3672 Filio.
1242 3617 1374 3672 illud
1400 3627 1600 3685 autem,
1623 3617 1690 3671 In

146 3703 234 3758 Deo
251 3746 264 3770 ,
288 3705 450 3772 dicit,
490 3707 612 3776 quia
640 3707 823 3760 multa:
853 3718 1007 3760 erant
1033 3707 1276 3761 ecclesia:
1299 3716 1352 3761 et
1374 3707 1609 3762 Judaica:
1635 3716 1689 3762 et

147 3793 334 3850 Grecae.
385 3797 574 3867 Magna
602 3807 683 3852 est
712 3797 963 3866 dignitas,
996 3806 1051 3851 et
1078 3799 1161 3850 cui
1193 3798 1324 3851 nihil
1354 3808 1435 3853 est
1459 3800 1686 3868 aequale,

148 3885 182 3938 si
200 3895 268 3942 est
294 3889 341 3943 in
366 3889 495 3944 Deo.
528 3889 684 3944 Faxit
702 3903 828 3958 ergo
851 3889 990 3943 Deus
1013 3898 1067 3942 ut
1091 3889 1204 3942 haec
1225 3905 1436 3958 quoque
1452 3889 1689 3944 Ecclesia

151 3979 208 4031 sic
230 3991 436 4034 vocetur
461 3999 473 4034 :
503 3994 700 4035 vereor
727 3989 904 4034 autem
932 3994 998 4034 ne
1019 3979 1176 4048 longe
1201 3980 1270 4032 sit
1293 3979 1360 4034 ab
1388 3979 1486 4034 hac
1507 3983 1690 4048 appel-

157 4067 327 4130 latione.
353 4073 486 4127 Nam
521 4073 568 4126 si
594 4072 712 4141 quis
749 4081 832 4126 est
869 4085 1052 4126 servus
1083 4071 1281 4140 peccati
1313 4110 1328 4136 ,
1382 4074 1487 4124 n'on
1517 4080 1693 4139 potest

152 4163 228 4216 diei
251 4166 296 4218 in
321 4167 448 4220 Deo.
485 4163 668 4219 Gratia
721 4164 856 4232 vobis
895 4172 941 4217 et
983 4179 1103 4233 pax.
1163 4161 1348 4215 Vidisti
1376 4165 1690 4231 prooemium

152 4253 364 4322 Epistolas:
393 4256 579 4311 statim
611 4269 731 4309 esse
760 4270 790 4309 a
820 4254 1098 4309 laudibus?
1126 4252 1328 4306 Gratias
1357 4255 1555 4324 agimus
1585 4254 1692 4308 Deo

151 4360 313 4414 semper
354 4363 446 4416 pro
486 4346 727 4401 omnibus
755 4345 913 4411 vobis,
964 4345 1255 4398 memoriam
1281 4345 1429 4397 vestri
1455 4348 1693 4415 facientes

148 4437 189 4486 in
211 4440 506 4493 orationibus
559 4439 760 4492 nostris.
787 4436 919 4491 Nam
949 4453 1045 4506 pro
1080 4437 1208 4506 ipsis
1249 4435 1357 4490 Deo
1395 4451 1551 4505 agere
1577 4453 1696 4506 gra-

150 4528 245 4593 tias,
281 4540 357 4585 est
385 4532 502 4601 ejus
525 4529 742 4607 qui'suo
772 4529 1079 4583 testimonio
1110 4528 1239 4597 ipsis
1265 4527 1490 4581 multum
1516 4528 1697 4582 tribuit

150 4620 406 4684 profectum
433 4666 448 4689 ,
497 4621 719 4692 quando
749 4637 853 4675 non
882 4621 1053 4675 solum
1097 4620 1195 4688 ipsi
1229 4620 1544 4686 laudantur,
1602 4621 1694 4676 sed

152 4708 237 4764 Deo
255 4727 458 4782 quoque
490 4720 722 4781 aguntur
748 4711 954 4780 gratim,
1011 4717 1066 4763 ut
1091 4709 1180 4779 qui
1214 4709 1326 4779 ipse
1352 4710 1528 4764 omnia
1569 4724 1696 4785 0pc-

149 4810 285 4857 retur.
316 4804 480 4859 Docet
509 4817 608 4857 eos
635 4816 844 4872 quoque
890 4815 948 4855 se
979 4799 1221 4854 modeste
1259 4814 1466 4869 gerere,
1508 4814 1699 4870 prope-

150 4890 331 4946 modum
377 4893 569 4948 dicens
609 4891 918 4946 universum
962 4905 1082 4946 esse
1122 4891 1212 4945 Dei
1245 4891 1472 4945 virtutis.
1525 4892 1700 4961 Atque

152 4980 320 5044 gratias
354 4983 577 5053 quidem
617 4996 775 5051 agere
800 5023 813 5046 ,
845 4990 927 5036 est
962 4990 1175 5052 propter
1211 4992 1356 5035 recte
1384 4981 1552 5047 facta;
1585 4997 1699 5037 me-

153 5069 338 5128 minisse
362 5084 550 5130 autem
574 5073 626 5129 in
649 5071 1002 5139 orationibus,
1031 5081 1114 5127 est
1140 5089 1250 5127 sure
1292 5073 1342 5126 in
1388 5074 1530 5142 ipsos
1569 5073 1701 5128 dile-

150 5161 335 5219 ctionis.
363 5166 590 5228 Deinde,
619 5165 761 5235 quod
791 5165 970 5220 multis
994 5165 1043 5219 in
1073 5165 1204 5220 locis
1227 5165 1369 5231 facit,
1401 5175 1458 5220 ut
1486 5182 1590 5220 non
1611 5181 1700 5220 so-

152 5252 236 5309 lum
281 5259 588 5322 meminerit
643 5259 694 5311 in
740 5257 1108 5323 orationibus,
1160 5256 1256 5311 sed
1305 5258 1463 5311 etiam
1503 5254 1704 5327 absque

150 5351 447 5408 orationibus
473 5370 489 5418 ;
523 5353 653 5408 Sine
681 5350 1069 5417 intermissione,
1096 5351 1286 5421 inquit,
1313 5368 1554 5406 memores
1583 5368 1704 5416 ope-

154 5436 207 5488 rit
229 5440 335 5503 ﬁdei
363 5453 562 5507 vestrae,
617 5451 662 5494 et
693 5440 881 5494 laboris
909 5440 1156 5505 caritatis,
1198 5449 1244 5493 et
1264 5441 1572 5494 sustinentia:
1596 5441 1703 5510 spei

154 5523 332 5584 Domini
355 5533 514 5586 nostri
535 5529 666 5585 Jesu
686 5529 889 5593 Christi,
920 5538 1037 5582 ante
1071 5528 1236 5582 Deum
1275 5540 1321 5584 et
1365 5529 1568 5584 Patrem
1607 5546 1702 5583 no-

157 5627 306 5672 strum.
327 5623 462 5688 Quid
486 5631 570 5677 est
600 5619 751 5684 illud,
775 5620 899 5675 Sine
917 5621 1281 5674 intermissione
1299 5637 1540 5675 memores
1563 5620 1589 5673 Ρ
1607 5621 1705 5676 Vel

155 5721 389 5767 mores
413 5723 541 5769 ante
568 5713 735 5768 Deum
760 5720 816 5768 et
843 5712 1053 5766 Patrem
1079 5729 1093 5776 ;
1125 5712 1206 5766 vel
1244 5712 1438 5767 laboris
1466 5713 1703 5767 caritatis

158 5811 390 5860 maiores
437 5810 563 5862 ati'le
592 5806 756 5861 Deum
779 5813 834 5859 et
857 5805 1069 5860 Patrem
1101 5814 1358 5859 nostrum.
1389 5805 1504 5860 Non
1531 5807 1704 5861 solum

3243 387 3347 444 598

1765 527 1944 573 autem
1973 514 2124 578 dixit,
2159 512 2283 568 Sine
2311 507 2681 563 intermissione
2704 519 2966 569 memores,
2997 502 3092 557 sed
3118 501 3346 569 addidit,

1778 609 1958 664 Vestri.
1996 604 2230 666 Deinde,
2273 616 2339 656 nc
2385 607 2540 671 putes
2587 595 2736 660 illud,
2772 594 2936 650 Vestri
2963 635 2978 659 ,
3027 594 3144 649 sine
3185 608 3346 649 causa

1768 701 1895 764 dici,
1928 697 2221 766 subjunxit,
2253 695 2381 746 Ante
2407 690 2571 744 Deum
2602 698 2648 742 et
2679 687 2886 741 Patrem
2924 695 3171 740 nostrum.
3218 684 3352 752 Quia

1771 793 1915 849 enim
1947 791 2125 845 nullus
2153 786 2428 841 hominum
2471 780 2717 836 laudabat
2745 794 2862 849 qua:
2903 777 3099 833 fiebant
3125 819 3140 842 ,
3193 793 3355 832 nemo

1774 882 2033 938 reddebat
2062 876 2388 942 mercedem,
2418 875 2519 928 hoc
2546 874 2706 927 etiam
2734 869 2881 926 addit
2911 887 2923 921 :
2956 884 3020 924 ac
3050 870 3096 923 si
3125 868 3353 938 diceret,

1774 972 2071 1030 Conlidite:
2115 984 2295 1024 coram
2321 969 2430 1022 Deo
2457 954 2734 1020 laboratis.
2767 962 2904 1030 Quid
2931 971 3034 1028 est,
3078 959 3260 1031 Operis
3288 961 3356 1028 ﬁ-

1775 1067 1902 1120 dei?
1954 1064 2254 1119 lnstitutum
2282 1071 2515 1114 vestrum
2546 1066 2601 1112 et
2627 1056 2931 1110 instantiam
2973 1069 3132 1109 nemo
3157 1053 3309 1107 ﬂexit
3344 1072 3356 1104 :

1778 1157 1879 1212 hoc
1905 1167 1987 1220 est
2011 1155 2150 1211 enim
2180 1168 2317 1223 Opus
2347 1151 2488 1207 fidei.
2529 1150 2584 1206 Si
2612 1148 2808 1213 credis,
2849 1148 3027 1202 omnia
3057 1155 3239 1216 patere
3272 1165 3284 1200 :
3315 1147 3359 1199 si

1777 1259 1953 1304 autem
2000 1262 2106 1302 non
2154 1246 2388 1316 pateris,
2447 1259 2552 1301 non
2601 1242 2795 1298 credis.
2850 1242 3040 1294 Annon
3063 1240 3206 1293 enim
3235 1251 3362 1294 sunt

1779 1337 2040 1409 ejusmodi
2089 1353 2208 1407 quae
2253 1343 2380 1390 sunt
2419 1333 2701 1404 promissa,
2754 1339 2813 1384 ut
2861 1331 2954 1385 vel‘
2984 1331 3128 1387 mille
3161 1340 3362 1384 mortes

1782 1431 1888 1498 pati
1920 1430 2186 1485 electurus
2211 1429 2280 1481 sit
2308 1428 2396 1497 qui
2420 1425 2634 1481 credit?!
2656 1425 2981 1492 Proponitur
3010 1437 3230 1493 regnum
3252 1438 3362 1477 ca:—

1781 1519 1954 1573 lorum
1995 1527 2051 1574 et
2099 1518 2469 1572 immortalitas
2494 1524 2548 1570 et
2578 1517 2684 1568 vita
2708 1525 2928 1567 :eterna.
2962 1513 3060 1585 Qui
3091 1529 3220 1583 ergo
3239 1528 3360 1568 creo

1782 1610 1878 1674 dit,
1907 1609 2086 1663 omnia
2114 1610 2365 1678 patietur.
2391 1606 2533 1676 Ergo
2563 1605 2695 1658 ﬁdes
2725 1619 2820 1672 per
2847 1619 3009 1672 opera
3041 1604 3358 1658 ostenditur.

1782 1701 1967 1754 Merito
1995 1701 2152 1770 igitur
2175 1699 2330 1764 dixit,
2365 1698 2495 1751 Eam
2526 1712 2629 1750 non
2661 1704 2968 1764 utcumque.
3005 1694 3107 1749 sed'
3122 1710 3216 1764 per
3235 1709 3363 1765 ope-

1784 1808 1840 1845 ra
1865 1789 2151 1854 ostendite,
2205 1803 2298 1858 per
2338 1787 2665 1850 instantiam,
2698 1787 2793 1855 per
2818 1784 2990 1839 animi,
3009 1785 3358 1839 alacritatem.

1787 1882 1850 1936 Et
1875 1882 2060 1936 laboris
2089 1881 2334 1933 caritatis.
2365 1877 2618 1946 Quisnam
2646 1886 2728 1932 est
2757 1877 2905 1931 labor
2927 1887 3213 1948 utcumque
3241 1878 3364 1932 dili-

1783 1973 1946 2043 gere?
1985 1971 2173 2027 Nullus
2211 1971 2363 2024 labor
2394 1985 2406 2020 :
2449 1982 2702 2039 germane
2730 1976 2904 2022 autem
2933 1978 2987 2022 et
3008 1969 3212 2024 sincere
3239 1969 3365 2024 dili-

1785 2082 1909 2136 gere
1933 2106 1946 2130 ,
1993 2064 2192 2119 multus
2233 2072 2315 2119 est
2372 2063 2544 2117 labor.
2583 2061 2808 2128 Quando
2832 2062 2996 2128 enim,
3029 2061 3139 2120 dic.
3161 2077 3363 2131 qua-so,

1789 2164 2071 2212 moventur
2098 2153 2506 2209 innumerabilia
2549 2168 2670 2223 qua:
2709 2167 2807 2206 nos
2843 2153 3020 2206 volunt
3050 2151 3313 2208 abducere
3336 2168 3366 2207 a

1787 2251 2008 2306 caritate
2031 2291 2048 2317 ,
2083 2263 2180 2304 nos
2207 2256 2385 2303 autem
2412 2245 2658 2301 omnibus
2706 2245 3023 2310 resistimus,
3080 2261 3256 2300 annon
3286 2257 3369 2300 est

1790 2343 1985 2398 labor?
2011 2341 2148 2409 Quid
2180 2342 2323 2395 enim
2365 2356 2470 2394 non
2497 2340 2638 2409 passi
2664 2349 2788 2393 sunt
2814 2340 2934 2405 isti,
2988 2347 3046 2394 ut
3081 2354 3112 2393 a
3151 2341 3371 2396 carita'e

1790 2450 1894 2489 non
1922 2425 2259 2489 discederent
2283 2434 2306 2486 ?
2331 2448 2512 2487 nonne
2539 2431 2602 2487 ad
2634 2432 2781 2487 Pauli
2823 2431 3087 2502 hospitem
3106 2445 3372 2490 venerunt

1791 2529 1927 2601 (Act.
1954 2529 2040 2582 i7.
2074 2528 2153 2597 5),
2182 2527 2271 2597 qui
2293 2527 2494 2583 bellum
2525 2528 2779 2596 gerebant
2807 2543 2927 2582 eum
2952 2528 3329 2598 prmdicatione
3353 2549 3368 2594 ;

1790 2631 1843 2676 et
1872 2637 1991 2675 cum
2024 2636 2144 2674 eum
2173 2636 2277 2675 non
2312 2620 2673 2685 invenissent,
2725 2620 2896 2690 ipsum
2931 2619 3173 2675 Iasonem
3197 2619 3371 2674 trahe-

1795 2715 1921 2769 bant
1945 2714 2012 2768 ad
2041 2716 2380 2784 magistratus
2409 2713 2678 2768 civitatis?
2732 2713 2896 2768 lliene
2917 2714 3148 2784 est,dio,
3168 2729 3370 2782 qureso,

1794 2821 1988 2874 parvus
2017 2805 2190 2869 labor,
2244 2819 2364 2858 cum
2410 2805 2614 2859 semina
2646 2805 2883 2858 nondum
2929 2805 3370 2864 concrevissent.

1795 2905 1992 2951 tantam
2045 2897 2184 2952 ferre
2217 2906 2589 2966 tempestatem
2615 2939 2629 2962 ,
2681 2905 2854 2951 tantas
2904 2898 3227 2953 tentationes
3253 2897 3276 2950 ?
3307 2895 3374 2951 Et

1792 2989 2074 3041 cantionem
2099 2989 2160 3040 ab
2187 3003 2244 3041 eo
2265 2997 2531 3056 exegerunt
2561 2985 2719 3056 (Ibid.
2753 3002 2798 3040 v.
2834 2986 2914 3054 9).
2968 2988 3082 3055 Qua
3114 2987 3259 3055 data,
3290 2987 3375 3041 in-

1795 3079 1927 3149 quit,
1958 3078 2137 3132 emisit
2159 3078 2403 3132 Paulum.
2439 3078 2601 3131 Estne
2634 3077 2734 3130 hoc
2761 3092 3006 3145 parvum,
3034 3072 3376 3147 dic,qua:so?

1795 3186 1974 3224 nonne
1995 3170 2226 3238 seipsum
2251 3183 2346 3238 pro
2373 3168 2465 3222 illo
2493 3167 2715 3237 subjecit
2743 3167 3022 3236 periculo?
3051 3168 3202 3222 Htlltc
3225 3167 3374 3222 labo-

1796 3275 1908 3314 rem
1938 3259 2067 3313 dicit
2091 3259 2352 3324 caritatis,
2382 3260 2633 3327 quoniam
2662 3258 2739 3311 sic
2768 3257 2987 3312 fuel-unt
3017 3242 3241 3328 alligati.

1865 3349 1918 3402 2.
1955 3348 2082 3402 Vide
2109 3358 2289 3402 autem
2313 3366 2325 3400 :
2352 3347 2583 3416 primum
2611 3347 2739 3400 dicit
2761 3363 2880 3416 qua:
2908 3347 2984 3400 illi
3018 3357 3164 3401 recte
3189 3363 3375 3417 gesse-

1797 3448 1941 3502 runt,
1965 3437 2158 3492 deinde
2178 3453 2297 3507 qua:
2338 3438 2475 3507 ipse,
2511 3453 2577 3491 ne
2604 3439 2879 3491 videretur
2907 3437 2974 3490 de
3004 3452 3062 3490 se
3092 3439 3234 3506 loqui
3268 3455 3378 3493 ma-

1793 3531 2005 3601 gniﬁce,
2034 3545 2206 3599 neque
2219 3544 2311 3583 eos
2328 3529 2667 3598 anticipando
2688 3529 2929 3596 diligere.
2957 3529 3022 3582 Et
3042 3531 3374 3597 sustinentur,

1798 3622 2002 3689 inquit,
2056 3621 2105 3674 id
2135 3629 2238 3683 est,
2271 3620 2591 3673 tolerantiae.
2623 3619 2803 3687 Neque
2826 3619 2966 3672 enim
3002 3635 3108 3673 uno
3137 3629 3378 3690 tempore

1799 3711 1894 3762 fuit
1944 3711 2030 3762 illa
2081 3710 2442 3778 persequutio,
2498 3708 2592 3762 sed
2648 3717 2953 3776 perpetuo:
3006 3725 3177 3778 neque
3207 3712 3378 3766 solum

1800 3802 1995 3855 bellum
2027 3801 2288 3870 gerebant
2311 3815 2427 3854 cum
2458 3800 2623 3854 Paulo
2651 3801 2923 3868 magistro,
2955 3801 3047 3855 sed
3075 3803 3236 3857 etiam
3256 3819 3376 3858 cum

1797 3893 2094 3960 discipulis.
2127 3891 2181 3944 Si
2208 3892 2352 3945 enim
2379 3892 2448 3944 ita
2472 3899 2625 3944 erant
2655 3891 2827 3945 allecti
2855 3892 2907 3945 in
2936 3906 3030 3946 eos
3084 3893 3173 3962 qui
3214 3895 3375 3948 facie-

1800 3985 1926 4037 bant
1969 3984 2220 4035 miracula
2247 4023 2262 4046 ,
2315 3982 2456 4034 viros
2497 3982 2655 4050 plane
2694 3981 3056 4036 reverendos:
3113 3983 3378 4051 quomodo

1799 4077 2071 4131 existimas
2102 4074 2266 4127 fuisse
2298 4073 2516 4126 allectos
2539 4073 2589 4125 in
2616 4087 2710 4126 eos
2737 4073 2827 4141 qui
2855 4088 2974 4126 eum
3006 4074 3135 4143 ipsis
3166 4074 3375 4130 habita-

1800 4169 1944 4229 bant,
1968 4179 2263 4234 enrumque
2293 4166 2438 4218 cives
2453 4173 2628 4227 erant,
2657 4173 2710 4217 et
2735 4175 2954 4232 repente
2980 4164 3380 4222 abscedebant?
3424 4207 3431 4216 .

1800 4257 1950 4327 Quod
1978 4255 2194 4326 quidem
2221 4256 2289 4308 de
2315 4255 2444 4323 ipsis
2487 4269 2698 4323 quoque
2731 4263 2972 4319 testatur,
3003 4255 3208 4322 dicens,
3241 4257 3374 4312 lmi-

1799 4359 1981 4400 tatores
2009 4346 2176 4416 fuistis
2232 4344 2571 4397 Ecclesiarum
2622 4343 2754 4409 Dei,
2809 4360 2922 4410 qua:
2963 4355 3080 4399 sunt
3106 4347 3157 4400 in
3193 4345 3380 4403 ludam

1804 4442 1883 4508 (l.
1920 4439 2095 4492 Thess.
2133 4437 2190 4490 ‘2.
2226 4435 2336 4505 M).
2363 4435 2522 4506 Spei,
2578 4435 2741 4505 inquit
2767 4476 2793 4502 ,i
2817 4436 3018 4492 Domini
3062 4442 3234 4494 nostri
3257 4441 3382 4497 Iesu

1802 4531 2013 4597 Christi,
2040 4539 2155 4583 ante
2176 4527 2343 4582 Deum
2366 4537 2410 4582 et
2429 4527 2634 4582 Patrem
2659 4540 2905 4602 nostrum.
2927 4531 3094 4587 Recte
3123 4533 3201 4588 sic
3225 4533 3379 4590 dixit:

1805 4622 1916 4675 lucc
1945 4622 2088 4675 enim
2113 4620 2290 4674 omnia
2323 4628 2447 4674 sunt
2472 4634 2501 4672 a
2533 4619 2638 4674 lide
2658 4629 2712 4674 et
2739 4636 2854 4689 spe.
2881 4620 3242 4689 Quamobrem
3274 4640 3380 4681 non

1804 4714 1975 4767 solum
2001 4711 2152 4764 fortis
2169 4719 2220 4763 et
2240 4709 2416 4780 magni
2437 4709 2599 4762 animi
2621 4710 2871 4764 virtutem
2895 4712 3250 4770 ostendebant
3265 4730 3384 4783 qua:

1806 4803 2020 4866 fiebant,
2051 4801 2144 4856 sed
2174 4801 2334 4857 etiam
2365 4800 2506 4870 quod
2527 4816 2646 4855 cum
2664 4810 2806 4856 certa
2827 4803 3170 4871 persuasione
3192 4805 3385 4862 crede-

1811 4896 1940 4950 bant
1967 4891 2199 4964 prtemiis
2232 4892 2500 4960 repositis.
2530 4892 2821 4961 Propterea
2873 4895 3217 4962 permittebat
3249 4896 3389 4954 Deus

1808 4997 1864 5040 ut
1894 4985 2072 5039 statim
2101 4983 2289 5038 fierent
2316 4985 2781 5053 persequutiones.
2807 4999 2873 5036 ne
2902 4984 3383 5052 quisdiceretcasu

1807 5087 1862 5132 et
1889 5077 2193 5130 adulatione
2220 5084 2470 5130 constare
2495 5073 2956 5143 praedicationem,
2980 5083 3036 5129 et
3057 5083 3114 5129 ut
3134 5077 3386 5134 ostende.

1809 5179 1959 5224 retur
1984 5183 2167 5223 eorum
2198 5165 2408 5231 fervor;
2433 5173 2488 5219 et
2513 5163 2655 5233 quod
2685 5180 2790 5219 non
2818 5173 2962 5218 esset
2991 5165 3224 5220 humana
3253 5184 3383 5236 per-

1809 5260 1988 5314 suasio
2008 5301 2021 5323 ,
2071 5257 2162 5312 sed
2195 5257 2287 5310 Dei
2319 5256 2488 5310 virtus
2513 5271 2632 5324 qua:
2658 5254 2994 5309 credentium
3035 5259 3391 5326 persuahehat

1811 5351 2021 5412 animis,
2062 5357 2120 5403 ut
2148 5348 2234 5402 vel
2277 5346 2346 5401 ad
2392 5345 2536 5400 mille
2562 5355 2765 5400 mortes
2786 5356 2968 5400 essent
2995 5347 3185 5416 parati.
3236 5348 3390 5415 Quod

1812 5442 2023 5511 quidem
2070 5455 2176 5494 non
2203 5437 2409 5504 fuisset,
2453 5436 2554 5491 nisi
2576 5437 2754 5490 statim
2781 5437 2834 5491 in
2866 5437 3130 5506 profundo
3152 5441 3388 5497 coaluis-

1813 5543 1916 5596 Sel,
1970 5543 2020 5584 et
2076 5528 2388 5582 confirmata
2444 5525 2626 5582 fuisset
2677 5528 3002 5596 praedicatio,
3055 5540 3114 5584 ct
3156 5534 3397 5590 stetisset

1816 5622 2124 5676 immobilis.
2171 5621 2226 5674 ι.
2275 5621 2520 5687 Scientes,
2551 5623 2736 5690 fratres
2774 5621 2966 5688 dilecti,
2993 5623 3161 5690 aDro
3187 5624 3392 5679 electio-

1816 5729 1925 5766 nem
1972 5721 2204 5775 vestrum,
2228 5711 2282 5766 5.
2312 5709 2448 5779 quod
2473 5689 2787 5781 evangelium
2811 5689 3045 5767 nostra";
3063 5729 3166 5768 non
3203 5717 3302 5782 {ait
3327 5718 3395 5770 nd

1817 5820 1898 5858 t‘os
1949 5804 1999 5856 in
2026 5817 2251 5856 sermone
2291 5811 2505 5870 (aestum,
2556 5800 2644 5857 sed
2672 5811 2719 5857 et
2744 5803 2797 5857 in
2819 5803 3021 5872 virtute,
3044 5813 3092 5859 et
3116 5803 3168 5858 in
3194 5805 3398 5876 Spiritu
