4056 6332
665 458 861 514 sancto,
899 455 946 503 et
970 446 1024 502 in
1051 445 1360 521 plenitudine
1386 447 1547 502 inulta
1568 461 1590 502 :
1616 448 1743 502 sicut
1761 446 1898 501 scitis
1919 446 2092 518 quales
2119 448 2236 517 [ue-

667 543 827 595 rinuts
853 539 908 594 in
931 539 1069 594 vobis
1084 548 1291 610 propter
1316 552 1423 592 vos.
1453 536 1592 606 Quid
1619 537 1865 610 estquod
1886 537 2038 606 dicit,
2079 538 2236 595 Scitis

661 630 842 704 quotes
884 631 1132 704 fuerimus
1173 631 1226 684 in
1251 629 1433 686 nobis!
1472 629 1572 686 Hic
1593 631 1755 686 etiam
1779 631 1948 702 tangit
1970 647 2090 711 qua:
2116 646 2148 687 a
2175 648 2235 690 se

665 731 809 778 recte
834 730 1008 792 gesta,
1051 719 1147 777 sed
1171 728 1308 776 tecte
1335 727 1391 778 et
1412 717 1728 776 adumbrata
1754 738 1769 773 :
1797 721 1911 776 vult
1937 717 2078 778 enim
2118 723 2231 794 pri-

663 829 806 867 mum
834 827 1019 868 eorum
1049 810 1236 869 laudes
1259 811 1528 883 persequi.
1561 810 1715 878 Quod
1742 821 1921 868 autem
1951 813 2102 879 dicit,
2152 822 2242 869 est

663 904 968 976 hujusmodi
995 920 1012 958 :
1049 903 1313 962 Scivimus
1339 903 1483 974 quod
1512 904 1631 959 silis
1653 918 1720 959 ex
1761 903 1989 962 fortibus
2015 916 2072 962 et
2115 922 2228 961 ma-

662 996 783 1065 gnis
812 995 962 1058 viris,
991 1003 1047 1050 et
1072 993 1214 1066 quod
1241 1009 1309 1050 ex
1339 994 1526 1050 electis
1549 1011 1564 1048 :
1587 1004 1870 1066 prepterea
1899 1011 1997 1053 nos
2021 1013 2235 1069 quoque

663 1098 882 1158 propter
905 1101 999 1144 vos
1026 1087 1204 1143 omnia
1248 1087 1594 1143 sustinemus.
1648 1082 1782 1144 Illud
1812 1089 1954 1145 enim
1979 1130 1996 1158 ,
2045 1089 2233 1157 Quales

660 1178 906 1242 fuerimus
949 1178 1002 1233 in
1051 1178 1223 1244 nobis,
1263 1175 1365 1233 hoc
1407 1178 1691 1248 signiﬁcat,
1716 1177 2009 1251 quodcum
2038 1196 2230 1253 magna

655 1270 818 1325 animi
844 1270 1122 1326 alacritate
1148 1278 1206 1326 et
1230 1270 1396 1326 multa
1423 1270 1760 1327 vehementia
1790 1271 1959 1342 parati
1986 1287 2231 1330 essemus

653 1360 858 1416 animas
887 1368 1097 1416 nostras
1122 1357 1254 1417 dare
1290 1370 1508 1432 propter
1535 1377 1663 1429 vos;
1715 1362 1980 1435 huiusque
2015 1379 2121 1419 non
2149 1375 2232 1421 est

651 1451 810 1508 nobis
835 1450 1077 1508 habenda
1121 1451 1292 1522 gratia
1315 1491 1332 1518 ,
1381 1450 1478 1506 sed
1500 1451 1686 1519 vobis,’
1722 1452 1870 1524 quod
1896 1454 2014 1508 sitis
2045 1455 2224 1510 electi.

651 1543 940 1613 PrOptcrea
981 1541 1107 1598 alibi
1143 1555 1358 1613 quoque
1381 1541 1554 1600 dicit:
1603 1541 1672 1598 Et
1707 1544 1814 1599 hcc
1837 1547 2002 1614 patior
2023 1556 2230 1618 prOpter

648 1635 831 1691 electos
857 1633 938 1704 (2.
961 1632 1094 1689 Tim.
1116 1632 1309 1702 2.10).
1326 1633 1458 1690 Nam
1479 1649 1579 1705 pro
1606 1634 1718 1690 Deo
1737 1634 1948 1691 dilectis
1971 1637 2098 1706 quid
2119 1652 2226 1692 non

649 1725 913 1793 patiaris?
951 1724 1018 1778 Et
1051 1739 1172 1779 cum
1199 1724 1423 1780 dixisset
1446 1725 1589 1797 quod
1611 1741 1764 1782 suum
1792 1735 1926 1795 erat,
1951 1727 2083 1784 dicit
2105 1743 2230 1800 pro-

647 1816 932 1889 pemodum
962 1835 976 1871 :
1033 1816 1092 1874 Si
1130 1817 1273 1872 enim
1292 1819 1424 1874 estis
1447 1827 1505 1874 et
1530 1817 1711 1875 dilecti
1737 1830 1792 1876 ct
1817 1820 1972 1877 electi
1992 1863 2009 1888 ,
2047 1824 2225 1877 omnia

646 1909 839 1964 merito
881 1909 1228 1966 sustinemus.
1277 1909 1393 1966 Non
1435 1912 1578 1980 enim
1620 1911 1884 1967 laudando
1919 1927 2012 1970 eos
2049 1913 2224 1969 solum

645 2001 995 2058 conﬁrmabat
1015 2003 1197 2074 eisque
1220 2003 1459 2058 animum
1485 2003 1736 2069 addebat,
1767 2005 1860 2062 sed
1887 2008 2046 2063 etiam
2071 2024 2223 2065 revo-

644 2092 818 2147 cando
844 2093 900 2147 in
927 2093 1260 2157 memoriam,
1283 2093 1426 2165 quod
1453 2093 1554 2165 ipsi
1581 2094 1943 2152 ostendissent
1966 2098 2217 2155 virtutem

645 2191 701 2236 et
725 2181 1090 2237 fortitudinem
1114 2197 1299 2239 eorum
1315 2184 1479 2238 animi
1499 2184 1760 2241 alacritati
1787 2189 2220 2258 respondentem.

646 2271 784 2328 Dicit
821 2272 1018 2344 itaque,
1060 2270 1117 2328 6.
1150 2270 1218 2327 Et
1259 2289 1347 2329 vos
1375 2274 1652 2330 imitatores
1695 2279 1854 2331 nostri
1880 2280 2006 2349 facti
2030 2280 2150 2334 estis
2175 2291 2224 2336 et

645 2361 872 2428 Domini,
901 2362 1203 2432 excipientes
1221 2362 1423 2417 verbum
1449 2364 1503 2418 in
1532 2365 1853 2422 tribulatione
1880 2370 2072 2434 multa,
2102 2387 2219 2426 cum

649 2453 838 2523 gaudio
870 2453 1101 2524 Spiritus
1127 2455 1309 2509 sancti.
1351 2454 1546 2525 Papze!
1575 2465 1832 2527 quantum
1884 2461 2218 2517 eneomium!

647 2543 894 2614 discipuli
947 2553 1171 2614 repente
1229 2543 1352 2598 facti
1399 2553 1526 2599 sunt
1568 2547 1851 2617 magistri:
1892 2564 1998 2604 non
2047 2551 2218 2606 solum

643 2637 927 2691 audierunt
950 2635 1207 2703 verbum,
1258 2636 1353 2691 sed
1377 2637 1538 2692 etiam
1568 2635 1638 2692 ad
1680 2637 1822 2693 idem
1862 2652 2220 2710 pervenerunt

643 2728 911 2796 fastigium
940 2726 1005 2780 ad
1037 2725 1178 2796 quod
1211 2725 1427 2781 Paulus.
1476 2725 1584 2782 Sed
1615 2726 1718 2783 hoc
1756 2728 1889 2783 nihil
1914 2738 1998 2785 est
2030 2751 2043 2786 :
2097 2732 2219 2788 vide

641 2817 786 2874 enim
816 2817 1086 2888 quomodo
1111 2827 1295 2888 postea
1333 2832 1428 2873 eos
1465 2818 1727 2878 extollat:
1771 2818 2060 2875 Imitatores
2095 2822 2221 2890 [acti

643 2912 760 2966 estis
786 2910 1012 2965 Domini.
1043 2908 1365 2978 Quomodo?
1393 2909 1718 2981 Excipient“
1743 2911 1945 2966 verbum
1973 2913 2027 2968 in
2052 2915 2216 2968 tribu-

639 3007 828 3062 latione
849 3005 1027 3071 multa,
1055 3020 1169 3059 cum
1193 3004 1380 3075 gaudio
1420 3003 1643 3074 Spiritus
1663 3004 1845 3060 sancti.
1899 3003 2016 3060 Non
2044 3006 2217 3061 solum

641 3114 763 3153 cum
801 3097 1145 3153 tribulatione
1177 3105 1233 3152 et
1254 3096 1542 3152 afﬂictione
1564 3138 1582 3166 ,
1609 3095 1703 3152 sed
1722 3110 1844 3152 cum
1868 3098 2056 3154 multa.
2106 3099 2219 3154 Hoc

641 3200 819 3245 autem
846 3189 971 3245 licet
991 3188 1202 3244 discere
1229 3203 1298 3244 ex
1327 3189 1478 3244 Actis
1519 3189 1884 3259 apostolorum
1913 3189 2049 3261 (Act.
2074 3192 2164 3260 17)
2197 3233 2212 3257 ,

639 3279 909 3350 quomodo
938 3279 1249 3335 excitarunt
1293 3280 1345 3334 in
1371 3294 1466 3335 eos
1492 3282 1964 3350 persequutioncm
1999 3300 2013 3337 :
2069 3282 2216 3340 Con-

640 3370 1009 3437 turbaveruut,
1059 3369 1251 3440 inquit,
1285 3369 1629 3439 magistratus
1655 3384 1844 3434 omnes
1864 3371 2116 3439 civitatis,
2161 3385 2217 3430 et

639 3461 910 3515 civitatem
942 3459 1347 3515 concitaverunt
1369 3458 1423 3513 in
1451 3459 1616 3530 ipsos.
1647 3458 1832 3532 Neque
1856 3461 1962 3518 dici
2001 3472 2214 3533 potest,

638 3551 822 3607 afﬂicti
853 3551 1069 3622 quidem
1100 3551 1229 3606 estis
1253 3559 1305 3604 et
1324 3549 1650 3625 credidistis,
1677 3552 1770 3607 sed
1796 3552 2074 3620 dolentes;
2107 3554 2217 3611 imo

639 3658 768 3699 vero
796 3642 1104 3714 gaudentes.
1155 3639 1308 3708 Quod
1345 3642 1561 3714 quidem
1608 3642 1870 3700 faciebant
1892 3647 2054 3702 etiam
2083 3662 2237 3717 apo-.

640 3734 760 3790 stoli
791 3751 805 3788 :
835 3732 1160 3800 Gandentes,
1195 3732 1364 3802 inquit
1386 3773 1403 3798 ,
1429 3733 1566 3803 quod
1593 3734 1733 3805 digni
1759 3745 1923 3790 essent
1943 3737 2101 3792 habiti
2125 3754 2216 3808 pro

639 3826 840 3880 nomine
867 3822 1053 3878 Christi
1071 3823 1370 3878 contumelia
1396 3823 1524 3893 allici
1543 3822 1590 3894 (1
1600 3823 1705 3878 bid.
1723 3825 1788 3901 ,5.
1817 3825 2050 3895 ﬂ).lloc
2071 3828 2213 3883 enim

641 3926 726 3971 cst
747 3913 1062 3969 admirabile
1088 3932 1102 3968 :
1147 3914 1249 3969 etsi
1273 3912 1480 3968 ueillud
1507 3913 1720 3983 quidem
1745 3923 1828 3971 est
1847 3930 2058 3986 parum,
2084 3933 2215 3989 quo-

640 4004 1028 4073 modocumque
1071 4003 1212 4058 ferre
1254 4002 1569 4057 alﬂictiones
1589 4012 1708 4068 ;‘at
1743 4003 1848 4060 hoc
1870 4006 1979 4075 jam
2007 4017 2089 4063 est
2115 4023 2212 4064 eo-

638 4113 757 4152 runt
787 4095 871 4165 qui
901 4094 1184 4148 humanam
1217 4101 1458 4146 naturam
1485 4101 1763 4163 superant,
1789 4103 1843 4149 et
1870 4095 2068 4152 habent
2089 4113 2210 4154 cor-

638 4205 734 4259 pus
781 4195 1047 4255 tamquam
1096 4183 1406 4253 impatibilc.
1461 4183 1738 4250 Quomodo
1779 4196 1957 4242 autem
2002 4186 2213 4246 fuerunt

638 4282 932 4336 intita.ot'es
959 4277 1155 4334 Christi
1177 4277 1199 4331 ἲ
1221 4277 1480 4345 Quoniam
1507 4277 1622 4347 ipse
1641 4293 1853 4350 quoque
1875 4279 2069 4336 multas
2090 4297 2210 4336 sus-

639 4373 793 4426 tinuit
818 4369 1210 4441 pcrpcssioues,
1262 4382 1360 4421 nec
1402 4367 1637 4434 dolebat,
1666 4368 1760 4424 sed
1786 4369 2051 4439 gaudebat
2078 4390 2094 4426 :
2127 4372 2210 4426 lu-

635 4461 769 4517 hens
780 4460 922 4516 enim
949 4467 1004 4514 ct
1027 4467 1216 4529 sponte
1239 4473 1303 4513 eo
1328 4457 1592 4513 veniebat.
1619 4458 1844 4530 Propter
1861 4476 1958 4517 nos
1975 4446 2208 4533 seipsu'm

632 4551 926 4618 cxinaniit,
968 4560 1123 4619 sputa
1166 4558 1220 4604 et
1266 4547 1522 4619 colaphos
1566 4563 1855 4618 passurus,
1907 4552 1960 4606 iu
1992 4567 2208 4609 crucem

631 4641 902 4711 agendus;
928 4650 983 4694 et
1001 4639 1136 4694 adeo
1157 4637 1426 4709 gaudebat
1452 4639 1566 4694 tunc
1591 4641 1819 4710 patiens,
1863 4651 1920 4696 ut
1961 4642 2105 4699 Patri
2128 4644 2209 4699 di-

630 4739 796 4796 ceret,
829 4729 1070 4798 σιω-ἑῇσι]
1091 4744 1170 4782 me
1207 4727 1382 4800 (Joan.
1416 4730 1499 4784 17.
1526 4729 1601 4797 1).
1634 4729 1760 4785 Cum
1778 4732 1989 4802 gaudio,
2010 4734 2204 4804 inquit,

633 4823 856 4893 Spiritus
903 4821 1083 4876 sancti.
1132 4819 1210 4876 Ne
1257 4821 1376 4890 quis
1403 4821 1639 4889 diceret,
1695 4822 1973 4891 Quomodo
1993 4824 2127 4881 dicis
2153 4828 2203 4882 in

631 4912 1015 4968 tribulatione?
1072 4910 1343 4982 quomodo
1369 4910 1422 4965 in
1475 4911 1709 4982 gaudio?
1746 4916 2018 4984 quomodo
2075 4932 2202 4986 pos-

629 5013 754 5058 sunt
807 5011 1031 5072 utraque
1090 5002 1419 5058 convenire?
1491 5003 1783 5073 subjunxit,
1835 5004 1961 5059 Cum
2014 5011 2202 5077 gaudio

631 5094 856 5164 Spiritus
900 5093 1081 5146 sancti.
1114 5092 1345 5147 Afﬁictio
1375 5101 1457 5146 est
1497 5091 1550 5146 in
1577 5095 1970 5164 corporalibus,
2001 5107 2054 5151 et
2074 5114 2202 5167 gau-

629 5185 773 5238 dium
812 5185 864 5239 in
908 5182 1290 5253 spiritualibus.
1334 5182 1650 5250 Quomodo?
1707 5186 1780 5239 Ea
1832 5188 2051 5256 quidem
2083 5207 2202 5260 que

631 5273 762 5328 ﬁunt
787 5283 910 5329 sunt
937 5274 1193 5338 molesta;
1225 5289 1340 5343 qum
1361 5286 1536 5329 autem
1561 5291 1624 5331 ex
1657 5277 1735 5330 eis
1761 5279 2005 5332 oriuntur
2029 5322 2043 5342 ,
2102 5297 2200 5336 ne~

628 5382 888 5435 quaquam
924 5382 937 5419 :
972 5382 1075 5419 non
1126 5365 1254 5420 sinit
1279 5365 1420 5419 enim
1452 5364 1502 5418 id
1542 5366 1795 5436 Spiritus.
1842 5367 2200 5434 Quamobrem

630 5458 744 5512 ﬁeri
774 5467 948 5527 potest
977 5465 1034 5511 ut
1061 5467 1115 5512 et
1142 5459 1346 5526 patiens
1373 5473 1477 5513 non
1511 5458 1741 5524 lactetur,
1768 5462 1982 5531 quando
2008 5466 2202 5532 patitur

626 5563 723 5617 pro
745 5549 1012 5618 peccatis;
1041 5557 1095 5601 et
1121 5547 1294 5618 ﬂagris
1325 5548 1739 5616 cmsuslmtctur,
1765 5553 1976 5621 quando
2004 5553 2201 5622 patitur

627 5646 843 5709 propter
884 5637 1175 5693 Christum.

696 5732 751 5787 3.
787 5729 897 5787 lioe
945 5741 1025 5787 est
1063 5729 1204 5786 enim
1251 5729 1501 5802 gaudium
1539 5729 1770 5803 Spiritus
1804 5749 1817 5791 :
1851 5748 1947 5804 pro
1982 5734 2049 5792 iis
2075 5751 2192 5807 quae

1367 333 1428 390 S.
1463 333 1742 392 JOANNIS
1775 333 2248 392 CIIRYSOSTOMI
2287 334 2603 393 ARCIHEP.
2641 339 3176 402 CONSTANTINOP.

2344 451 2594 508 videntur
2618 467 2740 510 esse
2768 456 2951 525 gravia
2977 465 3034 512 et
3061 458 3308 526 molesta,
3335 458 3516 518 educit
3538 463 3799 522 lmtitiam.
3829 469 3938 524 Af-

2341 539 2593 598 ﬂiserunt
2623 558 2737 611 vos,
2761 543 2953 616 inquit,
2992 549 3300 618 persequuti
3325 559 3488 617 sunt;
3517 554 3611 610 sed
3641 568 3738 612 vos
3765 572 3836 613 ne
3871 559 3934 612 in

2342 630 2445 685 illis
2465 631 2906 702 quidem-dimisit
2929 635 3178 706 Spiritus.
3203 637 3351 694 Sicut
3372 641 3426 695 in
3449 641 3570 712 igne
3594 657 3717 700 rore
3736 660 3936 715 asper-

2339 722 2604 791 gebantur
2633 731 2744 780 tres
2784 726 2932 795 pueri
2961 725 3139 799 (Dan.
3165 728 3261 799 3),
3291 730 3361 784 ita
3387 746 3483 786 vos
3508 748 3722 804 quoque
3749 735 3802 790 in
3834 735 3930 790 af-

2339 813 2680 870 ﬂictionibus.
2711 816 2817 871 Sed
2837 817 2978 872 sicut
3007 818 3116 874 illic
3142 818 3250 874 non
3275 830 3362 876 est
3397 831 3602 879 natura
3627 823 3765 895 ignis
3796 843 3933 883 rore

2339 919 2657 977 aspergere,
2699 907 2795 964 sed
2836 908 3100 966 sibilantis
3137 909 3416 981 Spiritus:
3449 913 3522 968 ita
3561 914 3664 970 hoc
3701 932 3928 986 quoque

2338 1013 2444 1052 non
2480 1008 2562 1053 est
2588 1007 2794 1054 natura:
2829 998 3135 1057 afﬂictionis
3172 1001 3425 1072 gaudium
3457 1019 3777 1074 procreare,
3821 1007 3926 1062 sed

2339 1089 2599 1158 passionis
2645 1099 2866 1161 propter
2913 1093 3207 1163 Christum,
3255 1105 3311 1151 et
3364 1111 3491 1153 rore
3538 1098 3921 1168 perfundentis

2335 1179 2599 1248 Spiritus,
2644 1182 3126 1254 constituentisque
3171 1185 3227 1241 in
3273 1187 3453 1255 quiete
3494 1197 3550 1244 et
3578 1190 3922 1246 recreations

2338 1284 2439 1339 per
2460 1269 2732 1326 fornacem
2765 1275 3141 1330 tentationum.
3175 1261 3302 1330 Cum
3327 1278 3540 1347 gaudio,
3569 1279 3774 1350 inquit;
3804 1299 3920 1337 non

2335 1360 2586 1434 simplici,
2619 1362 2714 1416 sed
2758 1363 2926 1418 multo
2967 1381 2981 1418 :
3021 1363 3123 1419 hoc
3150 1367 3293 1421 enim
3333 1376 3421 1422 est
3460 1367 3686 1439 Spiritu
3726 1375 3917 1429 sancti.

2335 1452 2388 1505 7.
2418 1450 2502 1506 lla
2528 1461 2583 1506 ut
2605 1456 2732 1524 facti
2752 1456 2862 1510 sitis
2895 1457 3063 1526 [arma
3097 1457 3329 1512 omnibus
3357 1459 3672 1517 credentibus
3706 1466 3761 1517 in
3789 1464 3917 1519 Hu-

2332 1542 2543 1595 cedonia
2567 1553 2614 1596 et
2644 1544 2858 1599 Achaia.
2888 1548 3047 1617 Atqui
3078 1555 3347 1616 postremo
3371 1551 3516 1605 venit
3537 1551 3605 1606 ad
3635 1567 3730 1608 eos
3761 1571 3775 1608 :
3805 1554 3916 1610 Sed

2333 1632 2427 1699 ita,
2456 1633 2645 1703 inquit,
2681 1636 3106 1704 resplenduistis,
3138 1645 3197 1693 ut
3223 1637 3420 1694 ﬁeretis
3447 1640 3695 1698 doctores
3721 1658 3912 1700 eorum

2331 1726 2420 1796 qui
2449 1729 2931 1798 prmcesserantﬁt
2961 1728 3063 1786 hoc
3086 1738 3169 1784 est
3194 1732 3571 1801 apostolicum.
3609 1732 3724 1789 Non
3765 1737 3907 1792 enim

2332 1815 2486 1884 dicit,
2527 1817 2598 1874 Ut
2630 1818 2755 1874 facti
2782 1819 2899 1875 sitis
2929 1818 3100 1874 fortna
3139 1821 3207 1875 ad
3231 1822 3585 1890 credendum,
3610 1826 3706 1881 sed
3727 1828 3793 1882 iis
3817 1828 3913 1898 qui

2325 1909 2436 1980 jam
2466 1910 2756 1967 credebant
2791 1910 2914 1968 facti
2960 1913 3092 1969 estis
3127 1913 3298 1970 forma
3341 1933 3356 1970 :
3387 1914 3440 1970 id
3483 1928 3599 1985 est,
3629 1918 3918 1985 Quomodo

2329 2011 2573 2071 oporteat
2593 2003 2646 2057 in
2675 2003 2839 2058 Deum
2870 2004 3107 2070 credere,
3133 2020 3229 2059 vos
3254 2005 3527 2074 docuistis,
3549 2009 3638 2079 qui
3658 2011 3727 2064 ab
3750 2027 3919 2068 exor-

2328 2093 2418 2148 dio
2445 2094 2512 2148 ad
2541 2096 2834 2150 certamina
2862 2096 3232 2151 descendistis.
3268 2096 3337 2151 Et
3362 2099 3415 2152 in
3439 2097 3661 2165 Achaia,
3689 2099 3870 2172 inquit
3895 2120 3913 2170 ;

2329 2182 2433 2239 hoc
2457 2192 2537 2239 est
2560 2224 2577 2250 ,
2605 2184 2657 2238 iu
2689 2183 2925 2240 llellade.
2962 2184 3124 2240 Vides
3156 2197 3350 2257 quanta
3381 2203 3469 2243 res
3497 2190 3563 2245 sit
3589 2189 3750 2244 animi
3788 2192 3916 2248 ala-

2327 2274 2490 2328 critus
2517 2272 2675 2328 lNon
2705 2285 2828 2345 eget
2855 2283 3115 2344 tempore,
3142 2291 3314 2346 neque
3339 2280 3700 2347 cunctatione,
3733 2296 3915 2351 neque

2327 2364 2582 2419 dilatione
2610 2381 2624 2429 ;
2649 2364 2743 2418 sed
2771 2364 2968 2419 sufficit
2995 2381 3054 2441 se
3075 2366 3246 2421 solum
3277 2368 3554 2437 exhibere,
3584 2379 3641 2425 et
3667 2372 3909 2427 cottiecta

2325 2464 2450 2509 sunt
2473 2455 2673 2509 omnia.
2694 2455 2785 2510 Sic
2808 2470 2938 2526 ergo
2961 2456 3043 2510 isti
3064 2470 3185 2510 cum
3207 2458 3536 2525 posteriores
3554 2461 3904 2516 accessissent

2324 2546 2390 2599 ad
2421 2545 2851 2614 praedicationem
2871 2587 2887 2613 ,
2921 2545 3135 2601 fuerunt
3163 2547 3396 2617 priorum
3427 2548 3684 2606 doctores
3709 2561 3762 2606 et
3788 2567 3907 2606 ma-

2322 2635 2493 2704 gistri.
2515 2635 2683 2689 Nemo
2704 2636 2862 2706 igitur
2881 2637 3115 2700 animum
3132 2637 3489 2708 despondeat:
3505 2640 3715 2696 etiamsi
3741 2643 3912 2698 multo

2329 2734 2652 2796 consumpto
2684 2735 2925 2796 tempore
2950 2727 3085 2781 nihil
3115 2726 3372 2793 eﬂ'ecerit,
3408 2728 3531 2784 licet
3557 2729 3606 2784 ei
3637 2731 3721 2786 vel
3743 2737 3913 2802 parvo

2329 2824 2570 2886 tempore
2599 2826 2801 2872 tantum
2843 2818 3058 2873 efﬁcere
3077 2861 3092 2885 ,
3121 2827 3379 2889 quantum
3408 2835 3477 2875 ne
3505 2823 3662 2890 priori
3687 2824 3911 2892 quidem

2329 2919 2590 2978 tempore.
2620 2909 2751 2964 Nam
2795 2911 2839 2964 si
2875 2911 2965 2980 qui
3008 2910 3244 2965 nondum
3272 2911 3573 2968 crediderat
3603 2923 3810 2969 tantum
3854 2917 3911 2972 in

2322 3000 2472 3054 initio
2496 2999 2846 3069 resplenduit,
2865 3000 3215 3070 multomagis
3239 3002 3273 3056 ii
3299 3001 3388 3072 qui
3407 3002 3516 3072 jam
3541 3002 3914 3061 crediderunt.

2404 3089 2677 3161 Vigilantia
2716 3107 2867 3158 quant
2909 3093 3212 3147 necessaria.
3244 3122 3316 3133 —
3339 3092 3521 3148 Nullus
3565 3110 3761 3150 rursus
3803 3097 3916 3153 hoc

2322 3182 2560 3252 cogitans
2585 3182 2656 3237 sit
2685 3183 2833 3253 piger
2856 3190 2913 3237 et
2941 3186 3147 3253 segnis,
3179 3192 3238 3238 ut
3267 3187 3357 3254 qui
3384 3184 3628 3240 didicerit
3655 3187 3804 3256 quod
3836 3189 3910 3244 li-

2321 3286 2438 3328 ceat
2475 3272 2625 3329 brevi
2664 3282 2904 3344 tempore
2927 3283 3092 3329 totum
3118 3290 3307 3344 parare
3340 3292 3355 3330 :
3385 3275 3620 3332 futurum
3645 3279 3788 3332 enim
3820 3291 3907 3335 est

2322 3367 2626 3432 incertum;
2654 3377 2710 3421 et
2752 3366 2840 3421 fur
2881 3377 2964 3421 est
2991 3366 3109 3422 dies
3146 3367 3354 3422 Domini
3380 3369 3473 3438 (1.
3511 3367 3685 3426 Thess.
3715 3369 3768 3425 5.
3797 3370 3908 3443 4),

2324 3470 2544 3530 repente
2570 3459 2828 3514 invadens
2847 3474 2947 3514 nos
2965 3459 3290 3514 dormientes
3318 3474 3335 3524 ;
3357 3459 3453 3514 sed
3475 3461 3519 3514 si
3543 3475 3653 3516 non
3671 3461 3909 3516 dormis.

2323 3565 2460 3616 mus,
2493 3565 2597 3604 non
2631 3559 2902 3621 tamquam
2935 3549 3022 3606 fur
3050 3565 3149 3605 nos
3187 3549 3426 3616 invadet,
3471 3567 3649 3622 neque
3673 3553 3909 3609 abducet

2322 3641 2631 3711 imparatos.
2678 3641 2811 3695 Nam
2855 3641 2900 3695 si
2943 3641 3252 3711 vigilemus,
3281 3649 3337 3696 ct
3366 3642 3530 3697 sobrii
3558 3642 3726 3697 simus
3749 3681 3766 3706 ,
3789 3658 3904 3699 non

2320 3734 2546 3804 amplius
2577 3741 2844 3805 tamquam
2872 3734 2956 3788 fur
2984 3748 3083 3788 nos
3112 3733 3342 3799 invadet,
3372 3734 3468 3789 sed
3500 3746 3765 3805 tamquam
3787 3735 3904 3791 Re-

2320 3825 2400 3895 gis
2445 3823 2662 3877 nuntius
2701 3839 2800 3878 nos
2826 3838 3024 3878 vocans
3064 3823 3129 3878 ad
3170 3824 3309 3879 bona
3351 3823 3506 3880 nobis
3552 3835 3734 3895 parata
3767 3843 3781 3880 :
3815 3827 3905 3882 sin

2319 3914 2668 3978 dormiamus,
2699 3923 2965 3983 tamquam
3003 3913 3086 3968 fur
3127 3914 3356 3970 accedit.
3388 3913 3572 3969 Nullus
3602 3931 3732 3985 ergo
3764 3917 3902 3972 dor-

2320 4005 2468 4071 miat,
2495 4005 2672 4058 nullus
2701 4005 2768 4058 sit
2795 4005 2942 4075 piger
2966 4003 3031 4058 ad
3062 4005 3310 4059 virtutem
3343 4021 3357 4058 :
3388 4005 3486 4060 hoc
3514 4005 3656 4060 enim
3695 4017 3776 4062 est
3806 4022 3902 4064 so-

2318 4113 2496 4151 mnus.
2527 4095 2774 4161 Nescitis,
2793 4096 3006 4167 quando
3033 4096 3364 4164 dormimus;
3385 4113 3543 4168 quam
3575 4108 3755 4153 nostra
3788 4115 3900 4154 non

2317 4191 2424 4244 sint
2441 4191 2492 4244 in
2520 4198 2653 4255 tuto,
2682 4205 2841 4258 quam
2865 4189 3020 4244 facile
3038 4189 3117 4244 eis
3140 4199 3396 4258 parentur
3420 4191 3625 4245 insidia:
3641 4192 3665 4245 ἳ
3681 4195 3902 4263 quando

2315 4288 2491 4334 autem
2519 4279 2797 4349 vigilamus
2815 4321 2832 4346 ,
2864 4294 2970 4335 non
3002 4295 3138 4349 opus
3165 4292 3250 4336 est
3274 4281 3430 4336 nobis
3459 4291 3602 4336 tanta
3628 4284 3896 4340 custodia.

2316 4370 2538 4439 Quando
2564 4370 2861 4425 dormimus
2886 4411 2904 4438 ,
2936 4370 3096 4426 etiam
3127 4385 3248 4427 cum
3277 4371 3444 4428 multa
3483 4373 3723 4428 custodia
3752 4389 3898 4445 saapc

2318 4463 2552 4533 perimus
2590 4480 2602 4516 :
2632 4473 2756 4518 sunt
2787 4472 2839 4516 et
2871 4462 3007 4517 ostia
3032 4471 3085 4517 et
3112 4472 3291 4518 vectes
3318 4471 3373 4518 et
3401 4463 3650 4518 custodes
3673 4473 3732 4518 et.
3761 4466 3893 4535 vigi-

2314 4556 2426 4622 les;
2448 4565 2502 4611 et
2523 4566 2697 4610 tamen
2720 4555 2803 4610 fur
2827 4554 3161 4626 ingreditur'.
3179 4554 3288 4608 Cur
3308 4553 3423 4608 hzrc
3445 4552 3609 4609 dico?
3633 4554 3896 4623 Quoniam

2313 4649 2358 4703 si
2390 4648 2667 4719 vigilemus
2690 4687 2706 4714 ,
2741 4662 2846 4701 non
2873 4646 3146 4717 egebimus
3175 4646 3400 4701 aliorum
3428 4646 3625 4700 auxilio
3651 4664 3666 4701 :
3689 4648 3772 4701 sln
3799 4662 3895 4701 au-

2315 4750 2419 4794 tem
2460 4737 2828 4804 dormiamus,
2865 4736 3009 4792 nihil
3036 4736 3192 4792 nobis
3231 4736 3454 4805 prodest
3481 4735 3709 4791 aliorum
3741 4738 3896 4791 auxi-

2312 4830 2441 4883 lium
2468 4870 2484 4894 ,
2514 4828 2608 4884 sed
2654 4826 2817 4900 etiam
2844 4843 2967 4883 cum
3009 4828 3100 4882 illo
3134 4827 3390 4896 perimus.
3422 4827 3628 4881 Bonum
3668 4836 3750 4882 est
3789 4827 3891 4881 frui

2310 4933 2614 4976 sanctorum
2646 4920 2895 4991 precibus
2917 4961 2932 4985 ,
2961 4920 3053 4975 sed
3093 4934 3214 4973 cum
3244 4919 3347 4990 ipsi
3387 4934 3601 4990 quoque
3630 4919 3894 4977 inermus

2311 5015 2498 5069 intenti
2529 5015 2700 5084 operi.
2734 5013 2803 5067 Et
2831 5012 2957 5084 quid
2987 5011 3140 5078 mihi,
3170 5012 3364 5082 inquit,
3394 5027 3528 5081 opus
3554 5021 3635 5067 est
3661 5013 3892 5067 aliorum

2311 5107 2580 5174 precibus,
2612 5121 2733 5160 cum
2766 5105 2920 5158 fuero
2951 5105 3186 5159 intentus
3219 5105 3391 5174 operi,
3423 5118 3520 5159 nec
3549 5120 3634 5159 me
3659 5120 3722 5158 eo
3747 5105 3894 5159 redi-

2307 5212 2449 5263 gam,
2481 5207 2539 5250 ut
2569 5211 2703 5265 opus
2744 5195 2966 5249 habeant
2999 5195 3021 5247 ?
3048 5193 3155 5248 Nec
3183 5209 3283 5264 ego
3325 5194 3540 5264 quidem
3587 5193 3689 5248 hoc
3717 5193 3846 5248 volo
3877 5213 3892 5260 ;

2307 5286 2399 5341 sed
2429 5303 2566 5356 opus
2593 5301 2811 5354 semper
2837 5285 3117 5351 habemus,
3147 5284 3189 5338 si
3223 5284 3514 5353 sapiamus.
3559 5283 3753 5338 Paulus
3779 5285 3893 5340 non

2371 5445 2386 5468 ι
2424 5438 2476 5484 In
2504 5437 2638 5488 Colb.
2664 5436 2947 5504 legitur"...
2995 5442 3319 5504 nonopusest
3340 5437 3474 5488 nobis
3491 5444 3621 5504 tanta
3645 5437 3874 5504 custodia

2304 5507 2417 5562 Qum
2444 5525 2484 5546 Li
2514 5508 2688 5562 quamq
2700 5498 3163 5559 quidurn,custodit2
3186 5500 3702 5562 causateuogt‘turtmt
3717 5498 3743 5548 Ρ
3769 5509 3889 5550 rer-

2305 5558 2353 5609 bi
2382 5558 2541 5622 grana
2565 5599 2579 5618 ,
2597 5558 2738 5624 estin,
2755 5568 2937 5624 uectos,
2960 5562 3181 5624 antodes
3201 5567 3248 5611 et
3275 5559 3441 5624 uigiles
3465 5558 3556 5610 fet
3571 5568 3752 5624 tamen.
3775 5574 3893 5612 cum

2303 5629 2436 5685 tanta
2456 5621 2675 5685 custodia
2693 5658 2709 5681 ,
2734 5623 2817 5682 fur
2840 5621 3131 5685 ingreditur.
3165 5621 3450 5685 Qutelectio
3471 5622 3674 5685 quadrat
3707 5624 3766 5671 ad
3803 5636 3888 5672 sc-

2300 5680 2458 5747 riem‘;
2481 5684 2570 5747 sed
2595 5680 2758 5747 nostra
2783 5693 2861 5733 est
2884 5680 3127 5734 editorum
3164 5680 3381 5736 ontnium
3399 5716 3416 5747 ,
3441 5680 3648 5747 eamque
3686 5691 3895 5734 secutus

2307 5751 2384 5795 est
2403 5742 2671 5797 Gentianus
2687 5743 2950 5796 Henetus.
