4056 6332
122 409 191 464 337
896 382 958 438 IN
997 378 1211 436 EPlST.
1253 377 1268 431 Ι
1335 375 1425 430 ΑΙ)
1463 370 1670 428 TilESS

1761 405 1794 422 ..
1835 368 1984 423 CAP.
2028 368 2064 422 1.
2108 367 2336 424 1105111..
2381 367 2420 422 Ι.

124 518 290 578 dicebat,
315 504 448 577 Quid
478 501 609 558 mihi
651 512 783 569 opus
827 505 903 550 est
944 490 1239 562 precibus?
1279 488 1489 544 etiamsi
1535 484 1622 554 qui

127 602 408 677 precabantur
433 609 540 649 non
570 596 751 646 essent
778 585 871 640 illo
898 583 1064 652 digiti,
1091 582 1197 635 imo
1227 593 1354 634 vero
1385 589 1629 677 nepares

126 666 276 767 quidem
304 707 315 743 :
343 695 396 743 et
421 695 480 740 tu
519 681 677 744 dicis,
707 677 843 746 Quid
875 674 1002 729 mihi
1042 687 1175 741 opus
1219 679 1302 767 est
1328 666 1632 767 precibus?

129 759 259 841 i’etnn
275 794 372 835 non
388 776 542 839 dixit,
567 771 707 838 Quid
729 769 856 824 mihi
881 781 1014 836 opus
1032 773 1112 819 est
1135 761 1414 834 precibus?
1440 759 1624 813 Oratio

129 878 241 937 enim,
266 868 443 939 inquit,
477 865 644 935 ﬁebat,
676 863 782 921 sine
806 857 1173 913 intermissione
1201 854 1263 908 ab
1295 852 1525 907 Ecclesia
1566 851 1633 903 ad

132 966 244 1019 Datin
269 978 347 1032 pro
375 975 436 1016 eo
468 957 624 1027 (Act.
660 954 746 1009 19..
779 954 812 1006 5
838 951 858 1022 )
891 969 902 1003 :
945 960 1000 1004 et
1040 956 1098 1015 tu
1135 947 1268 1002 dicis
1291 988 1308 1014 ,
1339 943 1475 1012 Quid
1506 941 1634 998 mihi

132 1069 222 1124 opus
243 1062 310 1108 est
338 1049 585 1120 precibus
613 1046 635 1098 ἲ
662 1044 943 1112 Propterea
978 1039 1069 1094 tibi
1095 1051 1229 1106 opus
1256 1044 1358 1100 est,
1385 1034 1636 1104 quoniam

131 1144 339 1198 existimas
365 1150 415 1193 te
444 1152 553 1191 non
600 1149 733 1204 Opus
770 1131 986 1185 habere.
1037 1127 1253 1182 Etiamsi
1298 1125 1462 1180 fueris
1501 1125 1639 1178 sicut

134 1234 288 1295 Paulus,
316 1243 444 1298 opus
472 1226 638 1279 habes
671 1223 930 1293 precibus.
955 1218 1033 1274 Ne
1066 1228 1115 1272 te
1135 1217 1383 1280 extollas,
1416 1228 1484 1269 ne
1511 1212 1636 1268 red»

133 1325 231 1376 tiaris
252 1319 471 1374 humilis.
508 1315 649 1380 Sed,
685 1324 743 1368 ut
771 1313 900 1377 dixi,
934 1311 977 1365 si
1006 1309 1177 1372 simus
1205 1307 1420 1377 quidem
1449 1305 1638 1360 intenti

135 1413 250 1483 operi,
270 1425 444 1481 preces
475 1423 573 1478 pro
603 1406 755 1459 nobis
782 1403 992 1458 emissae
1018 1401 1224 1470 juvant.
1250 1397 1385 1452 Audi
1419 1396 1639 1451 Paulum

136 1505 330 1557 dicentem
361 1518 374 1553 :
403 1498 525 1554 Seio
547 1498 678 1550 enim
703 1495 836 1565 quod
857 1493 951 1546 hoc
972 1491 1094 1544 mihi
1124 1489 1377 1558 proveniet
1406 1487 1473 1540 ad
1500 1487 1637 1541 salu-

139 1602 197 1642 tnu
212 1607 282 1660 per
298 1599 503 1642 uestram
523 1586 802 1640 orationem
822 1593 866 1636 et
883 1579 1392 1635 subministrationem
1418 1576 1642 1646 Spiritus

135 1683 215 1735 less
237 1681 401 1736 Christi
433 1681 449 1746 (
479 1678 713 1744 Philipp.
757 1676 809 1728 1.
848 1673 915 1729 19
949 1673 1006 1741 );
1054 1679 1108 1726 et
1144 1685 1351 1734 rursus,
1380 1669 1643 1738 Adjuvan-

134 1774 222 1827 tibus
264 1783 302 1826 et
346 1773 477 1825 vobis
533 1770 587 1822 in
638 1767 864 1820 oratione
915 1781 1005 1834 pro
1058 1763 1220 1816 nobis.
1254 1759 1323 1816 Ut
1367 1776 1432 1813 ea:
1474 1759 1645 1813 multis

138 1863 305 1924 personis
341 1863 447 1932 ejus
489 1875 604 1930 quae
646 1859 696 1909 in
728 1856 868 1908 nobis
912 1863 981 1908 est
1010 1853 1296 1906 donationis
1333 1867 1421 1918 per
1462 1847 1647 1901 multos

133 1953 262 2019 gratio:
282 1961 485 2021 agantur
512 1965 605 2016 pro
636 1947 775 1999 nobis
804 1947 818 2011 (
849 1945 901 1997 2.
936 1943 1053 1996 Cor.
1080 1944 1130 1997 1.
1163 1940 1282 2012 11).
1313 1941 1378 1994 Ει
1403 1949 1454 1993 tu
1487 1940 1643 2002 dicis,

136 2043 230 2104 Quid
259 2042 369 2094 mihi
400 2054 536 2108 opus
560 2047 640 2092 est
664 2035 942 2090 oratione?
969 2034 1060 2087 Sin
1091 2039 1265 2085 autem
1293 2029 1459 2083 simus
1489 2028 1644 2097 pigri,

136 2145 248 2183 nemo
284 2131 422 2184 nobis
450 2129 705 2199 prodesse
753 2126 967 2195 poterit.
996 2122 1131 2190 Quid
1161 2121 1354 2191 proluit
1390 2120 1648 2176 Jeremias

136 2221 317 2274 Judais?
345 2236 516 2274 nonne
548 2230 628 2273 ter
656 2217 720 2271 ad
755 2218 916 2270 Deum
944 2215 1189 2279 accessit,
1221 2224 1274 2266 et
1297 2221 1378 2266 ter
1403 2211 1604 2265 audivit
1633 2227 1646 2265 :

138 2311 192 2362 Ne
214 2311 399 2380 preceris
424 2327 514 2362 nec
540 2325 683 2378 roges
712 2323 802 2377 pro
828 2307 1012 2375 papula
1038 2305 1132 2357 isto
1157 2343 1172 2369 ,
1205 2303 1441 2372 quoniam
1471 2317 1574 2353 non
1607 2310 1653 2353 te

135 2403 344 2453 wradianr
369 2403 385 2468 (
407 2399 516 2452 Jer.
552 2399 604 2452 7.
637 2398 702 2451 16
726 2395 791 2468 )?
818 2394 954 2462 Quid
980 2394 1126 2449 Sauli
1159 2393 1356 2461 prol’uit
1381 2389 1595 2445 Samuel
1625 2388 1647 2441 ?

136 2508 269 2545 nonne
292 2507 400 2546 eum
423 2490 559 2544 luxit
581 2503 746 2556 usque
765 2486 830 2540 ad
852 2493 1146 2540 extremum
1170 2482 1333 2544 diem,
1362 2496 1460 2534 nec
1481 2480 1650 2532 solum

138 2598 207 2648 pro
237 2598 288 2638 eo
314 2583 470 2636 oravit
500 2583 524 2634 ?
555 2579 690 2646 Quid
737 2578 929 2647 profuit
960 2574 1215 2629 lsraelitis
1243 2575 1267 2625 ’ἶ
1299 2586 1475 2626 nonne
1504 2570 1651 2626 dice-

140 2671 237 2734 bat,
283 2673 403 2725 Absit
446 2681 499 2724 ut
555 2685 752 2739 peccent
799 2666 1130 2719 intermittens
1181 2679 1327 2716 orare
1377 2678 1467 2731 pro
1517 2662 1654 2713 vobis

146 2762 204 2827 ti.
229 2760 324 2831 Reg.
345 2763 423 2817 12.
450 2762 544 2830 23)
565 2761 588 2813 ?
613 2774 789 2813 nonne
811 2772 998 2810 omnes
1026 2753 1336 2823 perierunt?
1363 2753 1503 2806 Nihil
1525 2767 1654 2822 ergo

150 2861 332 2917 prosunt,
371 2852 594 2920 inquies,
637 2862 822 2917 preces
848 2847 870 2899 ?
901 2846 1011 2900 lmo
1041 2859 1168 2899 vero
1208 2843 1360 2898 valde
1392 2850 1650 2912 prosunt;

140 2943 211 2995 sed
238 2943 421 3012 quando
464 2956 563 2997 nos
604 2954 814 3008 quoque
843 2936 1043 3006 aliquid
1071 2935 1276 3004 agimus
1303 2952 1316 2988 :
1348 2948 1468 2987 nam
1497 2933 1654 2986 simul

136 3044 260 3100 agunt
282 3049 453 3103 preces
473 3042 527 3087 et
551 3047 708 3100 opem
737 3032 912 3084 lerunt
944 3047 958 3081 :
983 3028 1140 3081 simul
1170 3037 1346 3080 autem
1371 3025 1479 3094 agit
1510 3024 1656 3093 quis-

135 3125 241 3193 piam
279 3136 330 3180 et
351 3141 502 3194 Opem
532 3124 634 3178 fert
663 3124 713 3176 ei
742 3122 829 3190 qui
875 3121 986 3190 ipse
1027 3127 1279 3188 operatur
1307 3134 1322 3181 ;
1365 3118 1446 3171 sin
1476 3126 1653 3170 autem

132 3231 316 3271 maneas
345 3217 485 3286 piger
512 3227 563 3270 et
583 3215 805 3279 otiosus,
828 3229 891 3267 ex
912 3213 989 3266 eis
1018 3225 1123 3264 non
1150 3224 1395 3279 magnam
1426 3209 1658 3278 accipies

132 3305 396 3360 utilitatem.

182 3397 226 3448 4.
263 3394 386 3447 Nam
431 3397 475 3447 si
510 3394 734 3448 valerent
764 3406 949 3463 preces
981 3406 1079 3445 nos
1107 3389 1306 3444 otiosos
1336 3389 1389 3443 in
1431 3403 1652 3459 regnum

134 3486 443 3549 introducere,
486 3488 580 3541 cur
614 3502 717 3540 non
743 3500 928 3540 omnes
956 3483 1126 3538 Graeci
1157 3483 1289 3536 ﬁunt
1315 3481 1607 3536 Christiani
1635 3479 1658 3530 ?

135 3592 273 3631 nonne
296 3591 504 3631 oramus
547 3592 642 3646 pro
671 3585 779 3630 toto
808 3576 1008 3630 nmndo
1037 3575 1060 3627 ?
1100 3588 1278 3628 nonne
1305 3571 1408 3626 hoc
1446 3585 1659 3640 quoque

136 3666 312 3720 iaciebat
339 3668 566 3720 Paulus?
593 3681 767 3719 nonne
787 3679 1031 3735 rogamus
1054 3675 1110 3718 ut
1133 3677 1319 3717 omnes
1343 3672 1658 3716 convertan-

138 3766 198 3806 tur
220 3756 239 3806 τ
262 3757 342 3811 Dic
369 3758 530 3824 enim,
561 3772 658 3810 cur
685 3755 807 3808 mali
855 3771 957 3808 non
1006 3754 1137 3808 ﬁunt
1179 3755 1344 3807 boni?
1372 3768 1572 3816 annon,
1607 3765 1661 3805 ut

141 3845 271 3911 [alam
297 3857 371 3901 est
393 3889 407 3912 ,
456 3847 580 3916 quia
615 3846 747 3900 nihil
787 3855 1006 3914 possunt
1036 3861 1098 3900 ex
1133 3860 1191 3899 se
1220 3844 1410 3899 ail‘erre
1440 3847 1463 3896 Ἰ
1495 3843 1660 3897 Valde

143 3950 233 4003 ergo
265 3948 473 4007 prosunt
508 3951 729 4007 preces,
775 3952 894 3989 cum
930 3952 1025 3990 nos
1065 3950 1276 4006 quoque
1304 3950 1330 3987 a
1361 3935 1516 3989 nobis
1544 3949 1662 4002 qua:

149 4034 230 4080 sunt
262 4040 428 4084 nostra
467 4026 826 4084 attuleritnus.
863 4026 952 4080 Vis
989 4028 1124 4081 scire
1162 4037 1415 4095 quantum
1458 4025 1664 4093 prosint

146 4121 318 4177 Preces?
357 4122 530 4189 cogita
561 4117 900 4181 Cornelium,
931 4116 1213 4171 Tabitham
1243 4118 1391 4183 (Act.
1423 4117 1509 4171 10.
1538 4118 1590 4170 5.
1618 4125 1664 4170 ct

141 4206 176 4259 9.
202 4208 300 4278 36);
331 4210 446 4263 audi
475 4211 640 4264 etiam
671 4207 925 4281 Jacobum
958 4208 1222 4263 dicentem
1249 4207 1465 4262 Labano
1498 4225 1512 4261 :
1547 4206 1666 4260 Nisi

139 4303 250 4354 timor
284 4308 429 4372 patris
469 4304 568 4358 mei
610 4311 733 4357 esset
769 4304 925 4368 mihi,
974 4318 1186 4356 vacuum
1228 4319 1306 4354 me
1343 4301 1616 4355 dimisisses
1649 4317 1667 4353 :

138 4394 230 4446 audi
261 4395 407 4449 Deum
447 4409 663 4465 quoque
693 4410 874 4448 rursus
904 4393 1193 4455 dicentem,
1235 4391 1510 4462 Protegnm
1537 4392 1668 4446 hanc

137 4486 339 4540 civitatem
374 4497 581 4557 prapter
610 4503 711 4552 me,
743 4495 788 4540 et
840 4495 1040 4555 propter
1071 4484 1240 4538 David
1265 4501 1462 4538 servum
1500 4501 1662 4538 nicum

139 4571 255 4636 (lien.
280 4577 357 4630 51.
380 4577 470 4631 42.
514 4578 570 4631 ι.
597 4576 723 4646 Reg.
752 4575 838 4630 19.
864 4576 975 4646 54).
995 4574 1099 4630 Sed
1127 4575 1378 4644 quando?
1408 4576 1670 4643 Tempore

139 4664 336 4722 Ezechiae
353 4670 440 4736 qui
466 4677 585 4723 erat
610 4666 807 4736 justus.
831 4666 961 4721 Nam
985 4668 1027 4721 si
1047 4667 1286 4721 valerent
1308 4681 1493 4736 preces
1511 4667 1667 4720 etiam

141 4762 337 4824 tempore
362 4759 516 4812 valde
548 4757 935 4812 sceleratorum
961 4798 975 4819 ,
1005 4772 1101 4811 cur
1131 4773 1235 4810 non
1268 4757 1426 4812 etiam
1457 4757 1673 4827 quando

139 4848 249 4900 venit
275 4849 762 4904 Nabuchodonosor
783 4888 797 4911 ,
831 4846 933 4902 hoc
961 4848 1092 4901 dixit
1123 4849 1261 4903 Deus
1285 4888 1300 4913 ,
1333 4848 1427 4902 sed
1457 4847 1669 4902 tradidit

139 4937 411 4992 civitatem?
458 4937 726 5005 Quoniam
777 4921 893 5006 plus
941 4937 1103 4990 valuit
1147 4941 1320 4991 scelus
1365 4947 1419 4991 et
1466 4939 1671 4991 vilium.

141 5023 305 5082 Rursus
331 5029 443 5097 ipse
470 5028 692 5084 Samuel
723 5029 895 5082 oravit
918 5043 1014 5097 pro
1046 5028 1318 5094 lsraelitis,
1343 5038 1392 5083 ct
1421 5030 1675 5098 impetra-

139 5113 222 5178 vit;
242 5117 325 5172 sed
351 5119 611 5189 quando?
635 5118 858 5187 Quando
888 5118 986 5186 ipsi
1007 5134 1215 5188 quoque
1238 5119 1348 5174 Deo
1375 5121 1507 5189 grati
1526 5128 1680 5174 erant

139 5221 176 5258 et
200 5215 406 5281 accepti,
441 5224 569 5267 tunc
597 5212 796 5280 fugavit
825 5213 1089 5266 inimicos.
1133 5213 1201 5266 Et
1237 5213 1362 5282 quid
1394 5227 1550 5281 opus,
1586 5214 1664 5266 in-

140 5302 244 5365 quit,
271 5305 484 5360 alterius
510 5305 787 5376 precibus,
811 5307 1024 5374 quando
1054 5321 1152 5374 ego
1178 5305 1288 5359 Deo
1317 5321 1432 5359 sum
1461 5306 1679 5375 gratus?

140 5388 198 5444 Ne
224 5395 315 5450 hoc
341 5412 595 5466 umquam
626 5395 826 5449 dixeris
847 5437 861 5460 ,
892 5410 925 5449 ο
955 5395 1136 5449 homo.
1168 5395 1313 5465 Opus
1339 5405 1421 5450 est
1444 5404 1498 5450 et
1528 5394 1682 5448 valde

141 5495 248 5544 opus
271 5493 350 5538 est
372 5485 559 5539 multis
587 5483 837 5553 precibus
862 5502 876 5538 :
905 5485 1026 5539 audi
1052 5485 1194 5540 enim
1224 5486 1395 5539 Deum
1418 5486 1683 5540 dicentem

141 5569 191 5622 de
214 5576 383 5630 amicis
411 5575 535 5631 Jobi
571 5592 584 5628 :
616 5574 683 5628 Et
705 5575 884 5640 orabit,
915 5574 1104 5645 inquit,
1138 5593 1229 5646 pro
1258 5577 1414 5639 vobis,
1442 5585 1486 5630 et
1511 5577 1689 5629 dimit-

143 5669 244 5714 tetur
264 5667 391 5718 vobis
421 5677 685 5735 peccatum
719 5666 737 5732 (
766 5663 861 5719 Job
888 5666 974 5720 42.
999 5665 1054 5736 8)
1080 5684 1093 5733 ;
1125 5667 1374 5746 quoniam
1399 5676 1684 5737 peccarant

145 5753 345 5826 quidem,
372 5759 466 5815 sed
490 5775 599 5815 non
628 5771 876 5827 magnum
900 5759 1223 5813 admiserant
1251 5768 1545 5830 peccatum.
1579 5758 1685 5814 Sed

3202 358 3309 414 598

1739 482 1825 536 hic
1858 483 1967 550 ipse
1985 482 2186 553 justus,
2209 482 2296 551 qui
2326 495 2417 550 per
2446 494 2632 549 preces
2657 490 2783 534 tunc
2813 477 3014 533 amicos
3041 492 3169 531 suos
3195 492 3312 530 ser-

1737 576 1895 635 vavit,
1931 575 1984 628 in
2015 585 2252 643 tempore
2277 573 2499 628 Judaico
2526 587 2630 627 non
2665 572 2835 642 potuit
2859 585 3076 626 servare
3100 569 3314 627 Judams

1735 651 2044 736 pereuntes.
2075 666 2139 721 Et
2165 677 2223 720 ut
2247 665 2301 719 id
2341 666 2515 730 scias,
2549 664 2672 718 audi
2714 664 2883 717 Deum
2911 662 3180 717 dicentem
3221 675 3312 729 per

1739 757 2050 826 prophetam
2087 775 2099 812 :
2140 757 2200 812 Si
2229 759 2416 812 steterit
2449 756 2563 810 Noe
2582 798 2596 821 ,
2638 766 2682 810 et
2724 755 2823 810 Job
2844 798 2858 822 ,
2889 765 2935 810 et
2962 754 3178 818 Daniel,
3209 768 3310 806 non

1737 847 1948 916 eripient
1989 848 2123 915 ﬁlios
2163 864 2281 902 suos
2305 857 2351 900 et
2375 848 2530 914 ﬁlias,
2561 847 2798 916 quoniam
2841 846 3104 916 pravaluit
3142 845 3315 897 vitium

1740 937 1950 1009 (Ezech.
1987 939 2072 993 11.
2107 939 2195 1006 16)
2221 955 2235 1002 ;
2264 949 2316 993 et
2346 956 2552 1005 rursus,
2588 940 2647 992 Si
2676 940 2864 991 steterit
2894 938 3116 1008 Moyses,
3141 949 3186 990 et
3211 937 3316 990 Sa-

1740 1028 1875 1080 muel
1900 1026 2028 1097 (Jcr.
2057 1029 2143 1085 15.
2170 1025 2243 1099 1).
2268 1028 2336 1082 Ει
2354 1029 2471 1083 vide
2493 1029 2758 1097 quomodo
2775 1028 2877 1082 hoc
2896 1027 3091 1082 dicitur
3110 1026 3320 1082 duobus

1742 1118 2016 1186 prophetis
2049 1137 2062 1172 :
2093 1121 2344 1189 quoniam
2404 1119 2561 1172 ambo
2617 1135 2713 1188 pro
2755 1119 2888 1186 ipsis
2937 1127 3224 1189 rogarent,
3268 1127 3320 1168 et

1742 1224 1847 1263 non
1878 1203 2032 1264 erant
2060 1211 2349 1280 assequuti.
2395 1212 2530 1265 Dicit
2559 1212 2700 1264 enim
2733 1210 3007 1273 Ezechiel,
3044 1209 3143 1262 Hei
3171 1209 3318 1271 nutri,

1743 1301 1961 1356 Domine
1986 1302 2008 1355 .'
2044 1303 2179 1356 deles
2233 1313 2286 1356 tu
2323 1303 2562 1372 reliquias
2613 1300 2822 1357 Israelis
2860 1301 3088 1374 (Eserh.
3135 1300 3188 1356 9.
3220 1299 3320 1370 8).

1748 1391 1946 1447 Deinde
1971 1394 2260 1448 ostendens
2291 1395 2430 1449 Deus
2455 1395 2597 1464 quod
2626 1395 2727 1448 hoc
2745 1394 2889 1463 justc
2908 1393 3081 1458 faciat,
3114 1405 3213 1447 nec
3237 1393 3321 1462 ip-

1744 1495 1862 1536 sum
1893 1483 2192 1554 despiciat,
2226 1499 2347 1538 cum
2387 1486 2746 1555 precationem
2788 1484 2905 1553 ejus
2947 1499 3051 1537 non
3088 1484 3320 1552 excipit,

1747 1576 1980 1644 ipsorum
2009 1587 2222 1645 peccata
2253 1577 2353 1646 ipsi
2377 1578 2633 1642 declarat,
2656 1592 2717 1630 ac
2740 1577 2782 1630 si
2810 1577 3013 1631 diceret
3042 1593 3055 1627 :
3087 1575 3210 1629 Haec
3231 1589 3327 1642 per

1748 1679 1808 1719 se
1835 1667 1964 1720 satis
1993 1677 2115 1721 sunt
2145 1678 2198 1720 ut
2228 1668 2318 1721 tibi
2343 1667 2700 1737 persuadeant
2721 1683 2826 1732 me,
2853 1682 2957 1720 non
2987 1665 3126 1735 quod
3156 1675 3205 1720 te
3230 1665 3327 1719 dc-

1748 1757 1968 1824 spiciam
1989 1799 2004 1821 ,
2034 1758 2126 1811 sed
2158 1759 2227 1813 ob
2254 1768 2468 1827 peccata
2500 1759 2760 1828 ipsorum,
2796 1773 2900 1811 non
2927 1766 3197 1826 acceptam
3226 1757 3326 1808 ha-

1748 1848 1875 1902 bere
1907 1851 2348 1918 supplicationem
2396 1869 2411 1904 :
2455 1850 2547 1905 sed
2578 1860 2757 1905 tamen
2785 1850 3058 1920 subiungit
3086 1858 3140 1905 et
3163 1849 3291 1905 dicit
3311 1892 3327 1911 ,

1752 1940 1811 1993 Si
1840 1943 2026 1992 steterit
2053 1939 2184 2011 Noe,
2217 1951 2263 1994 et
2288 1939 2410 2006 Job,
2434 1949 2481 1994 et
2505 1939 2694 1993 Daniel
2723 1949 2816 1995 :et
2843 1941 3035 1995 merito
3059 1941 3131 1994 illi
3160 1942 3331 2010 magis

1757 2033 1869 2085 iure
1914 2031 2078 2093 dicit,
2112 2033 2360 2100 quoniam
2394 2032 2507 2100 ipse
2549 2042 2632 2088 est
2672 2030 2764 2101 qui
2793 2040 2875 2086 est
2905 2032 3068 2085 multa
3117 2046 3327 2101 passus.

1755 2121 1959 2185 Dixisti,
1993 2121 2182 2190 inquit,
2213 2121 2344 2175 mihi
2375 2129 2431 2175 ut
2451 2136 2612 2190 super
2631 2131 2868 2177 stercora
2894 2121 3253 2184 comederem,
3277 2106 3333 2175 et

1752 2210 1960 2265 enmedi
1985 2227 1998 2275 ;
2026 2211 2206 2265 dixisti
2237 2222 2291 2265 ut
2321 2226 2406 2266 tne
2446 2210 2691 2266 raderem
2721 2253 2736 2278 ,
2766 2220 2819 2267 et
2845 2227 2962 2266 sum
2995 2227 3149 2266 rasus
3175 2228 3189 2277 ;
3217 2213 3332 2280 jus-
3362 2237 3370 2246 -

1755 2301 1901 2363 sisti,
1929 2309 1983 2355 et
2007 2300 2234 2356 dormivi
2263 2316 2424 2370 super
2457 2316 2618 2354 unum
2647 2300 2785 2354 latus
2813 2300 3055 2371 ;jussisti
3082 2312 3330 2356 onustum

1756 2393 1903 2447 exire
1926 2408 2020 2461 per
2040 2391 2301 2454 foramen,
2321 2401 2374 2447 et
2394 2393 2496 2446 exii
2515 2409 2528 2456 ;
2548 2393 2796 2461 accepisti
2817 2408 3041 2447 uxorem
3065 2409 3258 2456 meatu,
3281 2403 3335 2447 et

1759 2483 2060 2551 praecepisti
2088 2483 2216 2536 mihi
2240 2498 2305 2537 ne
2326 2483 2586 2553 lugerem,
2613 2493 2668 2538 et
2696 2499 2798 2537 non
2824 2483 2953 2550 luxi,
2977 2483 3069 2538 sed
3101 2483 3194 2537 tuli
3224 2486 3346 2545 tor-,

1758 2573 1880 2626 liter
1907 2591 1918 2626 :
1941 2573 2342 2628 innumerabilia
2363 2573 2464 2627 alia
2482 2572 2579 2628 feci
2605 2573 3014 2644 prepteripsos;
3043 2583 3096 2629 ct
3120 2588 3219 2643 ego
3240 2589 3338 2642 pro

1758 2662 1886 2731 ipsis
1909 2672 1961 2717 te
1984 2677 2130 2732 rogo,
2157 2678 2255 2716 nec
2281 2663 2546 2718 exaudis?
2572 2661 2641 2718 Ut
2665 2662 2914 2718 ostendat
2940 2679 3066 2732 ergo
3093 2664 3233 2718 Deus
3253 2678 3333 2728 se,

1760 2768 1865 2805 nun
1897 2752 2037 2821 quod
2070 2753 2243 2821 ipsum
2271 2761 2580 2806 contemnat
2611 2752 2662 2806 id
2691 2754 2863 2808 facere
2888 2795 2903 2818 ,
2934 2753 3064 2808 dicit
3093 2771 3106 2808 :
3132 2753 3194 2808 Si
3221 2751 3337 2807 Noe

1757 2854 1803 2897 et
1824 2843 1924 2898 Job
1952 2853 1996 2897 et
2018 2842 2201 2898 Daniel
2222 2861 2314 2914 pro
2336 2845 2458 2914 filiis
2483 2855 2528 2898 et
2555 2845 2757 2913 ﬁliabus
2784 2847 3056 2912 oraverint,
3086 2863 3187 2900 non
3217 2864 3335 2915 per-

1758 2937 1992 2990 suadeor.
2022 2936 2268 2992 Jcremia:
2295 2952 2504 3008 quoque
2530 2937 2616 3007 qui
2649 2939 2896 3007 pauciora
2926 2938 3138 3009 quidem
3172 2939 3337 3008 patie-

1762 3027 1916 3082 batur
1946 3044 1975 3082 a
2022 3029 2114 3084 Dei
2158 3030 2353 3098 jussis,
2402 3030 2552 3099 plura
2598 3039 2776 3084 autem
2819 3030 2886 3086 ab
2918 3046 3103 3086 eorum
3130 3032 3259 3085 vitio
3284 3040 3340 3087 et

1759 3119 1981 3185 scelere,
2010 3119 2134 3188 quid
2164 3119 2334 3174 dicit?
2358 3119 2538 3173 Annon
2565 3121 2701 3173 vides
2725 3121 2848 3191 quid
2873 3121 2952 3175 isti
2975 3123 3168 3192 faciunt
3197 3122 3333 3190 (Jcr.

1761 3213 1811 3263 7.
1843 3212 1907 3264 17
1936 3213 1953 3280 )
1980 3212 2003 3263 ?
2029 3211 2213 3274 Certe,
2245 3213 2449 3281 inquit,
2494 3211 2691 3265 faciunt
2711 3255 2725 3279 ,
2754 3213 2846 3268 sed
2869 3212 2950 3268 fac
2980 3225 3199 3284 propter
3229 3233 3335 3270 me.

1762 3301 2050 3368 Propterea
2094 3301 2223 3354 dicit
2267 3302 2319 3356 ei
2354 3319 2366 3353 :
2401 3301 2464 3355 Si
2507 3303 2698 3354 steterit
2743 3301 2948 3372 Moyses
2987 3314 3033 3357 et
3079 3304 3339 3358 Samuel:

1761 3390 1971 3460 Moyses
1990 3431 2005 3454 ,
2049 3390 2253 3460 primus
2297 3391 2588 3460 legislator,
2631 3392 2718 3460 qui
2747 3407 2890 3460 saepe
2920 3394 3064 3461 ipsos
3090 3395 3283 3463 eripuit
3309 3413 3338 3448 τι

1762 3481 2030 3550 periculis,
2059 3482 2145 3549 qui
2176 3480 2326 3545 dixit,
2359 3481 2419 3535 Si
2448 3482 2669 3534 dimittas
2699 3482 2900 3550 quidem
2952 3495 3230 3552 peccatum,
3261 3486 3343 3538 di-

1763 3575 1903 3627 mitte
1928 3590 1946 3638 ;
1987 3573 2067 3646 sin
2096 3574 2288 3638 minus,
2317 3588 2396 3626 me
2425 3588 2621 3642 quoque
2649 3572 2758 3626 dele
2785 3573 2979 3642 (Exod.
3022 3577 3108 3630 3i.
3141 3577 3255 3646 32).
3287 3577 3343 3632 Si

1765 3664 1851 3717 hic
1879 3645 2012 3732 ergo
2035 3679 2174 3716 nunc
2199 3672 2362 3728 esset,
2394 3673 2448 3717 et
2479 3663 2593 3718 haec
2613 3664 2832 3726 diceret,
2866 3680 2973 3719 non
2999 3645 3340 3736 impetraret:

1764 3767 1819 3810 et
1847 3756 1891 3810 si
1926 3770 2110 3810 rursus
2135 3756 2372 3818 Samuel,
2398 3756 2486 3825 qui
2516 3756 2630 3824 ipse
2655 3771 2868 3825 quoque
2893 3771 2987 3810 eos
3008 3759 3224 3826 eripuit,
3252 3761 3344 3828 qui

1766 3845 1834 3898 ab
1861 3845 2081 3899 ineunte
2110 3854 2266 3899 aetate
2298 3844 2510 3899 habitus
2538 3846 2632 3898 fuit
2665 3846 2715 3899 in
2745 3845 3118 3915 admiratione.
3153 3850 3226 3903 De
3257 3851 3347 3903 illo

1766 3937 1907 3989 etiim
1957 3935 2082 4001 dixi,
2115 3935 2254 4005 quod
2301 3943 2568 4005 tamquam
2615 3937 2818 3992 amicus
2861 3953 2980 3991 cum
3029 3939 3202 3992 amico
3245 3940 3344 3991 sim

1769 4029 2047 4098 loquutus,
2077 4038 2130 4082 et
2157 4044 2260 4081 non
2289 4043 2383 4096 per
2409 4029 2691 4097 tentigmata
2726 4048 2740 4083 :
2783 4029 2850 4083 de
2882 4031 2982 4085 hoc
3012 4041 3186 4085 autem
3215 4032 3346 4099 dixi,

1771 4137 1854 4174 me
1875 4121 1924 4174 in
1949 4120 2115 4190 prima
2139 4128 2292 4172 actate
2318 4119 2365 4173 ei
2393 4119 2562 4172 visum
2591 4133 2727 4182 esse,
2756 4129 2810 4174 et
2837 4121 2903 4174 ab
2927 4121 3042 4189 ipso
3065 4123 3347 4191 placatum,

1771 4211 2040 4265 exclusam
2084 4209 2361 4277 aperuisse
2403 4210 2758 4276 prophetiam.
2795 4209 2993 4264 Etenim
3017 4213 3238 4279 verbum,
3274 4216 3353 4268 in-

1772 4301 1905 4370 quit,
1931 4309 2040 4353 erat
2071 4300 2342 4369 pretiosum
2363 4315 2382 4363 ;
2406 4310 2450 4353 et
2473 4316 2572 4352 non
2600 4311 2708 4354 erat
2730 4302 2852 4356 visio
2869 4303 3103 4357 distincta
3126 4306 3198 4372 (l.
3219 4305 3348 4376 Reg.

1773 4393 1826 4446 5.
1865 4392 1886 4446 1
1915 4389 1958 4460 ).
2004 4391 2060 4446 Si
2093 4391 2177 4444 isti
2204 4406 2335 4460 ergo
2379 4392 2666 4458 steterint,
2701 4393 2834 4447 nihil
2868 4395 3162 4463 prolicicm.
3191 4398 3255 4452 Et
3287 4398 3355 4452 de

1775 4484 1886 4539 Noe
1914 4485 2062 4549 dicit,
2090 4483 2271 4537 Justus
2298 4487 2551 4555 perfectus
2574 4484 2625 4537 in
2653 4487 2975 4555 generatione
2999 4504 3092 4541 sua
3112 4501 3218 4544 erat
3256 4491 3357 4545 "re

1777 4577 1933 4646 (Gen.
1960 4579 2011 4631 6.
2041 4578 2094 4643 9)
2129 4595 2141 4630 :
2171 4586 2224 4630 et
2251 4576 2319 4630 dc
2343 4576 2501 4640 Jobo,
2550 4572 3030 4647 lrrepre’hensibilis,
3054 4583 3248 4649 justus,
3277 4601 3359 4638 re-

1777 4683 1884 4732 rus,
1913 4667 2026 4736 pius
2055 4665 2177 4734 (Job
2207 4667 2256 4719 1.
2291 4665 2367 4735 1).
2399 4666 2507 4720 llos
2539 4667 2717 4737 itaque
2747 4678 2949 4723 stantes
2979 4680 3034 4725 et
3063 4673 3256 4728 Daniel.
3302 4695 3355 4737 :i,

1780 4775 1938 4829 quem
1962 4758 2300 4834 etiamdeum
2329 4756 2560 4814 Chaldmi
2585 4760 2977 4827 existimarunt,
3004 4779 3105 4818 non
3127 4765 3362 4834 potuisse

1781 4853 2011 4906 liberare
2042 4850 2210 4921 inquit
2241 4852 2380 4905 lilios
2409 4851 2647 4919 ipsorum
2672 4861 2726 4907 et
2752 4853 2907 4909 tilias.
2936 4854 3065 4907 Cum
3097 4855 3211 4909 haec
3235 4872 3363 4924 ergo

1783 4942 2035 5006 sciamus,
2069 4957 2239 5010 neque
2267 4956 2454 5009 preces
2481 4951 2785 4996 sanctorum
2813 4953 3238 5010 contemnamus,
3271 4963 3362 5001 ne-

1782 5049 1887 5101 que
1920 5042 2086 5086 totum
2117 5034 2166 5085 in
2200 5047 2290 5085 eas
2317 5031 2688 5100 conjiciamus,
2721 5043 2827 5085 tum
2862 5045 2916 5087 ut
2949 5049 3015 5088 ne
3041 5035 3172 5102 pigri
3198 5037 3368 5090 simus

1783 5132 1840 5177 et
1868 5123 2143 5187 socordes,
2175 5130 2230 5177 et
2261 5138 2329 5175 ne
2359 5131 2559 5176 tersere
2584 5124 2742 5177 vitam
2762 5123 3020 5178 ducamus
3045 5141 3059 5190 ;
3081 5134 3188 5178 tum
3220 5136 3274 5180 ut
3299 5143 3371 5182 ne

1785 5228 1814 5266 a
1848 5229 2040 5283 magno
2069 5214 2215 5268 lucro
2237 5213 2583 5275 exeidnmus;
2609 5213 2702 5267 sed
2729 5222 2782 5266 et
2810 5214 3085 5267 hortemur
3111 5214 3174 5268 ad
3204 5230 3337 5269 oran
3355 5248 3369 5257 -

1787 5304 1913 5359 dum
1939 5319 2035 5373 pro
2059 5305 2208 5356 nobis
2233 5313 2285 5358 et
2308 5304 2375 5357 ad
2400 5319 2587 5357 manus
2608 5304 2759 5357 nobis
2784 5305 3129 5373 porrigendas
3155 5320 3170 5369 ;
3193 5290 3251 5359 et
3270 5307 3369 5374 ipsi

1791 5395 2040 5450 virtutem
2088 5403 2392 5462 sectemur,
2437 5404 2491 5448 ut
2522 5395 2655 5448 bona
2686 5412 2805 5466 qua:
2847 5407 2968 5449 sunt
3005 5397 3263 5464 promissa
3307 5416 3372 5453 ns

1792 5488 1880 5557 qui
1911 5488 2085 5558 ipsum
2127 5487 2351 5557 diligunt
2380 5485 2636 5556 consequi
2671 5487 2968 5553 possimus,
2997 5488 3166 5557 gratia
3197 5497 3250 5541 et
3277 5491 3370 5542 be-

1794 5580 2051 5648 nignitate
2095 5576 2300 5631 Domini
2334 5577 2502 5631 nostri
2531 5577 2655 5632 Jcsu
2683 5577 2880 5629 Christi
2905 5617 2920 5641 ,
2948 5592 3068 5630 cum
3098 5591 3204 5646 quo
3231 5577 3374 5631 l’atri

1795 5679 1849 5725 et
1876 5668 2098 5738 Spiritui
2131 5676 2323 5724 sancto
2353 5668 2555 5738 gloria,
2587 5667 2892 5736 imperium,
2923 5667 3121 5732 honor,
3157 5682 3294 5722 nunc
3324 5677 3378 5722 et

1798 5775 2030 5830 semper,
2058 5766 2113 5814 et
2139 5760 2189 5814 in
2222 5758 2414 5814 szccula
2444 5757 2782 5814 sa:culorum.
2813 5759 3004 5813 Amen.
