  <div class='ocr_page' id='page_1' title='image "/cluster/home/n/w/nwhite01/storage/ocr_20150623/62/pst.000005712625/405.png"; bbox 0 0 4056 6332; ppageno 0'>
   <div class='ocr_carea' id='block_1_1' title="bbox 703 342 810 400">
    <p class='ocr_par' dir='ltr' id='par_1_1' title="bbox 703 342 810 400">
     <span class='ocr_line' id='line_1_1' title="bbox 703 342 810 400; baseline 0 -2"><span class='ocrx_word' id='word_1_1' title='bbox 703 342 810 400; x_wconf 69' lang='lat'><strong><em>399</em></strong></span> 
     </span>
    </p>
   </div>
   <div class='ocr_carea' id='block_1_2' title="bbox 1513 289 3292 381">
    <p class='ocr_par' dir='ltr' id='par_1_2' title="bbox 1513 289 3292 381">
     <span class='ocr_line' id='line_1_2' title="bbox 1513 289 3292 381; baseline -0.016 0"><span class='ocrx_word' id='word_1_2' title='bbox 1513 325 1570 381; x_wconf 72' lang='grc' dir='ltr'><strong>ὃ.</strong></span> <span class='ocrx_word' id='word_1_3' title='bbox 1607 317 1883 379; x_wconf 75' lang='lat' dir='ltr'><strong><em>JOANNIS</em></strong></span> <span class='ocrx_word' id='word_1_4' title='bbox 1904 305 2375 372; x_wconf 72' lang='lat' dir='ltr'><strong><em>CIIRYSOSTOMI</em></strong></span> <span class='ocrx_word' id='word_1_5' title='bbox 2412 301 2724 359; x_wconf 73' lang='lat' dir='ltr'><strong><em>ARCHIEP.</em></strong></span> <span class='ocrx_word' id='word_1_6' title='bbox 2765 289 3292 357; x_wconf 70' lang='lat' dir='ltr'><strong><em>CONSTANTINOP.</em></strong></span> 
     </span>
    </p>
   </div>
   <div class='ocr_carea' id='block_1_3' title="bbox 3866 285 3993 354">
    <p class='ocr_par' dir='ltr' id='par_1_3' title="bbox 3866 285 3993 354">
     <span class='ocr_line' id='line_1_3' title="bbox 3866 285 3993 354; baseline -0.024 -3"><span class='ocrx_word' id='word_1_7' title='bbox 3866 297 3974 354; x_wconf 72' lang='lat' dir='ltr'><strong><em>suo</em></strong></span> 
     </span>
    </p>
   </div>
   <div class='ocr_carea' id='block_1_4' title="bbox 2063 492 2530 560">
    <p class='ocr_par' dir='ltr' id='par_1_4' title="bbox 2063 492 2530 560">
     <span class='ocr_line' id='line_1_4' title="bbox 2063 492 2530 560; baseline -0.015 0"><span class='ocrx_word' id='word_1_8' title='bbox 2063 492 2408 560; x_wconf 77' lang='lat' dir='ltr'><strong><em>HOMILIA</em></strong></span> <span class='ocrx_word' id='word_1_9' title='bbox 2449 493 2530 554; x_wconf 84' lang='lat' dir='ltr'><strong><em>ll.</em></strong></span> 
     </span>
    </p>
   </div>
   <div class='ocr_carea' id='block_1_5' title="bbox 707 634 2275 720">
    <p class='ocr_par' dir='ltr' id='par_1_5' title="bbox 707 634 2275 720">
     <span class='ocr_line' id='line_1_5' title="bbox 707 634 2275 720; baseline -0.021 0"><span class='ocrx_word' id='word_1_10' title='bbox 707 666 834 720; x_wconf 68' lang='lat' dir='ltr'><strong><em>Cu.</em></strong></span> <span class='ocrx_word' id='word_1_11' title='bbox 880 667 932 720; x_wconf 93' lang='grc'><strong><em>1.</em></strong></span> <span class='ocrx_word' id='word_1_12' title='bbox 970 677 1024 719; x_wconf 85' lang='lat' dir='ltr'><strong><em>v.</em></strong></span> <span class='ocrx_word' id='word_1_13' title='bbox 1070 661 1124 718; x_wconf 84' lang='lat'><strong><em>8.</em></strong></span> <span class='ocrx_word' id='word_1_14' title='bbox 1167 658 1213 714; x_wconf 81' lang='grc' dir='ltr'><strong><em>Δ</em></strong></span> <span class='ocrx_word' id='word_1_15' title='bbox 1245 655 1378 711; x_wconf 69' lang='lat' dir='ltr'><strong><em>vobis</em></strong></span> <span class='ocrx_word' id='word_1_16' title='bbox 1401 652 1535 706; x_wconf 69' lang='lat' dir='ltr'><strong><em>enim</em></strong></span> <span class='ocrx_word' id='word_1_17' title='bbox 1559 647 1856 716; x_wconf 57' lang='lat' dir='ltr'><strong><em>dilaniatus</em></strong></span> <span class='ocrx_word' id='word_1_18' title='bbox 1878 650 1950 696; x_wconf 80' lang='lat' dir='ltr'><strong><em>est</em></strong></span> <span class='ocrx_word' id='word_1_19' title='bbox 1978 654 2138 696; x_wconf 81' lang='lat' dir='ltr'><strong><em>sermo</em></strong></span> <span class='ocrx_word' id='word_1_20' title='bbox 2169 634 2275 688; x_wconf 83' lang='lat' dir='ltr'><strong><em>Do-</em></strong></span> 
     </span>
    </p>
   </div>
   <div class='ocr_carea' id='block_1_6' title="bbox 779 725 2277 818">
    <p class='ocr_par' dir='ltr' id='par_1_6' title="bbox 779 725 2277 818">
     <span class='ocr_line' id='line_1_6' title="bbox 779 725 2277 818; baseline -0.021 -10"><span class='ocrx_word' id='word_1_21' title='bbox 779 725 937 818; x_wconf 55' lang='lat' dir='ltr'><strong><em>mini,</em></strong></span> <span class='ocrx_word' id='word_1_22' title='bbox 954 767 1056 806; x_wconf 74' lang='lat' dir='ltr'><strong><em>non</em></strong></span> <span class='ocrx_word' id='word_1_23' title='bbox 1075 749 1240 805; x_wconf 83' lang='lat' dir='ltr'><strong><em>solum</em></strong></span> <span class='ocrx_word' id='word_1_24' title='bbox 1259 747 1310 801; x_wconf 88' lang='lat' dir='ltr'><strong><em>in</em></strong></span> <span class='ocrx_word' id='word_1_25' title='bbox 1336 741 1634 799; x_wconf 61' lang='lat' dir='ltr'><strong><em>Macedonia</em></strong></span> <span class='ocrx_word' id='word_1_26' title='bbox 1658 747 1704 793; x_wconf 90' lang='lat' dir='ltr'><strong><em>et</em></strong></span> <span class='ocrx_word' id='word_1_27' title='bbox 1726 738 1778 789; x_wconf 84' lang='lat' dir='ltr'><strong><em>in</em></strong></span> <span class='ocrx_word' id='word_1_28' title='bbox 1803 733 2021 796; x_wconf 77' lang='lat' dir='ltr'><strong><em>Achaia,</em></strong></span> <span class='ocrx_word' id='word_1_29' title='bbox 2041 727 2130 784; x_wconf 89' lang='lat' dir='ltr'><strong><em>sed</em></strong></span> <span class='ocrx_word' id='word_1_30' title='bbox 2157 735 2204 780; x_wconf 87' lang='lat' dir='ltr'><strong><em>et</em></strong></span> <span class='ocrx_word' id='word_1_31' title='bbox 2226 726 2277 778; x_wconf 86' lang='lat' dir='ltr'><strong><em>in</em></strong></span> 
     </span>
    </p>
   </div>
   <div class='ocr_carea' id='block_1_7' title="bbox 781 827 2276 911">
    <p class='ocr_par' dir='ltr' id='par_1_7' title="bbox 781 827 2276 911">
     <span class='ocr_line' id='line_1_7' title="bbox 781 827 2276 911; baseline -0.019 -12"><span class='ocrx_word' id='word_1_32' title='bbox 781 845 918 899; x_wconf 85' lang='lat' dir='ltr'><strong><em>omni</em></strong></span> <span class='ocrx_word' id='word_1_33' title='bbox 940 845 1050 898; x_wconf 88' lang='lat' dir='ltr'><strong><em>loco</em></strong></span> <span class='ocrx_word' id='word_1_34' title='bbox 1083 840 1208 911; x_wconf 79' lang='lat' dir='ltr'><strong><em>ﬁdes</em></strong></span> <span class='ocrx_word' id='word_1_35' title='bbox 1228 847 1390 892; x_wconf 73' lang='lat' dir='ltr'><strong><em>uestra</em></strong></span> <span class='ocrx_word' id='word_1_36' title='bbox 1412 849 1524 904; x_wconf 72' lang='lat' dir='ltr'><strong><em>qua</em></strong></span> <span class='ocrx_word' id='word_1_37' title='bbox 1545 842 1619 887; x_wconf 81' lang='lat' dir='ltr'><strong><em>est</em></strong></span> <span class='ocrx_word' id='word_1_38' title='bbox 1642 830 1712 884; x_wconf 90' lang='lat' dir='ltr'><strong><em>ad</em></strong></span> <span class='ocrx_word' id='word_1_39' title='bbox 1742 827 1904 881; x_wconf 82' lang='lat' dir='ltr'><strong><em>Deum</em></strong></span> <span class='ocrx_word' id='word_1_40' title='bbox 1929 827 2154 893; x_wconf 77' lang='lat' dir='ltr'><strong><em>profecta</em></strong></span> <span class='ocrx_word' id='word_1_41' title='bbox 2179 828 2276 911; x_wconf 66' lang='lat' dir='ltr'><strong><em>est,</em></strong></span> 
     </span>
    </p>
   </div>
   <div class='ocr_carea' id='block_1_8' title="bbox 779 909 2280 991">
    <p class='ocr_par' dir='ltr' id='par_1_8' title="bbox 779 909 2280 991">
     <span class='ocr_line' id='line_1_8' title="bbox 779 909 2280 991; baseline -0.019 0"><span class='ocrx_word' id='word_1_42' title='bbox 779 937 852 991; x_wconf 90' lang='lat' dir='ltr'><strong><em>ita</em></strong></span> <span class='ocrx_word' id='word_1_43' title='bbox 887 945 942 989; x_wconf 90' lang='lat' dir='ltr'><strong><em>ut</em></strong></span> <span class='ocrx_word' id='word_1_44' title='bbox 979 909 1168 988; x_wconf 14' lang='lat' dir='ltr'><strong><em>nonisit</em></strong></span> <span class='ocrx_word' id='word_1_45' title='bbox 1196 930 1337 984; x_wconf 78' lang='lat' dir='ltr'><strong><em>nobis</em></strong></span> <span class='ocrx_word' id='word_1_46' title='bbox 1364 940 1559 980; x_wconf 84' lang='lat' dir='ltr'><strong><em>necesse</em></strong></span> <span class='ocrx_word' id='word_1_47' title='bbox 1584 921 1859 991; x_wconf 84' lang='lat' dir='ltr'><strong><em>quidquam</em></strong></span> <span class='ocrx_word' id='word_1_48' title='bbox 1884 916 2040 984; x_wconf 80' lang='lat' dir='ltr'><strong><em>loqui.</em></strong></span> <span class='ocrx_word' id='word_1_49' title='bbox 2072 912 2123 968; x_wconf 84' lang='lat'><strong><em>9.</em></strong></span> <span class='ocrx_word' id='word_1_50' title='bbox 2169 909 2280 979; x_wconf 86' lang='lat' dir='ltr'><strong><em>Ipsi</em></strong></span> 
     </span>
    </p>
   </div>
   <div class='ocr_carea' id='block_1_9' title="bbox 783 999 2280 1082">
    <p class='ocr_par' dir='ltr' id='par_1_9' title="bbox 783 999 2280 1082">
     <span class='ocr_line' id='line_1_9' title="bbox 783 999 2280 1082; baseline -0.019 -2"><span class='ocrx_word' id='word_1_51' title='bbox 783 1027 917 1080; x_wconf 79' lang='lat' dir='ltr'><strong><em>enim</em></strong></span> <span class='ocrx_word' id='word_1_52' title='bbox 942 1023 1005 1076; x_wconf 86' lang='lat' dir='ltr'><strong><em>de</em></strong></span> <span class='ocrx_word' id='word_1_53' title='bbox 1029 1021 1169 1076; x_wconf 87' lang='lat' dir='ltr'><strong><em>nobis</em></strong></span> <span class='ocrx_word' id='word_1_54' title='bbox 1193 1016 1498 1072; x_wconf 82' lang='lat' dir='ltr'><strong><em>annuntiant</em></strong></span> <span class='ocrx_word' id='word_1_55' title='bbox 1523 1012 1722 1082; x_wconf 86' lang='lat' dir='ltr'><strong><em>qualem</em></strong></span> <span class='ocrx_word' id='word_1_56' title='bbox 1751 1008 2012 1063; x_wconf 72' lang='lat' dir='ltr'><strong><em>introitum</em></strong></span> <span class='ocrx_word' id='word_1_57' title='bbox 2040 999 2280 1057; x_wconf 76' lang='lat' dir='ltr'><strong><em>habueri-</em></strong></span> 
     </span>
    </p>
   </div>
   <div class='ocr_carea' id='block_1_10' title="bbox 780 1093 2281 1178">
    <p class='ocr_par' dir='ltr' id='par_1_10' title="bbox 780 1093 2281 1178">
     <span class='ocr_line' id='line_1_10' title="bbox 780 1093 2281 1178; baseline -0.017 -10"><span class='ocrx_word' id='word_1_58' title='bbox 780 1130 892 1168; x_wconf 87' lang='lat' dir='ltr'><strong><em>mus</em></strong></span> <span class='ocrx_word' id='word_1_59' title='bbox 933 1112 1001 1166; x_wconf 89' lang='lat' dir='ltr'><strong><em>ad</em></strong></span> <span class='ocrx_word' id='word_1_60' title='bbox 1035 1127 1162 1176; x_wconf 74' lang='lat' dir='ltr'><strong><em>vos;</em></strong></span> <span class='ocrx_word' id='word_1_61' title='bbox 1191 1117 1238 1164; x_wconf 90' lang='lat' dir='ltr'><strong><em>et</em></strong></span> <span class='ocrx_word' id='word_1_62' title='bbox 1273 1104 1522 1178; x_wconf 88' lang='lat' dir='ltr'><strong><em>quomodo</em></strong></span> <span class='ocrx_word' id='word_1_63' title='bbox 1559 1107 1784 1157; x_wconf 75' lang='lat' dir='ltr'><strong><em>conuerst</em></strong></span> <span class='ocrx_word' id='word_1_64' title='bbox 1808 1098 1925 1152; x_wconf 91' lang='lat' dir='ltr'><strong><em>estis</em></strong></span> <span class='ocrx_word' id='word_1_65' title='bbox 1949 1095 2018 1149; x_wconf 91' lang='lat' dir='ltr'><strong><em>ad</em></strong></span> <span class='ocrx_word' id='word_1_66' title='bbox 2053 1093 2217 1148; x_wconf 84' lang='lat' dir='ltr'><strong><em>Deum</em></strong></span> <span class='ocrx_word' id='word_1_67' title='bbox 2250 1106 2281 1142; x_wconf 90' lang='lat' dir='ltr'><strong><em>a</em></strong></span> 
     </span>
    </p>
   </div>
   <div class='ocr_carea' id='block_1_11' title="bbox 779 1189 2276 1268">
    <p class='ocr_par' dir='ltr' id='par_1_11' title="bbox 779 1189 2276 1268">
     <span class='ocr_line' id='line_1_11' title="bbox 779 1189 2276 1268; baseline -0.016 -7"><span class='ocrx_word' id='word_1_68' title='bbox 779 1205 1059 1261; x_wconf 76' lang='lat' dir='ltr'><strong><em>simulacris</em></strong></span> <span class='ocrx_word' id='word_1_69' title='bbox 1082 1244 1096 1268; x_wconf 95' lang='lat'><strong><em>,</em></strong></span> <span class='ocrx_word' id='word_1_70' title='bbox 1144 1202 1335 1256; x_wconf 63' lang='lat' dir='ltr'><strong><em>suain</em></strong></span> <span class='ocrx_word' id='word_1_71' title='bbox 1365 1196 1473 1251; x_wconf 87' lang='lat' dir='ltr'><strong><em>Deo</em></strong></span> <span class='ocrx_word' id='word_1_72' title='bbox 1501 1196 1608 1250; x_wconf 78' lang='lat' dir='ltr'><strong><em>uiae</em></strong></span> <span class='ocrx_word' id='word_1_73' title='bbox 1642 1202 1690 1248; x_wconf 87' lang='lat' dir='ltr'><strong><em>et</em></strong></span> <span class='ocrx_word' id='word_1_74' title='bbox 1728 1207 1846 1246; x_wconf 79' lang='lat' dir='ltr'><strong><em>uero</em></strong></span> <span class='ocrx_word' id='word_1_75' title='bbox 1865 1230 1882 1255; x_wconf 94' lang='lat'><strong><em>,</em></strong></span> <span class='ocrx_word' id='word_1_76' title='bbox 1910 1189 1999 1244; x_wconf 84' lang='grc'><strong><em>10.</em></strong></span> <span class='ocrx_word' id='word_1_77' title='bbox 2027 1198 2074 1240; x_wconf 83' lang='lat' dir='ltr'><strong><em>et</em></strong></span> <span class='ocrx_word' id='word_1_78' title='bbox 2097 1200 2276 1252; x_wconf 72' lang='lat' dir='ltr'><strong><em>exspe-</em></strong></span> 
     </span>
    </p>
   </div>
   <div class='ocr_carea' id='block_1_12' title="bbox 780 1279 2281 1368">
    <p class='ocr_par' dir='ltr' id='par_1_12' title="bbox 780 1279 2281 1368">
     <span class='ocr_line' id='line_1_12' title="bbox 780 1279 2281 1368; baseline -0.015 -18"><span class='ocrx_word' id='word_1_79' title='bbox 780 1304 917 1368; x_wconf 49' lang='lat' dir='ltr'><strong><em>cﬁe</em></strong></span> <span class='ocrx_word' id='word_1_80' title='bbox 943 1293 1140 1349; x_wconf 78' lang='lat' dir='ltr'><strong><em>Filium</em></strong></span> <span class='ocrx_word' id='word_1_81' title='bbox 1174 1293 1282 1363; x_wconf 83' lang='lat' dir='ltr'><strong><em>ejus</em></strong></span> <span class='ocrx_word' id='word_1_82' title='bbox 1308 1289 1370 1344; x_wconf 80' lang='lat' dir='ltr'><strong><em>de</em></strong></span> <span class='ocrx_word' id='word_1_83' title='bbox 1396 1287 1556 1353; x_wconf 61' lang='lat' dir='ltr'><strong><em>culis,</em></strong></span> <span class='ocrx_word' id='word_1_84' title='bbox 1581 1302 1725 1356; x_wconf 77' lang='lat' dir='ltr'><strong><em>quem</em></strong></span> <span class='ocrx_word' id='word_1_85' title='bbox 1762 1279 2020 1338; x_wconf 68' lang='lat' dir='ltr'><strong><em>suscitavit</em></strong></span> <span class='ocrx_word' id='word_1_86' title='bbox 2057 1293 2121 1332; x_wconf 69' lang='lat' dir='ltr'><strong><em>es</em></strong></span> <span class='ocrx_word' id='word_1_87' title='bbox 2147 1291 2281 1329; x_wconf 87' lang='lat' dir='ltr'><strong><em>mor-</em></strong></span> 
     </span>
    </p>
   </div>
   <div class='ocr_carea' id='block_1_13' title="bbox 783 1377 1998 1455">
    <p class='ocr_par' dir='ltr' id='par_1_13' title="bbox 783 1377 1998 1455">
     <span class='ocr_line' id='line_1_13' title="bbox 783 1377 1998 1455; baseline -0.011 -15"><span class='ocrx_word' id='word_1_88' title='bbox 783 1387 902 1454; x_wconf 91' lang='lat' dir='ltr'><strong><em>tuis,</em></strong></span> <span class='ocrx_word' id='word_1_89' title='bbox 923 1384 1122 1453; x_wconf 65' lang='lat' dir='ltr'><strong><em>desunt,</em></strong></span> <span class='ocrx_word' id='word_1_90' title='bbox 1148 1383 1236 1455; x_wconf 90' lang='lat' dir='ltr'><strong><em>qui</em></strong></span> <span class='ocrx_word' id='word_1_91' title='bbox 1259 1381 1443 1451; x_wconf 87' lang='lat' dir='ltr'><strong><em>eripuit</em></strong></span> <span class='ocrx_word' id='word_1_92' title='bbox 1469 1394 1560 1433; x_wconf 78' lang='lat' dir='ltr'><strong><em>nos</em></strong></span> <span class='ocrx_word' id='word_1_93' title='bbox 1583 1378 1647 1432; x_wconf 86' lang='lat' dir='ltr'><strong><em>ab</em></strong></span> <span class='ocrx_word' id='word_1_94' title='bbox 1672 1377 1752 1430; x_wconf 84' lang='lat' dir='ltr'><strong><em>ira</em></strong></span> <span class='ocrx_word' id='word_1_95' title='bbox 1770 1383 1998 1430; x_wconf 74' lang='lat' dir='ltr'><strong><em>uentura.</em></strong></span> 
     </span>
    </p>
   </div>
   <div class='ocr_carea' id='block_1_14' title="bbox 784 1546 2281 1626">
    <p class='ocr_par' dir='ltr' id='par_1_14' title="bbox 784 1546 2281 1626">
     <span class='ocr_line' id='line_1_14' title="bbox 784 1546 2281 1626; baseline -0.009 -15"><span class='ocrx_word' id='word_1_96' title='bbox 784 1560 836 1613; x_wconf 91' lang='grc'><strong><em>1.</em></strong></span> <span class='ocrx_word' id='word_1_97' title='bbox 879 1553 1338 1626; x_wconf 81' lang='lat' dir='ltr'><strong><em>Quemadmodum</em></strong></span> <span class='ocrx_word' id='word_1_98' title='bbox 1377 1553 1514 1607; x_wconf 83' lang='lat' dir='ltr'><strong>bene</strong></span> <span class='ocrx_word' id='word_1_99' title='bbox 1543 1552 1695 1606; x_wconf 90' lang='lat' dir='ltr'><strong><em>olens</em></strong></span> <span class='ocrx_word' id='word_1_100' title='bbox 1729 1556 2055 1619; x_wconf 74' lang='lat' dir='ltr'><strong><em>unguentum</em></strong></span> <span class='ocrx_word' id='word_1_101' title='bbox 2085 1561 2191 1599; x_wconf 92' lang='lat' dir='ltr'><strong><em>non</em></strong></span> <span class='ocrx_word' id='word_1_102' title='bbox 2229 1546 2281 1599; x_wconf 92' lang='lat' dir='ltr'><strong><em>in</em></strong></span> 
     </span>
    </p>
   </div>
   <div class='ocr_carea' id='block_1_15' title="bbox 709 1636 2284 1708">
    <p class='ocr_par' dir='ltr' id='par_1_15' title="bbox 709 1636 2284 1708">
     <span class='ocr_line' id='line_1_15' title="bbox 709 1636 2284 1708; baseline -0.01 -4"><span class='ocrx_word' id='word_1_103' title='bbox 709 1665 768 1703; x_wconf 89' lang='lat' dir='ltr'><strong><em>se</em></strong></span> <span class='ocrx_word' id='word_1_104' title='bbox 797 1647 1109 1703; x_wconf 89' lang='lat' dir='ltr'><strong><em>conclusum</em></strong></span> <span class='ocrx_word' id='word_1_105' title='bbox 1135 1646 1331 1701; x_wconf 88' lang='lat' dir='ltr'><strong><em>bonum</em></strong></span> <span class='ocrx_word' id='word_1_106' title='bbox 1359 1643 1519 1698; x_wconf 82' lang='lat' dir='ltr'><strong>habet</strong></span> <span class='ocrx_word' id='word_1_107' title='bbox 1543 1642 1784 1701; x_wconf 85' lang='lat' dir='ltr'><strong><em>odorem.</em></strong></span> <span class='ocrx_word' id='word_1_108' title='bbox 1811 1639 1903 1694; x_wconf 83' lang='lat' dir='ltr'><strong><em>sed</em></strong></span> <span class='ocrx_word' id='word_1_109' title='bbox 1927 1637 2108 1708; x_wconf 84' lang='lat' dir='ltr'><strong><em>procul</em></strong></span> <span class='ocrx_word' id='word_1_110' title='bbox 2131 1636 2284 1690; x_wconf 91' lang='lat' dir='ltr'><strong><em>emit-</em></strong></span> 
     </span>
    </p>
   </div>
   <div class='ocr_carea' id='block_1_16' title="bbox 711 1727 2280 1804">
    <p class='ocr_par' dir='ltr' id='par_1_16' title="bbox 711 1727 2280 1804">
     <span class='ocr_line' id='line_1_16' title="bbox 711 1727 2280 1804; baseline -0.008 -13"><span class='ocrx_word' id='word_1_111' title='bbox 711 1740 792 1800; x_wconf 83' lang='lat' dir='ltr'><strong><em>tit.</em></strong></span> <span class='ocrx_word' id='word_1_112' title='bbox 821 1747 876 1793; x_wconf 89' lang='lat' dir='ltr'><strong><em>et</em></strong></span> <span class='ocrx_word' id='word_1_113' title='bbox 898 1752 1075 1794; x_wconf 87' lang='lat' dir='ltr'><strong><em>aerem</em></strong></span> <span class='ocrx_word' id='word_1_114' title='bbox 1102 1734 1267 1790; x_wconf 84' lang='lat' dir='ltr'><strong><em>odore</em></strong></span> <span class='ocrx_word' id='word_1_115' title='bbox 1286 1733 1585 1804; x_wconf 85' lang='lat' dir='ltr'><strong><em>complens,</em></strong></span> <span class='ocrx_word' id='word_1_116' title='bbox 1610 1732 1690 1788; x_wconf 88' lang='lat' dir='ltr'><strong><em>sic</em></strong></span> <span class='ocrx_word' id='word_1_117' title='bbox 1717 1731 1878 1786; x_wconf 86' lang='lat' dir='ltr'><strong><em>etiam</em></strong></span> <span class='ocrx_word' id='word_1_118' title='bbox 1906 1727 2140 1782; x_wconf 89' lang='lat' dir='ltr'><strong><em>immittit</em></strong></span> <span class='ocrx_word' id='word_1_119' title='bbox 2159 1739 2280 1780; x_wconf 89' lang='lat' dir='ltr'><strong><em>eum</em></strong></span> 
     </span>
    </p>
   </div>
   <div class='ocr_carea' id='block_1_17' title="bbox 712 1817 2285 1896">
    <p class='ocr_par' dir='ltr' id='par_1_17' title="bbox 712 1817 2285 1896">
     <span class='ocr_line' id='line_1_17' title="bbox 712 1817 2285 1896; baseline -0.008 -15"><span class='ocrx_word' id='word_1_120' title='bbox 712 1828 765 1881; x_wconf 91' lang='lat' dir='ltr'><strong><em>in</em></strong></span> <span class='ocrx_word' id='word_1_121' title='bbox 795 1840 986 1882; x_wconf 83' lang='lat' dir='ltr'><strong><em>sensus</em></strong></span> <span class='ocrx_word' id='word_1_122' title='bbox 1021 1825 1440 1896; x_wconf 84' lang='lat' dir='ltr'><strong><em>prepinquorum</em></strong></span> <span class='ocrx_word' id='word_1_123' title='bbox 1471 1839 1485 1876; x_wconf 89' lang='lat'><strong>:</strong></span> <span class='ocrx_word' id='word_1_124' title='bbox 1524 1822 1604 1877; x_wconf 89' lang='lat' dir='ltr'><strong><em>sic</em></strong></span> <span class='ocrx_word' id='word_1_125' title='bbox 1640 1821 1801 1876; x_wconf 88' lang='lat' dir='ltr'><strong><em>etiam</em></strong></span> <span class='ocrx_word' id='word_1_126' title='bbox 1837 1819 1932 1872; x_wconf 87' lang='lat' dir='ltr'><strong><em>viri</em></strong></span> <span class='ocrx_word' id='word_1_127' title='bbox 1963 1817 2201 1888; x_wconf 64' lang='lat' dir='ltr'><strong><em>prcclari</em></strong></span> <span class='ocrx_word' id='word_1_128' title='bbox 2230 1824 2285 1870; x_wconf 89' lang='lat' dir='ltr'><strong><em>et</em></strong></span> 
     </span>
    </p>
   </div>
   <div class='ocr_carea' id='block_1_18' title="bbox 712 1899 2283 1980">
    <p class='ocr_par' dir='ltr' id='par_1_18' title="bbox 712 1899 2283 1980">
     <span class='ocr_line' id='line_1_18' title="bbox 712 1899 2283 1980; baseline -0.006 -9"><span class='ocrx_word' id='word_1_129' title='bbox 712 1915 1012 1971; x_wconf 70' lang='lat' dir='ltr'><strong>admirandi</strong></span> <span class='ocrx_word' id='word_1_130' title='bbox 1041 1930 1146 1970; x_wconf 90' lang='lat' dir='ltr'><strong><em>non</em></strong></span> <span class='ocrx_word' id='word_1_131' title='bbox 1179 1915 1233 1968; x_wconf 92' lang='lat' dir='ltr'><strong><em>in</em></strong></span> <span class='ocrx_word' id='word_1_132' title='bbox 1263 1929 1322 1968; x_wconf 89' lang='lat' dir='ltr'><strong><em>se</em></strong></span> <span class='ocrx_word' id='word_1_133' title='bbox 1348 1899 1653 1967; x_wconf 79' lang='lat' dir='ltr'><strong><em>conclusam</em></strong></span> <span class='ocrx_word' id='word_1_134' title='bbox 1678 1918 1865 1980; x_wconf 79' lang='lat' dir='ltr'><strong><em>tenent</em></strong></span> <span class='ocrx_word' id='word_1_135' title='bbox 1893 1909 2160 1973; x_wconf 88' lang='lat' dir='ltr'><strong><em>virtutem,</em></strong></span> <span class='ocrx_word' id='word_1_136' title='bbox 2189 1906 2283 1962; x_wconf 88' lang='lat' dir='ltr'><strong><em>sed</em></strong></span> 
     </span>
    </p>
   </div>
   <div class='ocr_carea' id='block_1_19' title="bbox 713 1999 2282 2078">
    <p class='ocr_par' dir='ltr' id='par_1_19' title="bbox 713 1999 2282 2078">
     <span class='ocr_line' id='line_1_19' title="bbox 713 1999 2282 2078; baseline -0.008 -14"><span class='ocrx_word' id='word_1_137' title='bbox 713 2008 973 2078; x_wconf 84' lang='lat' dir='ltr'><strong><em>plurimos</em></strong></span> <span class='ocrx_word' id='word_1_138' title='bbox 991 2023 1085 2078; x_wconf 90' lang='lat' dir='ltr'><strong><em>per</em></strong></span> <span class='ocrx_word' id='word_1_139' title='bbox 1103 2008 1292 2070; x_wconf 74' lang='lat' dir='ltr'><strong><em>famam</em></strong></span> <span class='ocrx_word' id='word_1_140' title='bbox 1316 2019 1466 2059; x_wconf 90' lang='lat' dir='ltr'><strong><em>suam</em></strong></span> <span class='ocrx_word' id='word_1_141' title='bbox 1483 2003 1671 2072; x_wconf 87' lang='lat' dir='ltr'><strong><em>juvant</em></strong></span> <span class='ocrx_word' id='word_1_142' title='bbox 1688 2013 1744 2056; x_wconf 87' lang='lat' dir='ltr'><strong><em>et</em></strong></span> <span class='ocrx_word' id='word_1_143' title='bbox 1765 2001 2016 2056; x_wconf 83' lang='lat' dir='ltr'><strong><em>meliores</em></strong></span> <span class='ocrx_word' id='word_1_144' title='bbox 2031 1999 2282 2054; x_wconf 86' lang='lat' dir='ltr'><strong><em>reddunt.</em></strong></span> 
     </span>
    </p>
   </div>
   <div class='ocr_carea' id='block_1_20' title="bbox 712 2091 2287 2166">
    <p class='ocr_par' dir='ltr' id='par_1_20' title="bbox 712 2091 2287 2166">
     <span class='ocr_line' id='line_1_20' title="bbox 712 2091 2287 2166; baseline -0.005 -12"><span class='ocrx_word' id='word_1_145' title='bbox 712 2099 862 2166; x_wconf 80' lang='lat' dir='ltr'><strong><em>Quod</em></strong></span> <span class='ocrx_word' id='word_1_146' title='bbox 892 2109 946 2154; x_wconf 91' lang='lat' dir='ltr'><strong><em>et</em></strong></span> <span class='ocrx_word' id='word_1_147' title='bbox 973 2108 1098 2153; x_wconf 91' lang='lat' dir='ltr'><strong><em>tunc</em></strong></span> <span class='ocrx_word' id='word_1_148' title='bbox 1128 2096 1325 2152; x_wconf 80' lang='lat' dir='ltr'><strong><em>factum</em></strong></span> <span class='ocrx_word' id='word_1_149' title='bbox 1353 2104 1456 2150; x_wconf 88' lang='lat' dir='ltr'><strong><em>est.</em></strong></span> <span class='ocrx_word' id='word_1_150' title='bbox 1483 2094 1742 2163; x_wconf 83' lang='lat' dir='ltr'><strong><em>Quocirca</em></strong></span> <span class='ocrx_word' id='word_1_151' title='bbox 1769 2092 1982 2147; x_wconf 88' lang='lat' dir='ltr'><strong><em>dicebat</em></strong></span> <span class='ocrx_word' id='word_1_152' title='bbox 2011 2105 2026 2145; x_wconf 91' lang='lat'><strong>:</strong></span> <span class='ocrx_word' id='word_1_153' title='bbox 2063 2091 2130 2147; x_wconf 86' lang='lat' dir='ltr'><strong><em>Ut</em></strong></span> <span class='ocrx_word' id='word_1_154' title='bbox 2161 2093 2287 2162; x_wconf 75' lang='lat' dir='ltr'><strong><em>facti</em></strong></span> 
     </span>
    </p>
   </div>
   <div class='ocr_carea' id='block_1_21' title="bbox 711 2183 2284 2261">
    <p class='ocr_par' dir='ltr' id='par_1_21' title="bbox 711 2183 2284 2261">
     <span class='ocr_line' id='line_1_21' title="bbox 711 2183 2284 2261; baseline -0.004 -16"><span class='ocrx_word' id='word_1_155' title='bbox 711 2192 819 2245; x_wconf 87' lang='lat' dir='ltr'><strong><em>sitis</em></strong></span> <span class='ocrx_word' id='word_1_156' title='bbox 843 2193 1010 2261; x_wconf 79' lang='lat' dir='ltr'><strong><em>forma</em></strong></span> <span class='ocrx_word' id='word_1_157' title='bbox 1050 2187 1280 2242; x_wconf 87' lang='lat' dir='ltr'><strong><em>omnibus</em></strong></span> <span class='ocrx_word' id='word_1_158' title='bbox 1308 2184 1624 2240; x_wconf 72' lang='lat' dir='ltr'><strong><em>credentibus</em></strong></span> <span class='ocrx_word' id='word_1_159' title='bbox 1652 2185 1705 2238; x_wconf 88' lang='lat' dir='ltr'><strong><em>in</em></strong></span> <span class='ocrx_word' id='word_1_160' title='bbox 1731 2185 1926 2238; x_wconf 79' lang='lat' dir='ltr'><strong><em>Achaia</em></strong></span> <span class='ocrx_word' id='word_1_161' title='bbox 1963 2195 2010 2239; x_wconf 87' lang='lat' dir='ltr'><strong><em>et</em></strong></span> <span class='ocrx_word' id='word_1_162' title='bbox 2040 2183 2284 2239; x_wconf 67' lang='lat' dir='ltr'><strong><em>laceda-</em></strong></span> 
     </span>
    </p>
   </div>
   <div class='ocr_carea' id='block_1_22' title="bbox 713 2275 2284 2348">
    <p class='ocr_par' dir='ltr' id='par_1_22' title="bbox 713 2275 2284 2348">
     <span class='ocr_line' id='line_1_22' title="bbox 713 2275 2284 2348; baseline -0.005 -12"><span class='ocrx_word' id='word_1_163' title='bbox 713 2284 821 2336; x_wconf 83' lang='lat' dir='ltr'><strong><em>nla.</em></strong></span> <span class='ocrx_word' id='word_1_164' title='bbox 853 2281 895 2334; x_wconf 79' lang='grc' dir='ltr'><em>Α</em></span> <span class='ocrx_word' id='word_1_165' title='bbox 915 2281 1052 2335; x_wconf 71' lang='lat' dir='ltr'><strong><em>nobis</em></strong></span> <span class='ocrx_word' id='word_1_166' title='bbox 1071 2279 1224 2345; x_wconf 84' lang='lat' dir='ltr'><strong><em>enim,</em></strong></span> <span class='ocrx_word' id='word_1_167' title='bbox 1248 2275 1439 2348; x_wconf 83' lang='lat' dir='ltr'><strong><em>inquit,</em></strong></span> <span class='ocrx_word' id='word_1_168' title='bbox 1458 2275 1751 2343; x_wconf 65' lang='lat' dir='ltr'><strong><em>dilaniatus</em></strong></span> <span class='ocrx_word' id='word_1_169' title='bbox 1773 2286 1846 2331; x_wconf 82' lang='lat' dir='ltr'><strong><em>est</em></strong></span> <span class='ocrx_word' id='word_1_170' title='bbox 1867 2293 2030 2330; x_wconf 79' lang='lat' dir='ltr'><strong><em>sermo</em></strong></span> <span class='ocrx_word' id='word_1_171' title='bbox 2056 2275 2284 2343; x_wconf 84' lang='lat' dir='ltr'><strong><em>Domini,</em></strong></span> 
     </span>
    </p>
   </div>
   <div class='ocr_carea' id='block_1_23' title="bbox 714 2366 2285 2433">
    <p class='ocr_par' dir='ltr' id='par_1_23' title="bbox 714 2366 2285 2433">
     <span class='ocr_line' id='line_1_23' title="bbox 714 2366 2285 2433; baseline -0.002 -9"><span class='ocrx_word' id='word_1_172' title='bbox 714 2388 817 2426; x_wconf 83' lang='lat' dir='ltr'><strong><em>non</em></strong></span> <span class='ocrx_word' id='word_1_173' title='bbox 842 2370 1004 2426; x_wconf 83' lang='lat' dir='ltr'><strong><em>solum</em></strong></span> <span class='ocrx_word' id='word_1_174' title='bbox 1031 2370 1084 2424; x_wconf 87' lang='lat' dir='ltr'><strong><em>in</em></strong></span> <span class='ocrx_word' id='word_1_175' title='bbox 1117 2367 1422 2430; x_wconf 64' lang='lat' dir='ltr'><strong><em>Xacedania</em></strong></span> <span class='ocrx_word' id='word_1_176' title='bbox 1446 2377 1494 2422; x_wconf 88' lang='lat' dir='ltr'><strong><em>et</em></strong></span> <span class='ocrx_word' id='word_1_177' title='bbox 1521 2366 1733 2433; x_wconf 77' lang='lat' dir='ltr'><strong><em>Acltaia,</em></strong></span> <span class='ocrx_word' id='word_1_178' title='bbox 1759 2368 1847 2422; x_wconf 81' lang='lat' dir='ltr'><strong><em>sed</em></strong></span> <span class='ocrx_word' id='word_1_179' title='bbox 1871 2367 1995 2422; x_wconf 80' lang='lat' dir='ltr'><strong><em>etin</em></strong></span> <span class='ocrx_word' id='word_1_180' title='bbox 2017 2368 2154 2422; x_wconf 88' lang='lat' dir='ltr'><strong><em>omni</em></strong></span> <span class='ocrx_word' id='word_1_181' title='bbox 2175 2368 2285 2421; x_wconf 87' lang='lat' dir='ltr'><strong><em>loco</em></strong></span> 
     </span>
    </p>
   </div>
   <div class='ocr_carea' id='block_1_24' title="bbox 714 2455 2288 2531">
    <p class='ocr_par' dir='ltr' id='par_1_24' title="bbox 714 2455 2288 2531">
     <span class='ocr_line' id='line_1_24' title="bbox 714 2455 2288 2531; baseline -0.002 -15"><span class='ocrx_word' id='word_1_182' title='bbox 714 2462 842 2531; x_wconf 78' lang='lat' dir='ltr'><strong><em>ﬁdes</em></strong></span> <span class='ocrx_word' id='word_1_183' title='bbox 867 2470 1028 2515; x_wconf 73' lang='lat' dir='ltr'><strong><em>vestra</em></strong></span> <span class='ocrx_word' id='word_1_184' title='bbox 1060 2475 1175 2530; x_wconf 72' lang='lat' dir='ltr'><strong><em>qua</em></strong></span> <span class='ocrx_word' id='word_1_185' title='bbox 1198 2468 1269 2514; x_wconf 84' lang='lat' dir='ltr'><strong><em>est</em></strong></span> <span class='ocrx_word' id='word_1_186' title='bbox 1296 2458 1366 2512; x_wconf 85' lang='lat' dir='ltr'><strong><em>ad</em></strong></span> <span class='ocrx_word' id='word_1_187' title='bbox 1395 2455 1559 2512; x_wconf 85' lang='lat' dir='ltr'><strong><em>Deum</em></strong></span> <span class='ocrx_word' id='word_1_188' title='bbox 1590 2462 1815 2528; x_wconf 78' lang='lat' dir='ltr'><strong><em>profecta</em></strong></span> <span class='ocrx_word' id='word_1_189' title='bbox 1843 2466 1938 2512; x_wconf 85' lang='lat' dir='ltr'><strong><em>est.</em></strong></span> <span class='ocrx_word' id='word_1_190' title='bbox 1971 2457 2288 2514; x_wconf 83' lang='lat' dir='ltr'><strong><em>Eruditione</em></strong></span> 
     </span>
    </p>
   </div>
   <div class='ocr_carea' id='block_1_25' title="bbox 712 2547 2287 2623">
    <p class='ocr_par' dir='ltr' id='par_1_25' title="bbox 712 2547 2287 2623">
     <span class='ocr_line' id='line_1_25' title="bbox 712 2547 2287 2623; baseline -0.001 -17"><span class='ocrx_word' id='word_1_191' title='bbox 712 2567 840 2623; x_wconf 84' lang='lat' dir='ltr'><strong><em>ergo</em></strong></span> <span class='ocrx_word' id='word_1_192' title='bbox 860 2550 1174 2622; x_wconf 79' lang='lat' dir='ltr'><strong><em>implevistis</em></strong></span> <span class='ocrx_word' id='word_1_193' title='bbox 1197 2561 1384 2605; x_wconf 89' lang='lat' dir='ltr'><strong><em>omnes</em></strong></span> <span class='ocrx_word' id='word_1_194' title='bbox 1403 2549 1696 2621; x_wconf 89' lang='lat' dir='ltr'><strong><em>proximos,</em></strong></span> <span class='ocrx_word' id='word_1_195' title='bbox 1721 2547 1976 2603; x_wconf 87' lang='lat' dir='ltr'><strong><em>miraculo</em></strong></span> <span class='ocrx_word' id='word_1_196' title='bbox 1997 2557 2173 2604; x_wconf 87' lang='lat' dir='ltr'><strong><em>autem</em></strong></span> <span class='ocrx_word' id='word_1_197' title='bbox 2199 2565 2287 2604; x_wconf 86' lang='lat' dir='ltr'><strong><em>or-</em></strong></span> 
     </span>
    </p>
   </div>
   <div class='ocr_carea' id='block_1_26' title="bbox 716 2639 2285 2707">
    <p class='ocr_par' dir='ltr' id='par_1_26' title="bbox 716 2639 2285 2707">
     <span class='ocr_line' id='line_1_26' title="bbox 716 2639 2285 2707; baseline -0.004 -8"><span class='ocrx_word' id='word_1_198' title='bbox 716 2647 834 2699; x_wconf 82' lang='lat' dir='ltr'><strong><em>bem</em></strong></span> <span class='ocrx_word' id='word_1_199' title='bbox 866 2655 1022 2698; x_wconf 70' lang='lat' dir='ltr'><strong><em>terra:</em></strong></span> <span class='ocrx_word' id='word_1_200' title='bbox 1050 2661 1065 2697; x_wconf 84' lang='lat'><strong>:</strong></span> <span class='ocrx_word' id='word_1_201' title='bbox 1096 2642 1197 2699; x_wconf 86' lang='lat' dir='ltr'><strong><em>hoc</em></strong></span> <span class='ocrx_word' id='word_1_202' title='bbox 1220 2643 1365 2698; x_wconf 87' lang='lat' dir='ltr'><strong>enim</strong></span> <span class='ocrx_word' id='word_1_203' title='bbox 1407 2642 1508 2697; x_wconf 77' lang='lat' dir='ltr'><strong><em>sibi</em></strong></span> <span class='ocrx_word' id='word_1_204' title='bbox 1542 2642 1654 2696; x_wconf 88' lang='lat' dir='ltr'><strong><em>vult</em></strong></span> <span class='ocrx_word' id='word_1_205' title='bbox 1699 2640 1822 2696; x_wconf 76' lang='lat' dir='ltr'><strong><em>illud</em></strong></span> <span class='ocrx_word' id='word_1_206' title='bbox 1843 2681 1859 2707; x_wconf 93' lang='lat'><strong><em>,</em></strong></span> <span class='ocrx_word' id='word_1_207' title='bbox 1901 2639 1965 2694; x_wconf 82' lang='grc' dir='ltr'><strong><em>ιιι</em></strong></span> <span class='ocrx_word' id='word_1_208' title='bbox 1990 2641 2128 2695; x_wconf 77' lang='lat' dir='ltr'><strong><em>omni</em></strong></span> <span class='ocrx_word' id='word_1_209' title='bbox 2156 2642 2285 2695; x_wconf 89' lang='lat' dir='ltr'><strong><em>loco.</em></strong></span> 
     </span>
    </p>
   </div>
   <div class='ocr_carea' id='block_1_27' title="bbox 722 2729 2289 2804">
    <p class='ocr_par' dir='ltr' id='par_1_27' title="bbox 722 2729 2289 2804">
     <span class='ocr_line' id='line_1_27' title="bbox 722 2729 2289 2804; baseline -0.004 -14"><span class='ocrx_word' id='word_1_210' title='bbox 722 2734 904 2804; x_wconf 77' lang='lat' dir='ltr'><strong><em>Neque</em></strong></span> <span class='ocrx_word' id='word_1_211' title='bbox 933 2732 1103 2799; x_wconf 90' lang='lat' dir='ltr'><strong><em>dixit,</em></strong></span> <span class='ocrx_word' id='word_1_212' title='bbox 1142 2732 1348 2788; x_wconf 76' lang='lat' dir='ltr'><strong><em>iactata</em></strong></span> <span class='ocrx_word' id='word_1_213' title='bbox 1373 2741 1457 2787; x_wconf 86' lang='lat' dir='ltr'><strong><em>est</em></strong></span> <span class='ocrx_word' id='word_1_214' title='bbox 1487 2731 1616 2785; x_wconf 79' lang='lat' dir='ltr'><strong><em>ﬁdes</em></strong></span> <span class='ocrx_word' id='word_1_215' title='bbox 1639 2743 1836 2794; x_wconf 84' lang='lat' dir='ltr'><strong><em>vestra,</em></strong></span> <span class='ocrx_word' id='word_1_216' title='bbox 1863 2730 1979 2793; x_wconf 87' lang='lat' dir='ltr'><strong><em>sed,</em></strong></span> <span class='ocrx_word' id='word_1_217' title='bbox 2007 2729 2289 2794; x_wconf 77' lang='lat' dir='ltr'><strong><em>Di/Iamata</em></strong></span> 
     </span>
    </p>
   </div>
   <div class='ocr_carea' id='block_1_28' title="bbox 715 2819 2289 2891">
    <p class='ocr_par' dir='ltr' id='par_1_28' title="bbox 715 2819 2289 2891">
     <span class='ocr_line' id='line_1_28' title="bbox 715 2819 2289 2891; baseline -0.004 -12"><span class='ocrx_word' id='word_1_218' title='bbox 715 2834 809 2879; x_wconf 81' lang='lat' dir='ltr'><strong><em>est.</em></strong></span> <span class='ocrx_word' id='word_1_219' title='bbox 839 2823 1040 2891; x_wconf 81' lang='lat' dir='ltr'><strong>Nempe</strong></span> <span class='ocrx_word' id='word_1_220' title='bbox 1069 2822 1208 2877; x_wconf 90' lang='lat' dir='ltr'><strong><em>sicut</em></strong></span> <span class='ocrx_word' id='word_1_221' title='bbox 1232 2821 1359 2875; x_wconf 89' lang='lat' dir='ltr'><strong><em>tuba</em></strong></span> <span class='ocrx_word' id='word_1_222' title='bbox 1384 2820 1530 2875; x_wconf 86' lang='lat' dir='ltr'><strong><em>clare</em></strong></span> <span class='ocrx_word' id='word_1_223' title='bbox 1562 2829 1848 2875; x_wconf 79' lang='lat' dir='ltr'><strong><em>resonante</em></strong></span> <span class='ocrx_word' id='word_1_224' title='bbox 1877 2819 2118 2890; x_wconf 85' lang='lat' dir='ltr'><strong><em>repletur</em></strong></span> <span class='ocrx_word' id='word_1_225' title='bbox 2142 2829 2289 2875; x_wconf 90' lang='lat' dir='ltr'><strong><em>totus</em></strong></span> 
     </span>
    </p>
   </div>
   <div class='ocr_carea' id='block_1_29' title="bbox 720 2902 2291 2977">
    <p class='ocr_par' dir='ltr' id='par_1_29' title="bbox 720 2902 2291 2977">
     <span class='ocr_line' id='line_1_29' title="bbox 720 2902 2291 2977; baseline -0.003 -8"><span class='ocrx_word' id='word_1_226' title='bbox 720 2902 868 2969; x_wconf 89' lang='lat' dir='ltr'><strong><em>locus</em></strong></span> <span class='ocrx_word' id='word_1_227' title='bbox 891 2912 1102 2968; x_wconf 75' lang='lat' dir='ltr'><strong><em>vicinia:</em></strong></span> <span class='ocrx_word' id='word_1_228' title='bbox 1131 2925 1148 2966; x_wconf 88' lang='lat'>:</span> <span class='ocrx_word' id='word_1_229' title='bbox 1177 2905 1251 2967; x_wconf 82' lang='lat' dir='ltr'><strong><em>ita</em></strong></span> <span class='ocrx_word' id='word_1_230' title='bbox 1271 2920 1464 2967; x_wconf 66' lang='lat' dir='ltr'><strong><em>vestrae</em></strong></span> <span class='ocrx_word' id='word_1_231' title='bbox 1492 2911 1705 2966; x_wconf 88' lang='lat' dir='ltr'><strong><em>virtutis</em></strong></span> <span class='ocrx_word' id='word_1_232' title='bbox 1733 2909 1896 2977; x_wconf 73' lang='lat' dir='ltr'><strong><em>latina,</em></strong></span> <span class='ocrx_word' id='word_1_233' title='bbox 1924 2910 2061 2964; x_wconf 81' lang='lat' dir='ltr'><strong><em>sicut</em></strong></span> <span class='ocrx_word' id='word_1_234' title='bbox 2087 2909 2178 2964; x_wconf 90' lang='lat' dir='ltr'><strong><em>illa</em></strong></span> <span class='ocrx_word' id='word_1_235' title='bbox 2205 2924 2291 2965; x_wconf 88' lang='lat' dir='ltr'><strong><em>re-</em></strong></span> 
     </span>
    </p>
   </div>
   <div class='ocr_carea' id='block_1_30' title="bbox 716 2999 2288 3072">
    <p class='ocr_par' dir='ltr' id='par_1_30' title="bbox 716 2999 2288 3072">
     <span class='ocr_line' id='line_1_30' title="bbox 716 2999 2288 3072; baseline -0.006 -11"><span class='ocrx_word' id='word_1_236' title='bbox 716 3021 948 3072; x_wconf 85' lang='lat' dir='ltr'><strong><em>sonans,</em></strong></span> <span class='ocrx_word' id='word_1_237' title='bbox 989 3001 1188 3058; x_wconf 78' lang='lat' dir='ltr'><strong><em>sufﬁcit</em></strong></span> <span class='ocrx_word' id='word_1_238' title='bbox 1209 2999 1276 3056; x_wconf 85' lang='lat' dir='ltr'><strong><em>ad</em></strong></span> <span class='ocrx_word' id='word_1_239' title='bbox 1317 3001 1643 3072; x_wconf 86' lang='lat' dir='ltr'><strong><em>implendum</em></strong></span> <span class='ocrx_word' id='word_1_240' title='bbox 1683 3000 1869 3056; x_wconf 89' lang='lat' dir='ltr'><strong><em>orbem</em></strong></span> <span class='ocrx_word' id='word_1_241' title='bbox 1900 3011 2056 3055; x_wconf 81' lang='lat' dir='ltr'><strong><em>terra:</em></strong></span> <span class='ocrx_word' id='word_1_242' title='bbox 2084 3008 2139 3055; x_wconf 90' lang='lat' dir='ltr'><strong><em>et</em></strong></span> <span class='ocrx_word' id='word_1_243' title='bbox 2177 3000 2288 3070; x_wconf 85' lang='lat' dir='ltr'><strong><em>pari</em></strong></span> 
     </span>
    </p>
   </div>
   <div class='ocr_carea' id='block_1_31' title="bbox 717 3091 2293 3167">
    <p class='ocr_par' dir='ltr' id='par_1_31' title="bbox 717 3091 2293 3167">
     <span class='ocr_line' id='line_1_31' title="bbox 717 3091 2293 3167; baseline -0.005 -14"><span class='ocrx_word' id='word_1_244' title='bbox 717 3113 852 3153; x_wconf 86' lang='lat' dir='ltr'><strong><em>sono</em></strong></span> <span class='ocrx_word' id='word_1_245' title='bbox 894 3094 1310 3167; x_wconf 72' lang='lat' dir='ltr'><strong><em>perveniendum</em></strong></span> <span class='ocrx_word' id='word_1_246' title='bbox 1335 3094 1402 3148; x_wconf 90' lang='lat' dir='ltr'><strong><em>ad</em></strong></span> <span class='ocrx_word' id='word_1_247' title='bbox 1429 3107 1618 3148; x_wconf 88' lang='lat' dir='ltr'><strong><em>omnes</em></strong></span> <span class='ocrx_word' id='word_1_248' title='bbox 1644 3092 1859 3163; x_wconf 90' lang='lat' dir='ltr'><strong><em>ubique.</em></strong></span> <span class='ocrx_word' id='word_1_249' title='bbox 1903 3091 2036 3148; x_wconf 77' lang='lat' dir='ltr'><strong><em>Nam</em></strong></span> <span class='ocrx_word' id='word_1_250' title='bbox 2065 3107 2151 3147; x_wconf 86' lang='lat' dir='ltr'><strong><em>res</em></strong></span> <span class='ocrx_word' id='word_1_251' title='bbox 2178 3107 2293 3146; x_wconf 86' lang='lat' dir='ltr'><strong><em>ma-</em></strong></span> 
     </span>
    </p>
   </div>
   <div class='ocr_carea' id='block_1_32' title="bbox 716 3182 2288 3258">
    <p class='ocr_par' dir='ltr' id='par_1_32' title="bbox 716 3182 2288 3258">
     <span class='ocr_line' id='line_1_32' title="bbox 716 3182 2288 3258; baseline -0.003 -16"><span class='ocrx_word' id='word_1_252' title='bbox 716 3203 875 3258; x_wconf 65' lang='lat' dir='ltr'><strong><em>gna,</em></strong></span> <span class='ocrx_word' id='word_1_253' title='bbox 916 3185 1007 3241; x_wconf 85' lang='lat' dir='ltr'><strong><em>ubi</em></strong></span> <span class='ocrx_word' id='word_1_254' title='bbox 1035 3184 1250 3256; x_wconf 83' lang='lat' dir='ltr'><strong>quidem</strong></span> <span class='ocrx_word' id='word_1_255' title='bbox 1291 3195 1456 3256; x_wconf 74' lang='lat' dir='ltr'><strong><em>gesta:</em></strong></span> <span class='ocrx_word' id='word_1_256' title='bbox 1493 3182 1731 3249; x_wconf 77' lang='lat' dir='ltr'><strong><em>fuerint,</em></strong></span> <span class='ocrx_word' id='word_1_257' title='bbox 1761 3191 2026 3257; x_wconf 82' lang='lat' dir='ltr'><strong><em>canuntur</em></strong></span> <span class='ocrx_word' id='word_1_258' title='bbox 2047 3182 2288 3248; x_wconf 86' lang='lat' dir='ltr'><strong><em>clarius;</em></strong></span> 
     </span>
    </p>
   </div>
   <div class='ocr_carea' id='block_1_33' title="bbox 719 3259 2288 3349">
    <p class='ocr_par' dir='ltr' id='par_1_33' title="bbox 719 3259 2288 3349">
     <span class='ocr_line' id='line_1_33' title="bbox 719 3259 2288 3349; baseline -0.005 -17"><span class='ocrx_word' id='word_1_259' title='bbox 719 3277 902 3349; x_wconf 83' lang='lat' dir='ltr'><strong>procul</strong></span> <span class='ocrx_word' id='word_1_260' title='bbox 927 3287 1103 3331; x_wconf 89' lang='lat' dir='ltr'><strong><em>autem</em></strong></span> <span class='ocrx_word' id='word_1_261' title='bbox 1130 3259 1396 3332; x_wconf 84' lang='lat' dir='ltr'><strong><em>canuntur</em></strong></span> <span class='ocrx_word' id='word_1_262' title='bbox 1419 3274 1660 3346; x_wconf 86' lang='lat' dir='ltr'><strong>quidem,</strong></span> <span class='ocrx_word' id='word_1_263' title='bbox 1687 3273 1782 3328; x_wconf 85' lang='lat' dir='ltr'><strong><em>sed</em></strong></span> <span class='ocrx_word' id='word_1_264' title='bbox 1806 3289 1910 3325; x_wconf 94' lang='lat' dir='ltr'><strong><em>non</em></strong></span> <span class='ocrx_word' id='word_1_265' title='bbox 1932 3271 2070 3328; x_wconf 86' lang='lat' dir='ltr'><strong><em>adeo</em></strong></span> <span class='ocrx_word' id='word_1_266' title='bbox 2094 3289 2107 3324; x_wconf 93' lang='lat'><strong>:</strong></span> <span class='ocrx_word' id='word_1_267' title='bbox 2137 3286 2167 3325; x_wconf 91' lang='lat' dir='ltr'><strong><em>a</em></strong></span> <span class='ocrx_word' id='word_1_268' title='bbox 2193 3286 2288 3324; x_wconf 87' lang='lat' dir='ltr'><strong><em>vo-</em></strong></span> 
     </span>
    </p>
   </div>
   <div class='ocr_carea' id='block_1_34' title="bbox 722 3361 2291 3434">
    <p class='ocr_par' dir='ltr' id='par_1_34' title="bbox 722 3361 2291 3434">
     <span class='ocr_line' id='line_1_34' title="bbox 722 3361 2291 3434; baseline -0.004 -14"><span class='ocrx_word' id='word_1_269' title='bbox 722 3369 803 3421; x_wconf 82' lang='lat' dir='ltr'><strong><em>bis</em></strong></span> <span class='ocrx_word' id='word_1_270' title='bbox 827 3381 954 3420; x_wconf 91' lang='lat' dir='ltr'><strong><em>vero</em></strong></span> <span class='ocrx_word' id='word_1_271' title='bbox 980 3381 1087 3420; x_wconf 91' lang='lat' dir='ltr'><strong><em>non</em></strong></span> <span class='ocrx_word' id='word_1_272' title='bbox 1115 3366 1226 3432; x_wconf 90' lang='lat' dir='ltr'><strong><em>sic,</em></strong></span> <span class='ocrx_word' id='word_1_273' title='bbox 1255 3363 1351 3420; x_wconf 84' lang='lat' dir='ltr'><strong><em>sed</em></strong></span> <span class='ocrx_word' id='word_1_274' title='bbox 1389 3362 1613 3434; x_wconf 85' lang='lat' dir='ltr'><strong><em>insignis</em></strong></span> <span class='ocrx_word' id='word_1_275' title='bbox 1638 3374 1803 3418; x_wconf 85' lang='lat' dir='ltr'><strong><em>sonus</em></strong></span> <span class='ocrx_word' id='word_1_276' title='bbox 1827 3361 1958 3416; x_wconf 89' lang='lat' dir='ltr'><strong><em>exiit</em></strong></span> <span class='ocrx_word' id='word_1_277' title='bbox 1999 3375 2094 3430; x_wconf 90' lang='lat' dir='ltr'><strong><em>per</em></strong></span> <span class='ocrx_word' id='word_1_278' title='bbox 2125 3368 2291 3415; x_wconf 89' lang='lat' dir='ltr'><strong><em>totam</em></strong></span> 
     </span>
    </p>
   </div>
   <div class='ocr_carea' id='block_1_35' title="bbox 724 3451 2292 3525">
    <p class='ocr_par' dir='ltr' id='par_1_35' title="bbox 724 3451 2292 3525">
     <span class='ocr_line' id='line_1_35' title="bbox 724 3451 2292 3525; baseline -0.003 -17"><span class='ocrx_word' id='word_1_279' title='bbox 724 3467 940 3509; x_wconf 84' lang='lat' dir='ltr'><strong><em>terram.</em></strong></span> <span class='ocrx_word' id='word_1_280' title='bbox 969 3454 1045 3510; x_wconf 81' lang='lat' dir='ltr'><strong><em>Ne</em></strong></span> <span class='ocrx_word' id='word_1_281' title='bbox 1069 3454 1190 3525; x_wconf 81' lang='lat' dir='ltr'><strong><em>quis</em></strong></span> <span class='ocrx_word' id='word_1_282' title='bbox 1217 3467 1346 3509; x_wconf 89' lang='lat' dir='ltr'><strong><em>vero</em></strong></span> <span class='ocrx_word' id='word_1_283' title='bbox 1372 3461 1520 3522; x_wconf 87' lang='lat' dir='ltr'><strong><em>putet</em></strong></span> <span class='ocrx_word' id='word_1_284' title='bbox 1548 3467 1669 3508; x_wconf 84' lang='lat' dir='ltr'><strong><em>esse</em></strong></span> <span class='ocrx_word' id='word_1_285' title='bbox 1697 3452 1810 3507; x_wconf 67' lang='lat' dir='ltr'><strong><em>hac</em></strong></span> <span class='ocrx_word' id='word_1_286' title='bbox 1832 3451 1994 3507; x_wconf 88' lang='lat' dir='ltr'><strong><em>verba</em></strong></span> <span class='ocrx_word' id='word_1_287' title='bbox 2025 3451 2292 3521; x_wconf 83' lang='lat' dir='ltr'><strong><em>hyperbo-</em></strong></span> 
     </span>
    </p>
   </div>
   <div class='ocr_carea' id='block_1_36' title="bbox 723 3539 2297 3614">
    <p class='ocr_par' dir='ltr' id='par_1_36' title="bbox 723 3539 2297 3614">
     <span class='ocr_line' id='line_1_36' title="bbox 723 3539 2297 3614; baseline -0.003 -17"><span class='ocrx_word' id='word_1_288' title='bbox 723 3544 857 3598; x_wconf 84' lang='lat' dir='ltr'><strong><em>liea:</em></strong></span> <span class='ocrx_word' id='word_1_289' title='bbox 887 3542 1000 3598; x_wconf 66' lang='lat' dir='ltr'><strong><em>haec</em></strong></span> <span class='ocrx_word' id='word_1_290' title='bbox 1022 3544 1164 3599; x_wconf 83' lang='lat' dir='ltr'><strong><em>enim</em></strong></span> <span class='ocrx_word' id='word_1_291' title='bbox 1192 3556 1324 3614; x_wconf 86' lang='lat' dir='ltr'><strong><em>gens</em></strong></span> <span class='ocrx_word' id='word_1_292' title='bbox 1350 3540 1696 3598; x_wconf 79' lang='lat' dir='ltr'><strong><em>Ilaecdoum</em></strong></span> <span class='ocrx_word' id='word_1_293' title='bbox 1721 3551 1848 3596; x_wconf 89' lang='lat' dir='ltr'><strong><em>ante</em></strong></span> <span class='ocrx_word' id='word_1_294' title='bbox 1874 3539 2073 3595; x_wconf 84' lang='lat' dir='ltr'><strong><em>Christi</em></strong></span> <span class='ocrx_word' id='word_1_295' title='bbox 2097 3539 2297 3595; x_wconf 81' lang='lat' dir='ltr'><strong><em>adven-</em></strong></span> 
     </span>
    </p>
   </div>
   <div class='ocr_carea' id='block_1_37' title="bbox 725 3630 2297 3704">
    <p class='ocr_par' dir='ltr' id='par_1_37' title="bbox 725 3630 2297 3704">
     <span class='ocr_line' id='line_1_37' title="bbox 725 3630 2297 3704; baseline -0.003 -18"><span class='ocrx_word' id='word_1_296' title='bbox 725 3644 838 3686; x_wconf 87' lang='lat' dir='ltr'><strong><em>tum</em></strong></span> <span class='ocrx_word' id='word_1_297' title='bbox 867 3641 983 3688; x_wconf 86' lang='lat' dir='ltr'><strong><em>erat</em></strong></span> <span class='ocrx_word' id='word_1_298' title='bbox 1017 3632 1257 3704; x_wconf 75' lang='lat' dir='ltr'><strong><em>insignis,</em></strong></span> <span class='ocrx_word' id='word_1_299' title='bbox 1287 3641 1343 3688; x_wconf 90' lang='lat' dir='ltr'><strong><em>et</em></strong></span> <span class='ocrx_word' id='word_1_300' title='bbox 1368 3632 1563 3701; x_wconf 86' lang='lat' dir='ltr'><strong><em>ubique</em></strong></span> <span class='ocrx_word' id='word_1_301' title='bbox 1597 3630 1890 3686; x_wconf 70' lang='lat' dir='ltr'><strong><em>eaueliatnr</em></strong></span> <span class='ocrx_word' id='word_1_302' title='bbox 1928 3631 2097 3699; x_wconf 84' lang='lat' dir='ltr'><strong><em>magis</em></strong></span> <span class='ocrx_word' id='word_1_303' title='bbox 2134 3643 2297 3700; x_wconf 88' lang='lat' dir='ltr'><strong><em>quam</em></strong></span> 
     </span>
    </p>
   </div>
   <div class='ocr_carea' id='block_1_38' title="bbox 725 3712 2299 3791">
    <p class='ocr_par' dir='ltr' id='par_1_38' title="bbox 725 3712 2299 3791">
     <span class='ocr_line' id='line_1_38' title="bbox 725 3712 2299 3791; baseline -0.003 -12"><span class='ocrx_word' id='word_1_304' title='bbox 725 3712 1086 3779; x_wconf 73' lang='lat' dir='ltr'><strong><em>Romanorum</em></strong></span> <span class='ocrx_word' id='word_1_305' title='bbox 1113 3739 1131 3791; x_wconf 89' lang='lat'><strong>;</strong></span> <span class='ocrx_word' id='word_1_306' title='bbox 1160 3731 1214 3778; x_wconf 92' lang='lat' dir='ltr'><strong><em>et</em></strong></span> <span class='ocrx_word' id='word_1_307' title='bbox 1239 3721 1466 3779; x_wconf 79' lang='lat' dir='ltr'><strong><em>Romani</em></strong></span> <span class='ocrx_word' id='word_1_308' title='bbox 1492 3720 1614 3779; x_wconf 82' lang='lat' dir='ltr'><strong><em>ideo</em></strong></span> <span class='ocrx_word' id='word_1_309' title='bbox 1641 3728 1766 3776; x_wconf 80' lang='lat' dir='ltr'><strong><em>sunt</em></strong></span> <span class='ocrx_word' id='word_1_310' title='bbox 1803 3718 2124 3788; x_wconf 74' lang='lat' dir='ltr'><strong><em>admirandi,</em></strong></span> <span class='ocrx_word' id='word_1_311' title='bbox 2153 3718 2299 3790; x_wconf 86' lang='lat' dir='ltr'><strong><em>quod</em></strong></span> 
     </span>
    </p>
   </div>
   <div class='ocr_carea' id='block_1_39' title="bbox 725 3811 1203 3884">
    <p class='ocr_par' dir='ltr' id='par_1_39' title="bbox 725 3811 1203 3884">
     <span class='ocr_line' id='line_1_39' title="bbox 725 3811 1203 3884; baseline -0.002 -17"><span class='ocrx_word' id='word_1_312' title='bbox 725 3827 822 3868; x_wconf 84' lang='lat' dir='ltr'><strong><em>eos</em></strong></span> <span class='ocrx_word' id='word_1_313' title='bbox 850 3811 1203 3884; x_wconf 83' lang='lat' dir='ltr'><strong><em>subjugarint.</em></strong></span> 
     </span>
    </p>
   </div>
   <div class='ocr_carea' id='block_1_40' title="bbox 802 3901 2302 3974">
    <p class='ocr_par' dir='ltr' id='par_1_40' title="bbox 802 3901 2302 3974">
     <span class='ocr_line' id='line_1_40' title="bbox 802 3901 2302 3974; baseline -0.002 -16"><span class='ocrx_word' id='word_1_314' title='bbox 802 3903 880 3958; x_wconf 89' lang='lat' dir='ltr'><strong><em>De</em></strong></span> <span class='ocrx_word' id='word_1_315' title='bbox 911 3904 1202 3958; x_wconf 73' lang='lat' dir='ltr'><strong><em>Alexandro</em></strong></span> <span class='ocrx_word' id='word_1_316' title='bbox 1233 3903 1426 3974; x_wconf 71' lang='lat' dir='ltr'><strong><em>Magno</em></strong></span> <span class='ocrx_word' id='word_1_317' title='bbox 1457 3901 1711 3972; x_wconf 69' lang='lat' dir='ltr'><strong><em>quadam.</em></strong></span> <span class='ocrx_word' id='word_1_318' title='bbox 1739 3929 1812 3942; x_wconf 87' lang='lat'><strong>--</strong></span> <span class='ocrx_word' id='word_1_319' title='bbox 1836 3901 1964 3956; x_wconf 79' lang='lat' dir='ltr'><strong><em>Nam</em></strong></span> <span class='ocrx_word' id='word_1_320' title='bbox 1989 3916 2124 3972; x_wconf 48' lang='lat' dir='ltr'><strong><em>qua;</em></strong></span> <span class='ocrx_word' id='word_1_321' title='bbox 2137 3901 2302 3973; x_wconf 88' lang='lat' dir='ltr'><strong><em>gessit</em></strong></span> 
     </span>
    </p>
   </div>
   <div class='ocr_carea' id='block_1_41' title="bbox 727 3989 2297 4062">
    <p class='ocr_par' dir='ltr' id='par_1_41' title="bbox 727 3989 2297 4062">
     <span class='ocr_line' id='line_1_41' title="bbox 727 3989 2297 4062; baseline -0.002 -14"><span class='ocrx_word' id='word_1_322' title='bbox 727 4010 818 4048; x_wconf 91' lang='lat' dir='ltr'><strong><em>rex</em></strong></span> <span class='ocrx_word' id='word_1_323' title='bbox 833 3991 1173 4048; x_wconf 75' lang='lat' dir='ltr'><strong><em>Macedonum</em></strong></span> <span class='ocrx_word' id='word_1_324' title='bbox 1187 4000 1508 4062; x_wconf 87' lang='lat' dir='ltr'><strong><em>superarunt</em></strong></span> <span class='ocrx_word' id='word_1_325' title='bbox 1521 4004 1734 4046; x_wconf 87' lang='lat' dir='ltr'><strong><em>omnem</em></strong></span> <span class='ocrx_word' id='word_1_326' title='bbox 1748 3989 1956 4046; x_wconf 87' lang='lat' dir='ltr'><strong><em>dicendi</em></strong></span> <span class='ocrx_word' id='word_1_327' title='bbox 1972 3989 2297 4056; x_wconf 81' lang='lat' dir='ltr'><strong><em>facultatem,</em></strong></span> 
     </span>
    </p>
   </div>
   <div class='ocr_carea' id='block_1_42' title="bbox 725 4081 2300 4157">
    <p class='ocr_par' dir='ltr' id='par_1_42' title="bbox 725 4081 2300 4157">
     <span class='ocr_line' id='line_1_42' title="bbox 725 4081 2300 4157; baseline -0.004 -15"><span class='ocrx_word' id='word_1_328' title='bbox 725 4097 784 4142; x_wconf 85' lang='lat' dir='ltr'><strong><em>ut</em></strong></span> <span class='ocrx_word' id='word_1_329' title='bbox 819 4083 907 4157; x_wconf 89' lang='lat' dir='ltr'><strong><em>qui</em></strong></span> <span class='ocrx_word' id='word_1_330' title='bbox 946 4103 977 4142; x_wconf 92' lang='lat' dir='ltr'><strong><em>a</em></strong></span> <span class='ocrx_word' id='word_1_331' title='bbox 1013 4100 1170 4155; x_wconf 85' lang='lat' dir='ltr'><strong><em>parva</em></strong></span> <span class='ocrx_word' id='word_1_332' title='bbox 1211 4083 1479 4154; x_wconf 75' lang='lat' dir='ltr'><strong><em>proiectus</em></strong></span> <span class='ocrx_word' id='word_1_333' title='bbox 1524 4081 1760 4146; x_wconf 79' lang='lat' dir='ltr'><strong><em>civitate,</em></strong></span> <span class='ocrx_word' id='word_1_334' title='bbox 1805 4081 2086 4152; x_wconf 83' lang='lat' dir='ltr'><strong><em>occupavit</em></strong></span> <span class='ocrx_word' id='word_1_335' title='bbox 2127 4091 2300 4136; x_wconf 80' lang='lat' dir='ltr'><strong><em>totum</em></strong></span> 
     </span>
    </p>
   </div>
   <div class='ocr_carea' id='block_1_43' title="bbox 724 4171 2300 4246">
    <p class='ocr_par' dir='ltr' id='par_1_43' title="bbox 724 4171 2300 4246">
     <span class='ocr_line' id='line_1_43' title="bbox 724 4171 2300 4246; baseline -0.006 -12"><span class='ocrx_word' id='word_1_336' title='bbox 724 4180 909 4234; x_wconf 89' lang='lat' dir='ltr'><strong><em>orbem</em></strong></span> <span class='ocrx_word' id='word_1_337' title='bbox 949 4186 1126 4234; x_wconf 67' lang='lat' dir='ltr'><strong><em>terrai.</em></strong></span> <span class='ocrx_word' id='word_1_338' title='bbox 1167 4175 1457 4246; x_wconf 84' lang='lat' dir='ltr'><strong><em>Propterea</em></strong></span> <span class='ocrx_word' id='word_1_339' title='bbox 1500 4181 1556 4229; x_wconf 88' lang='lat' dir='ltr'><strong><em>et</em></strong></span> <span class='ocrx_word' id='word_1_340' title='bbox 1592 4171 1820 4227; x_wconf 78' lang='lat' dir='ltr'><strong><em>Pardum</em></strong></span> <span class='ocrx_word' id='word_1_341' title='bbox 1859 4172 2130 4227; x_wconf 77' lang='lat' dir='ltr'><strong><em>volucrem</em></strong></span> <span class='ocrx_word' id='word_1_342' title='bbox 2174 4187 2300 4227; x_wconf 88' lang='lat' dir='ltr'><strong><em>eum</em></strong></span> 
     </span>
    </p>
   </div>
   <div class='ocr_carea' id='block_1_44' title="bbox 730 4263 2301 4340">
    <p class='ocr_par' dir='ltr' id='par_1_44' title="bbox 730 4263 2301 4340">
     <span class='ocr_line' id='line_1_44' title="bbox 730 4263 2301 4340; baseline -0.005 -14"><span class='ocrx_word' id='word_1_343' title='bbox 730 4272 874 4327; x_wconf 82' lang='lat' dir='ltr'><strong><em>videt</em></strong></span> <span class='ocrx_word' id='word_1_344' title='bbox 901 4269 1180 4340; x_wconf 84' lang='lat' dir='ltr'><strong><em>prepheta,</em></strong></span> <span class='ocrx_word' id='word_1_345' title='bbox 1221 4265 1524 4337; x_wconf 77' lang='lat' dir='ltr'><strong><em>signiﬁcans</em></strong></span> <span class='ocrx_word' id='word_1_346' title='bbox 1557 4263 1891 4320; x_wconf 75' lang='lat' dir='ltr'><strong><em>velocitatem</em></strong></span> <span class='ocrx_word' id='word_1_347' title='bbox 1928 4272 1983 4318; x_wconf 93' lang='lat' dir='ltr'><strong><em>et</em></strong></span> <span class='ocrx_word' id='word_1_348' title='bbox 2009 4263 2301 4319; x_wconf 86' lang='lat' dir='ltr'><strong><em>vehemen-</em></strong></span> 
     </span>
    </p>
   </div>
   <div class='ocr_carea' id='block_1_45' title="bbox 729 4353 2304 4427">
    <p class='ocr_par' dir='ltr' id='par_1_45' title="bbox 729 4353 2304 4427">
     <span class='ocr_line' id='line_1_45' title="bbox 729 4353 2304 4427; baseline -0.006 -11"><span class='ocrx_word' id='word_1_349' title='bbox 729 4362 856 4417; x_wconf 88' lang='lat' dir='ltr'><strong><em>tiam</em></strong></span> <span class='ocrx_word' id='word_1_350' title='bbox 879 4367 934 4416; x_wconf 90' lang='lat' dir='ltr'><strong><em>et</em></strong></span> <span class='ocrx_word' id='word_1_351' title='bbox 956 4358 1222 4422; x_wconf 88' lang='lat' dir='ltr'><strong><em>ardorem,</em></strong></span> <span class='ocrx_word' id='word_1_352' title='bbox 1247 4366 1302 4413; x_wconf 87' lang='lat' dir='ltr'><strong><em>et</em></strong></span> <span class='ocrx_word' id='word_1_353' title='bbox 1325 4353 1468 4427; x_wconf 89' lang='lat' dir='ltr'><strong><em>quod</em></strong></span> <span class='ocrx_word' id='word_1_354' title='bbox 1489 4363 1712 4426; x_wconf 87' lang='lat' dir='ltr'><strong><em>repente</em></strong></span> <span class='ocrx_word' id='word_1_355' title='bbox 1738 4362 1907 4407; x_wconf 90' lang='lat' dir='ltr'><strong><em>totum</em></strong></span> <span class='ocrx_word' id='word_1_356' title='bbox 1934 4353 2118 4408; x_wconf 89' lang='lat' dir='ltr'><strong><em>orbem</em></strong></span> <span class='ocrx_word' id='word_1_357' title='bbox 2146 4361 2304 4408; x_wconf 73' lang='lat' dir='ltr'><strong><em>terra:</em></strong></span> 
     </span>
    </p>
   </div>
   <div class='ocr_carea' id='block_1_46' title="bbox 731 4441 2306 4522">
    <p class='ocr_par' dir='ltr' id='par_1_46' title="bbox 731 4441 2306 4522">
     <span class='ocr_line' id='line_1_46' title="bbox 731 4441 2306 4522; baseline -0.006 -17"><span class='ocrx_word' id='word_1_358' title='bbox 731 4449 1018 4521; x_wconf 83' lang='lat' dir='ltr'><strong><em>pervolarit</em></strong></span> <span class='ocrx_word' id='word_1_359' title='bbox 1041 4464 1162 4504; x_wconf 91' lang='lat' dir='ltr'><strong><em>cum</em></strong></span> <span class='ocrx_word' id='word_1_360' title='bbox 1193 4447 1407 4522; x_wconf 69' lang='lat' dir='ltr'><strong><em>tropaeis</em></strong></span> <span class='ocrx_word' id='word_1_361' title='bbox 1433 4454 1487 4501; x_wconf 90' lang='lat' dir='ltr'><strong><em>et</em></strong></span> <span class='ocrx_word' id='word_1_362' title='bbox 1511 4445 1749 4500; x_wconf 73' lang='lat' dir='ltr'><strong><em>victoria.</em></strong></span> <span class='ocrx_word' id='word_1_363' title='bbox 1779 4444 1944 4498; x_wconf 83' lang='lat' dir='ltr'><strong><em>Aiunt</em></strong></span> <span class='ocrx_word' id='word_1_364' title='bbox 1969 4453 2146 4498; x_wconf 87' lang='lat' dir='ltr'><strong><em>autem</em></strong></span> <span class='ocrx_word' id='word_1_365' title='bbox 2164 4441 2306 4511; x_wconf 89' lang='lat' dir='ltr'><strong><em>quod</em></strong></span> 
     </span>
    </p>
   </div>
   <div class='ocr_carea' id='block_1_47' title="bbox 728 4535 2304 4612">
    <p class='ocr_par' dir='ltr' id='par_1_47' title="bbox 728 4535 2304 4612">
     <span class='ocr_line' id='line_1_47' title="bbox 728 4535 2304 4612; baseline -0.006 -15"><span class='ocrx_word' id='word_1_366' title='bbox 728 4544 889 4597; x_wconf 87' lang='lat' dir='ltr'><strong><em>etiam</em></strong></span> <span class='ocrx_word' id='word_1_367' title='bbox 918 4557 1038 4596; x_wconf 89' lang='lat' dir='ltr'><strong><em>cum</em></strong></span> <span class='ocrx_word' id='word_1_368' title='bbox 1062 4538 1343 4612; x_wconf 84' lang='lat' dir='ltr'><strong><em>quemdam</em></strong></span> <span class='ocrx_word' id='word_1_369' title='bbox 1369 4536 1744 4610; x_wconf 83' lang='lat' dir='ltr'><strong><em>philosOphum</em></strong></span> <span class='ocrx_word' id='word_1_370' title='bbox 1775 4535 2304 4589; x_wconf 81' lang='lat' dir='ltr'><strong><em>audiissetdicentem</em></strong></span> 
     </span>
    </p>
   </div>
   <div class='ocr_carea' id='block_1_48' title="bbox 733 4624 2305 4696">
    <p class='ocr_par' dir='ltr' id='par_1_48' title="bbox 733 4624 2305 4696">
     <span class='ocr_line' id='line_1_48' title="bbox 733 4624 2305 4696; baseline -0.005 -9"><span class='ocrx_word' id='word_1_371' title='bbox 733 4633 968 4688; x_wconf 79' lang='lat' dir='ltr'><strong><em>inﬁnitos</em></strong></span> <span class='ocrx_word' id='word_1_372' title='bbox 992 4646 1112 4687; x_wconf 89' lang='lat' dir='ltr'><strong><em>esse</em></strong></span> <span class='ocrx_word' id='word_1_373' title='bbox 1141 4630 1388 4696; x_wconf 88' lang='lat' dir='ltr'><strong><em>mundos,</em></strong></span> <span class='ocrx_word' id='word_1_374' title='bbox 1410 4627 1756 4684; x_wconf 78' lang='lat' dir='ltr'><strong><em>vehementer</em></strong></span> <span class='ocrx_word' id='word_1_375' title='bbox 1796 4626 2135 4696; x_wconf 76' lang='lat' dir='ltr'><strong><em>ingemuerit,</em></strong></span> <span class='ocrx_word' id='word_1_376' title='bbox 2164 4624 2305 4695; x_wconf 90' lang='lat' dir='ltr'><strong><em>quod</em></strong></span> 
     </span>
    </p>
   </div>
   <div class='ocr_carea' id='block_1_49' title="bbox 733 4715 2304 4787">
    <p class='ocr_par' dir='ltr' id='par_1_49' title="bbox 733 4715 2304 4787">
     <span class='ocr_line' id='line_1_49' title="bbox 733 4715 2304 4787; baseline -0.006 -9"><span class='ocrx_word' id='word_1_377' title='bbox 733 4738 854 4778; x_wconf 92' lang='lat' dir='ltr'><strong><em>cum</em></strong></span> <span class='ocrx_word' id='word_1_378' title='bbox 896 4721 1088 4776; x_wconf 81' lang='lat' dir='ltr'><strong><em>inﬁniti</em></strong></span> <span class='ocrx_word' id='word_1_379' title='bbox 1117 4727 1320 4787; x_wconf 86' lang='lat' dir='ltr'><strong><em>essent,</em></strong></span> <span class='ocrx_word' id='word_1_380' title='bbox 1362 4733 1430 4774; x_wconf 89' lang='lat' dir='ltr'><strong><em>ne</em></strong></span> <span class='ocrx_word' id='word_1_381' title='bbox 1461 4733 1624 4773; x_wconf 91' lang='lat' dir='ltr'><strong><em>unum</em></strong></span> <span class='ocrx_word' id='word_1_382' title='bbox 1652 4715 1867 4786; x_wconf 88' lang='lat' dir='ltr'><strong><em>quidem</em></strong></span> <span class='ocrx_word' id='word_1_383' title='bbox 1907 4726 2260 4785; x_wconf 75' lang='lat' dir='ltr'><strong><em>expugnasset</em></strong></span> <span class='ocrx_word' id='word_1_384' title='bbox 2289 4731 2304 4769; x_wconf 90' lang='lat'><strong>:</strong></span> 
     </span>
    </p>
   </div>
   <div class='ocr_carea' id='block_1_50' title="bbox 731 4807 2306 4882">
    <p class='ocr_par' dir='ltr' id='par_1_50' title="bbox 731 4807 2306 4882">
     <span class='ocr_line' id='line_1_50' title="bbox 731 4807 2306 4882; baseline -0.005 -14"><span class='ocrx_word' id='word_1_385' title='bbox 731 4814 866 4868; x_wconf 85' lang='lat' dir='ltr'><strong><em>adeo</em></strong></span> <span class='ocrx_word' id='word_1_386' title='bbox 882 4813 1056 4882; x_wconf 86' lang='lat' dir='ltr'><strong><em>magni</em></strong></span> <span class='ocrx_word' id='word_1_387' title='bbox 1086 4823 1135 4866; x_wconf 87' lang='lat' dir='ltr'><strong><em>et</em></strong></span> <span class='ocrx_word' id='word_1_388' title='bbox 1161 4810 1355 4867; x_wconf 87' lang='lat' dir='ltr'><strong><em>excelsi</em></strong></span> <span class='ocrx_word' id='word_1_389' title='bbox 1385 4819 1499 4865; x_wconf 90' lang='lat' dir='ltr'><strong><em>erat</em></strong></span> <span class='ocrx_word' id='word_1_390' title='bbox 1524 4808 1710 4874; x_wconf 77' lang='lat' dir='ltr'><strong><em>aiiimi,</em></strong></span> <span class='ocrx_word' id='word_1_391' title='bbox 1737 4817 1791 4863; x_wconf 89' lang='lat' dir='ltr'><strong><em>et</em></strong></span> <span class='ocrx_word' id='word_1_392' title='bbox 1818 4807 2013 4877; x_wconf 86' lang='lat' dir='ltr'><strong><em>ubique</em></strong></span> <span class='ocrx_word' id='word_1_393' title='bbox 2043 4818 2306 4861; x_wconf 87' lang='lat' dir='ltr'><strong><em>terrarum</em></strong></span> 
     </span>
    </p>
   </div>
   <div class='ocr_carea' id='block_1_51' title="bbox 734 4897 2308 4968">
    <p class='ocr_par' dir='ltr' id='par_1_51' title="bbox 734 4897 2308 4968">
     <span class='ocr_line' id='line_1_51' title="bbox 734 4897 2308 4968; baseline -0.006 -7"><span class='ocrx_word' id='word_1_394' title='bbox 734 4904 1040 4960; x_wconf 86' lang='lat' dir='ltr'><strong><em>cauebatur.</em></strong></span> <span class='ocrx_word' id='word_1_395' title='bbox 1068 4903 1235 4958; x_wconf 89' lang='lat' dir='ltr'><strong><em>Simul</em></strong></span> <span class='ocrx_word' id='word_1_396' title='bbox 1263 4910 1441 4956; x_wconf 86' lang='lat' dir='ltr'><strong><em>autem</em></strong></span> <span class='ocrx_word' id='word_1_397' title='bbox 1470 4917 1591 4956; x_wconf 90' lang='lat' dir='ltr'><strong><em>cum</em></strong></span> <span class='ocrx_word' id='word_1_398' title='bbox 1621 4899 1760 4954; x_wconf 75' lang='lat' dir='ltr'><strong><em>initia</em></strong></span> <span class='ocrx_word' id='word_1_399' title='bbox 1784 4898 1924 4968; x_wconf 74' lang='lat' dir='ltr'><strong><em>regis</em></strong></span> <span class='ocrx_word' id='word_1_400' title='bbox 1949 4897 2122 4967; x_wconf 83' lang='lat' dir='ltr'><strong><em>gentis</em></strong></span> <span class='ocrx_word' id='word_1_401' title='bbox 2147 4897 2308 4952; x_wconf 87' lang='lat' dir='ltr'><strong><em>etiam</em></strong></span> 
     </span>
    </p>
   </div>
   <div class='ocr_carea' id='block_1_52' title="bbox 740 4988 2312 5066">
    <p class='ocr_par' dir='ltr' id='par_1_52' title="bbox 740 4988 2312 5066">
     <span class='ocr_line' id='line_1_52' title="bbox 740 4988 2312 5066; baseline -0.004 -15"><span class='ocrx_word' id='word_1_402' title='bbox 740 4995 1062 5052; x_wconf 79' lang='lat' dir='ltr'><strong><em>ascendebat</em></strong></span> <span class='ocrx_word' id='word_1_403' title='bbox 1101 4996 1265 5066; x_wconf 84' lang='lat' dir='ltr'><strong><em>gloria</em></strong></span> <span class='ocrx_word' id='word_1_404' title='bbox 1317 5012 1330 5048; x_wconf 92' lang='lat'><strong>:</strong></span> <span class='ocrx_word' id='word_1_405' title='bbox 1371 4993 1650 5050; x_wconf 72' lang='lat' dir='ltr'><strong><em>dicebatur</em></strong></span> <span class='ocrx_word' id='word_1_406' title='bbox 1691 4991 1834 5046; x_wconf 90' lang='lat' dir='ltr'><strong><em>enim</em></strong></span> <span class='ocrx_word' id='word_1_407' title='bbox 1877 4988 2178 5044; x_wconf 82' lang='lat' dir='ltr'><strong><em>Alexander</em></strong></span> <span class='ocrx_word' id='word_1_408' title='bbox 2221 4989 2312 5044; x_wconf 87' lang='lat' dir='ltr'><strong><em>ille</em></strong></span> 
     </span>
    </p>
   </div>
   <div class='ocr_carea' id='block_1_53' title="bbox 735 5082 2309 5156">
    <p class='ocr_par' dir='ltr' id='par_1_53' title="bbox 735 5082 2309 5156">
     <span class='ocr_line' id='line_1_53' title="bbox 735 5082 2309 5156; baseline -0.005 -12"><span class='ocrx_word' id='word_1_409' title='bbox 735 5087 974 5144; x_wconf 76' lang='lat' dir='ltr'><strong><em>Macedo.</em></strong></span> <span class='ocrx_word' id='word_1_410' title='bbox 1001 5087 1354 5155; x_wconf 84' lang='lat' dir='ltr'><strong><em>Quamobrem</em></strong></span> <span class='ocrx_word' id='word_1_411' title='bbox 1394 5086 1512 5156; x_wconf 87' lang='lat' dir='ltr'><strong><em>ejus</em></strong></span> <span class='ocrx_word' id='word_1_412' title='bbox 1540 5086 1752 5138; x_wconf 87' lang='lat' dir='ltr'><strong><em>volante</em></strong></span> <span class='ocrx_word' id='word_1_413' title='bbox 1778 5083 1938 5150; x_wconf 76' lang='lat' dir='ltr'><strong><em>fama,</em></strong></span> <span class='ocrx_word' id='word_1_414' title='bbox 1971 5082 2163 5136; x_wconf 90' lang='lat' dir='ltr'><strong><em>merito</em></strong></span> <span class='ocrx_word' id='word_1_415' title='bbox 2189 5097 2309 5150; x_wconf 75' lang='lat' dir='ltr'><strong><em>qua:</em></strong></span> 
     </span>
    </p>
   </div>
   <div class='ocr_carea' id='block_1_54' title="bbox 735 5173 2306 5249">
    <p class='ocr_par' dir='ltr' id='par_1_54' title="bbox 735 5173 2306 5249">
     <span class='ocr_line' id='line_1_54' title="bbox 735 5173 2306 5249; baseline -0.003 -17"><span class='ocrx_word' id='word_1_416' title='bbox 735 5179 846 5233; x_wconf 90' lang='lat' dir='ltr'><strong><em>illic</em></strong></span> <span class='ocrx_word' id='word_1_417' title='bbox 889 5187 1038 5249; x_wconf 87' lang='lat' dir='ltr'><strong><em>gesta</em></strong></span> <span class='ocrx_word' id='word_1_418' title='bbox 1088 5176 1297 5232; x_wconf 80' lang='lat' dir='ltr'><strong><em>fuerant</em></strong></span> <span class='ocrx_word' id='word_1_419' title='bbox 1345 5178 1540 5247; x_wconf 90' lang='lat' dir='ltr'><strong><em>ubique</em></strong></span> <span class='ocrx_word' id='word_1_420' title='bbox 1584 5174 1916 5230; x_wconf 87' lang='lat' dir='ltr'><strong><em>canebantur</em></strong></span> <span class='ocrx_word' id='word_1_421' title='bbox 1949 5191 1962 5228; x_wconf 90' lang='lat'>:</span> <span class='ocrx_word' id='word_1_422' title='bbox 1995 5173 2123 5228; x_wconf 82' lang='lat' dir='ltr'><strong><em>nihil</em></strong></span> <span class='ocrx_word' id='word_1_423' title='bbox 2165 5173 2306 5228; x_wconf 86' lang='lat' dir='ltr'><strong><em>enim</em></strong></span> 
     </span>
    </p>
   </div>
   <div class='ocr_carea' id='block_1_55' title="bbox 735 5264 2310 5340">
    <p class='ocr_par' dir='ltr' id='par_1_55' title="bbox 735 5264 2310 5340">
     <span class='ocr_line' id='line_1_55' title="bbox 735 5264 2310 5340; baseline -0.004 -17"><span class='ocrx_word' id='word_1_424' title='bbox 735 5270 942 5339; x_wconf 86' lang='lat' dir='ltr'><strong><em>insigne</em></strong></span> <span class='ocrx_word' id='word_1_425' title='bbox 973 5277 1147 5338; x_wconf 83' lang='lat' dir='ltr'><strong><em>potest</em></strong></span> <span class='ocrx_word' id='word_1_426' title='bbox 1175 5267 1361 5321; x_wconf 86' lang='lat' dir='ltr'><strong><em>latere.</em></strong></span> <span class='ocrx_word' id='word_1_427' title='bbox 1397 5266 1511 5340; x_wconf 76' lang='lat' dir='ltr'><strong><em>Non</em></strong></span> <span class='ocrx_word' id='word_1_428' title='bbox 1539 5267 1711 5320; x_wconf 85' lang='lat' dir='ltr'><strong><em>minus</em></strong></span> <span class='ocrx_word' id='word_1_429' title='bbox 1741 5283 1868 5336; x_wconf 80' lang='lat' dir='ltr'><strong><em>ergo</em></strong></span> <span class='ocrx_word' id='word_1_430' title='bbox 1893 5275 2046 5319; x_wconf 87' lang='lat' dir='ltr'><strong><em>erant</em></strong></span> <span class='ocrx_word' id='word_1_431' title='bbox 2076 5264 2310 5333; x_wconf 77' lang='lat' dir='ltr'><strong><em>insignes</em></strong></span> 
     </span>
    </p>
   </div>
   <div class='ocr_carea' id='block_1_56' title="bbox 737 5353 2309 5428">
    <p class='ocr_par' dir='ltr' id='par_1_56' title="bbox 737 5353 2309 5428">
     <span class='ocr_line' id='line_1_56' title="bbox 737 5353 2309 5428; baseline -0.003 -16"><span class='ocrx_word' id='word_1_432' title='bbox 737 5373 825 5413; x_wconf 83' lang='lat' dir='ltr'><strong><em>res</em></strong></span> <span class='ocrx_word' id='word_1_433' title='bbox 853 5358 1198 5412; x_wconf 70' lang='lat' dir='ltr'><strong><em>Macedonum</em></strong></span> <span class='ocrx_word' id='word_1_434' title='bbox 1227 5374 1384 5428; x_wconf 83' lang='lat' dir='ltr'><strong><em>quam</em></strong></span> <span class='ocrx_word' id='word_1_435' title='bbox 1418 5353 1800 5410; x_wconf 76' lang='lat' dir='ltr'><strong><em>Romanorum.</em></strong></span> <span class='ocrx_word' id='word_1_436' title='bbox 1834 5355 1990 5410; x_wconf 80' lang='lat' dir='ltr'><strong><em>Fides</em></strong></span> <span class='ocrx_word' id='word_1_437' title='bbox 2013 5365 2195 5421; x_wconf 82' lang='lat' dir='ltr'><strong><em>vestra,</em></strong></span> <span class='ocrx_word' id='word_1_438' title='bbox 2226 5355 2309 5408; x_wconf 87' lang='lat' dir='ltr'><strong><em>in-</em></strong></span> 
     </span>
    </p>
   </div>
   <div class='ocr_carea' id='block_1_57' title="bbox 738 5443 2312 5516">
    <p class='ocr_par' dir='ltr' id='par_1_57' title="bbox 738 5443 2312 5516">
     <span class='ocr_line' id='line_1_57' title="bbox 738 5443 2312 5516; baseline -0.001 -17"><span class='ocrx_word' id='word_1_439' title='bbox 738 5447 872 5516; x_wconf 86' lang='lat' dir='ltr'><strong><em>quit,</em></strong></span> <span class='ocrx_word' id='word_1_440' title='bbox 909 5462 1022 5516; x_wconf 73' lang='lat' dir='ltr'><strong><em>qua:</em></strong></span> <span class='ocrx_word' id='word_1_441' title='bbox 1057 5455 1131 5501; x_wconf 91' lang='lat' dir='ltr'><strong><em>est</em></strong></span> <span class='ocrx_word' id='word_1_442' title='bbox 1171 5447 1238 5500; x_wconf 91' lang='lat' dir='ltr'><strong><em>ad</em></strong></span> <span class='ocrx_word' id='word_1_443' title='bbox 1276 5445 1440 5500; x_wconf 83' lang='lat' dir='ltr'><strong><em>Deum</em></strong></span> <span class='ocrx_word' id='word_1_444' title='bbox 1483 5450 1712 5516; x_wconf 83' lang='lat' dir='ltr'><strong><em>profecta</em></strong></span> <span class='ocrx_word' id='word_1_445' title='bbox 1748 5457 1840 5504; x_wconf 86' lang='lat' dir='ltr'><strong><em>est,</em></strong></span> <span class='ocrx_word' id='word_1_446' title='bbox 1881 5444 2015 5501; x_wconf 82' lang='lat' dir='ltr'><strong><em>Vide</em></strong></span> <span class='ocrx_word' id='word_1_447' title='bbox 2042 5443 2312 5514; x_wconf 91' lang='lat' dir='ltr'><strong><em>quomodo</em></strong></span> 
     </span>
    </p>
   </div>
   <div class='ocr_carea' id='block_1_58' title="bbox 740 5533 2314 5606">
    <p class='ocr_par' dir='ltr' id='par_1_58' title="bbox 740 5533 2314 5606">
     <span class='ocr_line' id='line_1_58' title="bbox 740 5533 2314 5606; baseline 0.001 -18"><span class='ocrx_word' id='word_1_448' title='bbox 740 5536 890 5604; x_wconf 80' lang='lat' dir='ltr'><strong><em>quasi</em></strong></span> <span class='ocrx_word' id='word_1_449' title='bbox 913 5537 982 5592; x_wconf 91' lang='lat' dir='ltr'><strong><em>de</em></strong></span> <span class='ocrx_word' id='word_1_450' title='bbox 1012 5553 1069 5592; x_wconf 90' lang='lat' dir='ltr'><strong><em>rc</em></strong></span> <span class='ocrx_word' id='word_1_451' title='bbox 1093 5538 1322 5592; x_wconf 84' lang='lat' dir='ltr'><strong><em>animata</em></strong></span> <span class='ocrx_word' id='word_1_452' title='bbox 1348 5537 1591 5606; x_wconf 88' lang='lat' dir='ltr'><strong><em>loquens,</em></strong></span> <span class='ocrx_word' id='word_1_453' title='bbox 1621 5535 1774 5602; x_wconf 85' lang='lat' dir='ltr'><strong><em>illud,</em></strong></span> <span class='ocrx_word' id='word_1_454' title='bbox 1811 5533 2054 5606; x_wconf 75' lang='lat' dir='ltr'><strong><em>Profecto</em></strong></span> <span class='ocrx_word' id='word_1_455' title='bbox 2092 5546 2185 5602; x_wconf 87' lang='lat' dir='ltr'><strong><em>est,</em></strong></span> <span class='ocrx_word' id='word_1_456' title='bbox 2219 5553 2314 5606; x_wconf 83' lang='lat' dir='ltr'><strong><em>po-</em></strong></span> 
     </span>
    </p>
   </div>
   <div class='ocr_carea' id='block_1_59' title="bbox 739 5625 2313 5686">
    <p class='ocr_par' dir='ltr' id='par_1_59' title="bbox 739 5625 2313 5686">
     <span class='ocr_line' id='line_1_59' title="bbox 739 5625 2313 5686; baseline 0.001 -5"><span class='ocrx_word' id='word_1_457' title='bbox 739 5627 907 5683; x_wconf 83' lang='lat' dir='ltr'><strong><em>suerit</em></strong></span> <span class='ocrx_word' id='word_1_458' title='bbox 953 5627 1114 5686; x_wconf 77' lang='lat' dir='ltr'><strong><em>:Jtoc</em></strong></span> <span class='ocrx_word' id='word_1_459' title='bbox 1154 5636 1331 5683; x_wconf 87' lang='lat' dir='ltr'><strong><em>autem</em></strong></span> <span class='ocrx_word' id='word_1_460' title='bbox 1374 5643 1441 5684; x_wconf 90' lang='lat' dir='ltr'><strong><em>ex</em></strong></span> <span class='ocrx_word' id='word_1_461' title='bbox 1488 5641 1678 5683; x_wconf 78' lang='lat' dir='ltr'><strong><em>eorum</em></strong></span> <span class='ocrx_word' id='word_1_462' title='bbox 1730 5625 2068 5682; x_wconf 77' lang='lat' dir='ltr'><strong><em>vehementia</em></strong></span> <span class='ocrx_word' id='word_1_463' title='bbox 2118 5627 2313 5683; x_wconf 87' lang='lat' dir='ltr'><strong><em>oritur.</em></strong></span> 
     </span>
    </p>
   </div>
   <div class='ocr_carea' id='block_1_60' title="bbox 743 5715 2311 5788">
    <p class='ocr_par' dir='ltr' id='par_1_60' title="bbox 743 5715 2311 5788">
     <span class='ocr_line' id='line_1_60' title="bbox 743 5715 2311 5788; baseline 0.001 -16"><span class='ocrx_word' id='word_1_464' title='bbox 743 5716 939 5773; x_wconf 83' lang='lat' dir='ltr'><strong><em>Deinde</em></strong></span> <span class='ocrx_word' id='word_1_465' title='bbox 963 5715 1237 5775; x_wconf 87' lang='lat' dir='ltr'><strong><em>declarans</em></strong></span> <span class='ocrx_word' id='word_1_466' title='bbox 1277 5718 1421 5788; x_wconf 85' lang='lat' dir='ltr'><strong><em>ipsos</em></strong></span> <span class='ocrx_word' id='word_1_467' title='bbox 1465 5716 1624 5773; x_wconf 79' lang='lat' dir='ltr'><strong><em>ﬁdem</em></strong></span> <span class='ocrx_word' id='word_1_468' title='bbox 1662 5730 1815 5774; x_wconf 87' lang='lat' dir='ltr'><strong><em>suam</em></strong></span> <span class='ocrx_word' id='word_1_469' title='bbox 1853 5715 2226 5775; x_wconf 86' lang='lat' dir='ltr'><strong><em>vehementem</em></strong></span> <span class='ocrx_word' id='word_1_470' title='bbox 2255 5725 2311 5774; x_wconf 92' lang='lat' dir='ltr'><strong><em>ct</em></strong></span> 
     </span>
    </p>
   </div>
   <div class='ocr_carea' id='block_1_61' title="bbox 2386 633 3971 708">
    <p class='ocr_par' dir='ltr' id='par_1_61' title="bbox 2386 633 3971 708">
     <span class='ocr_line' id='line_1_61' title="bbox 2386 633 3971 708; baseline 0.005 -19"><span class='ocrx_word' id='word_1_471' title='bbox 2386 633 2656 689; x_wconf 77' lang='lat' dir='ltr'><strong><em>eﬂicacem</em></strong></span> <span class='ocrx_word' id='word_1_472' title='bbox 2688 635 3008 702; x_wconf 84' lang='lat' dir='ltr'><strong><em>ostendisse,</em></strong></span> <span class='ocrx_word' id='word_1_473' title='bbox 3051 637 3322 708; x_wconf 81' lang='lat' dir='ltr'><strong><em>suhjnngil</em></strong></span> <span class='ocrx_word' id='word_1_474' title='bbox 3354 656 3366 692; x_wconf 91' lang='lat'><strong>:</strong></span> <span class='ocrx_word' id='word_1_475' title='bbox 3392 639 3474 693; x_wconf 82' lang='lat' dir='ltr'><strong><em>Ita</em></strong></span> <span class='ocrx_word' id='word_1_476' title='bbox 3504 651 3556 694; x_wconf 86' lang='lat' dir='ltr'><strong><em>ut</em></strong></span> <span class='ocrx_word' id='word_1_477' title='bbox 3595 659 3694 695; x_wconf 87' lang='lat' dir='ltr'><strong><em>non</em></strong></span> <span class='ocrx_word' id='word_1_478' title='bbox 3724 643 3790 695; x_wconf 88' lang='lat' dir='ltr'><strong><em>sit</em></strong></span> <span class='ocrx_word' id='word_1_479' title='bbox 3820 644 3971 698; x_wconf 72' lang='lat' dir='ltr'><strong><em>nobis</em></strong></span> 
     </span>
    </p>
   </div>
   <div class='ocr_carea' id='block_1_62' title="bbox 2383 726 3966 796">
    <p class='ocr_par' dir='ltr' id='par_1_62' title="bbox 2383 726 3966 796">
     <span class='ocr_line' id='line_1_62' title="bbox 2383 726 3966 796; baseline 0.006 -19"><span class='ocrx_word' id='word_1_480' title='bbox 2383 741 2580 780; x_wconf 80' lang='lat' dir='ltr'><strong><em>necesse</em></strong></span> <span class='ocrx_word' id='word_1_481' title='bbox 2604 726 2875 795; x_wconf 81' lang='lat' dir='ltr'><strong><em>quidquam</em></strong></span> <span class='ocrx_word' id='word_1_482' title='bbox 2901 728 3056 795; x_wconf 81' lang='lat' dir='ltr'><strong><em>loqui.</em></strong></span> <span class='ocrx_word' id='word_1_483' title='bbox 3083 728 3194 796; x_wconf 79' lang='lat' dir='ltr'><strong><em>Ipsi</em></strong></span> <span class='ocrx_word' id='word_1_484' title='bbox 3213 731 3345 783; x_wconf 86' lang='lat' dir='ltr'><strong><em>enim</em></strong></span> <span class='ocrx_word' id='word_1_485' title='bbox 3369 731 3432 784; x_wconf 87' lang='lat' dir='ltr'><strong><em>de</em></strong></span> <span class='ocrx_word' id='word_1_486' title='bbox 3457 732 3598 785; x_wconf 84' lang='lat' dir='ltr'><strong><em>nobis</em></strong></span> <span class='ocrx_word' id='word_1_487' title='bbox 3624 734 3966 796; x_wconf 77' lang='lat' dir='ltr'><strong><em>annuntians,</em></strong></span> 
     </span>
    </p>
   </div>
   <div class='ocr_carea' id='block_1_63' title="bbox 2383 818 3968 892">
    <p class='ocr_par' dir='ltr' id='par_1_63' title="bbox 2383 818 3968 892">
     <span class='ocr_line' id='line_1_63' title="bbox 2383 818 3968 892; baseline 0.006 -24"><span class='ocrx_word' id='word_1_488' title='bbox 2383 818 2581 886; x_wconf 81' lang='lat' dir='ltr'><strong><em>qualem</em></strong></span> <span class='ocrx_word' id='word_1_489' title='bbox 2610 819 2870 871; x_wconf 65' lang='lat' dir='ltr'><strong><em>introitum</em></strong></span> <span class='ocrx_word' id='word_1_490' title='bbox 2910 820 3228 875; x_wconf 76' lang='lat' dir='ltr'><strong><em>habuerimus</em></strong></span> <span class='ocrx_word' id='word_1_491' title='bbox 3271 822 3338 874; x_wconf 84' lang='lat' dir='ltr'><strong><em>ad</em></strong></span> <span class='ocrx_word' id='word_1_492' title='bbox 3363 838 3469 876; x_wconf 75' lang='lat' dir='ltr'><strong><em>nos.</em></strong></span> <span class='ocrx_word' id='word_1_493' title='bbox 3499 823 3612 876; x_wconf 80' lang='lat' dir='ltr'><strong><em>Non</em></strong></span> <span class='ocrx_word' id='word_1_494' title='bbox 3640 834 3968 892; x_wconf 80' lang='lat' dir='ltr'><strong><em>exspectant</em></strong></span> 
     </span>
    </p>
   </div>
   <div class='ocr_carea' id='block_1_64' title="bbox 2385 908 3966 984">
    <p class='ocr_par' dir='ltr' id='par_1_64' title="bbox 2385 908 3966 984">
     <span class='ocr_line' id='line_1_64' title="bbox 2385 908 3966 984; baseline 0.004 -23"><span class='ocrx_word' id='word_1_495' title='bbox 2385 918 2442 961; x_wconf 92' lang='lat' dir='ltr'><strong><em>ut</em></strong></span> <span class='ocrx_word' id='word_1_496' title='bbox 2467 908 2534 962; x_wconf 92' lang='lat' dir='ltr'><strong><em>de</em></strong></span> <span class='ocrx_word' id='word_1_497' title='bbox 2578 909 2727 962; x_wconf 87' lang='lat' dir='ltr'><strong><em>vobis</em></strong></span> <span class='ocrx_word' id='word_1_498' title='bbox 2767 910 3006 976; x_wconf 87' lang='lat' dir='ltr'><strong><em>audiant,</em></strong></span> <span class='ocrx_word' id='word_1_499' title='bbox 3053 913 3146 965; x_wconf 88' lang='lat' dir='ltr'><strong><em>sed</em></strong></span> <span class='ocrx_word' id='word_1_500' title='bbox 3190 927 3285 967; x_wconf 88' lang='lat' dir='ltr'><strong><em>eos</em></strong></span> <span class='ocrx_word' id='word_1_501' title='bbox 3310 914 3399 984; x_wconf 88' lang='lat' dir='ltr'><strong><em>qui</em></strong></span> <span class='ocrx_word' id='word_1_502' title='bbox 3438 914 3659 968; x_wconf 81' lang='lat' dir='ltr'><strong><em>aderant</em></strong></span> <span class='ocrx_word' id='word_1_503' title='bbox 3704 926 3760 969; x_wconf 91' lang='lat' dir='ltr'><strong><em>et</em></strong></span> <span class='ocrx_word' id='word_1_504' title='bbox 3809 932 3904 969; x_wconf 88' lang='lat' dir='ltr'><strong><em>res</em></strong></span> <span class='ocrx_word' id='word_1_505' title='bbox 3937 930 3966 967; x_wconf 92' lang='lat' dir='ltr'><strong><em>a</em></strong></span> 
     </span>
    </p>
   </div>
   <div class='ocr_carea' id='block_1_65' title="bbox 2386 998 3968 1072">
    <p class='ocr_par' dir='ltr' id='par_1_65' title="bbox 2386 998 3968 1072">
     <span class='ocr_line' id='line_1_65' title="bbox 2386 998 3968 1072; baseline 0.006 -22"><span class='ocrx_word' id='word_1_506' title='bbox 2386 998 2539 1052; x_wconf 80' lang='lat' dir='ltr'><strong><em>vobis</em></strong></span> <span class='ocrx_word' id='word_1_507' title='bbox 2566 999 2822 1068; x_wconf 56' lang='lat' dir='ltr'><strong><em>pru‘clare</em></strong></span> <span class='ocrx_word' id='word_1_508' title='bbox 2869 1011 3050 1071; x_wconf 86' lang='lat' dir='ltr'><strong><em>gestas</em></strong></span> <span class='ocrx_word' id='word_1_509' title='bbox 3081 1003 3344 1065; x_wconf 84' lang='lat' dir='ltr'><strong><em>viderant,</em></strong></span> <span class='ocrx_word' id='word_1_510' title='bbox 3393 1005 3427 1058; x_wconf 93' lang='lat' dir='ltr'><strong><em>ii</em></strong></span> <span class='ocrx_word' id='word_1_511' title='bbox 3465 1005 3554 1072; x_wconf 88' lang='lat' dir='ltr'><strong><em>qui</em></strong></span> <span class='ocrx_word' id='word_1_512' title='bbox 3598 1019 3704 1058; x_wconf 90' lang='lat' dir='ltr'><strong><em>non</em></strong></span> <span class='ocrx_word' id='word_1_513' title='bbox 3734 1005 3968 1060; x_wconf 86' lang='lat' dir='ltr'><strong><em>aderant</em></strong></span> 
     </span>
    </p>
   </div>
   <div class='ocr_carea' id='block_1_66' title="bbox 2384 1091 3964 1167">
    <p class='ocr_par' dir='ltr' id='par_1_66' title="bbox 2384 1091 3964 1167">
     <span class='ocr_line' id='line_1_66' title="bbox 2384 1091 3964 1167; baseline 0.005 -23"><span class='ocrx_word' id='word_1_514' title='bbox 2384 1106 2484 1145; x_wconf 87' lang='lat' dir='ltr'><strong><em>nec</em></strong></span> <span class='ocrx_word' id='word_1_515' title='bbox 2505 1091 2764 1155; x_wconf 84' lang='lat' dir='ltr'><strong><em>viderant,</em></strong></span> <span class='ocrx_word' id='word_1_516' title='bbox 2793 1105 3165 1164; x_wconf 63' lang='lat' dir='ltr'><strong><em>praeoccupant</em></strong></span> <span class='ocrx_word' id='word_1_517' title='bbox 3188 1113 3202 1149; x_wconf 89' lang='lat'><strong>:</strong></span> <span class='ocrx_word' id='word_1_518' title='bbox 3226 1096 3360 1151; x_wconf 87' lang='lat' dir='ltr'><strong><em>adeo</em></strong></span> <span class='ocrx_word' id='word_1_519' title='bbox 3384 1098 3577 1167; x_wconf 83' lang='lat' dir='ltr'><strong><em>ubique</em></strong></span> <span class='ocrx_word' id='word_1_520' title='bbox 3597 1099 3847 1166; x_wconf 86' lang='lat' dir='ltr'><strong><em>evulgata</em></strong></span> <span class='ocrx_word' id='word_1_521' title='bbox 3875 1114 3964 1152; x_wconf 78' lang='lat' dir='ltr'><strong><em>res</em></strong></span> 
     </span>
    </p>
   </div>
   <div class='ocr_carea' id='block_1_67' title="bbox 2383 1184 3966 1258">
    <p class='ocr_par' dir='ltr' id='par_1_67' title="bbox 2383 1184 3966 1258">
     <span class='ocr_line' id='line_1_67' title="bbox 2383 1184 3966 1258; baseline 0.004 -20"><span class='ocrx_word' id='word_1_522' title='bbox 2383 1184 2663 1250; x_wconf 84' lang='lat' dir='ltr'><strong><em>erat._Quo</em></strong></span> <span class='ocrx_word' id='word_1_523' title='bbox 2695 1184 2752 1240; x_wconf 86' lang='lat' dir='ltr'><strong><em>lit</em></strong></span> <span class='ocrx_word' id='word_1_524' title='bbox 2781 1195 2972 1241; x_wconf 91' lang='lat' dir='ltr'><strong><em>utnon</em></strong></span> <span class='ocrx_word' id='word_1_525' title='bbox 3009 1189 3080 1242; x_wconf 88' lang='lat' dir='ltr'><strong><em>sit</em></strong></span> <span class='ocrx_word' id='word_1_526' title='bbox 3122 1189 3273 1243; x_wconf 86' lang='lat' dir='ltr'><strong><em>nobis</em></strong></span> <span class='ocrx_word' id='word_1_527' title='bbox 3313 1204 3448 1258; x_wconf 86' lang='lat' dir='ltr'><strong><em>opus</em></strong></span> <span class='ocrx_word' id='word_1_528' title='bbox 3476 1199 3650 1245; x_wconf 83' lang='lat' dir='ltr'><strong><em>vestra</em></strong></span> <span class='ocrx_word' id='word_1_529' title='bbox 3692 1191 3966 1245; x_wconf 86' lang='lat' dir='ltr'><strong><em>narrando</em></strong></span> 
     </span>
    </p>
   </div>
   <div class='ocr_carea' id='block_1_68' title="bbox 2383 1273 3963 1344">
    <p class='ocr_par' dir='ltr' id='par_1_68' title="bbox 2383 1273 3963 1344">
     <span class='ocr_line' id='line_1_68' title="bbox 2383 1273 3963 1344; baseline 0.003 -16"><span class='ocrx_word' id='word_1_530' title='bbox 2383 1288 2478 1328; x_wconf 89' lang='lat' dir='ltr'><strong><em>eos</em></strong></span> <span class='ocrx_word' id='word_1_531' title='bbox 2502 1273 2569 1328; x_wconf 90' lang='lat' dir='ltr'><strong><em>ad</em></strong></span> <span class='ocrx_word' id='word_1_532' title='bbox 2597 1289 2776 1344; x_wconf 86' lang='lat' dir='ltr'><strong><em>parem</em></strong></span> <span class='ocrx_word' id='word_1_533' title='bbox 2805 1275 3070 1333; x_wconf 88' lang='lat' dir='ltr'><strong><em>deducere</em></strong></span> <span class='ocrx_word' id='word_1_534' title='bbox 3094 1278 3264 1332; x_wconf 79' lang='lat' dir='ltr'><strong><em>zelum</em></strong></span> <span class='ocrx_word' id='word_1_535' title='bbox 3288 1287 3343 1333; x_wconf 92' lang='lat' dir='ltr'><strong><em>et</em></strong></span> <span class='ocrx_word' id='word_1_536' title='bbox 3371 1280 3762 1334; x_wconf 69' lang='lat' dir='ltr'><strong><em>aemulationem</em></strong></span> <span class='ocrx_word' id='word_1_537' title='bbox 3797 1298 3814 1335; x_wconf 88' lang='lat'><strong>:</strong></span> <span class='ocrx_word' id='word_1_538' title='bbox 3841 1297 3963 1334; x_wconf 86' lang='lat' dir='ltr'><strong><em>nam</em></strong></span> 
     </span>
    </p>
   </div>
   <div class='ocr_carea' id='block_1_69' title="bbox 2383 1365 3964 1442">
    <p class='ocr_par' dir='ltr' id='par_1_69' title="bbox 2383 1365 3964 1442">
     <span class='ocr_line' id='line_1_69' title="bbox 2383 1365 3964 1442; baseline 0.008 -26"><span class='ocrx_word' id='word_1_539' title='bbox 2383 1379 2502 1433; x_wconf 77' lang='lat' dir='ltr'><strong><em>qua:</em></strong></span> <span class='ocrx_word' id='word_1_540' title='bbox 2537 1365 2685 1435; x_wconf 86' lang='lat' dir='ltr'><strong><em>ipsos</em></strong></span> <span class='ocrx_word' id='word_1_541' title='bbox 2708 1369 2990 1437; x_wconf 86' lang='lat' dir='ltr'><strong><em>oportebat</em></strong></span> <span class='ocrx_word' id='word_1_542' title='bbox 3032 1384 3062 1422; x_wconf 89' lang='lat' dir='ltr'><strong><em>a</em></strong></span> <span class='ocrx_word' id='word_1_543' title='bbox 3099 1369 3250 1424; x_wconf 88' lang='lat' dir='ltr'><strong><em>nobis</em></strong></span> <span class='ocrx_word' id='word_1_544' title='bbox 3292 1371 3497 1436; x_wconf 64' lang='lat' dir='ltr'><strong><em>audite,</em></strong></span> <span class='ocrx_word' id='word_1_545' title='bbox 3530 1387 3593 1427; x_wconf 90' lang='lat' dir='ltr'><strong><em>ea</em></strong></span> <span class='ocrx_word' id='word_1_546' title='bbox 3626 1373 3727 1442; x_wconf 88' lang='lat' dir='ltr'><strong><em>ipsi</em></strong></span> <span class='ocrx_word' id='word_1_547' title='bbox 3757 1373 3964 1442; x_wconf 88' lang='lat' dir='ltr'><strong><em>priores</em></strong></span> 
     </span>
    </p>
   </div>
   <div class='ocr_carea' id='block_1_70' title="bbox 2386 1457 3960 1532">
    <p class='ocr_par' dir='ltr' id='par_1_70' title="bbox 2386 1457 3960 1532">
     <span class='ocr_line' id='line_1_70' title="bbox 2386 1457 3960 1532; baseline 0.005 -22"><span class='ocrx_word' id='word_1_548' title='bbox 2386 1457 2586 1512; x_wconf 88' lang='lat' dir='ltr'><strong><em>dicunt.</em></strong></span> <span class='ocrx_word' id='word_1_549' title='bbox 2618 1459 2949 1528; x_wconf 83' lang='lat' dir='ltr'><strong><em>Quamquam</em></strong></span> <span class='ocrx_word' id='word_1_550' title='bbox 2982 1461 3035 1515; x_wconf 87' lang='lat' dir='ltr'><strong><em>itt</em></strong></span> <span class='ocrx_word' id='word_1_551' title='bbox 3081 1461 3147 1516; x_wconf 86' lang='lat' dir='ltr'><strong><em>iis</em></strong></span> <span class='ocrx_word' id='word_1_552' title='bbox 3178 1477 3296 1532; x_wconf 75' lang='lat' dir='ltr'><strong><em>qua:</em></strong></span> <span class='ocrx_word' id='word_1_553' title='bbox 3324 1473 3448 1518; x_wconf 85' lang='lat' dir='ltr'><strong><em>sunt</em></strong></span> <span class='ocrx_word' id='word_1_554' title='bbox 3477 1462 3782 1532; x_wconf 82' lang='lat' dir='ltr'><strong><em>hujusmodi</em></strong></span> <span class='ocrx_word' id='word_1_555' title='bbox 3815 1479 3960 1532; x_wconf 58' lang='lat' dir='ltr'><strong><em>sape</em></strong></span> 
     </span>
    </p>
   </div>
   <div class='ocr_carea' id='block_1_71' title="bbox 2389 1547 3963 1622">
    <p class='ocr_par' dir='ltr' id='par_1_71' title="bbox 2389 1547 3963 1622">
     <span class='ocr_line' id='line_1_71' title="bbox 2389 1547 3963 1622; baseline 0.004 -22"><span class='ocrx_word' id='word_1_556' title='bbox 2389 1547 2581 1602; x_wconf 88' lang='lat' dir='ltr'><strong><em>invidia</em></strong></span> <span class='ocrx_word' id='word_1_557' title='bbox 2625 1549 2912 1604; x_wconf 89' lang='lat' dir='ltr'><strong><em>intervenit</em></strong></span> <span class='ocrx_word' id='word_1_558' title='bbox 2944 1568 2959 1604; x_wconf 89' lang='lat'><strong>:</strong></span> <span class='ocrx_word' id='word_1_559' title='bbox 2990 1551 3083 1605; x_wconf 88' lang='lat' dir='ltr'><strong><em>sed</em></strong></span> <span class='ocrx_word' id='word_1_560' title='bbox 3114 1550 3250 1606; x_wconf 84' lang='lat' dir='ltr'><strong><em>hanc</em></strong></span> <span class='ocrx_word' id='word_1_561' title='bbox 3277 1567 3487 1622; x_wconf 86' lang='lat' dir='ltr'><strong><em>quoque</em></strong></span> <span class='ocrx_word' id='word_1_562' title='bbox 3515 1553 3643 1608; x_wconf 90' lang='lat' dir='ltr'><strong><em>vicit</em></strong></span> <span class='ocrx_word' id='word_1_563' title='bbox 3683 1553 3963 1608; x_wconf 79' lang='lat' dir='ltr'><strong><em>exeellen-.</em></strong></span> 
     </span>
    </p>
   </div>
   <div class='ocr_carea' id='block_1_72' title="bbox 2387 1637 3962 1708">
    <p class='ocr_par' dir='ltr' id='par_1_72' title="bbox 2387 1637 3962 1708">
     <span class='ocr_line' id='line_1_72' title="bbox 2387 1637 3962 1708; baseline 0.004 -20"><span class='ocrx_word' id='word_1_564' title='bbox 2387 1637 2478 1702; x_wconf 86' lang='lat' dir='ltr'><strong><em>tia,</em></strong></span> <span class='ocrx_word' id='word_1_565' title='bbox 2519 1647 2574 1692; x_wconf 91' lang='lat' dir='ltr'><strong><em>et</em></strong></span> <span class='ocrx_word' id='word_1_566' title='bbox 2621 1639 2719 1707; x_wconf 82' lang='lat' dir='ltr'><strong><em>ipsi</em></strong></span> <span class='ocrx_word' id='word_1_567' title='bbox 2763 1649 2887 1693; x_wconf 88' lang='lat' dir='ltr'><strong><em>sunt</em></strong></span> <span class='ocrx_word' id='word_1_568' title='bbox 2931 1654 3204 1708; x_wconf 65' lang='lat' dir='ltr'><strong><em>prmcones</em></strong></span> <span class='ocrx_word' id='word_1_569' title='bbox 3245 1651 3544 1696; x_wconf 81' lang='lat' dir='ltr'><strong><em>vestrorum</em></strong></span> <span class='ocrx_word' id='word_1_570' title='bbox 3584 1643 3962 1696; x_wconf 85' lang='lat' dir='ltr'><strong><em>certaminum.</em></strong></span> 
     </span>
    </p>
   </div>
   <div class='ocr_carea' id='block_1_73' title="bbox 2386 1727 3959 1804">
    <p class='ocr_par' dir='ltr' id='par_1_73' title="bbox 2386 1727 3959 1804">
     <span class='ocr_line' id='line_1_73' title="bbox 2386 1727 3959 1804; baseline 0.004 -23"><span class='ocrx_word' id='word_1_571' title='bbox 2386 1727 2638 1793; x_wconf 83' lang='lat' dir='ltr'><strong><em>Quamvis</em></strong></span> <span class='ocrx_word' id='word_1_572' title='bbox 2674 1729 2776 1798; x_wconf 87' lang='lat' dir='ltr'><strong><em>ipsi</em></strong></span> <span class='ocrx_word' id='word_1_573' title='bbox 2818 1731 2926 1784; x_wconf 90' lang='lat' dir='ltr'><strong><em>sint</em></strong></span> <span class='ocrx_word' id='word_1_574' title='bbox 2956 1730 3254 1796; x_wconf 72' lang='lat' dir='ltr'><strong><em>inferiores,</em></strong></span> <span class='ocrx_word' id='word_1_575' title='bbox 3304 1747 3371 1786; x_wconf 84' lang='lat' dir='ltr'><strong><em>ne</em></strong></span> <span class='ocrx_word' id='word_1_576' title='bbox 3413 1734 3492 1788; x_wconf 91' lang='lat' dir='ltr'><strong><em>sic</em></strong></span> <span class='ocrx_word' id='word_1_577' title='bbox 3516 1734 3730 1804; x_wconf 88' lang='lat' dir='ltr'><strong><em>quidem</em></strong></span> <span class='ocrx_word' id='word_1_578' title='bbox 3763 1743 3959 1798; x_wconf 87' lang='lat' dir='ltr'><strong><em>tacent,</em></strong></span> 
     </span>
    </p>
   </div>
   <div class='ocr_carea' id='block_1_74' title="bbox 2386 1818 3962 1892">
    <p class='ocr_par' dir='ltr' id='par_1_74' title="bbox 2386 1818 3962 1892">
     <span class='ocr_line' id='line_1_74' title="bbox 2386 1818 3962 1892; baseline 0.004 -19"><span class='ocrx_word' id='word_1_579' title='bbox 2386 1818 2481 1874; x_wconf 88' lang='lat' dir='ltr'><strong><em>sed</em></strong></span> <span class='ocrx_word' id='word_1_580' title='bbox 2509 1821 2858 1888; x_wconf 69' lang='lat' dir='ltr'><strong><em>praeveniunt.</em></strong></span> <span class='ocrx_word' id='word_1_581' title='bbox 2900 1821 3066 1876; x_wconf 82' lang='lat' dir='ltr'><strong><em>Nobis</em></strong></span> <span class='ocrx_word' id='word_1_582' title='bbox 3107 1833 3304 1888; x_wconf 83' lang='lat' dir='ltr'><strong><em>autem,</em></strong></span> <span class='ocrx_word' id='word_1_583' title='bbox 3353 1840 3476 1879; x_wconf 88' lang='lat' dir='ltr'><strong><em>cum</em></strong></span> <span class='ocrx_word' id='word_1_584' title='bbox 3511 1825 3645 1880; x_wconf 80' lang='lat' dir='ltr'><strong><em>tales</em></strong></span> <span class='ocrx_word' id='word_1_585' title='bbox 3683 1827 3813 1892; x_wconf 91' lang='lat' dir='ltr'><strong><em>sint,</em></strong></span> <span class='ocrx_word' id='word_1_586' title='bbox 3858 1843 3962 1880; x_wconf 91' lang='lat' dir='ltr'><strong><em>non</em></strong></span> 
     </span>
    </p>
   </div>
   <div class='ocr_carea' id='block_1_75' title="bbox 2387 1908 3963 1981">
    <p class='ocr_par' dir='ltr' id='par_1_75' title="bbox 2387 1908 3963 1981">
     <span class='ocr_line' id='line_1_75' title="bbox 2387 1908 3963 1981; baseline 0.003 -17"><span class='ocrx_word' id='word_1_587' title='bbox 2387 1909 2512 1964; x_wconf 90' lang='lat' dir='ltr'><strong><em>licet</em></strong></span> <span class='ocrx_word' id='word_1_588' title='bbox 2539 1908 2696 1964; x_wconf 79' lang='lat' dir='ltr'><strong><em>ﬁdem</em></strong></span> <span class='ocrx_word' id='word_1_589' title='bbox 2737 1926 2952 1980; x_wconf 87' lang='lat' dir='ltr'><strong><em>negare.</em></strong></span> <span class='ocrx_word' id='word_1_590' title='bbox 2983 1910 3120 1979; x_wconf 84' lang='lat' dir='ltr'><strong><em>Quid</em></strong></span> <span class='ocrx_word' id='word_1_591' title='bbox 3160 1922 3243 1967; x_wconf 90' lang='lat' dir='ltr'><strong><em>est</em></strong></span> <span class='ocrx_word' id='word_1_592' title='bbox 3279 1914 3428 1979; x_wconf 90' lang='lat' dir='ltr'><strong><em>illud,</em></strong></span> <span class='ocrx_word' id='word_1_593' title='bbox 3461 1916 3673 1981; x_wconf 83' lang='lat' dir='ltr'><strong><em>Qualem</em></strong></span> <span class='ocrx_word' id='word_1_594' title='bbox 3699 1917 3963 1970; x_wconf 86' lang='lat' dir='ltr'><strong><em>introitum</em></strong></span> 
     </span>
    </p>
   </div>
   <div class='ocr_carea' id='block_1_76' title="bbox 2388 1998 3962 2076">
    <p class='ocr_par' dir='ltr' id='par_1_76' title="bbox 2388 1998 3962 2076">
     <span class='ocr_line' id='line_1_76' title="bbox 2388 1998 3962 2076; baseline 0.005 -24"><span class='ocrx_word' id='word_1_595' title='bbox 2388 1998 2706 2055; x_wconf 71' lang='lat' dir='ltr'><strong><em>habuerimus</em></strong></span> <span class='ocrx_word' id='word_1_596' title='bbox 2726 2001 2793 2054; x_wconf 89' lang='lat' dir='ltr'><strong><em>ad</em></strong></span> <span class='ocrx_word' id='word_1_597' title='bbox 2818 2017 2903 2055; x_wconf 77' lang='lat' dir='ltr'><strong><em>vos</em></strong></span> <span class='ocrx_word' id='word_1_598' title='bbox 2918 2003 2944 2055; x_wconf 75' lang='grc' dir='ltr'><strong><em>ξ’</em></strong></span> <span class='ocrx_word' id='word_1_599' title='bbox 2963 2002 3112 2069; x_wconf 90' lang='lat' dir='ltr'><strong><em>Quod</em></strong></span> <span class='ocrx_word' id='word_1_600' title='bbox 3133 2004 3318 2072; x_wconf 91' lang='lat' dir='ltr'><strong><em>plenus</em></strong></span> <span class='ocrx_word' id='word_1_601' title='bbox 3344 2003 3503 2059; x_wconf 80' lang='lat' dir='ltr'><strong><em>fuerit</em></strong></span> <span class='ocrx_word' id='word_1_602' title='bbox 3528 2005 3796 2071; x_wconf 88' lang='lat' dir='ltr'><strong><em>periculis,</em></strong></span> <span class='ocrx_word' id='word_1_603' title='bbox 3823 2007 3962 2076; x_wconf 78' lang='lat' dir='ltr'><strong><em>quod</em></strong></span> 
     </span>
    </p>
   </div>
   <div class='ocr_carea' id='block_1_77' title="bbox 2388 2089 3964 2164">
    <p class='ocr_par' dir='ltr' id='par_1_77' title="bbox 2388 2089 3964 2164">
     <span class='ocr_line' id='line_1_77' title="bbox 2388 2089 3964 2164; baseline 0.004 -20"><span class='ocrx_word' id='word_1_604' title='bbox 2388 2089 2660 2145; x_wconf 84' lang='lat' dir='ltr'><strong><em>miraculis</em></strong></span> <span class='ocrx_word' id='word_1_605' title='bbox 2709 2091 3206 2160; x_wconf 86' lang='lat' dir='ltr'><strong><em>innumerabilibus,</em></strong></span> <span class='ocrx_word' id='word_1_606' title='bbox 3250 2095 3390 2164; x_wconf 87' lang='lat' dir='ltr'><strong><em>quod</em></strong></span> <span class='ocrx_word' id='word_1_607' title='bbox 3434 2095 3564 2150; x_wconf 84' lang='lat' dir='ltr'><strong><em>nihil</em></strong></span> <span class='ocrx_word' id='word_1_608' title='bbox 3617 2110 3685 2151; x_wconf 91' lang='lat' dir='ltr'><strong><em>ex</em></strong></span> <span class='ocrx_word' id='word_1_609' title='bbox 3731 2096 3820 2150; x_wconf 87' lang='lat' dir='ltr'><strong><em>his</em></strong></span> <span class='ocrx_word' id='word_1_610' title='bbox 3872 2114 3964 2151; x_wconf 88' lang='lat' dir='ltr'><strong><em>vos</em></strong></span> 
     </span>
    </p>
   </div>
   <div class='ocr_carea' id='block_1_78' title="bbox 2388 2181 3966 2252">
    <p class='ocr_par' dir='ltr' id='par_1_78' title="bbox 2388 2181 3966 2252">
     <span class='ocr_line' id='line_1_78' title="bbox 2388 2181 3966 2252; baseline 0.004 -17"><span class='ocrx_word' id='word_1_611' title='bbox 2388 2181 2827 2248; x_wconf 82' lang='lat' dir='ltr'><strong><em>conturbaverit;</em></strong></span> <span class='ocrx_word' id='word_1_612' title='bbox 2874 2183 2968 2238; x_wconf 87' lang='lat' dir='ltr'><strong><em>sed</em></strong></span> <span class='ocrx_word' id='word_1_613' title='bbox 2996 2199 3060 2237; x_wconf 87' lang='lat' dir='ltr'><strong><em>ac</em></strong></span> <span class='ocrx_word' id='word_1_614' title='bbox 3107 2185 3151 2238; x_wconf 88' lang='lat' dir='ltr'><strong><em>si</em></strong></span> <span class='ocrx_word' id='word_1_615' title='bbox 3184 2185 3313 2238; x_wconf 90' lang='lat' dir='ltr'><strong><em>nihil</em></strong></span> <span class='ocrx_word' id='word_1_616' title='bbox 3358 2185 3660 2252; x_wconf 88' lang='lat' dir='ltr'><strong><em>accidisset,</em></strong></span> <span class='ocrx_word' id='word_1_617' title='bbox 3690 2189 3760 2242; x_wconf 86' lang='lat' dir='ltr'><strong><em>ita</em></strong></span> <span class='ocrx_word' id='word_1_618' title='bbox 3809 2189 3966 2243; x_wconf 89' lang='lat' dir='ltr'><strong><em>nobis</em></strong></span> 
     </span>
    </p>
   </div>
   <div class='ocr_carea' id='block_1_79' title="bbox 2389 2271 3961 2347">
    <p class='ocr_par' dir='ltr' id='par_1_79' title="bbox 2389 2271 3961 2347">
     <span class='ocr_line' id='line_1_79' title="bbox 2389 2271 3961 2347; baseline 0.005 -23"><span class='ocrx_word' id='word_1_619' title='bbox 2389 2271 2780 2338; x_wconf 66' lang='lat' dir='ltr'><strong><em>adhterebatis;</em></strong></span> <span class='ocrx_word' id='word_1_620' title='bbox 2815 2283 3079 2344; x_wconf 84' lang='lat' dir='ltr'><strong><em>tamquam</em></strong></span> <span class='ocrx_word' id='word_1_621' title='bbox 3103 2277 3223 2330; x_wconf 89' lang='lat' dir='ltr'><strong><em>mali</em></strong></span> <span class='ocrx_word' id='word_1_622' title='bbox 3253 2275 3384 2330; x_wconf 88' lang='lat' dir='ltr'><strong><em>nihil</em></strong></span> <span class='ocrx_word' id='word_1_623' title='bbox 3415 2279 3672 2347; x_wconf 85' lang='lat' dir='ltr'><strong><em>perpessi,</em></strong></span> <span class='ocrx_word' id='word_1_624' title='bbox 3706 2279 3798 2334; x_wconf 86' lang='lat' dir='ltr'><strong><em>sed</em></strong></span> <span class='ocrx_word' id='word_1_625' title='bbox 3827 2280 3961 2333; x_wconf 86' lang='lat' dir='ltr'><strong><em>bona</em></strong></span> 
     </span>
    </p>
   </div>
   <div class='ocr_carea' id='block_1_80' title="bbox 2389 2362 3956 2438">
    <p class='ocr_par' dir='ltr' id='par_1_80' title="bbox 2389 2362 3956 2438">
     <span class='ocr_line' id='line_1_80' title="bbox 2389 2362 3956 2438; baseline 0.006 -25"><span class='ocrx_word' id='word_1_626' title='bbox 2389 2362 2658 2430; x_wconf 88' lang='lat' dir='ltr'><strong><em>assequuti</em></strong></span> <span class='ocrx_word' id='word_1_627' title='bbox 2701 2363 3129 2430; x_wconf 86' lang='lat' dir='ltr'><strong><em>innumerabilia,</em></strong></span> <span class='ocrx_word' id='word_1_628' title='bbox 3181 2365 3250 2419; x_wconf 85' lang='lat' dir='ltr'><strong><em>ita</em></strong></span> <span class='ocrx_word' id='word_1_629' title='bbox 3295 2381 3392 2419; x_wconf 91' lang='lat' dir='ltr'><strong><em>nos</em></strong></span> <span class='ocrx_word' id='word_1_630' title='bbox 3428 2369 3716 2437; x_wconf 84' lang='lat' dir='ltr'><strong><em>excepistis</em></strong></span> <span class='ocrx_word' id='word_1_631' title='bbox 3757 2382 3956 2438; x_wconf 80' lang='lat' dir='ltr'><strong><em>postea.</em></strong></span> 
     </span>
    </p>
   </div>
   <div class='ocr_carea' id='block_1_81' title="bbox 2389 2449 3947 2522">
    <p class='ocr_par' dir='ltr' id='par_1_81' title="bbox 2389 2449 3947 2522">
     <span class='ocr_line' id='line_1_81' title="bbox 2389 2449 3947 2522; baseline 0.004 -17"><span class='ocrx_word' id='word_1_632' title='bbox 2389 2449 2666 2506; x_wconf 88' lang='lat' dir='ltr'><strong><em>Secundus</em></strong></span> <span class='ocrx_word' id='word_1_633' title='bbox 2709 2451 2851 2510; x_wconf 84' lang='lat' dir='ltr'><strong><em>enim</em></strong></span> <span class='ocrx_word' id='word_1_634' title='bbox 2903 2452 2987 2508; x_wconf 91' lang='lat' dir='ltr'><strong><em>hic</em></strong></span> <span class='ocrx_word' id='word_1_635' title='bbox 3034 2455 3131 2508; x_wconf 78' lang='lat' dir='ltr'><strong><em>fuit</em></strong></span> <span class='ocrx_word' id='word_1_636' title='bbox 3175 2455 3467 2522; x_wconf 82' lang='lat' dir='ltr'><strong><em>ingressus.</em></strong></span> <span class='ocrx_word' id='word_1_637' title='bbox 3523 2459 3775 2515; x_wconf 63' lang='lat' dir='ltr'><strong><em>Abierant</em></strong></span> <span class='ocrx_word' id='word_1_638' title='bbox 3818 2460 3947 2513; x_wconf 72' lang='lat' dir='ltr'><strong><em>Ber-</em></strong></span> 
     </span>
    </p>
   </div>
   <div class='ocr_carea' id='block_1_82' title="bbox 2391 2539 3957 2618">
    <p class='ocr_par' dir='ltr' id='par_1_82' title="bbox 2391 2539 3957 2618">
     <span class='ocr_line' id='line_1_82' title="bbox 2391 2539 3957 2618; baseline 0.004 -23"><span class='ocrx_word' id='word_1_639' title='bbox 2391 2539 2631 2606; x_wconf 72' lang='lat' dir='ltr'><strong><em>rhtnam;</em></strong></span> <span class='ocrx_word' id='word_1_640' title='bbox 2662 2543 2803 2612; x_wconf 78' lang='lat' dir='ltr'><strong><em>passi</em></strong></span> <span class='ocrx_word' id='word_1_641' title='bbox 2851 2551 2974 2596; x_wconf 91' lang='lat' dir='ltr'><strong><em>sunt</em></strong></span> <span class='ocrx_word' id='word_1_642' title='bbox 3001 2545 3465 2614; x_wconf 84' lang='lat' dir='ltr'><strong><em>persequutionem</em></strong></span> <span class='ocrx_word' id='word_1_643' title='bbox 3491 2563 3506 2599; x_wconf 92' lang='lat'><strong>:</strong></span> <span class='ocrx_word' id='word_1_644' title='bbox 3551 2558 3608 2603; x_wconf 86' lang='lat' dir='ltr'><strong><em>et</em></strong></span> <span class='ocrx_word' id='word_1_645' title='bbox 3632 2560 3808 2618; x_wconf 85' lang='lat' dir='ltr'><strong><em>postea</em></strong></span> <span class='ocrx_word' id='word_1_646' title='bbox 3835 2565 3957 2604; x_wconf 87' lang='lat' dir='ltr'><strong><em>cum</em></strong></span> 
     </span>
    </p>
   </div>
   <div class='ocr_carea' id='block_1_83' title="bbox 2392 2632 3962 2709">
    <p class='ocr_par' dir='ltr' id='par_1_83' title="bbox 2392 2632 3962 2709">
     <span class='ocr_line' id='line_1_83' title="bbox 2392 2632 3962 2709; baseline 0.008 -24"><span class='ocrx_word' id='word_1_647' title='bbox 2392 2632 2684 2696; x_wconf 84' lang='lat' dir='ltr'><strong><em>venissent,</em></strong></span> <span class='ocrx_word' id='word_1_648' title='bbox 2713 2647 2808 2687; x_wconf 91' lang='lat' dir='ltr'><strong><em>eos</em></strong></span> <span class='ocrx_word' id='word_1_649' title='bbox 2839 2633 2909 2686; x_wconf 88' lang='lat' dir='ltr'><strong><em>ita</em></strong></span> <span class='ocrx_word' id='word_1_650' title='bbox 2938 2644 3280 2703; x_wconf 83' lang='lat' dir='ltr'><strong><em>exceperunt,</em></strong></span> <span class='ocrx_word' id='word_1_651' title='bbox 3309 2647 3367 2691; x_wconf 89' lang='lat' dir='ltr'><strong><em>ut</em></strong></span> <span class='ocrx_word' id='word_1_652' title='bbox 3385 2639 3453 2690; x_wconf 88' lang='lat' dir='ltr'><strong><em>ab</em></strong></span> <span class='ocrx_word' id='word_1_653' title='bbox 3481 2639 3612 2709; x_wconf 82' lang='lat' dir='ltr'><strong><em>ipsis</em></strong></span> <span class='ocrx_word' id='word_1_654' title='bbox 3634 2639 3962 2696; x_wconf 87' lang='lat' dir='ltr'><strong><em>honoraren-</em></strong></span> 
     </span>
    </p>
   </div>
   <div class='ocr_carea' id='block_1_84' title="bbox 2394 2722 3959 2802">
    <p class='ocr_par' dir='ltr' id='par_1_84' title="bbox 2394 2722 3959 2802">
     <span class='ocr_line' id='line_1_84' title="bbox 2394 2722 3959 2802; baseline 0.01 -30"><span class='ocrx_word' id='word_1_655' title='bbox 2394 2729 2500 2786; x_wconf 89' lang='lat' dir='ltr'><strong><em>tur,</em></strong></span> <span class='ocrx_word' id='word_1_656' title='bbox 2541 2730 2594 2774; x_wconf 91' lang='lat' dir='ltr'><strong><em>et</em></strong></span> <span class='ocrx_word' id='word_1_657' title='bbox 2622 2722 2831 2776; x_wconf 88' lang='lat' dir='ltr'><strong><em>animas</em></strong></span> <span class='ocrx_word' id='word_1_658' title='bbox 2871 2737 2996 2777; x_wconf 85' lang='lat' dir='ltr'><strong><em>suas</em></strong></span> <span class='ocrx_word' id='word_1_659' title='bbox 3027 2739 3123 2792; x_wconf 91' lang='lat' dir='ltr'><strong><em>pro</em></strong></span> <span class='ocrx_word' id='word_1_660' title='bbox 3156 2725 3287 2794; x_wconf 87' lang='lat' dir='ltr'><strong><em>ipsis</em></strong></span> <span class='ocrx_word' id='word_1_661' title='bbox 3316 2738 3597 2793; x_wconf 86' lang='lat' dir='ltr'><strong><em>ponerent.</em></strong></span> <span class='ocrx_word' id='word_1_662' title='bbox 3629 2729 3764 2785; x_wconf 89' lang='lat' dir='ltr'><strong><em>Illud</em></strong></span> <span class='ocrx_word' id='word_1_663' title='bbox 3805 2748 3959 2802; x_wconf 86' lang='lat' dir='ltr'><strong><em>ergo,</em></strong></span> 
     </span>
    </p>
   </div>
   <div class='ocr_carea' id='block_1_85' title="bbox 2394 2809 3964 2888">
    <p class='ocr_par' dir='ltr' id='par_1_85' title="bbox 2394 2809 3964 2888">
     <span class='ocr_line' id='line_1_85' title="bbox 2394 2809 3964 2888; baseline 0.008 -26"><span class='ocrx_word' id='word_1_664' title='bbox 2394 2809 2608 2874; x_wconf 84' lang='lat' dir='ltr'><strong><em>Qualem</em></strong></span> <span class='ocrx_word' id='word_1_665' title='bbox 2651 2811 2909 2865; x_wconf 84' lang='lat' dir='ltr'><strong><em>introitum</em></strong></span> <span class='ocrx_word' id='word_1_666' title='bbox 2939 2813 3257 2868; x_wconf 82' lang='lat' dir='ltr'><strong><em>habuerimus</em></strong></span> <span class='ocrx_word' id='word_1_667' title='bbox 3284 2818 3352 2866; x_wconf 89' lang='lat' dir='ltr'><strong><em>ad</em></strong></span> <span class='ocrx_word' id='word_1_668' title='bbox 3379 2832 3483 2882; x_wconf 76' lang='lat' dir='ltr'><strong><em>vos,</em></strong></span> <span class='ocrx_word' id='word_1_669' title='bbox 3515 2826 3597 2872; x_wconf 85' lang='lat' dir='ltr'><strong><em>est</em></strong></span> <span class='ocrx_word' id='word_1_670' title='bbox 3621 2822 3964 2888; x_wconf 86' lang='lat' dir='ltr'><strong><em>conjunctum</em></strong></span> 
     </span>
    </p>
   </div>
   <div class='ocr_carea' id='block_1_86' title="bbox 2391 2901 3972 2981">
    <p class='ocr_par' dir='ltr' id='par_1_86' title="bbox 2391 2901 3972 2981">
     <span class='ocr_line' id='line_1_86' title="bbox 2391 2901 3972 2981; baseline 0.009 -26"><span class='ocrx_word' id='word_1_671' title='bbox 2391 2916 2442 2956; x_wconf 90' lang='lat' dir='ltr'><strong><em>et</em></strong></span> <span class='ocrx_word' id='word_1_672' title='bbox 2463 2901 2657 2958; x_wconf 80' lang='lat' dir='ltr'><strong><em>borum</em></strong></span> <span class='ocrx_word' id='word_1_673' title='bbox 2686 2911 2742 2958; x_wconf 88' lang='lat' dir='ltr'><strong><em>et</em></strong></span> <span class='ocrx_word' id='word_1_674' title='bbox 2765 2904 2998 2972; x_wconf 83' lang='lat' dir='ltr'><strong><em>ipsorum</em></strong></span> <span class='ocrx_word' id='word_1_675' title='bbox 3024 2906 3324 2960; x_wconf 88' lang='lat' dir='ltr'><strong><em>encomium</em></strong></span> <span class='ocrx_word' id='word_1_676' title='bbox 3359 2924 3373 2959; x_wconf 91' lang='lat'><strong>:</strong></span> <span class='ocrx_word' id='word_1_677' title='bbox 3405 2909 3496 2963; x_wconf 88' lang='lat' dir='ltr'><strong><em>sed</em></strong></span> <span class='ocrx_word' id='word_1_678' title='bbox 3525 2909 3636 2977; x_wconf 86' lang='lat' dir='ltr'><strong><em>ipse</em></strong></span> <span class='ocrx_word' id='word_1_679' title='bbox 3667 2912 3719 2963; x_wconf 89' lang='lat' dir='ltr'><strong><em>id</em></strong></span> <span class='ocrx_word' id='word_1_680' title='bbox 3747 2927 3972 2981; x_wconf 84' lang='lat' dir='ltr'><strong><em>conver-</em></strong></span> 
     </span>
    </p>
   </div>
   <div class='ocr_carea' id='block_1_87' title="bbox 2395 2993 3967 3076">
    <p class='ocr_par' dir='ltr' id='par_1_87' title="bbox 2395 2993 3967 3076">
     <span class='ocr_line' id='line_1_87' title="bbox 2395 2993 3967 3076; baseline 0.007 -30"><span class='ocrx_word' id='word_1_681' title='bbox 2395 2993 2457 3046; x_wconf 89' lang='lat' dir='ltr'><strong><em>tit</em></strong></span> <span class='ocrx_word' id='word_1_682' title='bbox 2485 2993 2544 3076; x_wconf 25' lang='lat' dir='ltr'><strong><em>in.</em></strong></span> <span class='ocrx_word' id='word_1_683' title='bbox 2581 2993 2788 3048; x_wconf 88' lang='lat' dir='ltr'><strong><em>laudem</em></strong></span> <span class='ocrx_word' id='word_1_684' title='bbox 2826 2995 3083 3062; x_wconf 82' lang='lat' dir='ltr'><strong><em>ipsorum.</em></strong></span> <span class='ocrx_word' id='word_1_685' title='bbox 3115 2995 3181 3049; x_wconf 85' lang='lat' dir='ltr'><strong><em>Et</em></strong></span> <span class='ocrx_word' id='word_1_686' title='bbox 3209 2997 3455 3066; x_wconf 84' lang='lat' dir='ltr'><strong><em>quomodo</em></strong></span> <span class='ocrx_word' id='word_1_687' title='bbox 3491 3000 3738 3066; x_wconf 63' lang='lat' dir='ltr'><strong><em>conuersi,</em></strong></span> <span class='ocrx_word' id='word_1_688' title='bbox 3770 3002 3967 3070; x_wconf 89' lang='lat' dir='ltr'><strong><em>inquit,</em></strong></span> 
     </span>
    </p>
   </div>
   <div class='ocr_carea' id='block_1_88' title="bbox 2392 3085 3968 3154">
    <p class='ocr_par' dir='ltr' id='par_1_88' title="bbox 2392 3085 3968 3154">
     <span class='ocr_line' id='line_1_88' title="bbox 2392 3085 3968 3154; baseline 0.007 -14"><span class='ocrx_word' id='word_1_689' title='bbox 2392 3087 2511 3140; x_wconf 87' lang='lat' dir='ltr'><strong><em>estis</em></strong></span> <span class='ocrx_word' id='word_1_690' title='bbox 2550 3088 2621 3140; x_wconf 86' lang='lat' dir='ltr'><strong><em>ad</em></strong></span> <span class='ocrx_word' id='word_1_691' title='bbox 2647 3085 2812 3141; x_wconf 85' lang='lat' dir='ltr'><strong><em>Deum</em></strong></span> <span class='ocrx_word' id='word_1_692' title='bbox 2855 3105 2888 3142; x_wconf 91' lang='lat' dir='ltr'><strong><em>a</em></strong></span> <span class='ocrx_word' id='word_1_693' title='bbox 2925 3091 3232 3154; x_wconf 83' lang='lat' dir='ltr'><strong><em>simulacris,</em></strong></span> <span class='ocrx_word' id='word_1_694' title='bbox 3283 3102 3336 3146; x_wconf 90' lang='lat' dir='ltr'><strong><em>ut</em></strong></span> <span class='ocrx_word' id='word_1_695' title='bbox 3369 3095 3589 3149; x_wconf 78' lang='lat' dir='ltr'><strong><em>serviatis</em></strong></span> <span class='ocrx_word' id='word_1_696' title='bbox 3629 3094 3739 3149; x_wconf 88' lang='lat' dir='ltr'><strong><em>Deo</em></strong></span> <span class='ocrx_word' id='word_1_697' title='bbox 3779 3098 3897 3150; x_wconf 79' lang='lat' dir='ltr'><strong><em>uiuo</em></strong></span> <span class='ocrx_word' id='word_1_698' title='bbox 3928 3107 3968 3150; x_wconf 84' lang='lat' dir='ltr'><strong><em>et</em></strong></span> 
     </span>
    </p>
   </div>
   <div class='ocr_carea' id='block_1_89' title="bbox 2394 3178 3967 3254">
    <p class='ocr_par' dir='ltr' id='par_1_89' title="bbox 2394 3178 3967 3254">
     <span class='ocr_line' id='line_1_89' title="bbox 2394 3178 3967 3254; baseline 0.01 -25"><span class='ocrx_word' id='word_1_699' title='bbox 2394 3190 2528 3231; x_wconf 69' lang='lat' dir='ltr'><strong><em>vero.</em></strong></span> <span class='ocrx_word' id='word_1_700' title='bbox 2556 3178 2666 3232; x_wconf 84' lang='lat' dir='ltr'><strong><em>Hoc</em></strong></span> <span class='ocrx_word' id='word_1_701' title='bbox 2692 3187 2796 3244; x_wconf 82' lang='lat' dir='ltr'><strong><em>est,</em></strong></span> <span class='ocrx_word' id='word_1_702' title='bbox 2833 3179 3010 3243; x_wconf 78' lang='lat' dir='ltr'><strong><em>facile.</em></strong></span> <span class='ocrx_word' id='word_1_703' title='bbox 3041 3189 3095 3235; x_wconf 87' lang='lat' dir='ltr'><strong><em>et</em></strong></span> <span class='ocrx_word' id='word_1_704' title='bbox 3124 3197 3312 3254; x_wconf 88' lang='lat' dir='ltr'><strong><em>magna</em></strong></span> <span class='ocrx_word' id='word_1_705' title='bbox 3333 3200 3454 3238; x_wconf 92' lang='lat' dir='ltr'><strong><em>cum</em></strong></span> <span class='ocrx_word' id='word_1_706' title='bbox 3482 3186 3839 3251; x_wconf 84' lang='lat' dir='ltr'><strong><em>vehementia,</em></strong></span> <span class='ocrx_word' id='word_1_707' title='bbox 3869 3205 3967 3243; x_wconf 83' lang='lat' dir='ltr'><strong><em>ne-</em></strong></span> 
     </span>
    </p>
   </div>
   <div class='ocr_carea' id='block_1_90' title="bbox 2393 3269 3967 3342">
    <p class='ocr_par' dir='ltr' id='par_1_90' title="bbox 2393 3269 3967 3342">
     <span class='ocr_line' id='line_1_90' title="bbox 2393 3269 3967 3342; baseline 0.006 -22"><span class='ocrx_word' id='word_1_708' title='bbox 2393 3280 2498 3336; x_wconf 89' lang='lat' dir='ltr'><strong><em>que</em></strong></span> <span class='ocrx_word' id='word_1_709' title='bbox 2525 3269 2694 3324; x_wconf 89' lang='lat' dir='ltr'><strong><em>multo</em></strong></span> <span class='ocrx_word' id='word_1_710' title='bbox 2732 3283 2868 3338; x_wconf 89' lang='lat' dir='ltr'><strong><em>opus</em></strong></span> <span class='ocrx_word' id='word_1_711' title='bbox 2908 3269 3168 3326; x_wconf 84' lang='lat' dir='ltr'><strong><em>habuistis</em></strong></span> <span class='ocrx_word' id='word_1_712' title='bbox 3212 3274 3424 3342; x_wconf 89' lang='lat' dir='ltr'><strong><em>negotio</em></strong></span> <span class='ocrx_word' id='word_1_713' title='bbox 3462 3285 3520 3330; x_wconf 93' lang='lat' dir='ltr'><strong><em>ut</em></strong></span> <span class='ocrx_word' id='word_1_714' title='bbox 3558 3278 3831 3332; x_wconf 78' lang='lat' dir='ltr'><strong><em>serviretis</em></strong></span> <span class='ocrx_word' id='word_1_715' title='bbox 3859 3277 3967 3332; x_wconf 86' lang='lat' dir='ltr'><strong><em>Deo</em></strong></span> 
     </span>
    </p>
   </div>
   <div class='ocr_carea' id='block_1_91' title="bbox 2396 3358 3971 3435">
    <p class='ocr_par' dir='ltr' id='par_1_91' title="bbox 2396 3358 3971 3435">
     <span class='ocr_line' id='line_1_91' title="bbox 2396 3358 3971 3435; baseline 0.006 -24"><span class='ocrx_word' id='word_1_716' title='bbox 2396 3358 2520 3413; x_wconf 87' lang='lat' dir='ltr'><strong><em>vivo</em></strong></span> <span class='ocrx_word' id='word_1_717' title='bbox 2545 3366 2601 3413; x_wconf 90' lang='lat' dir='ltr'><strong><em>et</em></strong></span> <span class='ocrx_word' id='word_1_718' title='bbox 2627 3374 2775 3415; x_wconf 86' lang='lat' dir='ltr'><strong><em>vero.</em></strong></span> <span class='ocrx_word' id='word_1_719' title='bbox 2807 3359 2904 3415; x_wconf 80' lang='lat' dir='ltr'><strong><em>llic</em></strong></span> <span class='ocrx_word' id='word_1_720' title='bbox 2944 3362 3104 3415; x_wconf 87' lang='lat' dir='ltr'><strong><em>etiam</em></strong></span> <span class='ocrx_word' id='word_1_721' title='bbox 3133 3362 3310 3417; x_wconf 89' lang='lat' dir='ltr'><strong><em>intulit</em></strong></span> <span class='ocrx_word' id='word_1_722' title='bbox 3331 3363 3756 3421; x_wconf 81' lang='lat' dir='ltr'><strong><em>adhortationem</em></strong></span> <span class='ocrx_word' id='word_1_723' title='bbox 3786 3385 3800 3420; x_wconf 90' lang='lat'><strong>:</strong></span> <span class='ocrx_word' id='word_1_724' title='bbox 3830 3366 3971 3435; x_wconf 80' lang='lat' dir='ltr'><strong><em>quod</em></strong></span> 
     </span>
    </p>
   </div>
   <div class='ocr_carea' id='block_1_92' title="bbox 2396 3449 3974 3526">
    <p class='ocr_par' dir='ltr' id='par_1_92' title="bbox 2396 3449 3974 3526">
     <span class='ocr_line' id='line_1_92' title="bbox 2396 3449 3974 3526; baseline 0.007 -25"><span class='ocrx_word' id='word_1_725' title='bbox 2396 3456 2485 3502; x_wconf 83' lang='lat' dir='ltr'><strong><em>est</em></strong></span> <span class='ocrx_word' id='word_1_726' title='bbox 2514 3449 2694 3504; x_wconf 87' lang='lat' dir='ltr'><strong><em>minus</em></strong></span> <span class='ocrx_word' id='word_1_727' title='bbox 2714 3464 2940 3520; x_wconf 85' lang='lat' dir='ltr'><strong><em>gravem</em></strong></span> <span class='ocrx_word' id='word_1_728' title='bbox 2961 3453 3260 3508; x_wconf 84' lang='lat' dir='ltr'><strong><em>orationem</em></strong></span> <span class='ocrx_word' id='word_1_729' title='bbox 3287 3453 3579 3510; x_wconf 90' lang='lat' dir='ltr'><strong><em>reddentis.</em></strong></span> <span class='ocrx_word' id='word_1_730' title='bbox 3615 3455 3679 3510; x_wconf 85' lang='lat' dir='ltr'><strong><em>Et</em></strong></span> <span class='ocrx_word' id='word_1_731' title='bbox 3709 3466 3763 3510; x_wconf 88' lang='lat' dir='ltr'><strong><em>ut</em></strong></span> <span class='ocrx_word' id='word_1_732' title='bbox 3790 3473 3974 3526; x_wconf 75' lang='lat' dir='ltr'><strong><em>exspe-</em></strong></span> 
     </span>
    </p>
   </div>
   <div class='ocr_carea' id='block_1_93' title="bbox 2396 3537 3974 3612">
    <p class='ocr_par' dir='ltr' id='par_1_93' title="bbox 2396 3537 3974 3612">
     <span class='ocr_line' id='line_1_93' title="bbox 2396 3537 3974 3612; baseline 0.008 -22"><span class='ocrx_word' id='word_1_733' title='bbox 2396 3539 2596 3593; x_wconf 84' lang='lat' dir='ltr'><strong><em>ctaretis</em></strong></span> <span class='ocrx_word' id='word_1_734' title='bbox 2635 3537 2828 3594; x_wconf 85' lang='lat' dir='ltr'><strong><em>Filium</em></strong></span> <span class='ocrx_word' id='word_1_735' title='bbox 2853 3542 2961 3611; x_wconf 85' lang='lat' dir='ltr'><strong><em>ejus</em></strong></span> <span class='ocrx_word' id='word_1_736' title='bbox 2985 3543 3049 3595; x_wconf 84' lang='lat' dir='ltr'><strong><em>de</em></strong></span> <span class='ocrx_word' id='word_1_737' title='bbox 3073 3544 3231 3609; x_wconf 68' lang='lat' dir='ltr'><strong><em>caelis,</em></strong></span> <span class='ocrx_word' id='word_1_738' title='bbox 3261 3561 3408 3612; x_wconf 86' lang='lat' dir='ltr'><strong><em>quem</em></strong></span> <span class='ocrx_word' id='word_1_739' title='bbox 3432 3547 3691 3601; x_wconf 75' lang='lat' dir='ltr'><strong><em>suscitauit</em></strong></span> <span class='ocrx_word' id='word_1_740' title='bbox 3728 3564 3792 3602; x_wconf 82' lang='lat' dir='ltr'><strong><em>ea:</em></strong></span> <span class='ocrx_word' id='word_1_741' title='bbox 3834 3565 3974 3602; x_wconf 83' lang='lat' dir='ltr'><strong><em>mor-</em></strong></span> 
     </span>
    </p>
   </div>
   <div class='ocr_carea' id='block_1_94' title="bbox 2399 3626 3977 3699">
    <p class='ocr_par' dir='ltr' id='par_1_94' title="bbox 2399 3626 3977 3699">
     <span class='ocr_line' id='line_1_94' title="bbox 2399 3626 3977 3699; baseline 0.008 -19"><span class='ocrx_word' id='word_1_742' title='bbox 2399 3627 2520 3691; x_wconf 88' lang='lat' dir='ltr'><strong><em>tuis,</em></strong></span> <span class='ocrx_word' id='word_1_743' title='bbox 2545 3626 2745 3694; x_wconf 81' lang='lat' dir='ltr'><strong><em>Jesum,</em></strong></span> <span class='ocrx_word' id='word_1_744' title='bbox 2777 3631 2864 3699; x_wconf 87' lang='lat' dir='ltr'><strong><em>qui</em></strong></span> <span class='ocrx_word' id='word_1_745' title='bbox 2905 3630 3085 3685; x_wconf 78' lang='lat' dir='ltr'><strong><em>liberat</em></strong></span> <span class='ocrx_word' id='word_1_746' title='bbox 3115 3650 3206 3688; x_wconf 88' lang='lat' dir='ltr'><strong><em>nos</em></strong></span> <span class='ocrx_word' id='word_1_747' title='bbox 3230 3635 3293 3687; x_wconf 89' lang='lat' dir='ltr'><strong><em>ab</em></strong></span> <span class='ocrx_word' id='word_1_748' title='bbox 3328 3635 3410 3687; x_wconf 87' lang='lat' dir='ltr'><strong><em>ira</em></strong></span> <span class='ocrx_word' id='word_1_749' title='bbox 3448 3647 3673 3690; x_wconf 73' lang='lat' dir='ltr'><strong><em>ventura.</em></strong></span> <span class='ocrx_word' id='word_1_750' title='bbox 3711 3637 3776 3691; x_wconf 87' lang='lat' dir='ltr'><strong><em>Et</em></strong></span> <span class='ocrx_word' id='word_1_751' title='bbox 3811 3648 3867 3692; x_wconf 90' lang='lat' dir='ltr'><strong><em>ut</em></strong></span> <span class='ocrx_word' id='word_1_752' title='bbox 3891 3656 3977 3693; x_wconf 72' lang='lat' dir='ltr'><strong><em>ea:-</em></strong></span> 
     </span>
    </p>
   </div>
   <div class='ocr_carea' id='block_1_95' title="bbox 2399 3719 3974 3796">
    <p class='ocr_par' dir='ltr' id='par_1_95' title="bbox 2399 3719 3974 3796">
     <span class='ocr_line' id='line_1_95' title="bbox 2399 3719 3974 3796; baseline 0.008 -27"><span class='ocrx_word' id='word_1_753' title='bbox 2399 3719 2713 3785; x_wconf 86' lang='lat' dir='ltr'><strong><em>spectaretis,</em></strong></span> <span class='ocrx_word' id='word_1_754' title='bbox 2744 3720 2934 3788; x_wconf 83' lang='lat' dir='ltr'><strong><em>inquit,</em></strong></span> <span class='ocrx_word' id='word_1_755' title='bbox 2961 3719 3007 3773; x_wconf 84' lang='lat' dir='ltr'><em>F</em></span> <span class='ocrx_word' id='word_1_756' title='bbox 3007 3722 3154 3775; x_wconf 87' lang='lat' dir='ltr'><strong><em>ilium</em></strong></span> <span class='ocrx_word' id='word_1_757' title='bbox 3179 3724 3290 3793; x_wconf 82' lang='lat' dir='ltr'><strong><em>ejus</em></strong></span> <span class='ocrx_word' id='word_1_758' title='bbox 3309 3723 3372 3778; x_wconf 83' lang='lat' dir='ltr'><strong><em>de</em></strong></span> <span class='ocrx_word' id='word_1_759' title='bbox 3391 3727 3549 3793; x_wconf 67' lang='lat' dir='ltr'><strong><em>caelis,</em></strong></span> <span class='ocrx_word' id='word_1_760' title='bbox 3577 3726 3668 3796; x_wconf 92' lang='lat' dir='ltr'><strong><em>qui</em></strong></span> <span class='ocrx_word' id='word_1_761' title='bbox 3691 3728 3742 3781; x_wconf 90' lang='lat' dir='ltr'><strong><em>in</em></strong></span> <span class='ocrx_word' id='word_1_762' title='bbox 3764 3742 3974 3783; x_wconf 87' lang='lat' dir='ltr'><strong><em>crucem</em></strong></span> 
     </span>
    </p>
   </div>
   <div class='ocr_carea' id='block_1_96' title="bbox 2403 3805 3977 3882">
    <p class='ocr_par' dir='ltr' id='par_1_96' title="bbox 2403 3805 3977 3882">
     <span class='ocr_line' id='line_1_96' title="bbox 2403 3805 3977 3882; baseline 0.008 -23"><span class='ocrx_word' id='word_1_763' title='bbox 2403 3805 2498 3860; x_wconf 79' lang='lat' dir='ltr'><strong><em>fuit</em></strong></span> <span class='ocrx_word' id='word_1_764' title='bbox 2519 3816 2689 3875; x_wconf 89' lang='lat' dir='ltr'><strong><em>actus,</em></strong></span> <span class='ocrx_word' id='word_1_765' title='bbox 2723 3809 2810 3878; x_wconf 84' lang='lat' dir='ltr'><strong><em>qui</em></strong></span> <span class='ocrx_word' id='word_1_766' title='bbox 2842 3810 3081 3879; x_wconf 86' lang='lat' dir='ltr'><strong><em>sepultus</em></strong></span> <span class='ocrx_word' id='word_1_767' title='bbox 3108 3829 3121 3863; x_wconf 92' lang='lat'><strong>:</strong></span> <span class='ocrx_word' id='word_1_768' title='bbox 3156 3811 3384 3882; x_wconf 85' lang='lat' dir='ltr'><strong><em>ideoque</em></strong></span> <span class='ocrx_word' id='word_1_769' title='bbox 3409 3814 3524 3869; x_wconf 69' lang='lat' dir='ltr'><strong><em>hare</em></strong></span> <span class='ocrx_word' id='word_1_770' title='bbox 3548 3816 3832 3872; x_wconf 85' lang='lat' dir='ltr'><strong><em>declarans</em></strong></span> <span class='ocrx_word' id='word_1_771' title='bbox 3858 3819 3977 3872; x_wconf 82' lang='lat' dir='ltr'><strong><em>sub-</em></strong></span> 
     </span>
    </p>
   </div>
   <div class='ocr_carea' id='block_1_97' title="bbox 2398 3900 3974 3975">
    <p class='ocr_par' dir='ltr' id='par_1_97' title="bbox 2398 3900 3974 3975">
     <span class='ocr_line' id='line_1_97' title="bbox 2398 3900 3974 3975; baseline 0.005 -22"><span class='ocrx_word' id='word_1_772' title='bbox 2398 3900 2588 3970; x_wconf 80' lang='lat' dir='ltr'><strong><em>jungit,</em></strong></span> <span class='ocrx_word' id='word_1_773' title='bbox 2614 3902 2773 3968; x_wconf 80' lang='lat' dir='ltr'><strong><em>Quem</em></strong></span> <span class='ocrx_word' id='word_1_774' title='bbox 2793 3903 3051 3956; x_wconf 82' lang='lat' dir='ltr'><strong><em>suscitavit</em></strong></span> <span class='ocrx_word' id='word_1_775' title='bbox 3071 3921 3100 3959; x_wconf 86' lang='lat' dir='ltr'><strong><em>e</em></strong></span> <span class='ocrx_word' id='word_1_776' title='bbox 3125 3906 3354 3958; x_wconf 87' lang='lat' dir='ltr'><strong><em>mortuis.</em></strong></span> <span class='ocrx_word' id='word_1_777' title='bbox 3384 3906 3566 3962; x_wconf 83' lang='lat' dir='ltr'><strong><em>Vidisti</em></strong></span> <span class='ocrx_word' id='word_1_778' title='bbox 3588 3909 3747 3963; x_wconf 85' lang='lat' dir='ltr'><strong><em>simul</em></strong></span> <span class='ocrx_word' id='word_1_779' title='bbox 3769 3911 3974 3975; x_wconf 85' lang='lat' dir='ltr'><strong><em>Omnia,</em></strong></span> 
     </span>
    </p>
   </div>
   <div class='ocr_carea' id='block_1_98' title="bbox 2403 3994 3975 4062">
    <p class='ocr_par' dir='ltr' id='par_1_98' title="bbox 2403 3994 3975 4062">
     <span class='ocr_line' id='line_1_98' title="bbox 2403 3994 3975 4062; baseline 0.004 -16"><span class='ocrx_word' id='word_1_780' title='bbox 2403 3994 2873 4058; x_wconf 85' lang='lat' dir='ltr'><strong><em>resurrectionem,</em></strong></span> <span class='ocrx_word' id='word_1_781' title='bbox 2904 3994 3294 4062; x_wconf 87' lang='lat' dir='ltr'><strong><em>ascensionem,</em></strong></span> <span class='ocrx_word' id='word_1_782' title='bbox 3337 3997 3627 4052; x_wconf 87' lang='lat' dir='ltr'><strong><em>secundum</em></strong></span> <span class='ocrx_word' id='word_1_783' title='bbox 3668 3999 3975 4061; x_wconf 86' lang='lat' dir='ltr'><strong><em>adventum.</em></strong></span> 
     </span>
    </p>
   </div>
   <div class='ocr_carea' id='block_1_99' title="bbox 2400 4081 3974 4157">
    <p class='ocr_par' dir='ltr' id='par_1_99' title="bbox 2400 4081 3974 4157">
     <span class='ocr_line' id='line_1_99' title="bbox 2400 4081 3974 4157; baseline 0.003 -20"><span class='ocrx_word' id='word_1_784' title='bbox 2400 4081 2681 4152; x_wconf 85' lang='lat' dir='ltr'><strong><em>judicium,</em></strong></span> <span class='ocrx_word' id='word_1_785' title='bbox 2707 4084 2972 4151; x_wconf 86' lang='lat' dir='ltr'><strong><em>jnstorum</em></strong></span> <span class='ocrx_word' id='word_1_786' title='bbox 2998 4086 3501 4154; x_wconf 84' lang='lat' dir='ltr'><strong><em>remunerationem,</em></strong></span> <span class='ocrx_word' id='word_1_787' title='bbox 3544 4088 3808 4142; x_wconf 76' lang='lat' dir='ltr'><strong><em>mulorum</em></strong></span> <span class='ocrx_word' id='word_1_788' title='bbox 3853 4105 3974 4157; x_wconf 86' lang='lat' dir='ltr'><strong><em>sup-</em></strong></span> 
     </span>
    </p>
   </div>
   <div class='ocr_carea' id='block_1_100' title="bbox 2406 4174 3974 4246">
    <p class='ocr_par' dir='ltr' id='par_1_100' title="bbox 2406 4174 3974 4246">
     <span class='ocr_line' id='line_1_100' title="bbox 2406 4174 3974 4246; baseline 0.004 -18"><span class='ocrx_word' id='word_1_789' title='bbox 2406 4174 2659 4244; x_wconf 83' lang='lat' dir='ltr'><strong><em>plicium?</em></strong></span> <span class='ocrx_word' id='word_1_790' title='bbox 2685 4174 2883 4240; x_wconf 77' lang='lat' dir='ltr'><strong><em>Jesunt,</em></strong></span> <span class='ocrx_word' id='word_1_791' title='bbox 2914 4177 3104 4246; x_wconf 87' lang='lat' dir='ltr'><strong><em>inquit,</em></strong></span> <span class='ocrx_word' id='word_1_792' title='bbox 3127 4179 3211 4246; x_wconf 87' lang='lat' dir='ltr'><strong><em>qui</em></strong></span> <span class='ocrx_word' id='word_1_793' title='bbox 3239 4195 3330 4232; x_wconf 85' lang='lat' dir='ltr'><strong><em>nos</em></strong></span> <span class='ocrx_word' id='word_1_794' title='bbox 3355 4179 3540 4246; x_wconf 85' lang='lat' dir='ltr'><strong><em>eripuit</em></strong></span> <span class='ocrx_word' id='word_1_795' title='bbox 3563 4180 3628 4233; x_wconf 83' lang='lat' dir='ltr'><strong><em>ab</em></strong></span> <span class='ocrx_word' id='word_1_796' title='bbox 3647 4181 3724 4233; x_wconf 86' lang='lat' dir='ltr'><strong><em>ira</em></strong></span> <span class='ocrx_word' id='word_1_797' title='bbox 3750 4192 3974 4235; x_wconf 79' lang='lat' dir='ltr'><strong><em>uentura.</em></strong></span> 
     </span>
    </p>
   </div>
   <div class='ocr_carea' id='block_1_101' title="bbox 2408 4264 3973 4333">
    <p class='ocr_par' dir='ltr' id='par_1_101' title="bbox 2408 4264 3973 4333">
     <span class='ocr_line' id='line_1_101' title="bbox 2408 4264 3973 4333; baseline 0.002 -14"><span class='ocrx_word' id='word_1_798' title='bbox 2408 4264 2474 4319; x_wconf 79' lang='lat' dir='ltr'><strong><em>Et</em></strong></span> <span class='ocrx_word' id='word_1_799' title='bbox 2505 4264 2608 4320; x_wconf 88' lang='lat' dir='ltr'><strong><em>hoc</em></strong></span> <span class='ocrx_word' id='word_1_800' title='bbox 2636 4274 2720 4320; x_wconf 89' lang='lat' dir='ltr'><strong><em>est</em></strong></span> <span class='ocrx_word' id='word_1_801' title='bbox 2758 4265 2867 4321; x_wconf 88' lang='lat' dir='ltr'><strong><em>illis</em></strong></span> <span class='ocrx_word' id='word_1_802' title='bbox 2905 4267 3176 4333; x_wconf 86' lang='lat' dir='ltr'><strong><em>solatium,</em></strong></span> <span class='ocrx_word' id='word_1_803' title='bbox 3218 4268 3515 4323; x_wconf 81' lang='lat' dir='ltr'><strong><em>consolatio</em></strong></span> <span class='ocrx_word' id='word_1_804' title='bbox 3556 4279 3612 4324; x_wconf 89' lang='lat' dir='ltr'><strong><em>et</em></strong></span> <span class='ocrx_word' id='word_1_805' title='bbox 3654 4269 3973 4324; x_wconf 85' lang='lat' dir='ltr'><strong><em>adhortatio.</em></strong></span> 
     </span>
    </p>
   </div>
   <div class='ocr_carea' id='block_1_102' title="bbox 2406 4357 3994 4425">
    <p class='ocr_par' dir='ltr' id='par_1_102' title="bbox 2406 4357 3994 4425">
     <span class='ocr_line' id='line_1_102' title="bbox 2406 4357 3994 4425; baseline 0 -13"><span class='ocrx_word' id='word_1_806' title='bbox 2406 4357 2538 4414; x_wconf 73' lang='lat' dir='ltr'><strong><em>Nam</em></strong></span> <span class='ocrx_word' id='word_1_807' title='bbox 2581 4359 2626 4413; x_wconf 85' lang='lat' dir='ltr'><strong><em>si</em></strong></span> <span class='ocrx_word' id='word_1_808' title='bbox 2657 4359 2908 4414; x_wconf 85' lang='lat' dir='ltr'><strong><em>excitavit</em></strong></span> <span class='ocrx_word' id='word_1_809' title='bbox 2947 4375 2979 4414; x_wconf 90' lang='lat' dir='ltr'><strong><em>e</em></strong></span> <span class='ocrx_word' id='word_1_810' title='bbox 3010 4359 3252 4424; x_wconf 89' lang='lat' dir='ltr'><strong><em>mortuis,</em></strong></span> <span class='ocrx_word' id='word_1_811' title='bbox 3281 4369 3338 4413; x_wconf 91' lang='lat' dir='ltr'><strong><em>et</em></strong></span> <span class='ocrx_word' id='word_1_812' title='bbox 3379 4369 3461 4414; x_wconf 88' lang='lat' dir='ltr'><strong><em>est</em></strong></span> <span class='ocrx_word' id='word_1_813' title='bbox 3491 4361 3541 4413; x_wconf 91' lang='lat' dir='ltr'><strong><em>in</em></strong></span> <span class='ocrx_word' id='word_1_814' title='bbox 3570 4362 3720 4425; x_wconf 64' lang='lat' dir='ltr'><strong><em>caelo,</em></strong></span> <span class='ocrx_word' id='word_1_815' title='bbox 3754 4371 3813 4417; x_wconf 91' lang='lat' dir='ltr'><strong><em>et</em></strong></span> <span class='ocrx_word' id='word_1_816' title='bbox 3839 4361 3994 4415; x_wconf 71' lang='lat' dir='ltr'><strong><em>illinc.</em></strong></span> 
     </span>
    </p>
   </div>
   <div class='ocr_carea' id='block_1_103' title="bbox 2408 4450 3977 4520">
    <p class='ocr_par' dir='ltr' id='par_1_103' title="bbox 2408 4450 3977 4520">
     <span class='ocr_line' id='line_1_103' title="bbox 2408 4450 3977 4520; baseline 0.002 -17"><span class='ocrx_word' id='word_1_817' title='bbox 2408 4461 2662 4504; x_wconf 87' lang='lat' dir='ltr'><strong><em>venturus</em></strong></span> <span class='ocrx_word' id='word_1_818' title='bbox 2689 4459 2772 4505; x_wconf 89' lang='lat' dir='ltr'><strong><em>est</em></strong></span> <span class='ocrx_word' id='word_1_819' title='bbox 2799 4451 2888 4520; x_wconf 90' lang='lat' dir='ltr'><strong><em>(ct</em></strong></span> <span class='ocrx_word' id='word_1_820' title='bbox 2907 4450 3246 4515; x_wconf 85' lang='lat' dir='ltr'><strong><em>credidistis;</em></strong></span> <span class='ocrx_word' id='word_1_821' title='bbox 3278 4450 3378 4505; x_wconf 91' lang='lat' dir='ltr'><strong><em>nisi</em></strong></span> <span class='ocrx_word' id='word_1_822' title='bbox 3407 4451 3550 4505; x_wconf 89' lang='lat' dir='ltr'><strong><em>enim</em></strong></span> <span class='ocrx_word' id='word_1_823' title='bbox 3595 4466 3691 4505; x_wconf 88' lang='lat' dir='ltr'><strong><em>vos</em></strong></span> <span class='ocrx_word' id='word_1_824' title='bbox 3731 4452 3822 4506; x_wconf 87' lang='lat' dir='ltr'><strong><em>illa</em></strong></span> <span class='ocrx_word' id='word_1_825' title='bbox 3867 4467 3977 4506; x_wconf 83' lang='lat' dir='ltr'><strong><em>cre-</em></strong></span> 
     </span>
    </p>
   </div>
   <div class='ocr_carea' id='block_1_104' title="bbox 2408 4540 3978 4611">
    <p class='ocr_par' dir='ltr' id='par_1_104' title="bbox 2408 4540 3978 4611">
     <span class='ocr_line' id='line_1_104' title="bbox 2408 4540 3978 4611; baseline 0 -17"><span class='ocrx_word' id='word_1_826' title='bbox 2408 4540 2679 4597; x_wconf 89' lang='lat' dir='ltr'><strong><em>didissetis</em></strong></span> <span class='ocrx_word' id='word_1_827' title='bbox 2705 4580 2720 4607; x_wconf 95' lang='lat'><strong><em>,</em></strong></span> <span class='ocrx_word' id='word_1_828' title='bbox 2767 4556 2871 4594; x_wconf 92' lang='lat' dir='ltr'><strong><em>non</em></strong></span> <span class='ocrx_word' id='word_1_829' title='bbox 2911 4541 3102 4596; x_wconf 87' lang='lat' dir='ltr'><strong><em>essetis</em></strong></span> <span class='ocrx_word' id='word_1_830' title='bbox 3132 4551 3238 4595; x_wconf 89' lang='lat' dir='ltr'><strong><em>tam</em></strong></span> <span class='ocrx_word' id='word_1_831' title='bbox 3283 4541 3447 4595; x_wconf 88' lang='lat' dir='ltr'><strong><em>multa</em></strong></span> <span class='ocrx_word' id='word_1_832' title='bbox 3496 4541 3754 4611; x_wconf 81' lang='lat' dir='ltr'><strong><em>perpessi)</em></strong></span> <span class='ocrx_word' id='word_1_833' title='bbox 3804 4561 3816 4596; x_wconf 94' lang='lat'>:</span> <span class='ocrx_word' id='word_1_834' title='bbox 3863 4552 3978 4595; x_wconf 88' lang='lat' dir='ltr'><strong><em>sunt</em></strong></span> 
     </span>
    </p>
   </div>
   <div class='ocr_carea' id='block_1_105' title="bbox 2410 4631 3978 4704">
    <p class='ocr_par' dir='ltr' id='par_1_105' title="bbox 2410 4631 3978 4704">
     <span class='ocr_line' id='line_1_105' title="bbox 2410 4631 3978 4704; baseline -0.001 -18"><span class='ocrx_word' id='word_1_835' title='bbox 2410 4631 2526 4686; x_wconf 80' lang='lat' dir='ltr'><strong><em>luce</em></strong></span> <span class='ocrx_word' id='word_1_836' title='bbox 2567 4647 2778 4702; x_wconf 89' lang='lat' dir='ltr'><strong><em>quoque</em></strong></span> <span class='ocrx_word' id='word_1_837' title='bbox 2822 4631 3091 4693; x_wconf 76' lang='lat' dir='ltr'><strong><em>sufﬁciens</em></strong></span> <span class='ocrx_word' id='word_1_838' title='bbox 3131 4632 3446 4686; x_wconf 86' lang='lat' dir='ltr'><strong><em>consolatio.</em></strong></span> <span class='ocrx_word' id='word_1_839' title='bbox 3481 4632 3607 4698; x_wconf 91' lang='lat' dir='ltr'><strong><em>Isti,</em></strong></span> <span class='ocrx_word' id='word_1_840' title='bbox 3639 4635 3851 4704; x_wconf 90' lang='lat' dir='ltr'><strong><em>inquit,</em></strong></span> <span class='ocrx_word' id='word_1_841' title='bbox 3892 4635 3978 4688; x_wconf 83' lang='lat' dir='ltr'><strong><em>da-</em></strong></span> 
     </span>
    </p>
   </div>
   <div class='ocr_carea' id='block_1_106' title="bbox 2411 4721 3980 4795">
    <p class='ocr_par' dir='ltr' id='par_1_106' title="bbox 2411 4721 3980 4795">
     <span class='ocr_line' id='line_1_106' title="bbox 2411 4721 3980 4795; baseline 0.001 -19"><span class='ocrx_word' id='word_1_842' title='bbox 2411 4721 2543 4776; x_wconf 83' lang='lat' dir='ltr'><strong><em>bunt</em></strong></span> <span class='ocrx_word' id='word_1_843' title='bbox 2583 4738 2768 4791; x_wconf 72' lang='lat' dir='ltr'><strong><em>pmnas</em></strong></span> <span class='ocrx_word' id='word_1_844' title='bbox 2801 4723 2818 4791; x_wconf 95' lang='lat'><strong>(</strong></span> <span class='ocrx_word' id='word_1_845' title='bbox 2846 4722 2986 4791; x_wconf 90' lang='lat' dir='ltr'><strong><em>quod</em></strong></span> <span class='ocrx_word' id='word_1_846' title='bbox 3017 4723 3229 4792; x_wconf 84' lang='lat' dir='ltr'><strong><em>quidem</em></strong></span> <span class='ocrx_word' id='word_1_847' title='bbox 3257 4725 3310 4777; x_wconf 92' lang='lat' dir='ltr'><strong><em>in</em></strong></span> <span class='ocrx_word' id='word_1_848' title='bbox 3339 4726 3570 4779; x_wconf 87' lang='lat' dir='ltr'><strong><em>secunda</em></strong></span> <span class='ocrx_word' id='word_1_849' title='bbox 3614 4741 3829 4795; x_wconf 86' lang='lat' dir='ltr'><strong><em>quoque</em></strong></span> <span class='ocrx_word' id='word_1_850' title='bbox 3859 4727 3980 4780; x_wconf 84' lang='lat' dir='ltr'><strong><em>dicit</em></strong></span> 
     </span>
    </p>
   </div>
   <div class='ocr_carea' id='block_1_107' title="bbox 2411 4811 3983 4884">
    <p class='ocr_par' dir='ltr' id='par_1_107' title="bbox 2411 4811 3983 4884">
     <span class='ocr_line' id='line_1_107' title="bbox 2411 4811 3983 4884; baseline 0.002 -17"><span class='ocrx_word' id='word_1_851' title='bbox 2411 4813 2629 4881; x_wconf 78' lang='lat' dir='ltr'><strong><em>epistola</em></strong></span> <span class='ocrx_word' id='word_1_852' title='bbox 2659 4811 2809 4884; x_wconf 85' lang='lat' dir='ltr'><strong><em>[Cap.</em></strong></span> <span class='ocrx_word' id='word_1_853' title='bbox 2837 4815 2884 4867; x_wconf 86' lang='lat' dir='ltr'><strong><em>l.</em></strong></span> <span class='ocrx_word' id='word_1_854' title='bbox 2902 4829 2948 4866; x_wconf 74' lang='grc' dir='ltr'><strong>υ.</strong></span> <span class='ocrx_word' id='word_1_855' title='bbox 2965 4813 3064 4884; x_wconf 82' lang='grc'><strong>9]).</strong></span> <span class='ocrx_word' id='word_1_856' title='bbox 3105 4813 3166 4867; x_wconf 79' lang='lat' dir='ltr'><strong><em>Et</em></strong></span> <span class='ocrx_word' id='word_1_857' title='bbox 3190 4814 3408 4867; x_wconf 83' lang='lat' dir='ltr'><strong><em>alienam</em></strong></span> <span class='ocrx_word' id='word_1_858' title='bbox 3435 4832 3518 4869; x_wconf 78' lang='lat' dir='ltr'><strong><em>eos</em></strong></span> <span class='ocrx_word' id='word_1_859' title='bbox 3548 4817 3787 4870; x_wconf 78' lang='lat' dir='ltr'><strong><em>habebitis</em></strong></span> <span class='ocrx_word' id='word_1_860' title='bbox 3814 4833 3983 4870; x_wconf 81' lang='lat' dir='ltr'><strong><em>conso-</em></strong></span> 
     </span>
    </p>
   </div>
   <div class='ocr_carea' id='block_1_108' title="bbox 2413 4903 3984 4976">
    <p class='ocr_par' dir='ltr' id='par_1_108' title="bbox 2413 4903 3984 4976">
     <span class='ocr_line' id='line_1_108' title="bbox 2413 4903 3984 4976; baseline 0.002 -20"><span class='ocrx_word' id='word_1_861' title='bbox 2413 4904 2649 4957; x_wconf 85' lang='lat' dir='ltr'><strong><em>lationem</em></strong></span> <span class='ocrx_word' id='word_1_862' title='bbox 2668 4921 2767 4956; x_wconf 83' lang='lat' dir='ltr'><strong><em>non</em></strong></span> <span class='ocrx_word' id='word_1_863' title='bbox 2798 4920 3027 4972; x_wconf 75' lang='lat' dir='ltr'><strong><em>part-ant.</em></strong></span> <span class='ocrx_word' id='word_1_864' title='bbox 3056 4903 3117 4957; x_wconf 84' lang='lat' dir='ltr'><strong><em>Et</em></strong></span> <span class='ocrx_word' id='word_1_865' title='bbox 3147 4917 3202 4956; x_wconf 88' lang='lat' dir='ltr'><strong><em>ut</em></strong></span> <span class='ocrx_word' id='word_1_866' title='bbox 3227 4907 3537 4974; x_wconf 69' lang='lat' dir='ltr'><strong><em>exspectetis,</em></strong></span> <span class='ocrx_word' id='word_1_867' title='bbox 3567 4906 3750 4974; x_wconf 84' lang='lat' dir='ltr'><strong><em>inquit,</em></strong></span> <span class='ocrx_word' id='word_1_868' title='bbox 3778 4907 3939 4976; x_wconf 76' lang='lat' dir='ltr'><strong><em>[ilium</em></strong></span> <span class='ocrx_word' id='word_1_869' title='bbox 3960 4923 3984 4959; x_wconf 84' lang='lat' dir='ltr'><strong><em>c</em></strong></span> 
     </span>
    </p>
   </div>
   <div class='ocr_carea' id='block_1_109' title="bbox 2412 4996 3986 5066">
    <p class='ocr_par' dir='ltr' id='par_1_109' title="bbox 2412 4996 3986 5066">
     <span class='ocr_line' id='line_1_109' title="bbox 2412 4996 3986 5066; baseline 0.002 -18"><span class='ocrx_word' id='word_1_870' title='bbox 2412 4996 2590 5058; x_wconf 77' lang='lat' dir='ltr'><strong><em>cwlis;</em></strong></span> <span class='ocrx_word' id='word_1_871' title='bbox 2625 4996 2912 5049; x_wconf 82' lang='lat' dir='ltr'><strong><em>ostendens</em></strong></span> <span class='ocrx_word' id='word_1_872' title='bbox 2937 5010 2998 5048; x_wconf 86' lang='lat' dir='ltr'><strong><em>ea</em></strong></span> <span class='ocrx_word' id='word_1_873' title='bbox 3037 5011 3154 5064; x_wconf 77' lang='lat' dir='ltr'><strong><em>qua:</em></strong></span> <span class='ocrx_word' id='word_1_874' title='bbox 3179 5005 3298 5048; x_wconf 91' lang='lat' dir='ltr'><strong><em>sunt</em></strong></span> <span class='ocrx_word' id='word_1_875' title='bbox 3325 4996 3501 5066; x_wconf 81' lang='lat' dir='ltr'><strong><em>gravia</em></strong></span> <span class='ocrx_word' id='word_1_876' title='bbox 3531 5007 3584 5051; x_wconf 90' lang='lat' dir='ltr'><strong><em>et</em></strong></span> <span class='ocrx_word' id='word_1_877' title='bbox 3621 5012 3833 5065; x_wconf 85' lang='lat' dir='ltr'><strong><em>aspera,</em></strong></span> <span class='ocrx_word' id='word_1_878' title='bbox 3873 5012 3986 5051; x_wconf 86' lang='lat' dir='ltr'><strong><em>esse</em></strong></span> 
     </span>
    </p>
   </div>
   <div class='ocr_carea' id='block_1_110' title="bbox 2420 5083 3985 5156">
    <p class='ocr_par' dir='ltr' id='par_1_110' title="bbox 2420 5083 3985 5156">
     <span class='ocr_line' id='line_1_110' title="bbox 2420 5083 3985 5156; baseline 0.001 -19"><span class='ocrx_word' id='word_1_879' title='bbox 2420 5084 2471 5137; x_wconf 93' lang='lat' dir='ltr'><strong><em>in</em></strong></span> <span class='ocrx_word' id='word_1_880' title='bbox 2521 5085 2783 5150; x_wconf 86' lang='lat' dir='ltr'><strong><em>manibus,</em></strong></span> <span class='ocrx_word' id='word_1_881' title='bbox 2818 5084 2951 5137; x_wconf 84' lang='lat' dir='ltr'><strong><em>bona</em></strong></span> <span class='ocrx_word' id='word_1_882' title='bbox 2996 5095 3172 5138; x_wconf 78' lang='lat' dir='ltr'><strong><em>autem</em></strong></span> <span class='ocrx_word' id='word_1_883' title='bbox 3218 5083 3269 5137; x_wconf 92' lang='lat' dir='ltr'><strong><em>in</em></strong></span> <span class='ocrx_word' id='word_1_884' title='bbox 3315 5088 3729 5153; x_wconf 85' lang='lat' dir='ltr'><strong><em>exspectatione,</em></strong></span> <span class='ocrx_word' id='word_1_885' title='bbox 3777 5085 3985 5156; x_wconf 84' lang='lat' dir='ltr'><strong><em>quando</em></strong></span> 
     </span>
    </p>
   </div>
   <div class='ocr_carea' id='block_1_111' title="bbox 2413 5159 3976 5246">
    <p class='ocr_par' dir='ltr' id='par_1_111' title="bbox 2413 5159 3976 5246">
     <span class='ocr_line' id='line_1_111' title="bbox 2413 5159 3976 5246; baseline -0.002 -16"><span class='ocrx_word' id='word_1_886' title='bbox 2413 5174 2657 5230; x_wconf 86' lang='lat' dir='ltr'><strong><em>Christus</em></strong></span> <span class='ocrx_word' id='word_1_887' title='bbox 2703 5175 2881 5228; x_wconf 87' lang='lat' dir='ltr'><strong><em>veniet</em></strong></span> <span class='ocrx_word' id='word_1_888' title='bbox 2918 5189 2950 5229; x_wconf 88' lang='lat' dir='ltr'><strong><em>e</em></strong></span> <span class='ocrx_word' id='word_1_889' title='bbox 2993 5175 3162 5229; x_wconf 64' lang='lat' dir='ltr'><strong><em>cu&#39;lis.</em></strong></span> <span class='ocrx_word' id='word_1_890' title='bbox 3197 5175 3328 5229; x_wconf 72' lang='lat' dir='ltr'><strong><em>Vide</em></strong></span> <span class='ocrx_word' id='word_1_891' title='bbox 3374 5159 3570 5244; x_wconf 73' lang='lat' dir='ltr'><strong><em>quanta</em></strong></span> <span class='ocrx_word' id='word_1_892' title='bbox 3596 5191 3688 5245; x_wconf 84' lang='lat' dir='ltr'><strong><em>spe</em></strong></span> <span class='ocrx_word' id='word_1_893' title='bbox 3717 5177 3789 5230; x_wconf 88' lang='lat' dir='ltr'><strong><em>sit</em></strong></span> <span class='ocrx_word' id='word_1_894' title='bbox 3816 5191 3976 5246; x_wconf 86' lang='lat' dir='ltr'><strong><em>opus,</em></strong></span> 
     </span>
    </p>
   </div>
   <div class='ocr_carea' id='block_1_112' title="bbox 2415 5264 3990 5334">
    <p class='ocr_par' dir='ltr' id='par_1_112' title="bbox 2415 5264 3990 5334">
     <span class='ocr_line' id='line_1_112' title="bbox 2415 5264 3990 5334; baseline 0.003 -18"><span class='ocrx_word' id='word_1_895' title='bbox 2415 5266 2556 5334; x_wconf 87' lang='lat' dir='ltr'><strong><em>quod</em></strong></span> <span class='ocrx_word' id='word_1_896' title='bbox 2605 5266 2846 5320; x_wconf 79' lang='lat' dir='ltr'><strong><em>Christus</em></strong></span> <span class='ocrx_word' id='word_1_897' title='bbox 2903 5264 2954 5318; x_wconf 90' lang='lat' dir='ltr'><strong><em>in</em></strong></span> <span class='ocrx_word' id='word_1_898' title='bbox 2991 5279 3202 5317; x_wconf 86' lang='lat' dir='ltr'><strong><em>crucem</em></strong></span> <span class='ocrx_word' id='word_1_899' title='bbox 3262 5274 3448 5328; x_wconf 86' lang='lat' dir='ltr'><strong><em>actus,</em></strong></span> <span class='ocrx_word' id='word_1_900' title='bbox 3478 5266 3547 5318; x_wconf 90' lang='lat' dir='ltr'><strong><em>sit</em></strong></span> <span class='ocrx_word' id='word_1_901' title='bbox 3597 5265 3888 5319; x_wconf 82' lang='lat' dir='ltr'><strong><em>suscitatus</em></strong></span> <span class='ocrx_word' id='word_1_902' title='bbox 3938 5278 3990 5320; x_wconf 89' lang='lat' dir='ltr'><strong><em>et</em></strong></span> 
     </span>
    </p>
   </div>
   <div class='ocr_carea' id='block_1_113' title="bbox 2418 5356 3986 5426">
    <p class='ocr_par' dir='ltr' id='par_1_113' title="bbox 2418 5356 3986 5426">
     <span class='ocr_line' id='line_1_113' title="bbox 2418 5356 3986 5426; baseline -0.001 -17"><span class='ocrx_word' id='word_1_903' title='bbox 2418 5367 2722 5426; x_wconf 85' lang='lat' dir='ltr'><strong><em>assumptus</em></strong></span> <span class='ocrx_word' id='word_1_904' title='bbox 2781 5357 2832 5409; x_wconf 92' lang='lat' dir='ltr'><strong><em>in</em></strong></span> <span class='ocrx_word' id='word_1_905' title='bbox 2885 5357 3251 5425; x_wconf 67' lang='lat' dir='ltr'><strong><em>ca-los&#39;,qnod</em></strong></span> <span class='ocrx_word' id='word_1_906' title='bbox 3308 5367 3560 5410; x_wconf 79' lang='lat' dir='ltr'><strong><em>venturus</em></strong></span> <span class='ocrx_word' id='word_1_907' title='bbox 3603 5357 3677 5410; x_wconf 83' lang='lat' dir='ltr'><strong><em>sit</em></strong></span> <span class='ocrx_word' id='word_1_908' title='bbox 3729 5357 3800 5411; x_wconf 86' lang='lat' dir='ltr'><strong><em>ad</em></strong></span> <span class='ocrx_word' id='word_1_909' title='bbox 3847 5356 3986 5425; x_wconf 86' lang='lat' dir='ltr'><strong><em>judi-</em></strong></span> 
     </span>
    </p>
   </div>
   <div class='ocr_carea' id='block_1_114' title="bbox 2417 5443 3988 5515">
    <p class='ocr_par' dir='ltr' id='par_1_114' title="bbox 2417 5443 3988 5515">
     <span class='ocr_line' id='line_1_114' title="bbox 2417 5443 3988 5515; baseline -0.001 -15"><span class='ocrx_word' id='word_1_910' title='bbox 2417 5445 2616 5500; x_wconf 86' lang='lat' dir='ltr'><strong><em>candos</em></strong></span> <span class='ocrx_word' id='word_1_911' title='bbox 2663 5445 2813 5498; x_wconf 86' lang='lat' dir='ltr'><strong><em>vivos</em></strong></span> <span class='ocrx_word' id='word_1_912' title='bbox 2859 5455 2912 5498; x_wconf 87' lang='lat' dir='ltr'><strong><em>et</em></strong></span> <span class='ocrx_word' id='word_1_913' title='bbox 2963 5455 3222 5499; x_wconf 86' lang='lat' dir='ltr'><strong><em>mortuos.</em></strong></span> <span class='ocrx_word' id='word_1_914' title='bbox 3253 5443 3428 5515; x_wconf 86' lang='lat' dir='ltr'><strong><em>(Cap.</em></strong></span> <span class='ocrx_word' id='word_1_915' title='bbox 3458 5444 3542 5514; x_wconf 68' lang='grc' dir='ltr'><strong>ἓ.)</strong></span> <span class='ocrx_word' id='word_1_916' title='bbox 3570 5446 3621 5498; x_wconf 88' lang='grc'><strong><em>1.</em></strong></span> <span class='ocrx_word' id='word_1_917' title='bbox 3657 5443 3795 5498; x_wconf 79' lang='lat' dir='ltr'><strong><em>Nam</em></strong></span> <span class='ocrx_word' id='word_1_918' title='bbox 3825 5457 3872 5500; x_wconf 74' lang='lat' dir='ltr'><strong><em>et</em></strong></span> <span class='ocrx_word' id='word_1_919' title='bbox 3898 5444 3988 5513; x_wconf 88' lang='lat' dir='ltr'><strong><em>ipsi</em></strong></span> 
     </span>
    </p>
   </div>
   <div class='ocr_carea' id='block_1_115' title="bbox 2418 5534 3990 5605">
    <p class='ocr_par' dir='ltr' id='par_1_115' title="bbox 2418 5534 3990 5605">
     <span class='ocr_line' id='line_1_115' title="bbox 2418 5534 3990 5605; baseline -0.002 -16"><span class='ocrx_word' id='word_1_920' title='bbox 2418 5537 2553 5589; x_wconf 86' lang='lat' dir='ltr'><strong><em>scitis</em></strong></span> <span class='ocrx_word' id='word_1_921' title='bbox 2574 5577 2588 5598; x_wconf 95' lang='lat'><strong><em>,</em></strong></span> <span class='ocrx_word' id='word_1_922' title='bbox 2617 5538 2799 5605; x_wconf 78' lang='lat' dir='ltr'><strong><em>fratres</em></strong></span> <span class='ocrx_word' id='word_1_923' title='bbox 2819 5575 2834 5599; x_wconf 92' lang='lat'><strong><em>,</em></strong></span> <span class='ocrx_word' id='word_1_924' title='bbox 2864 5535 3126 5588; x_wconf 81' lang='lat' dir='ltr'><strong><em>introitum</em></strong></span> <span class='ocrx_word' id='word_1_925' title='bbox 3173 5546 3399 5588; x_wconf 81' lang='lat' dir='ltr'><strong><em>nostrum</em></strong></span> <span class='ocrx_word' id='word_1_926' title='bbox 3449 5534 3518 5588; x_wconf 80' lang='lat' dir='ltr'><strong><em>ad</em></strong></span> <span class='ocrx_word' id='word_1_927' title='bbox 3562 5550 3683 5599; x_wconf 78' lang='lat' dir='ltr'><strong><em>vos,</em></strong></span> <span class='ocrx_word' id='word_1_928' title='bbox 3716 5535 3855 5603; x_wconf 83' lang='lat' dir='ltr'><strong><em>quod</em></strong></span> <span class='ocrx_word' id='word_1_929' title='bbox 3896 5549 3990 5587; x_wconf 81' lang='lat' dir='ltr'><strong><em>non</em></strong></span> 
     </span>
    </p>
   </div>
   <div class='ocr_carea' id='block_1_116' title="bbox 2419 5625 3990 5696">
    <p class='ocr_par' dir='ltr' id='par_1_116' title="bbox 2419 5625 3990 5696">
     <span class='ocr_line' id='line_1_116' title="bbox 2419 5625 3990 5696; baseline -0.003 -15"><span class='ocrx_word' id='word_1_930' title='bbox 2419 5627 2585 5683; x_wconf 74' lang='lat' dir='ltr'><strong><em>inanis</em></strong></span> <span class='ocrx_word' id='word_1_931' title='bbox 2625 5626 2756 5696; x_wconf 75' lang='lat' dir='ltr'><strong><em>fuit;</em></strong></span> <span class='ocrx_word' id='word_1_932' title='bbox 2797 5625 2852 5679; x_wconf 75' lang='grc'><strong>2.</strong></span> <span class='ocrx_word' id='word_1_933' title='bbox 2883 5625 2972 5679; x_wconf 81' lang='lat' dir='ltr'><strong><em>sed</em></strong></span> <span class='ocrx_word' id='word_1_934' title='bbox 3017 5635 3135 5678; x_wconf 77' lang='lat' dir='ltr'><strong><em>ante</em></strong></span> <span class='ocrx_word' id='word_1_935' title='bbox 3174 5625 3309 5693; x_wconf 89' lang='lat' dir='ltr'><strong><em>passi</em></strong></span> <span class='ocrx_word' id='word_1_936' title='bbox 3349 5625 3527 5690; x_wconf 82' lang='lat' dir='ltr'><strong><em>multa,</em></strong></span> <span class='ocrx_word' id='word_1_937' title='bbox 3577 5635 3626 5678; x_wconf 90' lang='lat' dir='ltr'><strong><em>et</em></strong></span> <span class='ocrx_word' id='word_1_938' title='bbox 3682 5626 3990 5678; x_wconf 74' lang='lat' dir='ltr'><strong><em>coniumcliis</em></strong></span> 
     </span>
    </p>
   </div>
   <div class='ocr_carea' id='block_1_117' title="bbox 2421 5712 3986 5785">
    <p class='ocr_par' dir='ltr' id='par_1_117' title="bbox 2421 5712 3986 5785">
     <span class='ocr_line' id='line_1_117' title="bbox 2421 5712 3986 5785; baseline -0.005 -12"><span class='ocrx_word' id='word_1_939' title='bbox 2421 5716 2608 5785; x_wconf 70' lang='lat' dir='ltr'><strong><em>aﬂ&#39;ccti,</em></strong></span> <span class='ocrx_word' id='word_1_940' title='bbox 2645 5715 2770 5771; x_wconf 83' lang='lat' dir='ltr'><strong><em>sicut</em></strong></span> <span class='ocrx_word' id='word_1_941' title='bbox 2796 5716 2952 5784; x_wconf 84' lang='lat' dir='ltr'><strong><em>scitis,</em></strong></span> <span class='ocrx_word' id='word_1_942' title='bbox 2979 5715 3032 5770; x_wconf 89' lang='lat' dir='ltr'><strong><em>in</em></strong></span> <span class='ocrx_word' id='word_1_943' title='bbox 3066 5712 3342 5784; x_wconf 74' lang='lat' dir='ltr'><strong><em>Philippis,</em></strong></span> <span class='ocrx_word' id='word_1_944' title='bbox 3369 5713 3610 5785; x_wconf 79' lang='lat' dir='ltr'><strong><em>ﬁduciam</em></strong></span> <span class='ocrx_word' id='word_1_945' title='bbox 3641 5713 3907 5769; x_wconf 81' lang='lat' dir='ltr'><strong><em>habuimus</em></strong></span> <span class='ocrx_word' id='word_1_946' title='bbox 3938 5717 3986 5771; x_wconf 83' lang='lat' dir='ltr'><strong><em>in</em></strong></span> 
     </span>
    </p>
   </div>
  </div>
