4056 6332
95 466 154 520 ut
891 455 958 512 IN
996 452 1213 510 EPIST.
1256 453 1275 508 ι
1334 453 1425 509 AD
1464 445 1614 509 THE!

1707 453 1796 510 \L.
1838 455 1988 513 CAP.
2033 459 2095 515 II.
2139 461 2370 518 ιιοιιιι.
2413 463 2479 519 II.

95 585 166 634 [Iro
185 588 332 631 nostra
352 573 494 640 loqui
523 573 597 627 ad
627 587 710 628 vos
749 570 1060 642 euangelium
1093 569 1183 624 Dei
1212 570 1265 622 in
1288 569 1444 622 ntulta
1469 567 1610 621 solli-

92 672 266 726 libidine.

138 762 176 814 2.
208 761 376 828 Magna
417 757 644 827 quidem
674 765 727 811 et
756 755 1006 826 praeclara
1039 764 1164 810 sunt
1188 769 1306 825 qua:
1333 752 1570 825 gessistis
1596 769 1611 817 ;

93 854 154 907 sed
174 865 250 906 nec
271 865 359 905 nos
385 849 631 902 humano
653 861 898 902 sermone
923 847 1001 901 usi
1029 860 1232 901 sumus.
1262 845 1366 901 Sed
1395 844 1445 900 id
1471 843 1611 916 quod

92 944 288 1011 superius,
317 941 403 994 hic
429 955 647 1011 quoque
672 940 819 1004 dicit,
847 938 986 1009 quod
1015 939 1277 1008 utrimque
1293 937 1614 992 ostendatur

93 1032 211 1099 qualis
241 1032 300 1085 sit
341 1029 658 1099 praedicatio
681 1069 696 1093 ,
728 1039 780 1082 et
809 1044 872 1082 ex
903 1029 1066 1098 signis
1089 1068 1105 1094 ,
1133 1037 1190 1083 et
1217 1044 1281 1082 es
1311 1043 1495 1083 eorum
1521 1027 1610 1098 qui

94 1123 315 1185 pradicant
341 1121 612 1183 instituto,
636 1129 687 1174 et
711 1134 773 1173 ex
805 1119 1014 1174 fervore
1039 1128 1092 1174 et
1117 1119 1293 1173 studio
1317 1134 1500 1174 eorum
1523 1119 1611 1189 qui

91 1212 338 1279 suscipiunt.
367 1209 487 1278 Ipsi
515 1211 679 1273 enim,
714 1210 902 1278 inquit,
933 1209 1072 1262 scitis
1101 1219 1147 1262 et
1177 1218 1403 1262 nostrum
1431 1209 1498 1262 ad
1526 1225 1612 1263 vos

93 1305 284 1355 introiltml
303 1344 317 1365 ,
343 1302 484 1372 quod
513 1319 614 1356 non
643 1302 739 1368 [uit
768 1303 933 1355 inanis
961 1319 978 1356 :
1006 1301 1107 1357 hoc
1136 1311 1254 1366 est,
1288 1317 1394 1356 non
1425 1303 1617 1374 huma:

95 1409 188 1458 nus,
223 1407 380 1463 neque
425 1394 564 1447 Icvis
591 1408 653 1447 ac
677 1395 925 1463 vulgaris.
965 1394 1009 1447 Α
1041 1393 1246 1462 magnis
1271 1394 1412 1449 enim
1441 1395 1609 1463 erepti

97 1488 274 1552 periculis
297 1497 349 1541 et
375 1489 641 1565 mortibus
668 1498 722 1544 et
748 1489 915 1559 plagis
935 1530 950 1555 ,
983 1490 1264 1543 incidimus
1290 1504 1474 1544 rursus
1496 1497 1608 1543 sta-

99 1583 154 1629 tim
176 1579 214 1630 iu
236 1579 484 1646 pericula.
526 1580 633 1634 Sed
661 1591 796 1646 ante,
828 1581 1028 1650 inquit,
1063 1583 1197 1650 passi
1227 1582 1405 1644 multa,
1433 1590 1610 1633 contu-

97 1671 202 1722 milii:
224 1669 396 1735 aﬁ'ecti.
428 1671 563 1724 sicut
591 1672 744 1732 scitis,
775 1673 826 1725 in
858 1671 1133 1740 Philippis,
1162 1672 1402 1741 ﬁduciam
1430 1671 1582 1724 habui
1592 1702 1609 1712 -

94 1773 164 1807 mus
183 1759 222 1809 iu
252 1757 347 1810 Deo
375 1769 576 1814 nostra.
608 1759 767 1814 Vides
795 1760 1062 1830 quomodo
1087 1774 1271 1814 rursus
1303 1769 1468 1814 totum
1500 1761 1608 1815 Deo

93 1851 303 1903 attribuit?
349 1851 429 1904 Ad
470 1852 774 1923 loquendum
801 1893 814 1915 ,
852 1852 1058 1921 inquit,
1091 1853 1159 1905 ad
1185 1868 1270 1905 ecs
1294 1852 1607 1922 evangelium

95 1939 154 1991 Dei
173 1942 212 1992 ia
236 1943 379 1995 multa
403 1942 768 1996 sollicitudine.
804 1944 912 1997 Dici
940 1958 1044 1997 non
1076 1952 1249 2012 potest
1274 1952 1471 2012 quanto
1500 1941 1607 1996 illic

94 2037 125 2083 in
149 2036 341 2101 periculo
367 2035 567 2090 fuimus
587 2078 603 2103 ,
640 2037 723 2090 hic
752 2051 878 2090 vero
909 2051 1012 2089 non
1042 2054 1054 2088 :
1085 2035 1232 2090 scitis
1259 2037 1400 2090 enim
1431 2043 1479 2089 et
1510 2049 1606 2089 vos

93 2135 278 2190 quantum
309 2127 463 2182 fuerit
497 2129 788 2198 perieulum
815 2171 830 2194 ,
860 2143 982 2184 cum
1013 2136 1205 2198 quanta
1249 2127 1606 2184 sollicitudine

95 2217 286 2272 lucrimus
311 2219 444 2290 apud
475 2235 592 2273 vos.
625 2220 775 2286 Quod
806 2220 870 2274 ad
897 2218 1202 2274 Corinthios
1230 2233 1438 2288 quoque
1467 2217 1603 2272 scri-

93 2307 180 2359 bens
200 2309 310 2363 dicit
335 2351 348 2372 ,
381 2309 445 2364 In
477 2311 774 2379 inﬁrmitate
800 2321 844 2365 et
871 2310 1040 2365 labore
1067 2320 1111 2363 et
1141 2311 1193 2363 in
1221 2310 1396 2364 timore
1421 2318 1468 2362 et
1500 2317 1603 2362 tre-

94 2416 186 2453 more
218 2402 356 2456 multo
381 2404 457 2473 {ui
481 2402 625 2472 apud
651 2418 736 2456 eos
761 2403 779 2473 (
804 2403 854 2457 I.
881 2402 1059 2459 (ἔοικε.
1094 2402 1188 2473 5).
1221 2403 1274 2456 5.
1307 2400 1604 2454 Exhortatio

92 2493 182 2543 nam
204 2504 350 2546 nostra
378 2511 479 2549 non
505 2496 568 2548 de
590 2511 778 2557 errore,
808 2511 966 2563 neque
993 2495 1056 2547 de
1083 2492 1421 2557 immunditia,
1449 2506 1606 2556 neque

93 2583 126 2634 in
147 2585 266 2648 dolo;
289 2587 334 2638 ι.
360 2586 446 2640 sed
469 2587 602 2640 sicut
632 2585 826 2654 probati
857 2601 1028 2638 sumus
1054 2601 1084 2636 a
1109 2583 1212 2637 Deo
1241 2593 1294 2636 ut
1321 2581 1604 2636 crederetur

94 2674 198 2727 nobis
220 2681 501 2748 erangelium
526 2720 540 2740 ,
581 2679 653 2730 ita
695 2678 948 2745 loquimur
971 2717 984 2738 ,
1018 2693 1116 2729 non
1147 2677 1291 2747 quasi
1319 2675 1605 2729 hominibus

101 2770 308 2834 placentes,
326 2773 406 2824 sed
433 2770 540 2825 Deo
561 2771 645 2840 qui
670 2773 846 2841 probat
866 2771 1020 2824 corda
1041 2781 1232 2823 nostra.
1256 2769 1417 2824 Vides
1436 2771 1599 2839 quod,

101 2856 203 2908 sicut
237 2859 353 2925 dixi,
391 2877 454 2914 ex
499 2876 687 2915 eorum
721 2861 965 2914 instantia
996 2862 1158 2915 sumit
1186 2871 1556 2931 argumentum
1582 2902 1598 2928 ,

96 2947 199 3012 quod
217 2948 366 3003 divina
393 2953 461 3004 sit
486 2951 811 3020 przedicatio.
841 2951 968 3004 Nam
997 2952 1040 3006 si
1072 2952 1172 3006 hoc
1197 2968 1301 3006 non
1324 2952 1394 3006 ita
1416 2962 1559 3007 esset
1585 2993 1597 3015 .

93 3039 121 3088 si
143 3049 254 3094 esset
279 3041 532 3111 ileeeptio,
555 3057 658 3096 non
693 3051 798 3095 tam
829 3043 991 3096 multa
1025 3043 1163 3111 passi
1195 3057 1437 3098 essemus
1462 3043 1604 3112 peri-

92 3130 202 3192 mla,
230 3146 339 3199 qua:
368 3148 432 3186 ne
465 3132 825 3188 concedebant
865 3132 1079 3202 quidem
1110 3141 1167 3187 ιιι
1192 3134 1597 3202 respiraremus.

93 3222 303 3285 Quidnam
332 3233 410 3277 est
435 3226 587 3294 ergo?
611 3225 664 3280 Si
692 3240 796 3280 non
826 3224 1146 3288 futurorum,
1181 3226 1368 3295 inquit,
1402 3223 1600 3295 aliquid

94 3327 156 3366 nos
189 3313 475 3379 excitaret,
505 3315 546 3369 si
591 3331 689 3369 non
731 3323 1045 3386 persuasum
1087 3317 1243 3372 nobis
1278 3323 1422 3373 esset
1459 3315 1600 3385 quod

94 3401 187 3455 bona
222 3405 285 3457 sit
323 3419 481 3474 spes,
512 3421 613 3460 non
652 3408 720 3461 ita
760 3407 1009 3462 alacriter
1050 3409 1101 3461 in
1146 3410 1398 3462 aerumnis
1427 3409 1601 3463 aliecd

94 3490 339 3550 fuissemus.
380 3495 503 3562 Quis
544 3498 684 3551 enim
725 3497 946 3567 eligeret
990 3512 1087 3567 pro
1117 3498 1182 3551 iis
1212 3513 1330 3569 quas
1364 3498 1450 3552 hic
1479 3507 1604 3552 sunt

96 3593 166 3636 tam
190 3588 331 3641 multa
350 3589 631 3654 sustinere,
654 3601 708 3643 et
730 3589 831 3642 vita
856 3591 1033 3643 vivere
1054 3587 1280 3642 sollicita
1301 3597 1355 3643 et
1375 3588 1604 3645 laborio-

96 3688 132 3726 sa
151 3687 190 3729 et
212 3677 346 3746 plena
365 3679 648 3747 periculis?
671 3681 877 3732 cuinam
901 3679 1040 3733 enim
1066 3679 1422 3748 persuaserint
1439 3679 1463 3731 ?
1479 3693 1600 3733 nam

99 3761 176 3818 hac
196 3767 286 3835 ipsa
307 3784 475 3824 annon
502 3768 771 3824 sufﬁciunt
791 3768 856 3824 ad
881 3768 1268 3838 perturbandos
1289 3768 1599 3838 discipulos,

99 3873 180 3910 nim
205 3872 530 3933 praeceptores
555 3863 770 3917 videant
798 3863 849 3916 in
878 3861 1165 3932 periculis?
1196 3863 1300 3917 Sed
1332 3863 1430 3917 hoc
1453 3864 1603 3918 vobis

104 3962 172 4001 non
191 3951 352 4006 accidit
377 3975 388 4008 :
417 3953 717 4007 Exhortatio
738 3954 870 4008 enim
893 3963 1085 4019 nostra,
1112 3953 1212 4008 hoe
1231 3963 1313 4006 est
1334 3953 1599 4021 doctrina,

109 4051 242 4094 nonest
274 4043 331 4098 dc
369 4061 558 4100 errore.
590 4042 705 4097 Non
737 4051 857 4110 est,
895 4043 1098 4112 inquit,
1128 4059 1215 4098 res
1245 4044 1398 4098 dolus
1430 4059 1603 4114 neque

102 4126 295 4197 deccptio.
325 4147 376 4188 ιιι
399 4139 657 4190 cedamus
688 4151 701 4187 :
735 4149 840 4187 non
867 4142 977 4200 est,
1012 4148 1108 4202 pro
1139 4134 1296 4188 rebus
1321 4135 1522 4189 odiosis
1549 4144 1603 4190 ct

99 4225 386 4292 execrandis,
417 4242 527 4280 non
556 4241 652 4295 pro
679 4224 1170 4295 prtestigiatoribus,
1194 4235 1246 4279 et
1274 4227 1472 4296 magis;
1502 4226 1603 4282 hoc

98 4312 195 4366 enim
225 4318 307 4371 sibi
333 4320 433 4374 \‘ult
465 4319 596 4374 illud
622 4359 636 4382 ,
671 4318 745 4372 De
771 4318 1126 4381 immunditia;
1157 4334 1328 4389 neque
1357 4320 1408 4373 in
1437 4320 1560 4374 dolo
1583 4362 1598 4385 ,

97 4413 219 4471 neque
239 4408 530 4465 affectantes
557 4409 857 4479 imperium,
883 4410 1022 4479 quod
1049 4409 1172 4464 fecit
1195 4409 1470 4476 Theudas;
1497 4410 1604 4466 Sed

95 4494 184 4548 sicin
207 4503 376 4562 probati
400 4519 579 4558 sumus
605 4518 638 4555 a
663 4501 800 4566 Deo,
830 4511 885 4555 ut
915 4503 1197 4556 crederetur
1224 4504 1363 4557 nobis
1393 4519 1603 4572 evange-

96 4586 196 4654 lium,
220 4592 280 4644 ita
305 4595 570 4664 loquimur,
588 4588 702 4647 non
729 4595 871 4663 quasi
898 4595 1181 4648 hominibus
1211 4594 1483 4663 placentes,
1513 4595 1602 4650 sed

99 4674 183 4735 Deo.
213 4684 348 4740 Vides
372 4686 513 4757 quod
546 4702 651 4741 non
683 4687 753 4739 sit
787 4685 959 4739 inanis
987 4685 1193 4754 gloria?
1221 4685 1326 4740 Sed
1353 4684 1481 4749 Deo,
1515 4686 1599 4740 in-

97 4770 187 4833 ιιιῐι.
208 4775 279 4842 qui
303 4777 470 4845 probat
498 4777 654 4830 corda
679 4784 868 4829 nostra.
899 4774 1061 4840 Nihil,
1095 4775 1282 4844 inquit,
1311 4775 1517 4844 agimus
1546 4783 1604 4830 ut

98 4854 332 4920 hominibus
373 4869 678 4935 placeamus
702 4884 714 4918 :
739 4880 969 4934 quanam
1013 4866 1152 4920 enim
1189 4865 1256 4920 de
1295 4881 1452 4920 causa
1498 4861 1605 4922 hoc.

97 4947 372 5010 fecissemus?
407 4957 642 5019 Deinde,
680 4971 803 5010 eum
845 4971 988 5024 ipsos
1025 4955 1295 5011 laudasset
1331 4955 1560 5011 dicendo
1583 4999 1599 5022 ,

97 5037 174 5095 Non
210 5055 454 5118 tamquam
502 5049 740 5103 volentes
790 5047 1094 5102 hominibus
1147 5048 1396 5118 placere,
1428 5063 1602 5116 neque

97 5129 269 5191 honores
306 5149 605 5209 quau-entes
647 5139 714 5192 ab
762 5137 1098 5201 hominibus;
1150 5138 1461 5208 subiungit:
1495 5139 1602 5194 Sed

97 5224 184 5278 sinu
206 5232 375 5295 probati
399 5247 576 5287 sumus
600 5247 632 5284 α
664 5229 767 5283 Deo
789 5271 803 5290 ,
837 5239 888 5282 ut
912 5231 1195 5283 crederetur
1221 5231 1361 5284 nobis
1387 5249 1600 5302 euange-

96 5311 182 5368 lium
203 5316 302 5372 Dei.
331 5324 403 5378 Ac
429 5325 478 5376 si
507 5322 740 5382 diceret,
769 5319 876 5374 Nisi
923 5336 1021 5375 nos
1049 5320 1284 5375 novisset
1311 5321 1506 5377 liberos
1535 5323 1602 5377 ab

98 5409 196 5461 omni
219 5425 268 5466 re
289 5396 398 5484 qua:
426 5413 496 5467 ad
525 5412 662 5467 hanc
688 5412 846 5466 vitam
876 5411 1126 5481 pertinet,
1155 5426 1262 5465 non
1287 5427 1382 5466 nos
1405 5413 1599 5482 elegis-

98 5504 365 5570 setzquales
402 5518 535 5576 ergo
576 5503 813 5572 probavit
840 5542 855 5565 ,
897 5503 1029 5557 tales
1072 5518 1368 5558 manemus.
1409 5504 1454 5556 Α
1495 5503 1602 5558 Deo

101 5585 241 5642 mirati
261 5609 432 5658 sumus,
463 5593 670 5664 inquit;
696 5591 747 5646 id
773 5601 874 5657 est,
899 5605 996 5646 nos
1024 5592 1285 5660 probavit,
1309 5603 1360 5648 et
1379 5594 1606 5649 credidit

101 5674 208 5731 nobis
226 5686 541 5756 evangelium
566 5701 579 5737 :
601 5693 657 5736 ιιι
680 5697 810 5753 ergo
840 5684 946 5737 Deo
972 5697 1069 5737 nos
1101 5683 1250 5753 probi
1274 5685 1369 5738 visi
1396 5699 1600 5752 sumus,

101 5767 154 5820 Sic
170 5786 424 5834 manemus.
449 5779 662 5834 Nostrae
681 5775 891 5830 virtutis
910 5776 1116 5844 signum
1143 5784 1226 5829 est
1247 5784 1300 5830 et
1319 5791 1604 5846 argumen-

101 5862 207 5925 “"“t
234 5869 354 5934 quod
395 5871 550 5926 nobis
591 5867 663 5922 sit
702 5865 959 5920 creditum
991 5865 1323 5934 evangelium
1363 5870 1450 5922 :si
1480 5870 1607 5939 quid

3195 465 3300 520 4οξ

1718 569 1914 625 malum
1959 572 2143 629 fuisset
2182 575 2234 628 in
2281 576 2434 630 nobis
2458 618 2472 642 ,
2508 576 2646 631 Deus
2675 592 2773 632 nos
2801 593 2904 631 non
2948 577 3297 647 probavisset.

1719 659 1852 715 Illud
1879 673 2088 731 autem,
2119 665 2398 733 Probavit,
2427 666 2516 721 hic
2544 667 2836 736 signiﬁcat,
2867 668 3073 723 Invenit
3103 670 3300 739 probos

1717 759 1771 806 et
1790 752 2049 819 credidit;
2071 770 2200 822 non,
2219 755 2496 811 Scrutatus
2517 768 2598 813 est
2617 777 2631 812 :
2648 773 2746 813 nos
2761 760 2903 814 enim
2925 760 3002 814 sic
3025 759 3299 830 probando

1715 845 1941 914 agimus,
1974 846 2061 900 ille
2090 848 2206 902 sine
2237 849 2326 902 tali
2359 850 2692 918 probatione.
2726 851 2816 906 Sic
2847 867 2975 922 ergo
3006 852 3294 922 loquimur,

1716 945 1774 987 ut
1806 951 1899 1005 par
1925 945 2007 991 est
2031 953 2124 992 eos
2149 940 2237 1008 qui
2269 955 2296 992 a
2333 941 2441 995 Deo
2471 953 2592 995 sunt
2625 943 2851 1011 probati,
2880 951 2934 998 et
2958 943 3146 997 crediti
3174 953 3299 997 sunt

1715 1040 1834 1081 esse
1863 1027 2007 1098 digni
2036 1031 2314 1100 evangelio
2345 1050 2358 1086 :
2388 1042 2437 1087 et
2460 1073 2476 1099 ,
2509 1032 2810 1104 Loquiinur,
2841 1052 2942 1088 non
2964 1037 3108 1105 quasi
3133 1036 3298 1088 homi-

1715 1118 1860 1171 nibus
1884 1119 2173 1188 placentes;
2200 1121 2301 1175 hoe
2326 1131 2408 1177 est
2425 1165 2439 1187 ,
2476 1137 2581 1177 non
2611 1133 2829 1194 propter
2854 1139 2951 1178 vos
2978 1125 3093 1179 huic
3118 1126 3295 1178 omnia

1716 1205 1955 1264 fecimus.
1985 1209 2245 1277 Quoniam
2273 1213 2421 1282 prius
2449 1215 2592 1282 ipsos
2621 1213 2875 1278 laudavit,
2908 1230 2976 1272 ne
3001 1214 3140 1284 quod
3167 1215 3299 1269 dicit

1714 1300 1928 1354 vocaret
1956 1300 2007 1354 in
2034 1303 2413 1371 suspicionem,
2443 1305 2517 1358 ait
2542 1323 2554 1357 :
2582 1305 2632 1360 5.
2668 1304 2844 1375 Neque
2866 1307 2998 1359 enim
3022 1307 3296 1376 aliquando

1713 1392 1904 1461 fuimus
1940 1395 1993 1446 in
2033 1411 2261 1448 sermone
2298 1398 2607 1451 adulationis
2628 1438 2643 1463 ,
2672 1398 2803 1450 sicut
2841 1399 3033 1460 nostis;
3059 1414 3219 1471 itaque
3242 1399 3295 1450 in

1711 1484 1974 1538 occasione
1996 1487 2224 1539 avarities
2247 1503 2267 1540 :
2289 1487 2427 1541 Deus
2455 1490 2592 1542 testis
2617 1497 2691 1541 est
2715 1505 2732 1541 :
2755 1487 2807 1542 6.
2837 1505 2994 1558 neque
3015 1498 3296 1558 querentes
3357 1480 3360 1484 ’

1710 1572 1772 1625 ab
1802 1572 2087 1629 hominibus
2128 1577 2340 1647 gloriam
2366 1619 2380 1640 ,
2413 1594 2572 1647 neque
2599 1593 2630 1630 a
2656 1577 2792 1631 vobis
2812 1618 2825 1639 ,
2859 1595 3017 1647 neque
3043 1578 3106 1632 ab
3136 1579 3252 1631 aliis
3273 1619 3291 1643 ,

1709 1679 1823 1717 cum
1852 1681 2110 1735 possemus
2135 1683 2241 1721 csse
2260 1669 2402 1721 oneri
2425 1677 2680 1736 tamquam
2707 1667 2893 1722 Christi
2917 1668 3150 1737 apostoli.
3185 1666 3268 1721 Ne
3285 1700 3299 1708 -

1708 1770 1805 1825 quc
1827 1757 1959 1810 enim
1987 1758 2258 1827 aliquando
2284 1760 2471 1829 fuimus
2501 1761 2552 1812 in
2578 1775 2807 1813 sermone
2834 1759 3171 1822 adulationis,
3207 1759 3292 1812 iu-

1708 1845 1860 1915 quit:
1887 1846 1987 1902 hoc
2015 1855 2132 1912 est,
2162 1847 2278 1902 Non
2306 1850 2505 1904 adulati
2537 1865 2720 1904 snmns
2743 1891 2758 1908 ,
2791 1849 2931 1920 quod
2962 1849 3175 1919 quidem
3208 1858 3292 1903 est

1708 1951 1892 1992 eorum
1923 1939 2010 2008 qui
2049 1938 2321 2009 decipiunt
2343 1982 2358 2006 ,
2393 1943 2481 2010 qui
2510 1941 2693 1995 volunt
2740 1942 3016 2009 possidere
3041 1949 3094 1996 et
3120 1940 3292 1994 domi-

1707 2037 1889 2084 natum
1931 2029 2192 2084 obtinere.
2234 2031 2347 2086 Non
2392 2041 2566 2101 potest
2589 2032 2694 2087 dici
2721 2032 2859 2102 quod
2892 2033 3089 2087 adulati
3121 2033 3290 2086 simus

1706 2131 1765 2177 ut
1791 2122 2122 2178 dominatum
2147 2123 2498 2186 obtineamus,
2523 2140 2696 2195 neque
2716 2124 2856 2194 quod
2886 2134 3103 2194 prepter
3127 2140 3286 2195 pecu-

1704 2216 1847 2269 niam
1879 2230 1945 2271 eo
1972 2217 2294 2270 venerimus.
2329 2216 2496 2286 Hujus
2522 2218 2622 2282 rei,
2651 2231 2780 2270 sane
2810 2216 3092 2280 cvidentis,
3125 2225 3287 2271 testes

1707 2310 1851 2380 ipsos
1876 2310 2158 2380 compellat
2182 2327 2195 2362 :
2219 2311 2299 2363 An
2329 2309 2527 2363 adulati
2554 2309 2742 2373 simus,
2771 2323 2861 2364 vos
2889 2308 3056 2374 scitis,
3082 2307 3284 2377 inquit:

1704 2402 1846 2472 quod
1878 2412 2057 2455 autem
2087 2417 2191 2455 non
2220 2410 2332 2456 erat
2363 2401 2581 2456 evidens
2605 2442 2620 2464 ,
2651 2415 2716 2454 an
2752 2415 2844 2469 per
2869 2400 3084 2460 modum
3115 2399 3290 2452 avari-

1704 2491 1813 2557 tiae,
1840 2493 2002 2547 Deum
2029 2492 2153 2546 citat
2180 2501 2388 2546 testem.
2417 2490 2593 2558 Neque
2616 2500 2894 2561 qntercnles
2919 2490 2978 2544 ab
3005 2490 3288 2544 hominibus

1702 2582 1918 2654 gloriam
1938 2624 1953 2648 ,
1983 2599 2137 2651 neque
2161 2598 2193 2634 a
2228 2581 2393 2649 robis,
2424 2597 2581 2650 neque
2609 2582 2671 2634 ab
2697 2582 2852 2644 aliis;
2883 2597 2996 2635 cum
3029 2597 3287 2650 possemus

1704 2690 1810 2728 esse
1836 2672 1978 2726 oneri
1999 2713 2014 2738 ,
2044 2682 2298 2740 tamquam
2325 2671 2510 2726 Christi
2537 2671 2774 2742 apostoli.
2826 2672 2937 2726 IIoc
2961 2681 3078 2735 est,
3112 2685 3285 2739 neque

1704 2764 1936 2820 honores
1957 2772 2277 2834 quaerentes,
2301 2778 2476 2833 neque
2497 2763 2784 2833 gloriantes
2805 2770 2858 2817 et
2879 2777 2976 2816 nos
2997 2761 3278 2830 iactantesc

1703 2871 1804 2912 nec
1826 2856 2005 2926 stipati
2032 2854 2366 2910 satellitibus.
2393 2855 2724 2923 Quamquam
2749 2853 2794 2907 si
2819 2853 2921 2908 hoe
2945 2852 3283 2917 fecissemus,

1703 2947 1834 3002 nihil
1881 2946 2193 3001 fecissemus
2236 2945 2469 3000 alienum
2504 2964 2517 3000 :
2549 2960 2669 2999 nam
2718 2944 2763 2999 si
2802 2944 3019 3015 quidam
3064 2944 3208 2998 missi
3254 2960 3284 2997 a

1702 3037 1955 3104 regibus,
1985 3045 2109 3091 sunt
2153 3046 2326 3090 tamen
2371 3037 2422 3090 in
2466 3036 2705 3101 honore,
2743 3036 2910 3090 multo
2951 3036 3119 3104 magis
3163 3049 3281 3089 nos.

1701 3129 1888 3197 Neque
1918 3128 2082 3191 dixit,
2115 3127 2447 3182 Contumelia
2479 3127 2654 3182 aﬂ‘ecti
2681 3142 2898 3190 sumus,
2932 3143 3103 3197 neque
3123 3167 3138 3191 ,
3170 3126 3284 3180 ιιυ-

1703 3237 1888 3278 norem
1930 3237 2032 3274 non
2072 3235 2257 3274 sumus
2295 3219 2609 3289 consequuti
2633 3263 2646 3283 ,
2679 3218 2820 3288 quod
2851 3219 3062 3289 quidem
3093 3233 3284 3287 expro-

1703 3311 1906 3367 brantis
1945 3309 2162 3374 fuisset;
2193 3309 2284 3363 sed
2307 3351 2322 3374 ,
2355 3309 2466 3363 Non
2499 3310 2861 3378 qumsivimus.
2892 3309 2992 3376 Qui
3020 3325 3146 3378 ergo
3177 3323 3282 3362 non

1703 3402 2066 3472 quaesivimus,
2094 3415 2212 3454 eum
2245 3400 2430 3454 liceret
2456 3415 2718 3468 qttznrere,
2754 3399 2854 3454 hoc
2879 3400 3037 3454 etiam
3068 3399 3288 3468 exigen-

1705 3503 1758 3550 te
1783 3493 2177 3564 prazdicatione,
2205 3491 2473 3560 quomodo
2503 3491 2814 3546 fecissemus
2838 3489 3036 3560 aliquid
3069 3498 3284 3558 pr0ptcr

1702 3586 1963 3657 gloriam?
2005 3585 2335 3654 Quamquam
2377 3585 2585 3639 etiamsi
2615 3583 3045 3653 qumsivissemus
3071 3624 3084 3646 ,
3115 3600 3181 3638 ne
3207 3585 3284 3637 sic

1704 3677 1917 3748 quidem
1947 3689 2187 3730 essemus
2211 3673 2528 3728 accusandi:
2551 3689 2759 3742 :cqnum
2786 3683 2929 3728 esset
2950 3674 3092 3727 enim
3117 3683 3171 3725 nt
3192 3674 3281 3742 qui

1703 3783 1734 3823 a
1764 3767 1872 3822 Deo
1899 3766 2046 3822 missi
2074 3775 2196 3820 sunt
2223 3765 2288 3818 ad
2319 3765 2568 3818 homines
2587 3805 2602 3831 ,
2631 3773 2898 3834 tamquam
2925 3779 2955 3817 a
2982 3763 3115 3818 cmlo
3143 3779 3284 3816 nunc

1704 3860 1980 3915 venientes
2019 3859 2174 3927 legati
2199 3899 2216 3924 ,
2246 3872 2436 3926 magno
2467 3855 2769 3911 fruerentur
2806 3855 3030 3910 honore.
3064 3855 3167 3910 Sed
3201 3855 3283 3908 his

1706 3951 1960 4022 neglectis
2004 3964 2102 4003 nos
2146 3951 2335 4003 horum
2376 3948 2507 4003 nihil
2554 3947 2813 4016 fecimus,
2845 3957 2905 4002 ut
2943 3947 3283 4002 obstruamns

1705 4058 1800 4099 ora
1825 4041 2270 4096 adversariorum.

1777 4136 1830 4190 5.
1871 4133 2053 4203 Neque
2095 4132 2198 4186 dici
2241 4139 2418 4199 potest
2457 4129 2597 4200 quod
2635 4145 2758 4201 erga
2791 4145 2885 4184 vos
2919 4130 3132 4200 quidem
3165 4130 3241 4185 sic
3265 4171 3280 4192 ,

1705 4240 1830 4295 erga
1869 4226 2003 4278 alios
2033 4231 2208 4277 autem
2247 4237 2351 4276 non
2387 4223 2464 4276 sic
2493 4237 2590 4276 nos
2618 4237 2867 4292 geramus
2896 4240 2908 4275 :
2938 4222 3011 4276 ita
3042 4225 3183 4277 enim
3215 4221 3281 4274 ad

1705 4316 2007 4372 Corinthios
2033 4329 2242 4385 quoque
2268 4313 2509 4368 scribens
2533 4314 2744 4368 dicebat
2769 4332 2782 4367 :
2807 4313 3079 4368 Sustinctis
3108 4314 3238 4366 enim
3262 4355 3280 4379 ,

1703 4409 1749 4464 si
1771 4410 1883 4479 quis
1911 4425 1995 4461 vos
2021 4407 2074 4460 in
2099 4407 2381 4460 servitutem
2407 4405 2617 4477 redigit,
2639 4406 2684 4458 si
2709 4406 2821 4475 quis
2847 4407 3049 4459 devorat
3065 4448 3078 4470 ,
3103 4407 3146 4459 si
3171 4406 3283 4475 quis

1704 4500 1924 4570 accipit,
1962 4501 2006 4553 si
2042 4500 2152 4569 quis
2181 4499 2437 4553 extollitur
2458 4539 2474 4564 ,
2516 4499 2560 4552 si
2586 4499 2695 4563 quis
2723 4499 2777 4552 in
2806 4500 2986 4568 [aciem
3021 4514 3107 4552 eos
3134 4498 3283 4551 cadit

1707 4591 1802 4665 (Ξ.
1832 4590 1951 4645 Cor.
1983 4591 2067 4644 ll.
2093 4589 2164 4643 20
2183 4590 2238 4661 );
2271 4599 2325 4644 et
2353 4603 2539 4643 rursus
2561 4628 2578 4655 ,
2611 4587 2889 4642 Pra’sentia
2917 4605 3030 4642 vero
3059 4588 3284 4656 corporis

1705 4684 1940 4751 infirma,
1971 4697 2132 4736 sermo
2160 4679 2545 4750 contemptibilis
2567 4695 2586 4733 :
2610 4688 2665 4734 et
2689 4677 2870 4734 rursus
2889 4720 2904 4746 ,
2938 4679 3134 4733 Donate
3161 4680 3284 4734 mihi

1706 4776 1836 4829 hanc
1861 4774 2098 4843 injuriam
2124 4773 2142 4842 (
2169 4772 2302 4826 Ibid.
2335 4771 2423 4827 10.
2457 4773 2544 4826 I0.
2573 4781 2619 4825 et
2653 4771 2738 4826 I2.
2773 4771 2902 4841 I5).
2931 4771 3041 4826 Illic
3072 4787 3282 4841 quoque

1706 4864 1938 4920 ostendit
1963 4878 2022 4918 se
2046 4863 2199 4917 valde
2219 4877 2338 4917 esse
2363 4862 2640 4924 humilem.
2669 4876 2732 4916 ex
2759 4877 2823 4915 co
2845 4862 2984 4932 quod
3013 4873 3115 4915 tam
3143 4864 3280 4917 mulo

1709 4966 1759 5012 ta
1797 4956 2153 5010 conculcaret.
2201 4954 2296 5008 llic
2335 4964 2511 5009 autem
2553 4953 2684 5007 dicit
2712 4955 2871 5008 etiam
2900 4953 2966 5007 de
2998 4955 3282 5024 pecuniis:

1707 5049 1835 5102 Cum
1882 5063 2137 5117 possemus
2181 5047 2315 5100 vobis
2353 5063 2460 5100 esse
2488 5046 2628 5099 oneri
2665 5055 2718 5097 ut
2745 5045 2934 5099 Christi
2963 5047 3196 5116 apostoli.
3227 5048 3282 5100 '7.

1709 5141 1814 5196 Sed
1839 5139 1961 5210 [acti
1989 5155 2161 5192 sumus
2188 5136 2387 5208 parvuli
2413 5138 2465 5190 in
2494 5136 2656 5190 medio
2683 5146 2897 5189 vestrum
2919 5153 2938 5190 :
2959 5149 3213 5207 tamquam
3241 5138 3286 5191 si

1708 5233 1882 5287 nutris:
1911 5235 2073 5302 foveat
2102 5231 2234 5294 ﬁlios
2259 5245 2399 5295 suos,
2427 5228 2482 5284 8.
2510 5229 2580 5281 ita
2609 5228 2947 5282 desiderantes
2974 5245 3078 5290 vos,
3102 5231 3286 5297 cupide

1708 5323 1992 5379 volebamus
2020 5322 2216 5375 tradere
2240 5320 2395 5382 vobis,
2420 5337 2518 5372 non
2539 5321 2702 5373 solum
2726 5318 3037 5389 evangelium
3061 5319 3175 5382 Dei,
3197 5320 3287 5374 sed

1711 5417 1859 5469 etiam
1901 5415 2097 5466 animas
2140 5421 2338 5464 nostras
2378 5425 2397 5463 :
2420 5410 2659 5480 quoniam
2697 5409 2946 5462 carissimi
2984 5409 3126 5463 nobis
3164 5410 3291 5479 facti

1709 5506 1846 5559 estis.
1882 5503 1986 5558 Sed
2017 5503 2137 5572 [acri
2172 5517 2344 5555 sumus
2367 5541 2381 5564 ,
2416 5500 2584 5569 inquit
2604 5540 2619 5564 ,
2649 5500 2848 5570 parvuli
2875 5514 2894 5554 :
2919 5499 2971 5554 id
2997 5507 3078 5554 est
3100 5540 3115 5565 ,
3143 5498 3286 5553 Nihil

1710 5595 2071 5664 importunum
2097 5633 2113 5656 ,
2145 5591 2274 5645 nihil
2306 5591 2585 5644 molestum
2620 5605 2719 5645 nec
2751 5606 2911 5660 grave
2939 5606 3113 5661 neque
3141 5590 3282 5660 quod

1714 5686 1905 5741 Iastum
1931 5685 2120 5738 haheat
2141 5683 2490 5738 ostendimus.
2525 5683 2656 5737 Illud
2681 5693 2861 5737 autem
2883 5725 2898 5749 ,
2927 5682 2993 5737 In
3018 5683 3180 5736 medio
3205 5699 3286 5735 ce-

1710 5786 1890 5837 strum.
1921 5777 2020 5829 tale
2046 5786 2159 5839 est,
2193 5785 2248 5828 ut
2275 5774 2320 5828 si
2349 5774 2465 5844 quis
2493 5776 2627 5828 dicat
2652 5815 2667 5841 ,
2696 5774 2810 5828 Non
2835 5788 2899 5829 ex
2933 5773 3082 5828 vobis
3112 5773 3282 5826 locum

1713 5877 1767 5924 et
1795 5877 1991 5924 sortem
2023 5865 2350 5936 superiorem
2383 5875 2432 5921 et
2463 5865 2872 5921 eminentiorem
2904 5865 3246 5934 aecipicntes.
