4056 6332
777 485 884 540 ωτι

850 599 1080 654 Doctaris
1105 599 1337 669 oﬁcium.
1365 629 1435 640 —
1463 599 1738 670 Tamquam
1763 603 1807 654 si
1832 601 2006 655 nutrix
2029 601 2190 669 foueat
2210 641 2224 663 ,
2257 598 2340 653 in-

778 689 920 757 quit,
948 689 1080 757 filios
1107 705 1245 744 suos.
1276 689 1349 744 Ita
1381 698 1592 760 oportet
1618 705 1737 745 esse
1759 690 2050 764 doctorem.
2076 689 2212 745 Num
2243 705 2340 741 nu-

779 781 881 832 trix
907 778 1150 833 adulatur
1176 790 1230 834 ut
1251 781 1475 849 gloriam
1500 781 1890 850 consequatur?
1913 795 2036 834 num
2062 779 2337 849 pecuniam

779 868 906 934 petit
932 883 960 921 a
988 869 1163 937 parvis
1189 870 1402 939 pueris?
1428 886 1553 924 num
1580 878 1661 925 est
1686 871 1791 924 illis
1809 870 1980 940 gravis
1999 867 2054 923 et
2078 868 2339 923 molesta?

774 973 950 1012 annon
977 958 1076 1013 illa:
1097 972 1220 1015 sunt
1240 960 1575 1032 benigniores
1597 971 1652 1017 et
1673 962 1907 1016 mitiores
1925 977 2079 1031 quam
2104 961 2339 1015 matres?

779 1049 874 1104 llic
920 1052 1150 1107 ostendit
1191 1067 1426 1106 amorem
1465 1061 1518 1108 et
1558 1052 1997 1107 benevolentiam.
2027 1050 2112 1105 Ita
2139 1051 2337 1105 deside-

774 1153 941 1197 rantes
968 1160 1086 1210 uos,
1118 1143 1288 1214 inquit
1319 1162 1334 1201 :
1361 1146 1431 1199 ita
1461 1145 1610 1200 vobis
1637 1145 1868 1200 devincti
1897 1159 2080 1198 sumus
2101 1184 2116 1207 ,
2147 1153 2202 1200 et
2229 1159 2336 1198 non

772 1236 946 1290 solum
984 1237 1114 1292 nihil
1154 1237 1438 1306 accipimus
1462 1279 1476 1303 ,
1509 1237 1604 1293 sed
1643 1239 1687 1292 si
1727 1245 1969 1307 oporteat
2005 1237 2165 1292 etiam
2196 1238 2337 1306 ipsas

773 1324 1033 1392 impertiri
1056 1327 1279 1393 animas,
1307 1343 1411 1382 non
1444 1327 1826 1382 recusahimus.
1855 1326 2088 1382 Hoccine
2109 1323 2339 1392 est,dic.

772 1430 952 1482 quaeso
977 1457 991 1480 ,
1020 1415 1262 1471 humana:
1290 1418 1520 1472 mentis?
1549 1427 1603 1471 et
1630 1417 1747 1487 quis
1775 1417 1908 1471 adeo
1933 1417 2127 1487 desipit
2156 1425 2211 1470 ut
2237 1415 2337 1469 hoc

771 1505 953 1559 dicat?
1003 1506 1194 1578 Cupide
1238 1508 1521 1562 volebamus
1569 1508 1766 1562 tradere
1810 1509 1986 1574 vobis,
2030 1524 2130 1561 non
2172 1507 2336 1560 solum

771 1595 1076 1662 evangelium
1097 1597 1213 1662 Dei,
1240 1599 1329 1652 sed
1349 1599 1498 1652 etiam
1519 1600 1716 1653 animas
1739 1610 1954 1653 nostras.
1980 1597 2332 1665 Quamobrem

771 1683 870 1737 huc
918 1695 998 1738 est
1052 1686 1142 1739 illo
1183 1688 1372 1755 majus.
1424 1689 1490 1742 Et
1535 1689 1800 1758 quodnam
1840 1696 1921 1743 est
1964 1687 2213 1742 lucrum?
2257 1687 2335 1740 Ex

769 1775 1038 1843 cvangelio
1061 1777 1272 1846 quidem
1299 1779 1534 1845 lucrum;
1563 1778 1689 1834 dare
1712 1789 1888 1834 autem
1913 1779 2166 1858 animam,
2190 1776 2333 1847 quod

767 1863 833 1917 ad
859 1864 1219 1921 difficultatem
1245 1868 1451 1934 attinet,
1476 1878 1558 1924 est
1577 1869 1670 1923 illo
1694 1870 1882 1938 majus.
1905 1868 2019 1924 Non
2046 1879 2168 1923 sunt
2190 1868 2333 1922 enim

765 1956 911 2021 paria
957 1956 1245 2022 praedicare
1274 1967 1326 2012 et
1353 1958 1479 2013 dare
1508 1959 1737 2013 animam
1769 1978 1783 2013 :
1813 1976 1933 2015 nam
1964 1960 2089 2014 illud
2122 1961 2334 2031 quidem

765 2053 847 2099 est
873 2045 1236 2103 honorabilius
1254 2090 1271 2114 ,
1302 2046 1402 2104 hoc
1429 2058 1606 2105 autem
1635 2059 1717 2106 est
1746 2051 1961 2121 majoris
1985 2051 2332 2106 difﬁcultatis.

767 2137 1033 2193 Vellemus
1057 2179 1071 2203 ,
1104 2140 1310 2210 inquit,
1339 2143 1384 2197 si
1410 2143 1634 2206 liceret,
1662 2145 1823 2198 etiam
1847 2145 2051 2199 animas
2078 2145 2226 2200 vobis
2249 2145 2334 2199 ef-

767 2227 1010 2285 fundere.
1037 2230 1297 2299 Quoniam
1324 2249 1452 2302 ergo
1477 2233 1708 2288 laudavit
1735 2245 1788 2290 et
1817 2235 2020 2298 laudat,
2050 2245 2330 2304 propterea

764 2319 952 2388 inquit.
979 2321 1092 2376 Non
1118 2324 1370 2393 pecunias
1391 2336 1711 2394 qnmrentes.
1735 2341 1840 2380 non
1861 2326 2011 2380 vobis
2031 2326 2328 2392 adulantes,

765 2425 868 2474 non
898 2412 1120 2481 gloriam
1153 2423 1461 2484 appetentes
1499 2415 1602 2470 hoc
1639 2415 1879 2470 facimus.
1906 2416 2041 2472 Vide
2067 2418 2211 2471 enim
2241 2434 2256 2470 :
2288 2417 2331 2471 si

765 2502 929 2557 multa
969 2503 1312 2560 conifecerant
1345 2506 1634 2561 certamina
1659 2547 1676 2572 ,
1703 2515 1758 2559 et
1796 2507 2032 2575 impense
2056 2509 2335 2575 Oportebat

762 2605 858 2645 eos
901 2590 1106 2647 laudari
1144 2603 1200 2648 et
1240 2594 1424 2650 haberi
1469 2595 1518 2648 in
1564 2594 1947 2660 admiratione,
1989 2604 2047 2650 ut
2082 2594 2334 2651 fortiores

765 2683 1072 2749 evaderent,
1099 2685 1325 2740 habebat
1349 2687 1464 2740 laus
1486 2687 1862 2755 suspicionem.
1888 2688 2192 2756 Propterea,
2215 2689 2333 2744 hzec

763 2774 940 2827 omnia
975 2773 1123 2840 dicit,
1157 2791 1409 2830 amovens
1438 2777 1814 2847 suspicionem,
1837 2778 1962 2832 dicit
1994 2779 2245 2848 pericula.
2268 2780 2332 2834 Et

763 2878 969 2930 rursus,
992 2881 1057 2920 ne
1079 2875 1292 2934 putetur
1320 2868 1549 2936 pericula
1575 2868 1773 2934 dicere,
1799 2879 2062 2939 tamquam
2083 2885 2178 2940 pro
2204 2871 2332 2940 ipsis

764 2953 1033 3018 laborans,
1064 2964 1120 3010 et
1147 2966 1412 3026 tamquam
1437 2958 1504 3011 ab
1530 2958 1658 3026 ipsis
1678 2958 1882 3012 debeas
1906 2959 2184 3025 honorari;
2213 2961 2333 3015 ideo

763 3053 1041 3112 postquam
1073 3047 1302 3114 pericula
1344 3047 1692 3112 memoravit,
1716 3046 1986 3117 subjunxit
2023 3064 2038 3104 :
2080 3047 2331 3112 Quoniam

761 3135 1005 3188 carissimi
1049 3136 1188 3192 nobis
1212 3139 1335 3209 {acti
1353 3140 1506 3203 estis;
1534 3146 1693 3208 atque
1718 3138 1837 3193 ideo
1877 3140 2081 3194 animas
2123 3149 2332 3194 nostras

763 3223 1008 3278 lubenter
1029 3227 1176 3281 vobis
1201 3227 1549 3293 dedissemus,
1575 3245 1642 3283 eo
1662 3228 1802 3298 quod
1822 3228 1972 3283 vobis
1991 3228 2143 3284 valde
2164 3230 2330 3284 simus

761 3313 1014 3370 devincti.
1059 3317 1592 3390 Atque-evangelium
1623 3319 1836 3390 quidem
1859 3359 1876 3384 ,
1906 3319 2156 3389 quoniam
2187 3320 2328 3374 Deus

755 3405 937 3475 jussit,
961 3408 1372 3475 annnntiamus;
1407 3419 1607 3464 tantum
1634 3418 1809 3464 autem
1835 3425 1928 3465 vos
1953 3411 2240 3481 diligimus,
2271 3421 2330 3466 ut

762 3500 804 3552 si
838 3500 1038 3562 liceret,
1068 3501 1226 3554 etiam
1253 3501 1458 3555 animas
1483 3500 1833 3557 dedissemus.
1859 3502 1948 3558 Sic
1973 3513 2184 3571 oportet
2207 3502 2330 3557 dili-

759 3597 971 3658 gentem
1001 3589 1219 3660 diligere
1241 3631 1257 3656 ,
1293 3601 1350 3644 ut
1379 3592 1422 3645 si
1453 3590 1521 3644 ab
1549 3605 1614 3645 eo
1643 3599 1851 3660 petatur
1877 3591 2050 3644 anima
2075 3633 2090 3656 ,
2123 3599 2178 3646 et
2212 3593 2325 3646 fieri

759 3683 964 3750 possit,
999 3698 1102 3736 non
1133 3692 1292 3739 velet.
1324 3683 1437 3737 Non
1468 3683 1587 3737 dico
1613 3725 1627 3746 ,
1668 3683 1712 3736 si
1756 3693 1964 3752 petatur
2002 3683 2173 3736 solum
2221 3685 2326 3738 imo

762 3786 892 3825 vero
913 3780 971 3826 ut
992 3771 1104 3842 ipse
1127 3773 1191 3827 ad
1219 3772 1320 3827 hoc
1333 3773 1530 3827 donum
1556 3783 1817 3827 accurrat.
1841 3773 1978 3826 Nihil
2005 3774 2166 3839 enim,
2196 3773 2323 3827 nihil

762 3862 1060 3931 hujusmodi
1106 3879 1288 3918 amore
1327 3864 1483 3918 fuerit
1518 3864 1833 3934 jucundius,
1867 3865 1992 3918 nihil
2026 3865 2132 3918 illic
2157 3867 2327 3921 conti-

758 3953 896 4021 gerit
932 3953 1232 4008 molestum.
1269 3953 1464 4008 Fidelis
1501 3955 1702 4008 amicus
1729 3969 1911 4008 revera
1942 3964 2023 4009 est
2059 3955 2178 4009 vitae
2215 3971 2328 4010 me-

759 4044 1116 4099 dicamentum
1151 4062 1164 4097 :
1197 4043 1367 4099 fidelis
1406 4046 1607 4099 amicus
1651 4035 2004 4100 est'validum
2053 4053 2328 4115 tegumen-

763 4144 894 4189 tum.

834 4226 960 4292 Quis
978 4229 1040 4280 sit
1061 4243 1203 4280 verus
1223 4227 1433 4279 amicus.
1453 4224 1751 4279 Christiane
1769 4227 2002 4280 amicitia:
2018 4228 2322 4298 euntplum.

760 4347 828 4357 —-
854 4317 988 4385 Quid
1016 4319 1156 4371 enim
1186 4333 1289 4372 non
1320 4315 1504 4372 fecerit
1529 4324 1684 4371 vertis
1710 4326 1763 4371 et
1786 4333 2067 4387 germanus
2090 4319 2326 4374 amicus?

759 4423 914 4477 quam
941 4422 1044 4462 non
1069 4408 1301 4463 attulerit
1321 4408 1683 4477 voluptatem?
1703 4422 1856 4477 quam
1882 4423 1986 4462 non
2010 4410 2327 4465 utilitatem?

761 4513 919 4567 quam
969 4514 1071 4552 non
1120 4497 1497 4552 securitatem?
1545 4496 1765 4551 Etiamsi
1813 4498 2086 4553 thesauros
2129 4498 2328 4555 dixeris

764 4587 1173 4642 innumerabiles
1197 4628 1211 4650 ,
1245 4586 1372 4641 nihil
1417 4600 1545 4640 vero
1582 4595 1635 4639 et
1675 4600 1927 4654 germano
1954 4588 2125 4640 amico
2156 4599 2328 4656 potest

762 4681 1096 4752 mquiparari.
1144 4680 1379 4734 Primum
1421 4688 1596 4734 autem
1629 4679 1868 4732 dicamus
1892 4689 2141 4747 quantam
2170 4682 2322 4736 volu-

764 4781 958 4841 ptatem
1000 4771 1161 4824 habet
1188 4770 1417 4823 amicitia
1448 4787 1461 4823 :
1489 4770 1647 4838 gestit
1671 4768 1864 4838 gaudio
1891 4771 2119 4824 amicum
2141 4771 2326 4826 videns

762 4873 816 4917 ct
856 4861 1167 4915 diffunditur
1197 4877 1210 4912 :
1239 4874 1358 4913 cum
1391 4875 1455 4913 eo
1482 4859 1818 4928 conjungitur
1843 4859 2068 4930 quadam
2099 4862 2324 4932 conjun-

762 4955 939 5007 ctione
965 5004 977 5018 ,
1005 4968 1122 5022 qua:
1150 4952 1466 5007 ineffabilem
1495 4952 1672 5005 animo
1697 4951 1857 5006 habet
1877 4953 2200 5023 voluptatem
2232 4973 2244 5008 :
2273 4965 2328 5011 et

762 5045 806 5097 si
833 5044 1002 5097 solmu
1032 5043 1144 5112 ejus
1170 5043 1491 5106 meminerit,
1522 5051 1697 5097 mente
1718 5043 1947 5113 assurgit
1969 5053 2025 5098 et
2046 5046 2323 5102 attollitur.

766 5138 839 5190 De
867 5135 1131 5205 germanis
1163 5134 1352 5202 loquor
1375 5133 1562 5187 amicis
1581 5174 1596 5198 ,
1627 5134 1715 5203 qui
1741 5142 1864 5187 sunt
1892 5136 2166 5191 unanimes
2190 5179 2204 5202 ,
2236 5138 2324 5207 qui

765 5244 860 5297 pro
899 5227 1082 5281 amicis
1125 5227 1255 5280 mori
1300 5227 1593 5295 elegerint,
1623 5227 1711 5296 qui
1745 5228 1992 5282 ardenter
2019 5239 2218 5284 amant.
2250 5231 2328 5286 Ne

765 5319 914 5384 mihi,
935 5319 1227 5386 cogitantes
1248 5332 1340 5371 eos
1364 5317 1451 5386 qui
1479 5318 1664 5372 leviter
1683 5327 1878 5383 amant,
1904 5326 1960 5373 et
1982 5329 2104 5373 sunt
2129 5337 2327 5377 mensa:

763 5411 892 5465 socii
917 5451 932 5474 ,
962 5419 1017 5465 et
1044 5409 1197 5463 amici
1229 5409 1441 5463 nomine
1463 5451 1478 5474 ,
1511 5408 1826 5464 existimetis
1854 5425 2075 5479 arguere
2103 5411 2153 5465 id
2185 5413 2326 5483 quod

761 5503 971 5557 dicitur.
1015 5501 1072 5556 Si
1115 5502 1234 5572 quis
1278 5500 1437 5555 habet
1475 5501 1698 5555 amicum
1738 5502 1945 5569 qualem
1975 5502 2095 5557 dico
2120 5544 2134 5567 ,
2166 5505 2326 5559 verba

761 5603 1014 5664 agnoscet
1043 5611 1055 5648 :
1086 5602 1139 5648 ct
1175 5594 1218 5647 si
1247 5608 1368 5647 eum
1403 5592 1635 5662 quotidie
1670 5592 1895 5660 viderit,
1925 5610 2029 5649 non
2059 5597 2280 5650 satiatur
2311 5614 2324 5650 :

761 5684 944 5740 eadem
990 5685 1087 5755 ipsi
1118 5700 1234 5754 qua:
1271 5684 1474 5753 sibiipsi
1506 5691 1652 5752 optat
1683 5693 1735 5738 et
1771 5694 2034 5753 precatur.
2068 5685 2197 5740 Novi
2229 5702 2328 5757 ego

761 5777 1041 5849 quemdam
1067 5777 1156 5846 qui
1189 5789 1284 5845 pro
1308 5776 1480 5830 amico
1505 5776 1647 5831 viros
1671 5787 1883 5831 sanctos
1908 5779 2127 5847 rogabat
2153 5787 2208 5832 ut
2231 5793 2328 5848 pro

765 5870 880 5942 ipso
916 5869 1146 5941 primum
1185 5876 1402 5926 orarent
1423 5909 1438 5935 ,
1473 5866 1663 5925 deinde
1704 5883 1798 5938 pro
1827 5883 1907 5924 se.
1940 5868 2104 5924 Tanta
2137 5885 2222 5926 res
2246 5879 2329 5927 est

1449 485 1508 542 8.
1548 486 1819 543 JOANNIS
1851 483 2311 542 CHRYSOSTOMI
2351 485 2662 542 ARClllEP.
2702 488 3233 552 CONSTANTINOP.

3928 511 4022 565 ιω

2448 596 2617 654 bonus
2654 601 2857 658 amicus
2879 643 2894 668 ,
2924 613 2982 659 ut
3015 615 3069 660 et
3113 607 3231 663 loca
3273 617 3328 665 et
3359 620 3594 682 tempora
3622 627 3848 686 propter
3879 621 4022 691 ipsos

2445 698 2709 745 amentur.
2759 693 2908 750 Sicut
2952 698 3093 752 enim
3140 715 3171 754 a
3217 702 3510 771 Splendidis
3552 713 3878 779 corporibus
3930 715 4021 770 flos

2445 791 2657 836 emanat
2695 782 2747 837 in
2777 786 2891 840 loca
2918 787 3086 843 vicina
3117 807 3131 842 :
3160 799 3230 845 tta
3269 790 3428 849 etiam
3465 798 3620 853 amici
3657 800 3723 854 ad
3760 803 3884 856 loca
3911 844 3928 866 ,
3958 807 4017 858 ad

2443 887 2564 941 qua:
2600 877 2960 942 accesserint,
3001 894 3151 934 suam
3195 884 3442 941 emittunt
3483 889 3705 958 gratiam
3733 909 3747 945 :
3775 901 3836 947 et
3882 909 4021 964 saepe

2443 975 2564 1016 cum
2591 962 2790 1035 absque
2818 969 3006 1024 amicis
3032 970 3082 1023 in
3112 973 3218 1028 illis
3239 974 3374 1030 locis
3402 978 3672 1046 fuerimus,
3695 981 3919 1050 ﬂemus,
3943 962 4020 1040 re-

2442 1053 2726 1111 cordantes
2751 1057 2958 1114 dierum
2989 1061 3040 1115 in
3069 1063 3261 1132 quibus
3285 1081 3408 1122 cum
3437 1069 3543 1123 illis
3568 1074 3760 1127 versati
3788 1089 3980 1129 sumus
4000 1117 4013 1139 ,

2441 1155 2495 1234 et
2517 1149 2800 1218 gemimus.
2829 1150 3020 1208 Verbis
3043 1156 3295 1224 explicari
3322 1174 3428 1214 non
3455 1171 3633 1230 potest
3656 1175 3916 1234 quantam
3945 1168 4016 1219 af-

2442 1232 2544 1290 fert
2565 1236 2888 1307 voluptatem
2915 1252 2970 1296 et
2994 1242 3229 1298 lmtitiam
3253 1250 3534 1316 praesentia
3560 1232 3858 1308 amicorum
3885 1258 4013 1310 :seli

2439 1335 2617 1380 autem
2646 1327 2820 1383 sciunt
2845 1330 2938 1401 qui
2961 1334 3324 1402 experiuntur.
3360 1337 3427 1392 Et
3453 1342 3678 1410 gratiam
3711 1354 3900 1412 petere
3923 1388 3938 1411 ,
3967 1357 4014 1400 et

2438 1417 2663 1484 gratiam
2705 1420 2947 1490 accipere
2985 1422 3053 1476 ab
3095 1427 3274 1482 amico
3313 1428 3437 1484 licet
3469 1431 3600 1485 citra
3631 1435 4010 1504 suspicionem.

2439 1505 2662 1571 Quando
2692 1511 2843 1566 nobis
2873 1513 3166 1583 imperant,
3199 1526 3325 1574 tunc
3351 1521 3716 1578 eis'habemus
3740 1529 3969 1596 gratiam
3998 1547 4010 1584 :

2438 1597 2653 1664 quando
2681 1598 2923 1658 dubitant
2947 1612 3003 1659 et
3027 1618 3312 1675 verentur,
3339 1618 3467 1666 tunc
3494 1613 3702 1671 tristitia
3730 1617 4010 1675 afﬁcimur.

2439 1684 2580 1740 Nihil
2611 1689 2864 1746 habemus
2893 1694 3034 1764 quod
3065 1712 3168 1751 non
3201 1699 3270 1753 sit
3299 1701 3527 1756 illorum.
3562 1703 3749 1761 Omnia
3781 1726 3904 1777 qua:
3933 1711 4012 1765 hic

2438 1786 2561 1830 sunt
2603 1793 2748 1849 smpe
2787 1781 3140 1852 despicientes
3167 1829 3182 1852 ,
3215 1799 3434 1860 propter
3461 1793 3579 1847 illos
3615 1796 3870 1853 nolumus
3896 1800 4011 1855 hinc

2437 1867 2700 1936 emigrare
2727 1888 2742 1924 :
2771 1881 2826 1927 et
2852 1873 2968 1929 luce
2999 1876 3110 1944 ipsa
3139 1877 3212 1931 illi
3238 1889 3364 1933 sunt
3390 1883 3556 1952 magis
3579 1884 3984 1944 desiderabiles.

2506 1957 2561 2011 4.
2605 1958 2806 2014 Revera
2856 1965 3000 2017 enim
3032 1966 3145 2035 ipsa
3171 1969 3329 2024 etiam
3358 1971 3477 2027 luce
3504 1984 3585 2030 est
3622 1977 3832 2032 amicus
3868 1980 4005 2035 desi-

2435 2046 2726 2121 derabilior
2754 2069 2768 2105 :
2818 2053 3008 2125 loquor
3032 2057 3100 2112 de
3125 2059 3337 2116 sincero
3365 2073 3419 2118 et
3443 2080 3719 2135 germano.
3767 2069 3882 2125 Nec
3911 2073 4002 2125 mi-

2437 2140 2575 2194 reris
2613 2158 2627 2196 :
2661 2145 2850 2199 melius
2879 2147 3022 2202 enim
3050 2157 3135 2204 est
3179 2159 3236 2205 ut
3263 2153 3341 2207 sol
3390 2157 3546 2211 nobis
3586 2159 3960 2230 exstinguatur
3985 2203 4000 2230 ,

2433 2245 2590 2299 quam
2621 2243 2679 2287 ut
2717 2236 2988 2304 privemur
3027 2242 3243 2308 amicis;
3294 2246 3483 2301 melius
3510 2259 3592 2304 est
3619 2250 3813 2322 degere
3843 2255 3895 2307 in
3926 2265 4003 2308 te-

2435 2320 2617 2414 nebris
2641 2364 2658 2389 ,
2709 2339 2868 2393 quam
2917 2330 3105 2385 amicis
3158 2334 3397 2402 privari:
3439 2346 3496 2393 et
3547 2320 3816 2409 quomodo
3843 2384 3860 2409 ,
3907 2359 4002 2414 ego

2435 2410 2629 2467 dicam.
2656 2414 2803 2470 Multi
2831 2419 3000 2475 solem
3028 2422 3271 2481 videntes
3297 2438 3424 2482 sunt
3451 2430 3502 2484 in
3531 2433 3793 2500 tenebris;
3815 2410 3997 2490 amicis

2433 2511 2611 2557 autem
2641 2507 2880 2564 instructi
2913 2551 2929 2574 ,
2973 2528 3260 2585 numquam
3303 2518 3354 2572 in
3386 2523 3642 2577 aerumnis
3683 2534 3946 2579 versantur
3974 2543 3992 2581 :

2432 2591 2505 2646 de
2547 2595 2734 2650 amicis
2762 2597 2953 2669 loquor
2994 2605 3391 2674 spiritualibus,
3421 2612 3510 2680 qui
3540 2613 3670 2668 nihil
3718 2614 3999 2683 perferunt

2433 2685 2700 2740 amicitiae.
2747 2688 2891 2744 Talis
2920 2702 3036 2746 erat
3081 2695 3316 2764 Paulus,
3347 2701 3434 2768 qui
3483 2702 3715 2757 animam
3755 2719 3903 2759 suam
3935 2707 3997 2759 li-

2435 2769 2624 2827 benter
2672 2775 2944 2845 dedisset,
2993 2797 3093 2837 nec
3143 2797 3359 2854 rogatus
3398 2790 3558 2844 etiam
3607 2793 3659 2846 in
3705 2793 3997 2862 gehennam

2431 2862 2660 2920 libenter
2684 2868 2865 2924 ivisset
2891 2888 2904 2924 :
2932 2872 3001 2926 ita
3029 2875 3236 2929 ardenti
3254 2876 3574 2948 diligendum
3597 2891 3679 2936 est
3698 2882 3998 2940 affectione.

2433 2953 2566 3008 Volo
2594 2960 2896 3028 exemplum
2921 2962 3168 3019 amicitia:
3196 2966 3356 3022 dare:
3384 2980 3558 3038 patres
3595 2982 3650 3026 et
3677 2975 3816 3028 filios
3847 2991 4000 3045 snpe-

2432 3057 2551 3102 rant
2595 3051 2792 3119 amici,
2841 3055 3037 3120 amici,
3088 3057 3335 3127 inquam,
3365 3062 3675 3135 secundum.
3702 3065 3990 3120 Christum.

2429 3137 2508 3192 Ne
2547 3140 2679 3196 mibi
2723 3143 2864 3196 enim
2896 3144 3184 3200 hodiernus
3231 3150 3430 3205 amicus
3477 3152 3662 3218 dicas;
3709 3171 3836 3212 nam
3885 3175 3995 3212 Cttttt

2429 3231 2552 3285 aliis
2595 3231 2699 3286 hoc
2743 3249 2956 3304 quoque
3004 3237 3202 3292 bonum
3235 3243 3483 3307 recessit;
3529 3244 3626 3298 sed
3656 3248 3828 3315 cogita
3858 3249 3995 3316 quod

2431 3331 2670 3391 tempore
2713 3325 3073 3393 apostolorum
3100 3368 3115 3390 ,
3160 3345 3266 3382 non
3293 3331 3482 3400 loquor
3501 3331 3570 3387 de
3619 3337 3920 3406 coryphmis
3947 3349 4000 3392 et

2428 3415 2756 3485 principibus
2776 3458 2792 3480 ,
2837 3419 2930 3472 sed
2980 3419 3046 3472 de
3090 3421 3154 3473 iis
3181 3421 3271 3492 qui
3309 3424 3684 3493 crediderunt;
3715 3428 3956 3483 Omnium
3981 3471 3995 3494 ,

2427 3505 2618 3574 inquit,
2645 3518 2750 3561 erat
2773 3510 2945 3561 anima
2970 3527 3072 3563 rma
3098 3523 3143 3564 et
3171 3529 3259 3566 cor
3285 3531 3460 3579 unum,
3482 3526 3532 3570 et
3556 3534 3701 3573 nemo
3725 3523 3997 3590 quidquam

2425 3613 2490 3651 ea:
2514 3599 2577 3652 iis
2604 3615 2718 3667 qua
2744 3601 2953 3655 habebat
2981 3602 3174 3657 dicebat
3197 3620 3305 3658 esse
3330 3609 3631 3675 proprium;
3660 3621 3708 3663 et
3727 3612 3994 3667 distribue-

2425 3688 2574 3744 batur
2610 3691 2822 3762 singulis
2864 3702 3010 3763 prout
3038 3711 3167 3764 opus
3211 3695 3456 3751 habebant
3486 3698 3622 3766 (Act.
3652 3702 3708 3756 4.
3741 3701 3832 3758 52.
3881 3704 3991 3774 55).

2425 3780 2540 3834 Νοη
2567 3792 2684 3835 erat
2707 3791 2833 3836 tunc
2856 3799 3030 3854 meum
3055 3793 3109 3838 et
3141 3794 3306 3839 tuum.
3345 3786 3457 3843 Hoc
3495 3798 3611 3844 erat
3634 3792 3865 3846 amicitia
3885 3835 3902 3858 ,
3929 3810 3995 3848 ne

2425 3876 2546 3942 quis
2571 3891 2688 3943 qua:
2733 3889 2828 3929 sua
2855 3887 3007 3930 erant
3033 3892 3126 3931 sua
3157 3878 3486 3935 existimaret
3505 3920 3521 3942 ,
3551 3882 3648 3936 sed
3691 3899 3814 3953 quas
3843 3893 3993 3938 erant

2427 3963 2690 4032 proximi:
2719 3979 2838 4033 quae
2864 3975 3040 4021 autem
3068 3980 3161 4020 sua
3183 4005 3200 4031 ,
3234 3967 3404 4023 aliena
3429 3988 3444 4034 ;
3488 3981 3654 4040 utque
3697 3974 3840 4029 illius
3881 3978 3993 4030 ani.

2426 4067 2528 4109 mae
2552 4067 2702 4123 teque
2724 4063 2964 4123 parceret
2997 4063 3156 4124 atque
3184 4070 3328 4122 suae;
3370 4069 3426 4113 et
3454 4061 3544 4115 ille
3572 4061 3817 4117 similiter
3841 4081 3992 4121 eum-

2425 4140 2551 4196 dem
2570 4145 2738 4200 animi
2764 4147 3019 4203 aﬂ’ectnm
3047 4149 3315 4207 ostendat.
3335 4149 3398 4205 Et
3425 4149 3646 4216 alicubi,
3673 4152 3989 4221 inquit,tieri

2424 4242 2604 4303 potest
2627 4243 2682 4289 ut
2711 4234 2831 4289 talis
2861 4225 3199 4290 inveniatur?
3230 4238 3430 4303 Etiam;
3454 4240 3547 4293 sed
3573 4242 3693 4311 quia
3723 4244 3988 4307 nolumus.

2427 4323 2542 4377 fieri
2568 4339 2674 4379 non
2703 4333 2916 4394 potest:
2945 4336 3120 4395 potest
3144 4326 3286 4382 enim
3309 4326 3465 4383 facile
3492 4330 3604 4384 fieri
3624 4372 3639 4396 ,
3668 4333 3712 4385 si
3739 4334 3986 4389 velimus.

2425 4415 2574 4484 Nam
2599 4417 2644 4470 si
2672 4417 2786 4472 lteri
2813 4433 2918 4472 non
2949 4428 3128 4487 posset
3149 4459 3164 4480 ,
3193 4435 3262 4474 ne
3300 4419 3551 4488 iussisset
3592 4423 3805 4491 quidem
3836 4424 3988 4480 Chri-

2428 4516 2542 4562 stus
2561 4547 2576 4571 ,
2605 4521 2705 4562 nec
2732 4516 2837 4561 tam
2865 4508 3026 4562 multa
3057 4509 3281 4564 dixisset
3310 4510 3378 4564 de
3405 4513 3648 4567 caritate.
3679 4513 3864 4584 Magna
3905 4530 3989 4569 res

2425 4604 2508 4651 est
2546 4597 2773 4651 amicitia
2795 4639 2812 4663 ,
2839 4606 2894 4653 et
2917 4613 3076 4668 quam
3118 4599 3188 4653 sit
3213 4615 3399 4670 magna
3420 4641 3437 4665 ,
3469 4616 3569 4656 nec
3596 4602 3802 4660 discere
3847 4606 3989 4675 quis-

2424 4702 2584 4758 quam
2605 4727 2623 4756 ,
2651 4703 2751 4742 nec
2770 4691 2940 4743 oratio
2967 4690 3071 4743 ulla
3099 4691 3365 4758 explicare
3391 4692 3589 4761 potest,
3613 4705 3804 4763 prater
3824 4696 3988 4765 ipsam

2428 4782 2834 4850 experientiam.
2861 4781 2973 4835 Hoc
3005 4780 3130 4836 fecit
3160 4781 3393 4837 haereses
3411 4823 3428 4850 ,
3453 4783 3557 4840 hoc
3582 4785 3797 4841 Graecos
3819 4788 3990 4844 adhuc

2427 4871 2550 4927 facit
2579 4887 2701 4926 esse
2729 4869 2963 4927 Graecos.
3011 4871 3111 4939 Qui
3143 4873 3347 4944 diligit,
3394 4890 3498 4929 non
3542 4877 3656 4931 vult
3683 4877 3948 4946 imperare
3975 4920 3991 4944 ,

2429 4979 2530 5019 nec
2556 4965 2922 5034 magistratum
2944 4980 3152 5034 gerere,
3175 4965 3268 5022 sed
3297 4967 3553 5036 majorem
3580 4967 3740 5024 habet
3767 4971 3990 5039 gratiam

2427 5055 2472 5109 si
2504 5054 2716 5109 obediat
2739 5062 2794 5108 et
2815 5055 2961 5125 jussa
2987 5065 3308 5127 exsequatur
3333 5073 3353 5113 :
3379 5057 3493 5112 vult
3517 5059 3683 5128 magis
3707 5061 3993 5129 gratificari

2428 5161 2587 5215 quam
2631 5147 2853 5216 gratiam
2903 5148 3183 5216 accipere:
3227 5147 3400 5218 diligit
3439 5149 3581 5205 enim
3607 5160 3663 5204 et
3687 5152 3839 5220 quasi
3889 5167 3994 5205 non

2428 5237 2688 5291 exsatiato
2717 5252 2814 5291 sun
2840 5237 3109 5293 desiderio
3131 5278 3146 5304 ,
3176 5239 3254 5294 sic
3283 5239 3532 5294 afficitur.
3560 5239 3675 5295 Non
3709 5250 3815 5294 tam
3849 5242 3994 5296 laeta-

2430 5335 2516 5381 tur
2534 5326 2848 5381 beneﬁcium
2876 5329 3164 5398 accipiens,
3185 5345 3342 5399 quam
3366 5329 3709 5386 benefaciens
3741 5348 3755 5384 :
3789 5334 3996 5387 mavult

2429 5417 2570 5471 enim
2601 5433 2720 5471 enm
2754 5417 2949 5472 habere
2979 5418 3078 5474 sibi
3105 5419 3411 5485 obnoxtum,
3443 5436 3601 5490 quam
3633 5421 3732 5490 ipsi
3762 5421 3990 5486 debere;

2431 5509 2539 5562 imo
2567 5510 2765 5563 mavult
2793 5518 2845 5563 et
2875 5508 2972 5578 ipsi
3001 5508 3230 5574 debere,
3268 5520 3323 5566 et
3349 5511 3521 5580 ipsum
3558 5511 3756 5566 habere
3782 5510 3990 5567 debito-

2430 5614 2579 5663 rem;
2611 5609 2666 5654 et
2688 5600 2797 5653 vult
2823 5601 3108 5670 gratificari
3133 5611 3188 5656 et
3213 5617 3317 5656 non
3349 5603 3459 5656 vult
3484 5602 3652 5658 videri
3679 5603 3993 5673 gratificari,

2430 5689 2525 5745 sed
2555 5705 2674 5745 esse
2719 5693 2894 5760 potius
2940 5689 3168 5747 debitor.
3199 5691 3390 5748 Multos
3434 5708 3496 5748 ex
3546 5693 3698 5747 vobis
3743 5693 3992 5747 existimo

2431 5778 2568 5835 forte
2595 5780 2844 5852 ignorare
2885 5781 3027 5852 quod
3074 5781 3274 5836 dictum
3301 5791 3422 5850 est;
3469 5798 3689 5839 necesse
3720 5783 3884 5854 igitur
3913 5790 3998 5837 est

2431 5881 2490 5928 ut
2517 5882 2774 5943 repetam.
2802 5872 2928 5928 Vult
2956 5874 3103 5948 prior
3129 5874 3387 5932 beneflcio
3416 5875 3628 5934 afficere
3650 5917 3668 5944 ,
3693 5884 3748 5933 et
3784 5890 3895 5932 non
3921 5875 3995 5929 vi-
