4056 6332
114 452 191 508 ωδ
912 451 980 507 IN
1017 450 1236 507 EPIST.
1276 450 1296 506 ι
1362 449 1453 505 su
1501 447 1661 504 rues

1766 446 1820 503 Ι..
1863 446 2015 504 CAP.
2059 448 2118 503 ll.
2161 445 2392 504 IIUMIL
2436 449 2523 504 lll.

112 573 195 627 deri
217 570 350 641 prior
372 569 654 629 beneﬂcio
672 567 889 623 afﬁcere
911 607 927 631 ,
958 567 1051 622 sed
1074 566 1303 623 reddere
1328 582 1344 625 :
1376 564 1517 635 «ιωκί
1545 563 1662 632 qni-

110 661 355 717 desinens
396 674 629 731 quoque
654 659 780 714 fecit
818 657 877 713 in
928 657 1252 713 hominibus.
1304 655 1433 711 Erat
1460 652 1657 709 Filium

113 768 227 806 nam
253 768 343 821 pro
368 751 541 808 nobis
583 750 877 806 donaturus
898 792 915 817 ,
957 749 1051 805 sed
1084 763 1151 805 ne
1179 746 1457 804 videretur
1502 744 1660 801 nobis

114 846 270 898 deum
290 884 306 907 ,
334 843 432 898 sed
467 843 632 897 nobis
655 842 852 899 debere
871 884 888 909 ,
930 841 1095 911 jussit
1122 840 1394 903 Abraham
1420 839 1551 895 dare
1594 838 1661 892 ll-

116 936 207 987 linm
224 950 367 989 suum
394 975 411 1000 ,
441 945 508 989 ut
549 950 663 990 rem
692 950 939 1004 magnam
964 934 1168 988 faciens
1187 972 1203 996 ,
1228 932 1363 986 nihil
1400 945 1658 1001 magnum

115 1028 335 1081 videretur
359 1024 571 1080 facere.
599 1025 733 1080 Nam
754 1027 799 1079 si
831 1040 937 1080 non
960 1024 1123 1079 luerit
1148 1022 1367 1094 quidem
1393 1020 1650 1084 amicitia,

115 1128 153 1170 et
180 1118 560 1186 esprobramus
607 1117 871 1173 beneﬁcia
897 1158 912 1182 ,
937 1126 995 1173 et
1033 1132 1195 1187 parva
1220 1115 1562 1177 extollimus,
1612 1111 1659 1165 si

115 1220 249 1265 autem
296 1210 459 1265 fuerit.
488 1210 725 1266 amicitia
746 1252 762 1275 ,
802 1219 865 1266 et
888 1224 951 1265 ea
1003 1209 1276 1273 celamus,
1301 1216 1359 1262 et
1380 1221 1507 1277 qua:
1533 1211 1662 1260 sunt

113 1317 261 1370 magna
285 1317 450 1371 parra
479 1303 733 1357 volumus
761 1300 1048 1358 ostendere
1068 1343 1084 1368 ,
1115 1316 1185 1356 ne
1209 1300 1487 1355 videamur
1524 1298 1659 1352 ami-

116 1406 203 1445 tutn
227 1390 415 1446 habere
450 1391 774 1456 debitorem,
803 1392 898 1446 sed
930 1392 1029 1461 ipsi
1054 1387 1174 1446 esse
1201 1390 1473 1446 debitores
1502 1388 1557 1442 iu
1593 1402 1671 1442 eo:

115 1483 219 1550 quod
255 1498 376 1538 eum
419 1482 1093 1548 habeamusdebitorem.
1138 1481 1262 1537 Scio
1305 1480 1506 1535 multos
1550 1493 1658 1532 non

119 1573 365 1640 intelligere
392 1573 547 1643 quod
587 1572 785 1627 dicitur
814 1590 828 1626 :
855 1587 1020 1628 caiisa
1046 1580 1226 1626 autem
1262 1579 1352 1626 est
1388 1568 1531 1639 quod
1572 1568 1658 1622 lo-

116 1682 214 1733 quat
234 1665 294 1720 de
330 1681 391 1721 re
413 1706 429 1727 .
464 1680 591 1735 qua:
620 1678 761 1719 nunc
804 1664 995 1719 calum
1026 1662 1249 1720 habitat.
1292 1658 1657 1728 Quemadmo-

113 1757 209 1807 dum
234 1772 354 1826 ergo
378 1757 425 1809 si
462 1756 721 1825 loquerer
744 1755 812 1809 de
835 1755 1016 1826 aliqua
1047 1754 1226 1823 planta
1265 1768 1385 1822 quin
1411 1760 1661 1806 nascatur

116 1850 156 1903 in
177 1849 298 1904 ludia
322 1891 339 1916 ,
367 1850 530 1920 cujus
563 1863 723 1904 nemo
738 1848 1138 1920 esperientiatn
1168 1846 1411 1911 haberet,
1441 1860 1508 1900 ne
1535 1858 1662 1915 pos-

117 1952 179 1995 set
214 1942 417 2012 quidem
466 1958 586 1998 rem
629 1942 900 2012 explicare
945 1940 1158 2005 oratio,
1190 1939 1400 1995 etiamsi
1454 1936 1659 1993 inﬁnita

112 2032 307 2088 dicerem
328 2049 344 2085 :
367 2034 439 2087 ita
468 2033 634 2088 etiam
664 2045 1014 2101 quaecumque
1041 2044 1184 2085 nunc
1208 2028 1397 2084 dixero
1416 2067 1433 2093 ,
1462 2028 1659 2082 frustra

116 2123 290 2176 dicam:
322 2138 487 2179 nemo
520 2122 718 2193 poterit
748 2120 989 2197 seirenlu
1021 2120 1155 2176 etulo
1182 2120 1417 2189 plantata
1440 2128 1521 2173 est
1544 2116 1660 2174 hac

116 2213 258 2277 {tanta
278 2255 293 2278 ,
325 2228 506 2267 ramos
534 2212 743 2268 habens
770 2228 877 2266 non
908 2219 1132 2265 onustos
1171 2210 1475 2279 margaritis
1502 2250 1516 2271 ,
1564 2208 1660 2264 sed

119 2304 202 2357 rita
236 2304 426 2360 virtute
464 2314 696 2371 ornata,
725 2319 846 2374 quae
892 2311 978 2359 est
1027 2302 1113 2357 bis
1138 2303 1308 2358 multo
1348 2300 1656 2371 jucundior.

117 2394 371 2457 Quamnam
395 2395 478 2450 vis
502 2394 686 2450 dicere
707 2394 1067 2463 voluptatem?
1086 2409 1154 2446 an
1185 2402 1391 2463 turpem
1411 2434 1429 2457 ,
1465 2407 1533 2446 an
1564 2390 1664 2446 bo-

118 2487 327 2539 uestam?
364 2487 459 2541 sed
504 2500 703 2541 omnes
732 2496 1018 2554 exsuperat
1073 2486 1318 2554 voluptas
1358 2486 1609 2538 amicitiae
1636 2526 1658 2551 ,

117 2576 291 2630 etiamsi
337 2578 515 2632 mellis
543 2577 873 2645 voluptatem
904 2576 1126 2630 dixeris.
1156 2575 1287 2630 Nam
1339 2575 1392 2630 id
1441 2574 1681 2645 quidem

118 2666 248 2721 alit-rt
288 2670 635 2734 satietatem,
679 2671 887 2723 amicus
931 2677 1113 2723 autem
1160 2682 1486 2739 numquam,
1531 2666 1660 2722 dum

126 2756 257 2810 tuerit
286 2760 516 2824 amicus;
570 2759 664 2814 sed
712 2770 939 2833 augetur
986 2748 1165 2831 potius
1190 2759 1560 2824 desiderium,
1603 2767 1663 2814 et

132 2847 375 2905 satietatem
423 2867 714 2922 numquam
760 2851 918 2907 aﬂert
956 2852 1223 2922 voluptas.
1283 2850 1404 2907 Vita
1446 2865 1660 2921 quoque

122 2949 345 3003 [Hecate
386 2943 592 2997 amicus
636 2951 723 2999 est
756 2942 1045 3012 jucundior
1084 2960 1098 2997 :
1147 2941 1297 2997 multi
1346 2950 1498 3018 certe
1544 2950 1663 3011 post

3244 459 3349 515 £06

1768 571 1997 620 niortem
2024 564 2319 620 a’mieorum
2350 580 2420 620 ne
2468 574 2723 636 optarunt
2760 564 2975 637 quidem
3015 564 3245 637 amplius
3272 568 3351 621 vi.

1765 670 1913 711 vrre.
1966 655 2095 711 Cum
2148 644 2323 714 amico
2368 659 2530 713 etiam
2587 658 2839 713 exsilium
2892 658 3119 713 libenter
3167 658 3351 713 tulerit

1765 747 2032 816 quispiam
2063 765 2077 801 :
2110 747 2315 819 absque
2340 751 2516 804 amico
2541 758 2721 805 autem
2746 764 2815 806 ne
2836 764 2986 805 suam
3013 748 3229 820 quidem
3260 764 3352 819 pa-

1765 838 1923 893 triam
1967 837 2168 894 habere
2204 840 2454 895 voluerit.
2497 838 2632 895 Cum
2660 839 2837 896 amico
2874 839 3035 895 etiam
3068 851 3352 910 pauperlas
3397 821 3414 837 ’

1764 937 1848 983 est
1888 929 2216 987 tolerabilis:
2251 930 2452 1000 absque
2478 932 2570 987 illo
2599 940 2777 986 autem
2810 940 2866 987 et
2891 930 3096 985 sanitas
3123 939 3178 985 et
3205 930 3351 984 divi-

1765 1019 1854 1074 tiae
1878 1030 2005 1076 sunt
2034 1021 2421 1077 intolerabiles.
2471 1022 2713 1077 Alterum
2743 1020 2906 1077 habet
2933 1021 3193 1091 seipsum.
3234 1030 3349 1076 Au.

1763 1124 1861 1179 ger
1880 1110 2024 1181 quod
2045 1127 2152 1168 non
2182 1113 2379 1182 possim
2396 1114 2646 1183 exemplo
2672 1128 2786 1169 rem
2812 1112 3135 1169 ostendere:
3162 1128 3352 1168 revera

1762 1203 1906 1258 enim
1959 1205 2176 1275 planum
2229 1205 2474 1261 fecissem
2494 1246 2512 1271 ,
2544 1190 2684 1275 quia
2708 1205 2852 1262 dicta
2882 1213 3006 1261 sunt
3035 1221 3158 1262 esse
3182 1201 3353 1261 multo

1764 1292 1972 1349 minora
2013 1311 2173 1366 quam
2214 1308 2482 1368 oporteat.
2517 1298 2584 1353 Et
2615 1298 2731 1353 [nec
2770 1298 2986 1368 quidem
3016 1298 3103 1352 hic
3133 1297 3207 1352 ita
3251 1298 3353 1351 lia-

1765 1385 1928 1443 bent:
1957 1403 1987 1443 a
2016 1388 2127 1444 Deo
2156 1400 2335 1446 autem
2361 1400 2505 1446 tanta
2534 1400 2617 1446 est
2644 1406 2853 1447 merces
2880 1390 3153 1455 amicitiai,
3177 1406 3354 1461 quan-

1764 1478 1819 1533 ta
1860 1494 1927 1535 ne
1964 1478 2073 1534 dici
2113 1480 2330 1551 quidem
2378 1491 2574 1553 potest.
2624 1482 2790 1538 Nobis
2820 1482 2913 1538 dat
2940 1481 3251 1536 mercedem'
3294 1490 3356 1535 ut

1763 1569 1902 1623 alter
1926 1570 2155 1626 alterum
2187 1561 2474 1643 diligamus
2503 1590 2517 1627 ε
2548 1572 2684 1628 Ama
2721 1573 2901 1636 enim,
2933 1572 3146 1643 inquit,
3176 1581 3230 1627 et
3258 1587 3352 1625 ac-

1761 1662 1884 1729 cipe
1930 1662 2266 1727 mercedem,
2316 1678 2415 1733 pro
2456 1679 2557 1734 qua
2604 1678 2663 1719 re
2701 1663 2966 1719 debemus
2995 1662 3299 1719 mercedem
3341 1680 3355 1715 :

1762 1750 1868 1804 Ora
1888 1790 1905 1817 ,
1936 1751 2140 1822 inquit,
2176 1762 2232 1808 et
2258 1753 2445 1824 accipe
2489 1753 2794 1809 mercedem
2820 1795 2837 1818 ,
2865 1769 2962 1824 pro
2991 1769 3097 1823 quo
3138 1769 3353 1809 merce-

1764 1840 1888 1896 dem
1934 1841 2226 1909 debemus,
2258 1845 2384 1915 quia
2430 1843 2570 1900 bona
2621 1845 2893 1915 petimus:
2938 1845 3043 1901 Pro
3092 1860 3159 1900 eo
3208 1845 3354 1913 quod

1765 1933 1934 2002 petis,
1967 1934 2168 2004 inquit,
2200 1936 2385 2003 accipe
2432 1936 2741 1992 mercedem
2768 1951 2783 1990 :
2809 1935 2993 2007 jejuna
3016 1977 3032 2001 ,
3060 1948 3115 1991 et
3164 1938 3352 2006 accipe

1764 2023 2067 2079 mercedem
2099 2044 2112 2080 :
2157 2026 2236 2081 sis
2265 2025 2460 2081 virtute
2510 2026 2805 2096 praeditus,
2848 2037 2904 2082 et
2930 2029 3114 2098 accipe
3146 2044 3356 2084 merce-

1763 2114 1885 2173 dem
1906 2157 1922 2182 ,
1950 2117 2111 2171 etiam
2140 2118 2184 2172 si
2213 2118 2522 2174 mercedem
2552 2119 2755 2175 debeas
2779 2138 2791 2173 :
2816 2119 2911 2174 sed
2934 2120 3073 2175 sicut
3103 2132 3354 2191 parentes

1763 2208 1978 2278 quando
2006 2208 2226 2263 fecerint
2263 2219 2319 2263 ut
2343 2209 2436 2264 ﬁlii
2468 2212 2649 2264 vivant
2678 2212 2729 2266 in
2770 2212 3004 2277 virtute,
3036 2221 3160 2268 tunc
3188 2215 3352 2267 etiam

1764 2298 1844 2352 eis
1867 2297 1997 2352 dant
2024 2299 2329 2355 mercedem
2381 2318 2394 2355 :
2446 2310 2571 2354 Sllltl.
2597 2301 2740 2355 enim
2772 2301 3044 2357 debitores
3068 2344 3083 2369 ,
3121 2302 3269 2373 quod
3294 2319 3356 2357 se

1764 2389 2147 2457 constituerint
2175 2390 2230 2445 in
2263 2390 2575 2461 voluptate:
2611 2392 2681 2446 ita
2725 2391 2889 2447 etiam
2941 2392 3101 2448 Deus.
3148 2394 3356 2449 Merce-

1764 2482 1887 2538 dem
1911 2523 1928 2550 ,
1960 2483 2171 2554 inquit.
2207 2484 2391 2555 accipe
2419 2524 2434 2549 ,
2464 2484 2508 2538 si
2552 2487 2629 2539 sis
2661 2486 2859 2541 virtute
2898 2486 3197 2556 prmditus;
3229 2488 3353 2542 nam

1767 2586 1973 2644 patrem
2002 2574 2184 2630 lautitia
2212 2574 2384 2631 allicis
2402 2618 2415 2641 ,
2447 2586 2503 2631 et
2527 2576 2686 2645 hujus
2712 2578 2789 2632 rei
2821 2578 2913 2632 tibi
2938 2579 3240 2635 mercedem
3260 2580 3358 2636 de-

1765 2665 1912 2721 beo:
1957 2666 2040 2721 sin
2085 2676 2265 2722 autem
2293 2666 2501 2734 malus,
2550 2683 2929 2739 nequaquam;
2987 2670 3166 2726 irritas
3211 2672 3356 2726 enim

1762 2758 1889 2814 eum
1913 2798 1929 2823 ,
1959 2758 2051 2830 qui
2083 2767 2137 2814 te
2164 2759 2371 2828 genuit.
2399 2759 2479 2815 Ne
2501 2761 2682 2830 itaque
2713 2760 2881 2816 Deum
2916 2762 3226 2826 irritemus,
3259 2766 3354 2818 sed
3455 2822 3458 2826 _

1768 2850 1954 2905 lzetitia
1980 2851 2281 2907 afﬁciamus
2301 2892 2315 2915 ,
2348 2861 2406 2906 ut
2432 2867 2658 2923 regnum
2690 2853 2945 2908 caalorum
2968 2868 3355 2924 assequamur,

1768 2939 1821 2995 in
1870 2939 2087 2995 Christo
2115 2940 2241 2997 Jesu
2275 2942 2505 2997 Domino
2531 2952 2751 3011 nostro,
2784 2953 2888 3000 etc.

1443 3147 1790 3212 HOMILIA
1835 3151 1942 3212 ΠΙ.

110 3289 223 3346 CAP.
253 3291 305 3346 Ξ.
344 3309 399 3347 v.
424 3294 476 3350 9.
505 3294 743 3351 Mentor-cs
770 3298 905 3351 nitu
949 3297 1087 3362 estis,
1120 3295 1325 3366 fratres,
1356 3296 1542 3350 laboris
1566 3312 1659 3349 no-

166 3386 257 3438 stri
280 3395 327 3439 et
353 3387 662 3457 fatigationis
688 3406 707 3443 :
729 3400 873 3444 nocte
913 3399 960 3443 et
1001 3390 1083 3443 die
1109 3399 1395 3459 aperantcs,
1426 3406 1489 3443 ne
1515 3406 1663 3457 quens

170 3488 373 3533 rostrum
396 3494 735 3547 gravarentus,
766 3481 1150 3550 praedicaoimus
1194 3481 1249 3533 in
1288 3482 1425 3535 vobis
1450 3497 1664 3551 euange-

172 3567 282 3619 lium
307 3568 413 3622 Dei.
444 3570 528 3624 10.
587 3566 690 3624 Vos
720 3581 867 3625 testes
892 3572 1010 3625 estis
1046 3579 1093 3625 et
1122 3569 1278 3634 Deus,
1301 3587 1456 3641 quam
1492 3582 1666 3625 sancte

173 3668 215 3711 ct
229 3660 359 3726 justo
404 3672 448 3716 ct
473 3664 584 3719 sine
604 3665 805 3735 querela
832 3665 969 3719 vobis
995 3666 1084 3736 qui
1124 3665 1409 3721 credidistis
1436 3666 1665 3735 fuimus;

177 3753 250 3806 ll.
274 3754 397 3806 sicut
416 3756 576 3821 scitis,
602 3757 818 3825 qualiter
837 3773 1235 3827 unumquemque
1263 3769 1504 3822 vestrum,
1534 3760 1663 3815 sicut

176 3852 300 3909 pater
327 3846 459 3911 ﬁlios
492 3862 633 3914 suos,
661 3846 985 3918 deprecantes
1015 3865 1102 3902 oos
1123 3859 1174 3902 et
1203 3850 1537 3914 consolantes,
1573 3850 1661 3905 12.

174 3935 404 4003 testificati
428 3954 610 3994 sumus
637 3947 690 3991 stt
714 3938 1035 3993 mittularetis
1062 3941 1216 4011 digne
1252 3940 1376 4008 Deo,
1398 3942 1484 4012 qui
1511 3959 1663 3996 voca-

180 4028 229 4079 rit
253 4044 331 4084 vos
349 4031 400 4083 in
426 4047 637 4100 regnum
657 4047 804 4085 sum
827 4041 874 4086 et
894 4032 1136 4103 gloriam.

178 4206 218 4259 l.
244 4206 519 4265 Doctor-em
550 4208 682 4265 nihil
708 4218 918 4281 oportet
941 4223 1227 4285 onerosum
1256 4216 1446 4279 putare
1476 4223 1661 4267 eorum

122 4311 214 4363 qua
238 4301 451 4356 tendunt
476 4300 542 4355 ad
564 4303 787 4355 salutem
815 4301 1217 4370 discipulorum.
1249 4300 1380 4355 Nam
1407 4304 1450 4355 si
1476 4300 1664 4355 beatus

121 4386 252 4443 incoli
268 4402 418 4448 nocte
440 4400 495 4447 et
518 4391 605 4446 die
627 4392 904 4446 laborabat
920 4392 971 4445 in
992 4393 1169 4446 ovium
1190 4390 1431 4447 custodia
1460 4409 1474 4445 :
1495 4391 1663 4445 multo

121 4480 257 4549 magis
296 4498 417 4538 eum
446 4482 534 4537 cui
557 4482 776 4537 credita:
802 4493 927 4537 sunt
954 4478 1167 4544 animae.
1202 4481 1411 4537 etiamsi
1440 4482 1510 4536 sit
1530 4496 1665 4551 opus

120 4567 403 4627 laboriosum
429 4583 485 4628 et
504 4573 629 4639 vile,
653 4574 830 4627 omnia
852 4581 1065 4643 oportet
1089 4572 1283 4636 facere,
1311 4587 1472 4626 unum
1490 4572 1664 4626 solum

119 4670 433 4727 spectantem,
465 4678 662 4732 nempe
705 4663 932 4719 salutem
985 4664 1390 4733 discipulorum,
1443 4673 1499 4718 et
1545 4678 1665 4733 quia

120 4745 217 4803 inde
237 4750 336 4806 Deo
360 4752 586 4807 aﬂertur
608 4753 854 4824 gloriam.
883 4753 1014 4809 Vide
1029 4769 1159 4823 ergo
1179 4754 1664 4824 quomodoPaulus

121 4851 280 4907 pra-co,
327 4844 604 4913 apostolus
633 4845 778 4898 orbis
809 4855 986 4907 terrm,
1016 4844 1109 4899 tali
1150 4857 1397 4914 suscepto
1430 4846 1661 4912 honore,

118 4933 402 4996 operabatur
430 4935 696 5001 manibus,
728 4951 797 4989 ne
841 4946 1089 5005 gravaret
1124 4935 1436 5005 discipulos.
1469 4919 1665 4990 Memo-

118 5036 177 5075 res
211 5025 333 5080 enim
361 5027 503 5087 estis,
530 5026 729 5095 inquit,
758 5028 961 5096 fratres,
993 5024 1179 5080 laboris
1218 5028 1377 5081 nostri
1396 5038 1442 5082 et
1471 5028 1663 5098 fatiga-

118 5112 255 5169 tionis.
280 5117 433 5172 l’rius
458 5118 687 5184 dixerat,
714 5117 1016 5172 Poteramus
1044 5120 1183 5172 oneri
1232 5136 1357 5185 esse,
1406 5128 1665 5192 tamquam

117 5198 271 5258 Christi
289 5210 509 5277 apostoli
530 5224 550 5262 :
574 5208 712 5278 quod
742 5210 903 5263 etiam
930 5209 1057 5263 dicit
1104 5211 1156 5263 in
1187 5210 1421 5279 Epismla
1450 5211 1516 5264 ad
1553 5210 1663 5266 Co-

118 5291 309 5351 rinthios
336 5314 351 5351 :
384 5286 608 5351 Nescitis
653 5299 787 5365 quod
824 5298 909 5367 qui
940 5300 1097 5351 sacris
1137 5310 1430 5369 operantur,
1463 5317 1489 5355 e
1515 5316 1659 5355 sacro

117 5388 343 5443 comedunt
371 5389 391 5459 (
412 5389 462 5443 l.
489 5389 609 5444 Cor.
639 5390 693 5445 9.
724 5391 789 5445 15
809 5390 828 5460 )
846 5391 870 5442 'l
896 5389 983 5445 Sic
1022 5400 1076 5446 et
1102 5392 1343 5446 Christus
1385 5394 1661 5448 constituit

119 5480 259 5545 utqui
297 5481 633 5550 evangelium
677 5484 1010 5547 annuntiant,
1056 5499 1120 5537 es
1149 5485 1427 5553 evangelio
1457 5488 1656 5539 vivant.

117 5564 200 5621 Sui
223 5584 336 5641 ego,
371 5573 576 5642 inquit,
604 5573 767 5634 nolui.
817 5574 913 5628 sed
966 5574 1221 5629 laboravi.
1251 5574 1438 5647 Neque
1484 5577 1658 5631 solum

118 5671 353 5730 operatur,
380 5663 477 5719 sed
498 5678 618 5719 cum
650 5665 816 5718 multo
839 5665 1016 5720 studio
1043 5676 1097 5720 et
1124 5666 1418 5736 diligentia.
1448 5668 1516 5722 Et
1543 5668 1664 5725 vide

118 5752 217 5814 quid
239 5753 376 5809 dicat
408 5773 423 5807 :
453 5753 724 5821 Homeros,
765 5754 952 5825 inquit,
984 5757 1121 5821 estis,
1154 5772 1261 5811 non
1286 5757 1662 5813 beneﬁciorum

119 5853 351 5911 uicorum,
384 5846 501 5910 sed,
530 5831 742 5900 Laboris
769 5848 927 5901 nostri
969 5859 1016 5902 et
1046 5849 1379 5921 fatigationis.
1411 5846 1574 5904 Nocte
1616 5859 1662 5905 et

380 5967 651 6035 Parum"
699 5964 815 6023 Gn.
865 5963 1055 6024 LX”.

1726 4800 1745 4814 ρ
1769 4762 1915 4817 dubii
1960 4765 2232 4835 relinquit.
2278 4766 2342 4821 Et
2372 4781 2440 4821 ne
2470 4767 2683 4821 mireris
2732 4785 2745 4821 :

1762 3298 1850 3352 die
1876 3307 2160 3369 opsruntcs,
2189 3314 2252 3352 ne
2270 3315 2416 3369 quem
2436 3310 2651 3354 vestrum
2689 3315 3036 3371 grauaremus,
3066 3301 3139 3354 sic
3163 3298 3357 3368 pradi-

1768 3405 1942 3442 cantus
1982 3390 2119 3443 vobis
2158 3391 2471 3460 evangelium
2523 3390 2639 3444 Dei.
2677 3392 2974 3446 Corinthiis
3004 3401 3180 3446 autem
3211 3392 3357 3446 aliud

1766 3479 1896 3543 dicit
1928 3498 1940 3533 :
1986 3481 2125 3535 Alias
2158 3480 2413 3537 Ecclesias
2444 3483 2739 3552 exspoliari,
2770 3484 3024 3554 accipiens
3048 3483 3356 3552 stipendium

1766 3570 1836 3623 ad
1864 3571 2199 3639 ministerium
2232 3581 2448 3635 uestrum
2489 3572 2579 3643 (9..
2611 3572 2729 3627 Cor.
2777 3574 2865 3629 Η.
2912 3573 3002 3645 8).
3059 3574 3221 3645 Atqui
3252 3574 3360 3628 illic

1766 3676 1979 3732 qunque
2006 3665 2351 3731 operabatur,
2380 3664 2475 3718 sed
2498 3681 2606 3718 non
2638 3666 2912 3721 revocavit
2940 3666 2991 3720 in
3017 3666 3354 3728 memoriam,

1767 3754 1882 3808 sectr
1910 3754 2051 3808 aliud
2110 3757 2287 3825 posuit
2332 3756 2473 3827 quod
2544 3756 2717 3828 magis
2778 3768 3067 3829 pangeret;
3135 3760 3358 3829 perinde

1767 3857 1927 3916 atque
1956 3849 2001 3902 si
2031 3848 2276 3908 diceret:
2310 3851 2391 3906 Ab
2417 3851 2537 3905 aliis
2582 3868 2698 3906 sum
2742 3853 2974 3907 nutritus
3000 3854 3152 3907 vobis
3182 3856 3357 3908 insur-

1764 3938 1949 4004 viens;
2003 3938 2091 3995 hic
2132 3952 2310 3997 autem
2360 3958 2464 3997 non
2514 3944 2612 4009 sic,
2669 3942 2766 4000 sed
2801 3944 2963 4016 quid?
3010 3943 3176 3999 Nocte
3202 3957 3247 4001 et
3272 3948 3355 4001 die

1767 4040 2051 4098 operantes.
2098 4033 2165 4088 Et
2202 4034 2309 4089 illic
2335 4034 2550 4104 quidem
2576 4035 2726 4099 dicit,
2779 4035 2841 4089 Et
2883 4052 2998 4089 cum
3035 4052 3191 4090 essent
3217 4038 3357 4106 apud

1768 4137 1853 4175 vos
1880 4133 1929 4177 et
1956 4140 2173 4194 egerem,
2204 4124 2405 4179 nullum
2428 4127 2641 4195 σταυαυὶ
2663 4128 2684 4196 (
2699 4125 2834 4179 Ibid.
2865 4142 2913 4180 υ.
2941 4125 3042 4196 9);
3072 4137 3147 4191 et,
3177 4127 3358 4197 Accepi

1767 4215 2071 4283 stipendium
2099 4217 2167 4269 ad
2196 4217 2532 4271 ministerium
2556 4228 2774 4273 vestrum
2801 4232 2820 4273 :
2845 4217 2932 4274 hic
2966 4230 3143 4272 autem
3172 4229 3359 4273 osten-

1768 4304 1845 4359 dit
1870 4318 1965 4361 eos
1990 4319 2109 4359 esse
2136 4306 2187 4360 in
2217 4314 2561 4377 paupertate;
2597 4308 2704 4363 illic
2735 4323 2864 4363 vero
2915 4324 3021 4363 non
3076 4310 3169 4363 ita.
3222 4310 3356 4364 Pro-

1768 4405 1949 4467 pterea
1975 4398 2187 4452 assidue
2213 4415 2306 4453 eos
2346 4400 2563 4455 adducit
2590 4410 2754 4456 testes
2782 4418 2797 4454 :
2842 4400 2942 4455 Vos
2966 4401 3123 4462 enim,
3152 4401 3355 4471 inquit,

1768 4498 1915 4542 testes
1941 4489 2060 4544 estis
2102 4499 2150 4543 ct
2181 4488 2354 4559 Deus;
2398 4505 2706 4548 sermonem
2738 4491 2843 4547 ﬁde
2887 4491 3104 4563 dignum
3138 4489 3359 4557 iaciens,

1767 4586 1823 4632 et
1851 4578 1954 4634 hoc
1980 4594 2207 4648 ponens,
2233 4581 2378 4652 quod
2404 4597 2500 4638 eos
2527 4584 2759 4641 maxime
2780 4583 3035 4638 reddebat
3058 4583 3321 4638 certiores
3343 4604 3354 4636 :

1770 4687 1895 4725 nam
1921 4671 2048 4728 illud
2076 4683 2158 4726 est
2185 4674 2446 4729 incertum
2482 4676 2868 4745 ignorantibus,
2899 4676 3000 4732 hoc
3016 4687 3197 4731 autem
3229 4676 3357 4731 nihil

2792 4784 2897 4822 non
2949 4768 3260 4824 advertebat
3301 4784 3362 4823 se

1770 4853 1992 4910 Paulum
2018 4870 2162 4919 esse,
2209 4858 2297 4927 qui
2337 4856 2452 4912 iltl'c
2494 4858 2734 4922 diceret;
2767 4858 2861 4913 sed
2907 4858 3197 4914 admodum
3250 4864 3363 4914 vult

1767 4958 1863 4998 eos
1887 4944 2145 4999 certiores
2164 4945 2356 5002 facere.
2381 4947 2505 5002 Ideo
2522 4948 2652 5002 dicit
2676 4966 2687 5001 :
2725 4946 2822 5001 Vos
2844 4959 2988 5002 testes
3004 4950 3121 5002 estis
3137 4959 3182 5002 et
3204 4948 3358 5015 Dcus,

1768 5051 1920 5103 quant
1960 5046 2132 5091 sancte
2162 5046 2223 5103 ,ει
2255 5039 2397 5107 justo
2424 5049 2471 5091 et
2517 5040 2626 5093 sine
2665 5041 2869 5107 querela
2900 5040 3036 5094 vobis
3059 5041 3248 5110 fuimus
3274 5043 3360 5108 qui

1768 5128 1989 5182 creditis.
2019 5126 2311 5198 Oportebat
2332 5145 2425 5183 eos
2452 5144 2634 5183 rursus
2651 5129 2867 5184 laudare
2892 5149 2904 5185 :
2934 5130 3053 5184 ideo
3073 5145 3135 5185 ea
3164 5147 3363 5200 pl‘Opn-

1771 5220 1850 5273 nit
1900 5235 2021 5290 qua:
2066 5219 2196 5273 satis
2248 5229 2402 5273 et'ant
2449 5220 2515 5273 ad
2574 5221 3023 5289 persuadendum.
3080 5222 3211 5276 Nam
3264 5224 3356 5289 qui

1769 5310 1920 5375 illic,
1976 5311 2148 5380 inquit
2177 5351 2190 5374 ,
2241 5311 2546 5366 laborabam
2599 5322 2870 5380 egestate,
2898 5321 2950 5365 ct
2996 5328 3103 5368 non
3143 5317 3348 5378 accepi.

1769 5402 1938 5455 multo
1966 5402 2133 5469 magis
2164 5415 2323 5455 nunc.
2357 5400 2523 5468 Quam
2552 5411 2724 5454 sancte
2766 5413 2811 5455 ct
2860 5404 2991 5467 iuste
3033 5413 3079 5454 et
3109 5404 3217 5456 sine
3237 5421 3363 5471 qne—

1769 5491 1875 5543 rcla
1932 5492 2124 5559 fuimus
2176 5492 2309 5545 vobis
2364 5492 2449 5561 qui
2490 5492 2734 5554 creditis;
2781 5493 2908 5545 sicut
2936 5493 3092 5558 scitis,
3142 5496 3363 5557 qualiter

1768 5595 2167 5651 unumquemque
2196 5591 2435 5646 vestrum,
2466 5583 2594 5635 sicut
2623 5592 2765 5651 pater
2805 5584 2939 5651 ﬁlios
2964 5600 3102 5649 suos,
3154 5601 3241 5638 vos
3267 5588 3356 5637 a'c-

1769 5682 2030 5742 precantcs
2080 5681 2127 5725 et
2184 5672 2521 5727 consolantes.
2556 5672 2689 5728 Cum
2718 5675 2984 5743 superius
3032 5673 3264 5729 dixisset
3310 5676 3359 5728 id

1768 5761 1910 5830 qltOd
1931 5771 2047 5816 erat
2065 5762 2515 5829 conversationis,
2546 5761 2631 5818 hic
2661 5763 2791 5819 dicit
2810 5764 2952 5836 quod
2974 5774 3059 5820 est
3086 5767 3359 5827 caritatis;

1768 5853 1911 5925 quod
1938 5852 2110 5925 majus
2135 5861 2238 5923 est,
2260 5862 2316 5911 et
2341 5853 2458 5911 sine
2484 5853 2625 5913 fastu
2646 5855 2869 5913 dictum.
2892 5857 3038 5912 Sicut
3062 5868 3203 5927 pater
3228 5858 3364 5929 ﬁlios

2930 5948 3013 6012 26
