4056 6332
676 471 782 525 ἐνθῖ

675 599 794 637 suos
813 624 826 647 ,
855 582 1176 652 deprecantes
1201 593 1287 634 vos
1313 586 1358 633 et
1387 577 1708 633 consolantes
1741 584 1792 632 et
1833 574 2158 657 testiﬁcantes
2197 578 2255 623 ut

678 673 945 728 ambuletis
973 673 1123 742 digne
1151 669 1280 734 Deo,
1321 670 1408 740 qui
1433 679 1590 723 uocat
1618 683 1704 723 eos
1751 667 1807 721 in
1840 678 2058 738 regnum
2106 676 2258 718 suum

621 801 631 810 .
676 771 728 816 et
767 762 1000 833 gloriam.
1030 760 1253 829 Quando
1278 761 1410 816 dicit
1441 779 1454 816 :
1481 757 1556 814 Et
1597 759 1948 829 testificantes,
1977 765 2102 810 tunc
2138 767 2256 808 me-

679 852 833 906 minit
883 862 1113 923 patrum.
1140 851 1246 907 Sed
1299 861 1351 907 et
1389 849 1657 907 testiﬁcati
1709 845 2060 912 sumus,hoc
2111 859 2255 916 quo-

675 957 784 1010 que
831 957 936 996 non
985 943 1326 997 vehementer
1355 981 1370 1006 ,
1399 941 1490 995 sed
1536 942 1673 994 sicut
1703 949 1874 1010 pater,
1909 936 2257 1007 Unumqaem-

677 1049 776 1101 que
842 1043 1080 1087 vestr-unt.
1132 1034 1342 1103 Papa!
1397 1033 1450 1086 in
1498 1040 1644 1086 tanta
1696 1030 2034 1086 multitudine
2084 1027 2255 1084 nemi-

679 1138 802 1177 nem
830 1125 1194 1193 prietermisit,
1237 1138 1341 1178 non
1372 1137 1614 1192 parvum,
1665 1137 1770 1177 non
1824 1135 2098 1192 magnum,
2151 1133 2256 1174 non

678 1215 918 1281 divitem,
942 1231 1040 1271 nec
1062 1231 1367 1286 pauperem.
1402 1215 1759 1285 Deprecanles,
1787 1216 1974 1287 inquit,
2007 1215 2071 1271 ad
2095 1215 2218 1286 quid
2235 1218 2262 1270 ll

677 1305 759 1359 Ad
793 1304 1066 1360 ferendum
1109 1307 1307 1379 omnia.
1338 1307 1404 1361 Et
1448 1309 1765 1362 consolantes
1819 1320 1863 1361 et
1910 1308 2254 1376 testiﬁcantes.

677 1392 1052 1463 Deprecanles:
1081 1411 1186 1452 non
1213 1412 1344 1467 ergo
1377 1398 1688 1468 quaerebant
1721 1399 1944 1468 gloriam
1970 1414 1988 1449 :
2021 1396 2089 1450 Et
2118 1395 2259 1449 testi-

679 1488 888 1552 [icantes
912 1502 928 1518 ⁶
950 1504 1057 1542 non
1088 1503 1218 1559 ergo
1242 1488 1619 1544 adulabantur.
1657 1489 1728 1545 Ut
1755 1488 2078 1543 ambularetis
2108 1488 2262 1556 digus

678 1577 813 1646 Deo,
843 1579 932 1648 qui
953 1581 1143 1632 vocavit
1165 1596 1251 1633 oos
1276 1580 1329 1633 in
1347 1597 1500 1634 suum
1538 1596 1749 1652 regam
1767 1591 1813 1635 et
1840 1581 2073 1651 giarium.
2126 1580 2259 1636 Vide

679 1686 867 1726 rursus
888 1671 1157 1741 quomodo
1186 1687 1432 1739 narrans,
1457 1681 1514 1728 et
1536 1673 1690 1728 docet
1713 1681 1770 1728 et
1811 1673 2119 1735 consolatur
2157 1688 2172 1726 :
2213 1671 2260 1727 si

676 1763 821 1816 enim
843 1763 1050 1817 vocavit
1072 1762 1141 1817 ad
1165 1778 1408 1833 regnum,
1436 1773 1650 1834 oportet
1674 1765 1856 1819 munia
1877 1765 2037 1820 ferre.
2069 1763 2258 1820 Horta-

680 1869 805 1909 mur
833 1855 915 1908 vel
957 1869 1226 1926 rogamus,
1260 1871 1364 1911 non
1392 1864 1452 1910 ut
1483 1856 1635 1931 nobis
1673 1857 2132 1928 aliquiddonetis,
2163 1857 2259 1913 sed

677 1953 733 1998 ut
762 1959 983 2014 regnum
1028 1947 1286 2000 cartorum
1335 1948 1719 2016 assequamini.
1763 1948 1850 2003 1'5.
1898 1947 2027 2002 ideo
2082 1958 2129 2002 et
2169 1964 2260 2003 nos

677 2036 870 2103 gratias
893 2036 1087 2105 agimus
1114 2035 1220 2090 Deo
1263 2038 1373 2090 sine
1414 2038 1799 2103 intermissione,
1823 2039 1961 2110 quod
1976 2053 2094 2091 cum
2117 2054 2260 2092 acce-

684 2125 881 2193 pissetis
923 2143 956 2179 a
1004 2127 1147 2181 nobis
1177 2127 1381 2181 verbum
1419 2129 1622 2182 auditas
1658 2127 1767 2195 Dei,
1823 2129 2088 2199 accepistis
2132 2129 2262 2182 illud

678 2231 781 2266 non
831 2224 884 2267 ut
923 2217 1126 2269 verbum
1176 2217 1456 2282 hominum,
1489 2220 1599 2284 sed,
1641 2220 1769 2274 sicut
1796 2228 1868 2273 est
1894 2235 2026 2286 vere,
2057 2221 2262 2274 uerbum

680 2305 798 2372 Dei,
821 2307 907 2378 qui
931 2318 1170 2377 operatur
1195 2310 1248 2362 in
1268 2310 1404 2363 vobis
1427 2311 1514 2381 qui
1538 2311 1843 2366 credidistis.
1861 2311 1977 2388 Non
2005 2312 2159 2373 licet,‘
2177 2313 2260 2366 in-

676 2398 812 2466 quit,
843 2399 1042 2465 dicere,
1069 2399 1210 2470 quod
1233 2414 1332 2455 nos
1354 2401 1568 2471 quidem
1598 2402 1816 2471 impune
1833 2404 2016 2457 omnia
2032 2403 2260 2470 agimus,

679 2503 778 2543 vos
817 2499 995 2545 autem
1029 2491 1199 2545 lacitis
1225 2492 1443 2562 indigna
1472 2503 1652 2548 nostra
1679 2495 2086 2550 conversatione
2115 2513 2128 2549 :
2155 2511 2261 2550 non

677 2578 820 2633 enim
854 2594 951 2634 nos
976 2580 1257 2638 audientes
1285 2582 1460 2637 allecti
1496 2585 1627 2639 estis
1675 2592 1943 2654 tamquam
1987 2585 2265 2640 audientes

676 2669 946 2737 homines,
975 2672 1069 2725 sed
1104 2681 1372 2743 tamquam
1418 2675 1536 2743 ipso
1564 2674 1676 2729 Deo
1704 2675 2050 2743 admonente,
2082 2676 2155 2730 ita
2183 2683 2265 2730 at-

676 2761 944 2817 tendistis.
973 2761 1253 2818 Undenam
1280 2764 1331 2818 id
1359 2765 1564 2836 liquet?
1605 2765 1758 2822 Sicut
1785 2767 1952 2833 enim,
1983 2768 2127 2838 quod
2157 2784 2263 2823 non

679 2855 734 2906 in
787 2853 1097 2909 adulatione
1144 2840 1319 2925 neque
1364 2857 1417 2910 in
1457 2857 1600 2912 inani
1651 2857 1816 2927 gloria
1863 2857 2263 2927 praedicaverit,

677 2947 914 3002 ostendit
938 2963 1003 3001 ex
1030 2948 1140 3003 suis
1170 2949 1570 3015 tentationibus,
1603 2957 1655 3004 et
1681 2949 1891 3004 illorum
1923 2951 2261 3018 testimonio,

679 3047 733 3092 et
753 3053 816 3093 ex
847 3038 910 3094 iis
933 3054 1054 3109 quas
1075 3041 1301 3110 agebat:
1330 3041 1400 3097 ita
1427 3042 1586 3096 etiam
1607 3043 1747 3112 quod
1773 3043 1848 3097 illi
1869 3043 2092 3098 verbum
2121 3054 2286 3099 recte

677 3129 1006 3198 acceperint,
1038 3145 1066 3183 a
1097 3132 1494 3186 tentationihos.
1523 3132 1805 3200 Quomodo
1843 3135 2010 3200 enim,
2053 3134 2263 3203 inquit,

679 3220 780 3272 nisi
812 3229 1078 3290 tamquam
1107 3221 1272 3275 Deum
1303 3222 1567 3280 dicentem
1599 3224 1957 3292 audivissetis,
1989 3225 2113 3280 talia
2157 3225 2265 3281 ler-

680 3311 810 3365 retis
864 3313 1138 3381 pericula?
1191 3311 1327 3369 Vide
1356 3324 1533 3369 autem
1565 3303 1975 3371 auctoritatem:
2016 3317 2103 3371 M.
2165 3315 2266 3371 Vos

677 3405 812 3455 enim
839 3404 1114 3459 imitatores
1153 3407 1280 3474 facti
1322 3407 1473 3470 estis,
1518 3406 1734 3476 fratres,
1777 3406 2126 3463 Ecclesiarum
2168 3409 2265 3464 Dei

678 3510 797 3563 qua:
817 3505 934 3548 sunt
969 3497 1020 3550 in
1054 3497 1242 3550 Juda’a
1269 3498 1322 3550 in
1349 3497 1550 3552 Christo
1589 3495 1735 3562 Iesu,
1768 3501 1886 3569 quia
1927 3502 2102 3554 eadem
2129 3503 2266 3571 passi

679 3586 801 3640 estis
828 3595 874 3640 et
899 3603 989 3643 ros
1002 3603 1033 3641 a
1056 3588 1418 3643 contribulibus
1438 3592 1631 3652 uestris,
1658 3591 1787 3645 sicut
1807 3602 1852 3645 et
1872 3593 1970 3662 ipsi
1993 3610 2024 3646 a
2043 3589 2262 3659 Iudicis,

680 3675 768 3733 15.
795 3679 880 3747 qui
904 3687 952 3733 et
977 3677 1247 3734 Dominum
1283 3684 1571 3737 occiderunt
1589 3681 1766 3736 Iesum
1799 3695 1843 3737 et
1870 3686 2162 3764 prophetas,
2216 3699 2265 3742 et

678 3785 771 3824 nos
797 3773 1079 3841 persequuti
1108 3780 1252 3838 sunt,
1297 3782 1345 3826 et
1388 3772 1496 3826 Deo
1535 3790 1635 3827 non
1666 3773 1897 3844 placent,
1946 3785 1991 3828 et
2036 3771 2265 3834 omnibus

679 3861 961 3916 hominibus
1002 3864 1333 3918 adversantur
1354 3883 1374 3930 ;
1421 3866 1508 3921 16.
1553 3865 1867 3936 prohibentes
1911 3884 2001 3922 nos
2037 3872 2264 3938 gentibus

679 3954 815 4018 loqui
840 3964 894 4006 ut
937 3956 1090 4008 salute
1138 3957 1293 4023 ﬁant,
1327 3966 1380 4008 ut
1423 3957 1665 4025 impleant
1695 3967 1898 4025 peccata
1925 3977 2018 4013 sua
2043 3977 2262 4032 semper.

679 4041 920 4097 Pervenit
943 4054 1110 4098 autem
1141 4046 1216 4098 ira
1253 4043 1351 4100 Dei
1374 4061 1528 4114 super
1550 4047 1665 4101 illos
1687 4065 1841 4118 usque
1865 4051 1917 4103 in
1945 4052 2120 4117 ﬁnem.

749 4133 803 4187 2.
845 4131 965 4198 Vos,
998 4134 1188 4204 inquit,
1211 4136 1482 4190 imitatores
1503 4138 1623 4208 facti
1647 4139 1764 4193 estis
1795 4139 2142 4196 Ecclesiarum
2168 4141 2264 4198 Dei

679 4240 788 4294 qua:
833 4235 948 4279 sunt
977 4225 1028 4279 in
1053 4224 1260 4280 Judwa.
1289 4227 1474 4297 Magna
1521 4239 1602 4283 est
1649 4232 1967 4287 consolatio.
1999 4233 2114 4288 Non
2145 4245 2258 4302 est,

680 4317 872 4386 int-luit,
905 4318 1118 4379 mirum,
1166 4321 1209 4372 si
1257 4319 1356 4389 ipsi
1403 4319 1516 4374 luce
1554 4321 1705 4376 vobis
1750 4323 1962 4389 faciant,
1998 4341 2118 4379 cum
2161 4327 2264 4384 hoc

678 4410 840 4462 etiam
863 4408 1055 4462 iaciant
1082 4409 1192 4462 suis
1217 4411 1627 4467 contribulibus.
1660 4411 1771 4466 lloc
1796 4424 1971 4468 autem
2003 4431 2106 4469 non
2136 4431 2262 4484 par-

679 4517 805 4554 vum
831 4517 1042 4571 quoque
1071 4512 1151 4555 est
1177 4503 1427 4558 indicium
1454 4505 1592 4574 quod
1634 4520 1759 4560 vera
1802 4507 1872 4560 sit
1922 4508 2262 4578 praedicatio,

679 4609 800 4648 cum
830 4604 882 4648 et
910 4593 1077 4648 ,Ιυὰιυὶ
1110 4596 1285 4648 omnia
1324 4595 1464 4650 ferre
1506 4599 1853 4653 sustinerent.
1909 4599 2041 4664 Quia
2089 4603 2264 4656 eadem

677 4687 819 4758 passi
841 4688 955 4740 estis
981 4696 1025 4740 et
1051 4703 1136 4740 vos
1162 4703 1192 4739 a
1236 4688 1598 4742 contribulibus
1635 4691 1829 4755 vestris,
1879 4692 2006 4745 sicut
2035 4702 2081 4746 et
2107 4694 2203 4761 ipsi
2231 4711 2263 4748 a

675 4779 894 4832 ludatis.
921 4779 1044 4832 Plus
1070 4779 1267 4848 aliquid
1294 4780 1452 4835 habet
1496 4781 1546 4835 in
1585 4797 1650 4835 eo
1679 4781 1818 4850 quod
1849 4781 2066 4849 dixerit,
2093 4785 2159 4839 Et
2185 4785 2263 4839 illi

678 4870 731 4924 in
783 4868 964 4924 Judaza
995 4887 1008 4923 :
1043 4871 1275 4925 ostendit
1301 4873 1445 4926 enim
1475 4887 1568 4928 eos
1613 4873 1806 4941 ubique
1832 4873 2023 4940 lmtari,
2068 4884 2127 4928 ut
2172 4877 2264 4945 qui

678 4963 1060 5016 decertassent.
1094 4961 1233 5016 Dicit
1281 4978 1428 5032 ergo,
1465 4962 1571 5016 Vos
1624 4979 1837 5034 quoque
1886 4966 2071 5020 eadem
2120 4969 2260 5036 passi

677 5055 830 5108 estis.
860 5052 927 5107 Et
947 5053 1071 5122 quid
1102 5054 1314 5115 mirum.
1345 5055 1388 5108 si
1420 5055 1570 5109 vobis
1598 5072 1808 5126 quoque
1834 5057 2076 5112 fecerunt
2096 5102 2110 5126 ,
2139 5076 2260 5114 cum

677 5143 866 5198 eadem
911 5160 1119 5213 quoque
1146 5147 1258 5198 ausi
1287 5146 1480 5200 fuerint
1510 5147 1560 5200 in
1590 5146 1890 5201 Dominum.
1938 5149 2096 5202 Vides
2125 5165 2260 5219 quo-

679 5233 842 5288 modo
872 5233 974 5287 hoc
1003 5233 1264 5288 induxerit
1300 5235 1440 5304 quod
1469 5251 1715 5306 magnam
1747 5238 1903 5292 habet
1931 5240 2259 5294 consolatio-

678 5324 842 5379 nem?
870 5323 935 5378 Et
970 5326 1069 5378 hoc
1095 5337 1269 5380 versat
1296 5325 1525 5394 assidue,
1551 5337 1604 5382 ct
1625 5329 1674 5381 in
1699 5330 1944 5382 omnibus
1972 5346 2261 5399 propemo-

675 5417 802 5471 dum
865 5418 1104 5486 epistolis
1163 5418 1263 5473 hoc
1312 5420 1613 5487 inveneris,
1656 5433 1901 5477 accurate
1945 5427 2260 5481 examinans

677 5507 948 5574 quomodo
974 5511 1025 5563 in
1057 5512 1438 5566 tcntatiouibus
1475 5529 1688 5584 semper
1733 5513 2005 5572 Christum
2049 5519 2260 5575 diverse

678 5595 881 5651 afferat.
913 5596 1048 5653 Vide
1075 5615 1233 5670 ergo;
1269 5600 1353 5655 hic
1383 5616 1594 5672 quoque
1617 5618 1874 5660 accusans
1897 5605 2131 5674 ducimus,
2165 5623 2259 5666 eos

674 5697 892 5744 revocat
919 5688 973 5744 io
999 5693 1307 5746 memoriam
1336 5693 1568 5760 Domini,
1606 5703 1658 5748 et
1681 5695 1795 5764 ejus
1828 5699 2255 5765 perpessionum.

674 5779 827 5833 Adeo
870 5779 1068 5836 sciebat
1119 5797 1228 5836 rem
1261 5784 1544 5838 maximam
1576 5783 1772 5841 habere
1806 5789 2251 5845 consolationem.

678 5871 781 5938 Qui
806 5883 855 5928 et
899 5871 1166 5928 Dominum
1194 5877 1502 5945 (uiderunt,
1532 5878 1718 5948 inquit.
1749 5879 1850 5933 .‘Tctl
1879 5880 2100 5938 fortasse
2124 5896 2247 5939 cum

1394 464 1454 524 8.
1491 461 1767 523 JOANNIS
1799 455 2271 519 ςηητεοετοκι
2294 453 2622 516 'ARCBIEP.
2662 460 3188 544 CONSTANTINOP.

3853 477 3977 537 408

2366 567 2766 640 Ξεηθηναιιπη.
2794 577 2907 636 imo
2932 584 3168 640 maxime
3182 583 3467 645 noverunt.
3494 591 3630 663 Quid
3658 599 3837 654 vero?
3865 613 3976 655 an-

2365 677 2472 716 non
2513 667 2677 722 etiam
2706 684 2832 726 suos
2871 674 3158 744 prophetas
3199 681 3527 750 occiderunt,
3580 697 3638 743 et
3681 690 3986 758 laridibna-

2362 754 2679 826 obruerunt,
2700 775 2923 830 quorum
2945 765 3103 820 etiam
3122 767 3287 826 libr-os
3305 772 3722 833 circumierunt?
3737 754 3812 835 Ἐι
3836 782 3974 837 haec

2365 843 2607 901 iecenmt
2634 864 2746 904 non
2775 863 2996 923 propter
3033 858 3334 915 veritatem.
3365 862 3480 919 Non
3505 877 3589 922 est
3613 857 3744 941 ergo
3771 873 3974 927 solum

2365 936 2664 993 consolatio
2692 941 2742 994 in
2772 945 3176 1015 tentationibus,
3209 951 3503 1010 sed-etiam
3529 936 3855 1030 admonitio,
3895 981 3973 1017 ne

2367 1027 2735 1085 existimemus
2760 1032 2904 1100 quod
2931 1034 3049 1090 inec
3074 1035 3269 1094 faciam
3300 1054 3520 1114 propter
3561 1027 3874 1117 veritatem,
3910 1063 3971 1106 et

2367 1114 2489 1170 ideo
2509 1121 2914 1176 conturbemnr.
2941 1123 3006 1178 Et
3031 1143 3145 1193 nos,
3173 1129 3366 1201 inquit,
3409 1140 3693 1204 persequuti
3716 1114 3867 1196 sunt.
3897 1143 3972 1196 Et

2366 1222 2488 1275 nos,
2518 1209 2705 1280 inquit,
2741 1217 2884 1284 passi
2909 1232 3095 1274 smnus
3116 1221 3251 1275 mala
3284 1224 3711 1284 innumerabilia.
3745 1231 3813 1287 Et
3842 1232 3972 1288 Deo

2367 1315 2469 1353 non
2497 1302 2730 1370 placent,
2766 1316 2817 1359 et
2841 1309 3072 1364 erunibus
3103 1311 3388 1369 hominibus
3431 1317 3784 1388 adversantur,
3836 1341 3971 1394 pro-

2365 1391 2589 1447 hibentes
2613 1410 2705 1448 nos
2739 1398 2968 1467 gentibus
3014 1401 3152 1472 loqui
3187 1413 3240 1458 ut
3287 1407 3444 1462 salute
3488 1410 3636 1478 ﬁant.
3668 1391 3962 1484 Omnibus,

2367 1483 2557 1552 inquit,
2587 1486 2871 1544 hominibus
2893 1491 3240 1550 adversantur.
3263 1496 3579 1564 Quotnodoi
3606 1502 3661 1558 Si
3685 1506 3831 1561 enim

2366 1577 2482 1630 orbi
2513 1587 2668 1634 terrae
2694 1580 2834 1652 loqui
2857 1593 3090 1653 oportet,
3120 1587 3208 1643 isti
3227 1597 3404 1645 autem
3426 1603 3629 1662 vetant,
3657 1605 3781 1653 sunt
3800 1615 3966 1656 com-

2366 1681 2559 1722 mones
2591 1669 2787 1725 inimici
2820 1673 2968 1729 orbis
3014 1685 3190 1732 terra.
3243 1679 3513 1737 Christum
3553 1688 3875 1745 occiderunt
3905 1702 3966 1748 et

2363 1759 2688 1828 prophetas,
2735 1764 2900 1820 Deum
2948 1769 3268 1824 contumelia
3311 1773 3582 1840 alliciunt,
3630 1788 3758 1833 sunt
3803 1783 3966 1840 orbis

2364 1861 2526 1904 teme
2541 1866 2853 1910 communes
2870 1857 3090 1926 inimici,
3111 1875 3208 1914 nos
3228 1864 3502 1933 expellunt
3520 1869 3610 1938 qui
3639 1870 3706 1924 ad
3722 1872 3958 1928 salutem

2364 1944 2690 1998 accessimus
2716 1961 2735 2031 τ’
2760 1947 2885 2013 quid
2904 1949 3183 2016 κει-πω,ῑὶ
3206 1954 3258 2008 in
3291 1969 3383 2010 vos
3403 1973 3614 2029 qmque
3641 1961 3710 2017 ita
3743 1980 3803 2018 se
3830 1980 3962 2035 ges-

2365 2033 2550 2098 serint,
2574 2049 2697 2090 cum
2720 2027 2880 2093 etiam
2907 2040 2958 2094 in
2987 2040 3172 2098 Iudam
3200 2045 3301 2102 hoc
3331 2027 3554 2106 [eccs-int
3571 2027 3962 2113 i'ProIiibe'ntes

2363 2139 2464 2178 nos
2505 2127 2732 2195 gentibus
2782 2128 2919 2199 loqui
2941 2142 2998 2185 ut
3034 2135 3188 2190 salse
3213 2136 3358 2205 ﬁant.
3406 2141 3502 2196 Est
3545 2157 3674 2214 ergo
3714 2146 3956 2214 invidia,

2365 2219 2605 2275 omnium
2650 2222 2913 2293 impedire
2939 2228 3188 2285 salutem.
3232 2231 3299 2287 Ut
3351 2235 3596 2304 impleant
3625 2253 3834 2310 peccata
3859 2261 3959 2299 sua

2365 2323 2581 2378 sentper.
2614 2309 2850 2370 Pervenit
2895 2328 3062 2372 autem
3084 2336 3240 2390 super
3275 2323 3392 2378 illos
3427 2327 3504 2381 ira
3555 2309 3651 2384 Dei
3699 2348 3857 2404 usque
3900 2336 3955 2388 in

2368 2401 2539 2469 finem.
2568 2401 2685 2459 Non
2730 2417 2853 2461 sunt
2881 2410 3108 2480 amplius
3153 2414 3275 2470 talia
3316 2418 3493 2487 qualia
3537 2433 3691 2478 erant
3734 2401 3948 2494 prium;

2365 2506 2474 2544 non
2501 2501 2582 2547 est
2605 2496 2832 2565 amplius
2852 2498 3072 2566 reditus,
3103 2516 3208 2558 non
3237 2507 3466 2576 amplius
3489 2510 3612 2566 linis
3633 2531 3647 2567 :
3666 2515 3752 2569 sed
3776 2532 3944 2586 prope

2369 2581 2531 2638 instat
2557 2585 2655 2639 ira.
2685 2587 2836 2644 Ude
2863 2589 2914 2644 id
2947 2595 3132 2661 patet?
3155 2595 3234 2651 Ex
3264 2611 3330 2652 eo
3355 2601 3496 2670 quod
3526 2581 3944 2670 pricdixit'Chri-

2351 2683 2506 2752 _stus.
2527 2677 2640 2732 Non
2664 2679 2767 2736 hoc
2788 2683 2932 2737 enim
2961 2684 3133 2740 solum
3155 2686 3314 2745 habet
3335 2694 3784 2760 consolationem.
3808 2701 3953 2770 quod

2368 2769 2676 2837 acceperint
2700 2770 2874 2826 socios
2911 2773 3294 2846 amictionum,
3323 2781 3419 2837 sed
3461 2794 3516 2840 et
3557 2789 3699 2856 quod
3739 2769 3834 2845 eos
3862 2792 3956 2862 qui

2369 2857 2674 2928 afﬂigebat“
2702 2863 2969 2920 audierint
2996 2868 3180 2936 plexos
3206 2871 3386 2929 fuisse.
3415 2875 3470 2932 Si
3499 2887 3678 2934 autem
3709 2857 3961 2938 moles-tia

2369 2949 2534 3004 afﬁcit
2557 2951 2764 3019 dilatio,
2796 2959 3107 3016 consoletur
3132 2965 3273 3034 quod
3321 2981 3429 3022 non
3467 2971 3695 3040 amplius
3739 2989 3961 3030 sursum

2370 3044 2652 3111 aspiciant.
2701 3045 2816 3103 lmo
2862 3064 2991 3105 vero
3034 3051 3345 3112 dilationem
3395 3073 3602 3129 quoque
3648 3069 3956 3127 contraxit.

2369 3132 2620 3202 dicendo,
2656 3136 2766 3204 Ira,
2800 3156 2987 3197 rursus
3025 3146 3321 3202 ostendens
3341 3164 3457 3205 eam
3492 3151 3695 3220 deberi,
3725 3171 3965 3228 esseque

2372 3228 2721 3294 przestitutam
2749 3240 2804 3284 et
2850 3231 3180 3303 prtedictam.
3223 3239 3313 3292 l7.
3347 3239 3460 3294 Nos
3498 3250 3696 3309 autem,
3728 3246 3920 3315 fratres
3944 3292 3960 3313 ,

2371 3317 2585 3372 desolati
2609 3336 2640 3373 a
2667 3321 2803 3375 vobis
2826 3323 2894 3375 ad
2921 3333 3116 3395 tempus
3142 3326 3300 3396 horse,
3348 3342 3571 3402 aspectu,
3623 3351 3725 3390 non
3767 3341 3928 3395 corde
3946 3381 3962 3402 .

2370 3408 2709 3463 abundantius
2758 3412 3102 3483 [estinaoimus
3147 3420 3328 3489 faciem
3384 3433 3598 3478 vestram
3639 3428 3810 3484 sidere
3842 3447 3965 3485 cum

2371 3501 2530 3554 multo
2557 3502 2825 3558 desiderio.
2854 3505 2970 3562 Non
2995 3507 3165 3576 dixit,
3195 3510 3435 3581 Separati
3457 3558 3473 3583 ,
3498 3517 3591 3572 sed
3619 3521 3760 3589 quod
3783 3526 3965 3594 majus

2370 3601 2506 3646 erat.
2558 3592 2816 3662 Superius
2871 3596 3004 3652 dixit
3048 3599 3116 3654 de
3162 3602 3499 3672 adulatione,
3558 3592 3966 3671 ostendens—se

2372 3697 2478 3736 non
2508 3682 2733 3752 adulari,
2765 3703 2870 3742 non
2898 3704 3140 3759 quicrere
3185 3694 3410 3763 gloriam
3446 3715 3459 3751 :
3491 3698 3576 3754 hic
3613 3701 3742 3756 dicit
3771 3704 3842 3758 de
3869 3722 3963 3760 ca-

2371 3773 2548 3828 ritate.
2591 3775 2854 3842 Quoniam
2913 3783 3160 3849 superius
3194 3784 3348 3851 dixit,
3402 3787 3549 3843 Sicut
3604 3803 3747 3863 pater
3796 3797 3960 3863 ﬁlios,

2371 3863 2520 3918 Sicut
2543 3869 2750 3932 nutriat;
2768 3869 2855 3924 hic
2879 3871 3021 3925 aliud
3049 3872 3194 3940 dicit,
3212 3875 3407 3942 Orbati,
3438 3881 3577 3951 quod
3605 3893 3686 3937 est
3715 3884 3961 3942 ﬁliorum

2371 3965 2547 4025 patres
2563 3962 3072 4030 quaerentiquuid
3111 3982 3257 4032 vero,
3281 3970 3427 4025 illine
3446 3985 3598 4028 erant
3615 3979 3820 4033 orbati?
3839 3982 3962 4036 Non

2371 4047 2562 4117 inquit,
2592 4051 2684 4104 Sed
2713 4067 2832 4107 nos.
2860 4053 2994 4109 Nam
3020 4058 3064 4111 si
3103 4060 3223 4129 quis
3254 4061 3577 4121 desiderium
3613 4073 3959 4128 examinave-

2370 4137 2460 4203 rit,
2493 4139 2631 4192 sicut
2661 4143 2807 4209 parvi
2853 4145 3027 4211 pueri,
3082 4164 3308 4217 quorum
3361 4156 3539 4210 nullus
3580 4173 3763 4215 curam
3793 4167 3958 4233 gerit,

2371 4228 2710 4285 immaturam
2738 4231 3027 4291 subeuntes
3055 4237 3334 4296 orbitatem
3353 4284 3369 4310 ,
3399 4244 3450 4298 in
3495 4262 3682 4318 magno
3711 4228 3841 4308 sunt
3867 4271 3954 4324 pa-

2368 4328 2578 4372 rentum
2605 4320 2892 4388 dcsiderio,
2924 4342 3029 4380 non
3058 4328 3230 4384 solum
3259 4344 3476 4404 propter
3497 4338 3659 4408 ipsam
3679 4320 3955 4412 naturam,

2369 4409 2462 4463 sed
2487 4411 2646 4466 etiam
2680 4424 2895 4484 propter
2924 4418 3261 4477 solitudinem
3292 4441 3306 4478 :
3345 4427 3414 4481 ita
3437 4445 3536 4484 nos
3557 4448 3791 4504 quoque.
3820 4437 3959 4496 lliisc

2368 4516 2581 4571 quoque
2607 4506 2840 4561 ostendit
2867 4522 3016 4563 suam
3034 4512 3195 4568 animi
3222 4518 3612 4588 mgritudinem,
3635 4524 3684 4578 in
3707 4541 3811 4595 qua
3840 4543 3958 4585 erat

2370 4603 2589 4662 prepter
2617 4599 3032 4666 separationem.
3066 4602 3134 4657 Et
3163 4603 3296 4673 lucc,
3329 4609 3520 4678 inquit,
3573 4629 3679 4670 non
3711 4617 3838 4673 licet
3867 4623 3951 4674 di-

2368 4701 2514 4754 cere,
2541 4690 2682 4758 quod
2714 4692 2936 4747 multum
2991 4705 3200 4766 tempus
3241 4707 3688 4773 exspectavimus,
3721 4712 3839 4780 sed,
3874 4715 3956 4768 Ad

2370 4786 2585 4848 tempus,
2631 4781 2789 4851 idque
2842 4785 3020 4850 Facie,
3072 4793 3391 4849 nonem-de:
3441 4809 3655 4868 semper
3683 4804 3827 4856 enim
3859 4820 3959 4859 vos

2369 4867 2628 4932 habemus
2655 4872 2708 4927 in
2736 4885 2935 4931 mente.
2959 4877 3092 4934 Vide
3112 4894 3312 4950 quanta
3333 4885 3402 4939 sit
3425 4867 3642 4944 dilectio
3666 4907 3681 4943 :
3707 4897 3960 4962 quamvis

2369 4975 2462 5014 eos
2492 4961 2711 5018 haberet
2743 4975 2998 5036 perpetuo
3025 4968 3076 5023 in
3104 4973 3286 5038 corde,
3325 4978 3598 5045 quaerebat
3646 4961 3825 5039 tamen
3855 5002 3960 5042 e0-

2369 5069 2486 5108 rum
2524 5055 2575 5110 in
2601 5065 2822 5126 aSpectd
2846 5074 2940 5115 seu
2982 5060 3119 5118 facie
3157 5069 3518 5134 pnesentiam.
3566 5072 3639 5128 Ne
3668 5077 3789 5145 quis
3818 5079 3956 5136 mihi

2368 5160 2815 5215 supervacaneam
2847 5153 2983 5208 banc
3012 5154 3154 5210 dicat
3182 5157 3610 5231 philosophiam:
3643 5165 3745 5222 hoc
3791 5149 3962 5240 plane

2368 5248 2452 5294 est
2473 5241 2707 5297 ardentis
2735 5242 3059 5314 dilectionis,
3087 5248 3289 5318 videre,
3315 5261 3367 5307 et
3407 5255 3626 5323 audire,
3650 5268 3704 5313 et
3728 5259 3917 5320 dicere
3946 5310 3961 5330 ,

2367 5340 2422 5386 et
2445 5332 2546 5388 hoc
2567 5335 2787 5389 multum
2807 5339 3110 5394 contulerit.
3133 5340 3502 5414 Abundantius,
3536 5347 3724 5419 inquit,
3737 5354 3962 5423 festina-

2367 5423 2543 5478 vimus.
2574 5426 2709 5494 Quid
2735 5437 2836 5491 est,
2863 5429 3251 5487 Abundantius?
3278 5435 3370 5491 γει
3394 5436 3494 5493 hoc
3515 5439 3618 5494 sibi
3640 5442 3772 5508 vult,
3804 5449 3960 5516 quod

2366 5529 2462 5569 vos
2493 5519 2666 5584 Inagni
2719 5519 3041 5577 iaciebamus
3073 5540 3087 5576 :
3119 5525 3205 5578 vel
3253 5536 3310 5582 ut
3357 5539 3439 5584 est
3482 5532 3793 5601 verisimile,
3825 5553 3958 5596 cum

2367 5607 2499 5663 hora
2524 5609 2875 5666 abluissemus
2892 5653 2909 5679 ,
2942 5613 3241 5671 studuimus
3263 5618 3445 5676 videre
3473 5620 3659 5678 faciem
3684 5636 3953 5688 vestram.

2366 5698 2500 5754 Vide
2527 5698 2739 5754 beatum
2770 5691 3013 5769 Paulum,
3061 5719 3184 5759 cum
3223 5721 3318 5774 per
3344 5723 3404 5764 se
3429 5725 3534 5766 non
3563 5698 3756 5783 posset
3789 5731 3951 5776 suum

2366 5790 2588 5859 implere
2609 5791 2960 5861 desiderium,
2990 5793 3092 5852 hoc
3138 5797 3313 5856 lacere
3340 5815 3437 5871 per
3460 5802 3595 5859 alios
3619 5822 3631 5856 :
3653 5805 3796 5862 sicut
3824 5822 3948 5866 cum

2365 5885 2529 5941 mittit
2553 5884 2892 5944 Timotheum
2915 5889 2981 5945 ad
3005 5888 3396 5963 Philippenses,
3417 5905 3472 5952 et
3487 5896 3737 5955 eumdem
3759 5915 3949 5958 rursus
