4056 6332
104 444 181 500 109
869 431 936 487 IN
975 429 1185 487 EPIST.
1229 429 1250 484 Ι
1311 429 1401 484 AD
1439 425 1766 484 TllESSAL.
1807 425 1960 486 CAP.
2001 425 2087 483 Ill.
2128 427 2353 489 llOMlL.
2399 426 2491 484 Ill.

102 552 148 604 ad
171 548 477 616 Cerindtios,
510 563 606 618 per
628 546 760 603 alios
784 561 906 601 cum
927 545 1007 602 eis
1034 557 1275 608 vernans,
1301 557 1427 597 cum
1455 557 1548 612 per
1575 557 1635 597 se

102 658 180 695 son
204 650 371 711 posset
405 656 419 694 :
449 649 568 694 erat
612 639 754 694 enim
784 651 972 692 amans
1018 635 1199 691 furore
1240 641 1555 703 correptus,
1582 641 1638 686 et

103 734 224 800 citius
243 731 475 801 inpetus
497 729 568 784 ad
585 728 874 784 amicitiam
898 727 1136 783 cohiberi
1165 739 1270 780 non
1297 732 1525 794 poterat.
1545 723 1633 778 18.

107 824 309 890 Quoniam
354 823 614 876 coluimus
655 821 824 875 venire
869 819 943 874 ad
964 835 1072 873 eos.
1119 816 1278 886 Quod
1312 815 1526 886 quidem
1555 822 1639 869 est

105 913 374 969 dilectionis.
410 913 658 980 Etiamsi,
688 911 882 981 inquit,
911 911 1055 964 nullo
1082 909 1188 963 alio
1215 907 1345 961 mihi
1371 920 1505 976 opus
1531 913 1631 968 est,

106 1019 223 1072 quam
244 1013 297 1058 ut
325 1020 424 1059 vos
452 1004 750 1059 videamus.
778 1002 886 1072 Ego
911 1002 1114 1072 quidem
1157 997 1386 1064 Paulus,
1411 1007 1457 1052 et
1486 995 1637 1050 semel

108 1107 138 1149 et
154 1098 336 1159 iterum;
363 1095 459 1150 sed
501 1094 760 1166 impedivit
789 1109 880 1147 nos
905 1101 1130 1146 satanas.

155 1187 195 1242 3.
227 1187 353 1255 Quid
381 1185 799 1243 dicis‘lSatanas
841 1184 1088 1254 impedit?
1116 1183 1273 1238 Certe
1305 1194 1454 1235 :non
1486 1178 1627 1234 enim

108 1277 180 1331 hoc
200 1286 300 1332 erat
325 1291 470 1346 opus
495 1276 610 1331 Dei.
638 1276 720 1330 Ad
747 1275 1020 1330 Romanos
1041 1270 1276 1343 quidem
1307 1271 1438 1326 dicit
1466 1270 1633 1324 Deum

109 1369 390 1438 prohibuisse
422 1369 600 1439 (Rom.
633 1371 718 1426 15.
745 1368 873 1438 22);
905 1376 958 1422 et
979 1365 1104 1421 alibi
1132 1364 1258 1420 dicit
1296 1363 1485 1425 Lucas,
1513 1360 1636 1429 Spi-

111 1463 202 1514 ritus
228 1459 495 1529 prohibuit
545 1461 688 1530 ipsos
730 1459 916 1514 venire
959 1458 1010 1511 in
1053 1456 1234 1512 Asiam
1264 1455 1404 1525 (Act.
1429 1450 1518 1508 16.
1545 1451 1634 1522 6);

112 1550 339 1604 Corinthiis
368 1560 555 1606 autem
589 1551 718 1605 dicit
746 1565 880 1621 opus
909 1563 1030 1604 esse
1059 1547 1280 1620 spiritus
1308 1562 1320 1598 :
1347 1543 1433 1598 hic
1461 1553 1636 1596 autem

112 1643 232 1696 solum
273 1652 496 1697 satana.
543 1642 837 1709 Quamnam
869 1650 1044 1696 autem
1074 1638 1204 1692 dicit
1249 1637 1410 1690 fuisse
1438 1643 1638 1689 satana:

107 1732 477 1787 cohibitionem?
503 1720 898 1802 lnexspectatas
924 1729 1185 1801 quasdam
1213 1737 1268 1783 et
1297 1726 1640 1782 vehementes

109 1825 393 1880 mutationes.
424 1825 560 1879 Nam
587 1840 708 1880 cum
751 1825 801 1879 ei
845 1824 1071 1880 fuissent
1095 1831 1312 1878 structas
1355 1836 1386 1874 a
1440 1817 1638 1874 J'udmis

107 1915 264 1969 iasidize
307 1917 446 1986 (Act.
491 1916 581 1972 '20.
626 1915 706 1986 3),
753 1924 996 1971 retentus
1047 1922 1140 1970 est
1178 1915 1230 1967 in
1253 1911 1492 1990 _liellade
1530 1917 1639 1962 tres

109 2021 288 2062 menses.
337 2007 500 2062 Aliud
530 2016 710 2063 autem
735 2016 825 2062 est
864 2016 1014 2062 certo
1065 2005 1292 2062 consilio
1326 2011 1382 2058 et
1425 2010 1641 2072 promer

106 2097 507 2165 dispensationem
558 2113 797 2164 manere,
847 2106 903 2154 et
942 2113 1037 2152 sua
1067 2105 1289 2167 sponte;
1319 2091 1640 2148 ali‘ud‘cobi-

109 2187 206 2240 lteri.
228 2187 349 2242 Nam
379 2189 501 2244 illic
522 2187 738 2258 quidem
768 2189 918 2255 dicit,
948 2188 1118 2255 Quare
1159 2203 1261 2241 non
1305 2185 1527 2256 amplius
1564 2183 1640 2237 lo-

109 2294 191 2330 ruta
206 2281 380 2335 habms
408 2282 464 2334 in
483 2282 564 2335 his
587 2281 871 2351 regionibus
890 2271 1066 2344 (Rom.
1101 2280 1190 2336 15.
1217 2279 1347 2349 23);
1377 2286 1451 2342 et,
1489 2274 1640 2330 Vobis

108 2387 292 2438 parcens,
320 2373 544 2427 nondum
572 2373 681 2426 veni
722 2372 1020 2426 Corinthum
1045 2364 1124 2434 (2.
1153 2369 1271 2425 Cor.
1308 2370 1359 2424 l.
1391 2368 1487 2438 23)
1516 2365 1641 2426 :.hic

107 2475 244 2516 autem
268 2463 390 2518 nihil
417 2465 560 2529 tale;
608 2463 704 2518 sed
749 2463 920 2533 quid?
950 2462 1178 2517 Satanas
1215 2459 1497 2529 impedivit.
1527 2456 1640 2527 Ego

107 2555 267 2620 quidem
306 2556 522 2623 Paulus,
554 2566 601 2611 et
627 2558 780 2611 semel
794 2567 840 2611 et
870 2556 965 2610 bis.
999 2555 1128 2610 Vide
1161 2565 1419 2624 quantum
1445 2552 1640 2622 gloria-

111 2657 190 2711 tur,
206 2648 366 2703 volens
380 2648 666 2703 ostendere
685 2663 744 2702 se
765 2661 860 2701 eos
875 2647 1108 2701 maxime
1131 2646 1369 2700 omnium
1394 2644 1638 2712 diligere.

115 2734 202 2805 Ego
221 2740 391 2805 quidem
423 2739 658 2803 Paulus;
700 2754 764 2793 ac
791 2741 836 2794 si
871 2737 1074 2794 diceret
1106 2757 1122 2794 :
1154 2737 1267 2792 Etsi
1299 2752 1402 2792 non
1434 2733 1544 2790 alii.
1575 2733 1644 2789 Et

122 2826 179 2878 illi
203 2829 373 2896 quidem
416 2830 674 2885 volebant
720 2840 949 2895 tantum,
993 2844 1097 2900 ego
1132 2837 1312 2883 autem
1361 2839 1642 2896 aggressus

111 2933 220 2972 sum.
245 2920 318 2975 l9.
353 2923 481 2989 Qua
508 2932 580 2976 est
606 2923 739 2998 enim
771 2932 942 2976 nostra
969 2938 1104 2990 spes,
1140 2928 1228 2973 aut
1259 2919 1522 2990 gaudium,
1553 2924 1643 2970 aut

108 3017 256 3064 corona
275 3013 488 3081 gloria!
511 3011 700 3067 Nonne
725 3029 812 3067 vos
840 3023 958 3066 ante
986 3012 1259 3065 Dominum
1284 3017 1514 3064 nostrum
1546 3006 1644 3061 Je-

105 3116 190 3152 stuu
212 3101 458 3156 Christum
483 3105 598 3157 estis
627 3105 679 3157 in
706 3104 923 3156 adventu
949 3104 1097 3173 ojus.’
1142 3102 1460 3157 Macedones
1497 3108 1640 3164 sunt,

103 3189 381 3259 dic,qn:eso,
406 3207 524 3261 spes
554 3205 660 3257 tua,
708 3210 741 3248 ο
768 3195 924 3250 beate
954 3194 1148 3248 Paule?
1193 3192 1311 3247 Non
1352 3192 1409 3255 ii,
1452 3190 1641 3259 inquit,

103 3283 178 3336 solt
207 3300 221 3336 :
256 3293 536 3352 propterea
559 3287 849 3356 subjunxit,
892 3287 1078 3340 Annon
1113 3301 1199 3340 uos
1225 3284 1457 3354 quoque?
1485 3283 1642 3348 ρυω-

105 3389 200 3426 sotn
223 3384 294 3428 est
320 3375 477 3439 enim,
507 3377 686 3446 inquit,
720 3378 865 3431 nobis
888 3394 1022 3446 spes,
1041 3387 1128 3429 aut
1148 3375 1412 3446 gaudium,
1441 3382 1527 3426 aut
1555 3388 1644 3425 co-

105 3482 202 3518 rana
223 3468 440 3536 glorior!
465 3469 825 3538 Agnoscitisne
846 3469 1005 3524 verba
1035 3483 1153 3523 esse
1181 3467 1459 3522 mulierum
1488 3465 1648 3519 visce-

109 3559 223 3609 ribus
251 3559 402 3613 valde
443 3560 898 3624 iticaleseentium,
927 3563 1261 3631 loquentium
1302 3573 1424 3612 cum
1476 3555 1648 3610 inlan-

110 3648 257 3703 t-btrs?
283 3649 347 3702 Et
375 3668 580 3717 corona,
611 3653 794 3722 inquit,
825 3653 1021 3723 glorias.
1050 3652 1165 3706 Non
1194 3651 1491 3705 sufficiebat
1506 3650 1653 3704 enim

112 3755 288 3797 europa:
341 3759 537 3800 nomen
582 3744 650 3798 ad
692 3744 1082 3820 ostendendum
1135 3741 1498 3811 splendorem,
1554 3739 1652 3794 sed

111 3832 234 3885 etiam
257 3833 475 3902 addidit,
508 3834 720 3889 Gloria.
751 3835 944 3903 Quanti
973 3843 1056 3888 est
1086 3835 1187 3888 hoc
1208 3832 1450 3886 ardoris!
1479 3829 1647 3885 Num-

115 3938 233 3987 quam
260 3936 408 3995 pater
433 3936 487 3980 et
518 3935 714 3992 mater,
754 3929 798 3981 si
843 3927 1008 3981 simul
1026 3934 1210 3980 essent
1255 3917 1549 3994 congressi,
1595 3929 1654 3976 et

123 4026 230 4070 suum
269 4019 614 4075 miscuissent
641 4016 994 4086 desiderium,
1042 4018 1342 4088 potuissent
1367 4016 1654 4072 ostendere

120 4121 230 4164 suam
267 4110 591 4168 desiderium
639 4128 708 4168 ex
746 4128 901 4182 aquo
932 4111 1264 4182 respondens
1299 4110 1496 4165 Paulo..
1521 4106 1654 4162 Gau-

115 4197 238 4265 dium,
263 4204 449 4274 inquit,
483 4212 535 4258 et
570 4220 783 4263 corona.
809 4190 998 4273 Magis,
1049 4202 1240 4278 inquit,
1289 4201 1499 4257 exsulto
1527 4214 1654 4269 pro-

116 4298 204 4356 pter
226 4309 311 4349 ves
340 4311 505 4366 quant
557 4303 779 4365 propter
803 4309 1083 4350 coronam.
1113 4294 1300 4363 Cogita
1326 4294 1468 4349 enim
1496 4307 1655 4362 quan-

114 4389 199 4437 tum
223 4385 287 4440 sit
310 4388 575 4458 integram
605 4387 799 4442 adesse
826 4386 1142 4465 Ecclesiam,
1173 4400 1292 4455 qua:
1310 4399 1339 4437 a
1365 4383 1529 4438 Paulo
1557 4383 1658 4438 fuit
1681 4374 1685 4377 ’

115 4475 329 4545 plantata,
352 4488 407 4534 et
435 4479 551 4549 egit
576 4478 790 4534 radices
825 4500 838 4534 :
867 4478 987 4548 quis
1032 4492 1137 4531 non
1178 4475 1414 4530 exsultet
1440 4483 1657 4543 propter

115 4574 195 4620 tam
218 4569 401 4625 bonam
431 4579 489 4626 et
520 4581 858 4625 numerosam
886 4568 1125 4638 prolem?
1152 4567 1512 4634 Quamobrem
1557 4582 1658 4621 nec

115 4655 190 4713 hoc
215 4672 286 4716 est
334 4663 682 4718 adulationis.
734 4661 849 4715 Non
894 4661 1030 4714 dixit
1077 4660 1219 4715 enim
1267 4669 1492 4724 tantum,
1527 4659 1654 4726 Vos,

113 4753 202 4816 Sed.
227 4754 326 4810 Vos
352 4771 476 4811 cum
505 4757 644 4810 aliis.
665 4755 756 4811 20.
797 4753 898 4808 Vos
921 4755 1054 4807 enim
1078 4754 1196 4807 estis
1224 4753 1386 4821 gloria
1407 4762 1578 4808 nostra
1611 4759 1659 4804 et

112 4844 336 4908 gaudium.
391 4845 564 4915 (Cap.
600 4846 678 4910 5.)
723 4845 776 4900 1.
823 4842 1040 4912 Propter
1090 4841 1225 4912 qtmd
1263 4857 1364 4894 non
1411 4841 1659 4894 sustinen-

113 4943 169 4986 ιη
199 4939 430 5005 amplius,
488 4936 685 5007 placuit
765 4934 906 4988 nobis
955 4950 1214 4988 rentanere
1263 4932 1471 4986 Athenis
1512 4931 1654 4985 solis.

115 5023 303 5095 Placuit,
333 5030 390 5084 id
409 5038 521 5093 est,
549 5028 837 5098 Elegimus.
866 5026 923 5080 2.
958 5025 1025 5079 Et
1074 5026 1301 5079 misimus
1348 5023 1659 5077 Timotheum

114 5119 284 5184 {mrem
355 5131 588 5185 nostrum
611 5161 627 5186 ,
683 5129 733 5174 et
780 5119 1072 5172 ministrum
1133 5117 1230 5172 Dei
1282 5118 1336 5171 in
1402 5115 1658 5184 euangelio

113 5209 285 5270 Christi.
316 5214 519 5296 Et-boc
547 5212 700 5277 dicit,
731 5228 838 5296 non
862 5211 1203 5266 Timotheum
1244 5209 1532 5274 extollens,
1563 5206 1672 5263 sed.

115 5299 230 5369 ipsos
248 5295 543 5368 honoratis,
573 5313 630 5359 ut
659 5303 748 5374 qui
778 5295 1076 5372 adiutorem
1089 5311 1144 5356 et
1170 5301 1471 5355 ministrum
1498 5313 1662 5353 evan.-

114 5393 211 5459 gelii
237 5398 435 5452 miserit
464 5397 631 5466 ipsis;
673 5395 823 5465 quasi
850 5394 1070 5458 diceret,
1105 5393 1356 5447 Avolsum
1388 5391 1462 5446 ab.
1484 5388 1660 5460 operi-

115 5484 446 5546 bus'tnisimus
469 5489 540 5544 ad
570 5503 666 5543 vos
691 5487 993 5542 ministrum
1023 5486 1137 5547 Dei,
1163 5493 1218 5540 et
1237 5484 1532 5554 adiutorem
1562 5499 1661 5537 no-

115 5586 254 5633 strum
298 5579 349 5634 in
401 5577 684 5650 evangelio
731 5576 952 5632 Christi.
1006 5575 1140 5630 Tum
1191 5590 1406 5630 causam
1461 5574 1656 5630 addit:

116 5665 178 5719 Ad
195 5670 562 5737 confirmandos
592 5685 677 5723 eos
696 5678 742 5722 et
768 5665 1110 5726 eahortandos
1134 5681 1221 5720 ros
1247 5682 1340 5732 pro
1355 5666 1459 5734 ﬁde
1477 5677 1658 5730 uestra,

116 5754 158 5808 3.
182 5768 398 5815 st‘ncmo
424 5767 685 5814 etot-eatur
709 5758 762 5811 in
791 5755 1204 5810 tribulationibus
1225 5755 1358 5809 istis.
1392 5754 1529 5822 Quid
1557 5769 1659 5810 att-

119 5853 203 5902 Iun
227 5848 305 5907 hic
327 5851 492 5930 dicit?
517 5847 780 5918 Quoniam
800 5847 1169 5919 magistrorum
1191 5845 1509 5910 tcntationes
1528 5859 1658 5906 con-

3220 429 3324 494 HO

1746 540 1969 596 lurllant'
2009 541 2334 613 discipulos;
2367 543 2459 598 ille
2481 550 2660 599 autem
2699 551 2825 599 tunc
2855 544 2908 600 in
2951 548 3152 604 multas
3191 549 3327 605 inci-

1742 634 1897 688 derat
1922 637 2262 700 tentationes,
2297 645 2354 690 ut
2380 645 2432 691 et
2461 635 2575 706 ipse
2599 636 2747 702 dicit,
2771 635 3044 709 [inpedivit
3072 656 3163 693 nos
3186 650 3324 694 sata-

1741 742 1868 791 nas;
1895 726 2041 796 ipsos
2069 722 2319 783 recreans
2366 729 2437 784 ita
2467 729 2715 799 loquutus
2755 739 2878 797 est;
2904 746 2966 786 ac
3001 731 3046 786 si
3074 732 3277 788 diceret
3308 753 3323 789 :

1743 815 1810 871 Et
1854 819 2027 873 semel
2069 827 2122 874 et
2169 819 2251 874 bis
2299 819 2441 875 volui
2485 822 2714 887 venire,-
2742 829 2797 876 et
2827 836 2934 875 non
2969 821 3326 893 potui:un

1741 908 1954 978 quidem
1970 926 2173 980 magnte
2188 921 2303 966 erat
2316 911 2912 968 violentizeNerisimile
2927 923 3104 968 autem
3123 919 3206 969 erit
3227 914 3331 969 hoc

1742 1013 1836 1055 cos
1862 1000 2232 1058 conturbasse.
2265 994 2391 1058 Non
2417 1013 2523 1057 tam
2565 1003 2706 1059 enim
2751 1003 2864 1066 suis
2887 1003 3134 1073 discipuli
3161 1019 3322 1075 quam

1742 1092 2119 1162 magistrorum
2175 1095 2569 1150 conturbantur
2633 1095 3020 1151 tentationibus
3079 1113 3094 1150 :
3152 1112 3327 1167 neque
3392 1152 3396 1156 .

1741 1183 1884 1236 enim
1937 1184 2090 1239 miles
2144 1185 2281 1240 adeo
2331 1186 2441 1240 suis
2495 1186 2847 1242 conturbatur
2901 1187 3324 1252 tentationibus.

1742 1285 1800 1330 ut
1847 1277 2059 1345 quando
2107 1278 2300 1334 viderit
2345 1280 2642 1335 sauciatam
2688 1279 2880 1336 ducem
2926 1281 3214 1336 exercitus.
3233 1280 3325 1348 Ad

1741 1369 2116 1438 confirmandos
2163 1371 2527 1441 uos,.inqttit.
2559 1371 2703 1442 Ergo
2751 1379 2810 1426 ut
2863 1386 2932 1427 ne
2982 1371 3329 1427 turbarentur

1742 1462 1907 1524 misit,
1936 1477 2041 1516 non
2099 1471 2366 1532 tamquam
2415 1464 2612 1533 quibus
2661 1463 2785 1520 ﬁdei
2843 1464 3056 1522 deesset
3102 1464 3327 1536 aliquid,

1743 1567 1915 1621 neque
1951 1561 2012 1608 ut
2053 1555 2144 1624 qui
2186 1554 2453 1610 deberent
2493 1555 2690 1624 aliquid
2738 1555 2969 1611 discere.
3015 1555 3089 1610 Et
3141 1556 3328 1612 altor:-

1741 1643 2034 1698 tnndosuos
2064 1661 2156 1713 pro
2193 1645 2297 1714 ﬁde
2342 1655 2540 1714 uestra,
2571 1657 2626 1700 ut
2655 1663 2801 1701 stento
2836 1657 3096 1702 moveatur
3135 1649 3189 1702 in
3232 1648 3331 1702 tri,

1742 1735 2080 1789 luctationibus
2122 1735 2271 1790 istis:
2297 1737 2559 1805 ipsieuim
2578 1737 2716 1792 scitis
2760 1737 2912 1808 quod.
2939 1739 2994 1792 in
3042 1738 3137 1792 hoc
3173 1738 3332 1808 positi

1741 1842 1935 1880 sumus.
1957 1826 2012 1880 4.
2049 1824 2190 1879 Nam
2213 1835 2263 1880 et
2299 1843 2417 1880 eum
2443 1827 2586 1895 apud
2623 1842 2985 1892 uos.essemus,
3015 1828 3342 1898 prtedicebaq-

1743 1935 1855 1972 suus
1874 1917 2032 1979 vobis.
2064 1933 2303 1986 passuros
2350 1934 2440 1971 nos
2480 1918 2855 1983 tribulationes,
2881 1918 3009 1973 sicut
3038 1925 3085 1972 et
3137 1920 3342 1989 factum.

1697 2048 1702 2052 -
1742 2017 1832 2070 est,
1865 2019 1913 2063 et
1955 2009 2116 2063 scitis.
2148 2007 2262 2064 Non
2288 2016 2522 2078 oportet,
2556 2009 2764 2078 inquit,
2809 2007 3166 2063 conturbari:
3193 2008 3328 2063 nihil

1739 2099 1882 2153 enim
1908 2113 2102 2153 novum
2134 2114 2304 2169 neque
2328 2108 2521 2168 przeter
2539 2113 2689 2168 spem
2701 2098 2925 2153 accidit:
2945 2097 3088 2169 quod
3109 2099 3331 2170 quidem

1741 2187 1872 2244 satis
1897 2199 2015 2244 erat
2041 2189 2108 2243 ad
2137 2189 2283 2257 ipsos
2307 2189 2644 2244 excitandos.
2675 2189 2836 2245 Vides
2873 2190 3014 2259 quod
3045 2199 3330 2260 propterea

1741 2279 1984 2336 Christus
2021 2295 2237 2352 quoque
2267 2281 2594 2350 prtedicebat
2639 2281 2959 2356 discipulis?
3007 2282 3131 2337 andi
3181 2282 3328 2339 enim

1741 2390 1863 2431 eum
1889 2374 2154 2430 dicentem
2189 2392 2201 2428 :
2227 2373 2296 2428 Et
2320 2390 2453 2428 nunc
2482 2373 2591 2428 dixi
2636 2374 2780 2443 prius
2804 2390 2955 2442 quam
2978 2374 3089 2443 ﬁat,
3117 2383 3173 2428 ut
3217 2390 3334 2430 cum

1742 2470 1935 2537 factum
1982 2466 2136 2536 fuerit
2181 2465 2401 2520 credatis
2447 2463 2752 2530 (Joan..“.
2783 2464 2902 2534 29,).
2944 2464 3330 2535 Magnaenim.

1744 2572 1934 2626 inagna
1977 2571 2066 2622 res
2109 2565 2193 2611 est
2231 2555 2298 2618 ad
2345 2555 2574 2610 aliorum
2619 2554 3090 2622 eonsolationom,.
3118 2553 3358 2627 audisse-

1743 2661 1863 2716 qnze
1887 2646 2386 2716 fiunt-amagistris.
2418 2645 2568 2701 Sicut
2593 2646 2736 2701 enim
2768 2654 3059 2715 aegrotans,
3082 2647 3129 2698 si
3156 2660 3186 2698 a
3217 2659 3342 2698 me-

1743 2735 1866 2792 dico
1890 2734 2157 2792 audiverit
2182 2736 2340 2806 quod.
2359 2736 2461 2792 hoc
2489 2735 2588 2790 ﬁat.
2607 2734 2826 2791 etiilud
2845 2776 2862 2800 ,
2891 2751 3008 2790 non
3025 2735 3179 2790 valde
3205 2750 3352 2790 con-

1747 2828 2136 2892 turbatur;-sin
2177 2837 2357 2884 autem
2398 2843 2472 2882 ex
2516 2828 2794 2896 inopinato
2837 2826 3040 2897 aliquid
3068 2828 3332 2888 evenerit,

1745 2935 1868 2976 cum
1893 2931 1948 2975 et
1977 2921 2065 2974 ille
2091 2919 2288 2976 dubius
2313 2920 2383 2975 sit
2408 2935 2478 2975 ac
2496 2921 2808 2990 perplexus,
2837 2927 2893 2974 et
2914 2917 3136 2973 morbus
3161 2927 3333 2970 artem
3410 2932 3416 2936 ·

1745 3019 1982 3081 superet,
2038 3011 2250 3066 tristitia
2295 3013 2526 3068 afllcitnr
2565 3020 2621 3066 et
2671 3011 3078 3066 conturbatur:
3134 3010 3204 3063 ita
3251 3008 3339 3064 hic

1745 3115 1978 3172 quoque.
2005 3100 2134 3167 Qua:
2157 3102 2446 3172 praesciens
2473 3101 2690 3164 Paulus,
2715 3100 2963 3172 pmdixit
2994 3101 3084 3156 eis
3100 3099 3336 3155 futurum

1747 3204 1803 3247 ut
1823 3193 2210 3262 afﬂigerentur,
2241 3193 2408 3258 Sicut,
2455 3193 2650 3262 inquit,
2677 3204 2724 3246 et
2752 3198 2943 3262 factum
2973 3202 3070 3259 est,
3100 3201 3145 3245 et
3173 3191 3335 3246 scitis.

1747 3285 1861 3339 Non
1908 3284 2050 3354 quod
2105 3285 2207 3338 hoc
2262 3285 2460 3338 laeutm
2515 3286 2586 3339 sit
2632 3285 2819 3340 solum
2857 3284 3009 3350 dicit,
3057 3283 3153 3338 sed
3193 3283 3338 3359 quod

1749 3375 1913 3430 multa
1940 3374 2248 3444 praadixerit
2272 3414 2288 3442 ,
2317 3385 2370 3430 et
2397 3377 2698 3434 evenerint.
2721 3374 2786 3428 In
2831 3376 2926 3428 hoc
2967 3375 3115 3444 positi
3139 3390 3344 3430 merus-

1748 3468 2112 3535 Quamobrem
2159 3480 2266 3520 non
2315 3467 2487 3520 solum
2519 3466 2589 3520 de
2633 3466 2919 3536 praueritis
2969 3480 3073 3518 non
3124 3473 3358 3533 Oportet.-

1749 3546 2049 3626 perturbari
2081 3569 2254 3625 neque
2283 3553 2560 3620 confundi,
2595 3554 2688 3609 sed
2737 3570 2910 3624 neque
2937 3553 3006 3608 de
3041 3553 3253 3619 futuris,
3283 3556 3340 3608 si

1750 3650 1856 3703 tale
1882 3649 2008 3718 quid
2032 3648 2336 3718 contigerit.
2369 3647 2434 3701 In
2459 3648 2554 3700 hoc
2580 3648 2713 3702 enim
2740 3647 2889 3715 positi
2909 3662 3102 3700 sumus.

1821 3740 1874 3794 4.
1917 3739 2210 3793 Audiamus
2241 3738 2436 3808 quibus
2463 3746 2587 3792 sunt
2607 3751 2768 3792 aures
2798 3737 2862 3790 ad
2892 3737 3214 3792 audiendum
3240 3755 3255 3792 :
3279 3737 3338 3792 lu

1753 3828 1854 3884 hoc
1875 3830 2081 3900 positus
2105 3841 2186 3883 est
2207 3825 2562 3883 Christianus.
2590 3827 2723 3892 Hoc,
2757 3825 2822 3880 In
2845 3827 2938 3880 hoc
2959 3828 3109 3896 positi
3137 3843 3336 3887 sumus.

1753 3919 1820 3974 de
1844 3921 2095 3975 omnibus
2123 3919 2252 3974 dicit
2275 3919 2539 3975 fidelibus.
2569 3919 2636 3973 In
2662 3920 2756 3972 hoc
2780 3919 2930 3989 positi
2953 3934 3148 3985 sumus,
3171 3927 3226 3974 et
3242 3934 3341 3973 nos

1753 4013 1903 4083 quasi
1931 4014 1987 4074 in
2013 4013 2184 4067 Otium
2205 4021 2260 4067 et
2289 4011 2528 4082 requiem
2569 4012 2737 4065 simus
2759 4011 2940 4080 positi,
2969 4009 3148 4064 alieno
3175 4010 3337 4065 modo

1754 4104 2038 4159 alﬁcimur.
2086 4103 2198 4159 lino
2227 4118 2356 4159 vero
2403 4106 2633 4174 quanam
2659 4101 2727 4156 de
2755 4116 2916 4156 causa
2961 4101 3141 4156 alieno
3178 4102 3354 4156 modo.

1754 4197 2057 4251 allicimur?
2109 4209 2284 4264 neque
2330 4195 2474 4250 enim
2517 4203 2726 4263 tempus
2773 4192 3114 4258 afﬁictionis,
3167 4208 3351 4264 neque

1758 4289 1979 4342 tentatio
2010 4285 2366 4358 apprehendit
2402 4299 2503 4340 nos
2548 4285 2651 4340 nisi
2682 4284 2936 4338 humana.
2966 4283 3345 4353 Opportunum

1757 4390 1842 4436 est
1889 4378 2044 4434 vobis
2088 4393 2301 4448 quoque
2347 4376 2530 4432 dicere
2576 4392 2592 4431 :
2644 4372 2893 4428 Nondum
2931 4373 3000 4426 ad
3047 4364 3348 4445 sanguinem

1757 4487 1912 4545 usque
1934 4470 2183 4525 restitistis
2205 4479 2379 4522 contra
2404 4477 2664 4539 peccatum
2689 4466 2999 4520 decertantes
3025 4464 3045 4536 (
3068 4465 3223 4520 Hebr.
3252 4465 3346 4536 l2.

1759 4565 1836 4632 4).
1870 4561 1978 4617 Imo
2007 4577 2075 4617 ne
2099 4570 2459 4631 opportunum
2487 4558 2704 4628 quidem
2729 4567 2818 4612 est
2842 4557 2944 4612 hoc
2965 4557 3120 4611 vobis
3135 4556 3354 4623 dicere:

1759 4656 1854 4711 sed
1883 4655 2048 4726 quid?
2077 4654 2312 4709 nondum
2362 4651 2615 4723 pecunias
2664 4650 3013 4718 despexistis.
3062 4649 3194 4705 Nam
3242 4649 3346 4704 illis

1759 4749 1975 4819 quidem
2004 4739 2095 4818 qui
2125 4762 2220 4802 sua
2241 4747 2420 4802 omnia
2451 4743 2822 4815 perdiderant,
2842 4743 3040 4798 merito
3062 4741 3179 4796 haec
3198 4741 3357 4796 dice...

1760 4842 1992 4903 bantur;
2026 4839 2092 4893 iis
2111 4848 2290 4902 autem
2319 4838 2406 4908 qui
2433 4851 2531 4891 sua
2560 4834 2939 4901 liabent,.boc,
2968 4833 3195 4887 Cuinam
3222 4843 3350 4888 sunt

1760 4940 1926 4999 rapta:
1970 4931 2207 4999 pecunia:
2247 4937 2467 4998 prepter
2493 4926 2804 5001 Christum?
2832 4925 2917 4979 cui
2961 4934 3085 4979 sunt
3131 4926 3350 4994 impacti

1761 5020 2012 5089 cnlaphi?
2060 5020 2182 5089 quis
2226 5017 2564 5074 contumelia
2605 5015 2834 5071 aﬁ'ectus
2883 5016 3015 5069 esti.
3057 5030 3225 5084 usque
3280 5015 3347 5069 sd

1760 5113 1960 5177 verba,
2016 5113 2264 5181 inquam.
2313 5109 2591 5165 Undenam
2633 5117 2717 5164 est
2758 5106 3348 5178 gloriatio.‘l.undenam

1763 5213 1915 5275 potes
1952 5203 2151 5260 habere
2193 5200 2482 5258 ﬁduciam?
2509 5199 2641 5255 Tam
2664 5199 2844 5255 multa.
2859 5213 3049 5270 passus
3074 5209 3155 5253 est
3193 5198 3351 5253 Chrio

1763 5303 1880 5350 stus
1907 5302 2126 5364 propter
2157 5307 2255 5348 nos
2278 5293 2367 5363 qui
2397 5305 2614 5347 eramus
2657 5291 2910 5346 inimici:
2938 5289 3194 5360 quidnam
3227 5304 3352 5359 pos-

1763 5400 1950 5439 sumus
1986 5383 2270 5440 ostendere
2299 5382 2438 5455 quod
2483 5391 2707 5453 propter
2751 5383 2925 5452 ipsum
2956 5382 3097 5450 passi
3138 5381 3353 5437 simus?

1763 5473 1916 5543 Quod
1935 5475 2072 5544 passi
2099 5473 2314 5544 quidem
2334 5460 2520 5528 sumus
2546 5472 2677 5527 nihil
2706 5482 2788 5526 est
2811 5489 2827 5538 ;
2857 5481 2983 5527 sunt
3007 5481 3186 5527 autem
3209 5472 3350 5526 bona

1763 5563 2184 5618 innumerabilia
2212 5563 2405 5636 quibus
2449 5562 2518 5616 ab
2567 5562 2684 5632 ipso
2737 5561 3022 5618 efﬁcimur.
3069 5561 3349 5618 Uudenam

1763 5657 1862 5712 erit
1884 5655 2150 5711 nobisillo
2175 5655 2264 5710 die
2289 5653 2481 5709 ﬁducia
2500 5655 2524 5709 τ
2545 5652 2775 5710 Nescitis
2792 5653 2934 5726 quod
2951 5653 3109 5710 miles
3135 5651 3362 5724 quando.

1765 5750 1910 5814 mille
1953 5748 2136 5820 plagas
2160 5756 2216 5806 et
2257 5747 2486 5802 vulnera
2529 5746 2805 5813 ostendit,
2839 5755 2966 5804 tunc
3008 5745 3203 5818 poterit
3229 5760 3351 5804 esse

1768 5843 1989 5901 illustris
2014 5841 2154 5915 apud
2181 5841 2394 5914 regem?
2411 5841 2494 5898 sin
2515 5843 2696 5898 autem
2721 5840 2855 5896 nihil
2877 5839 3045 5912 possit
3066 5835 3357 5896 ostendero
