4056 6332
699 321 798 385 ιιι
875 277 919 303 ”

698 444 844 492 recte
866 443 923 491 et
945 434 1152 491 foniler
1164 441 1398 505 gestum,
1419 435 1629 498 etiamsi
1647 434 1775 489 nihil
1800 433 2102 499 olellderit,
2124 433 2265 487 inter

698 534 966 581 extremos
989 521 1380 580 collocahitur?
1406 523 1482 588 At
1517 541 1625 582 non
1665 536 1769 589 est,
1795 526 2022 596 inquies,
2055 534 2266 593 tempus

700 612 844 669 belli.
887 606 1024 668 Nam
1069 613 1115 670 si
1155 623 1318 682 esset,
1371 614 1477 682 dic,
1504 628 1707 686 quaso,
1751 615 1872 686 quis
1893 613 2265 670 decertasset?

697 695 828 772 quis
847 701 915 756 ad
942 713 1171 773 pugnam
1196 695 1552 774 ’prosiliisset?
1592 702 1713 773 quis
1756 701 2072 774 phalangem
2100 700 2267 757 fudis-

696 775 826 848 set?
863 792 1113 851 Fortasse
1145 795 1326 851 nullus
1369 813 1382 850 :
1423 811 1547 850 nam
1593 810 1716 851 cum
1745 794 1900 851 video
1951 803 2003 850 te
2048 801 2266 864 propter

694 883 965 940 Christum
993 886 1246 955 pecunias
1275 902 1381 941 non
1422 879 1733 957 despicere,
1761 885 2030 957 quomodo
2048 883 2262 941 credam

696 976 928 1029 futurum
959 984 1017 1029 ut
1058 967 1242 1046 plagas
1286 975 1582 1046 despicias?
1628 974 1721 1031 Dic
1761 975 1928 1042 mihi,
1980 975 2263 1032 fortitcrne

696 1057 849 1118 fertis
880 1077 975 1119 eos
1000 1064 1091 1134 qui
1128 1065 1326 1135 probro
1358 1075 1416 1122 et
1448 1065 1771 1131 contumelia
1794 1080 1890 1121 vos
1924 1061 2185 1132 afﬁciunt,
2205 1073 2263 1121 et

692 1155 772 1210 eis
796 1147 1154 1212 he'uedicitis?
1182 1154 1296 1212 Hoc
1321 1172 1426 1213 non
1453 1156 1586 1214 facis
1605 1200 1622 1224 ,
1653 1166 1705 1214 et
1732 1173 1839 1212 non
1863 1155 2074 1213 obedis.
2104 1156 2260 1226 Quod

693 1238 828 1300 nihil
852 1238 1011 1303 habet
1033 1235 1252 1318 periculi
1281 1262 1386 1303 non
1431 1248 1584 1316 facis,
1623 1257 1680 1305 et
1704 1249 1908 1319 plagas,
1933 1249 2249 1319 dic,qtla-.so,

694 1340 858 1407 fet-es,
883 1339 938 1394 in
969 1339 1166 1410 quibus
1207 1341 1432 1396 multum
1458 1351 1541 1396 est
1567 1341 1797 1396 tristitia:
1820 1350 1874 1396 et
1898 1334 2136 1396 doloris?
2155 1338 2261 1394 Nc-

690 1425 840 1484 seitis
864 1429 1008 1498 quod
1055 1430 1108 1483 in
1139 1438 1269 1500 pace
1304 1444 1366 1486 se
1406 1429 1472 1485 ad
1500 1427 1698 1486 bellum
1727 1438 1938 1502 oportet
1960 1426 2258 1516 exercere?

693 1531 799 1572 non
823 1518 1017 1574 videtis
1037 1519 1138 1574 hos
1165 1517 1383 1587 milites,
1405 1521 1494 1590 qui
1516 1521 1675 1575 etiam
1697 1517 1843 1590 nullo
1861 1529 2080 1589 urgente
2095 1517 2255 1586 bello,

689 1614 746 1662 et
773 1605 854 1663 vel
896 1610 950 1663 in
977 1618 1186 1664 sumina
1232 1619 1384 1679 pace,
1413 1611 1669 1665 abstersis
1713 1611 1897 1674 armis,
1928 1623 2050 1664 cum
2086 1608 2256 1679 magi-

689 1695 838 1761 stris.
860 1701 954 1768 qui
972 1708 1180 1755 struere
1207 1700 1376 1756 aciem
1403 1706 1459 1756 et
1480 1697 1697 1755 ordines
1725 1696 1992 1756 collocare
2025 1714 2121 1756 eos
2155 1698 2256 1754 do-

689 1797 832 1855 cctlt,
854 1791 907 1844 in
937 1796 1183 1859 putantes
1231 1799 1289 1846 ct
1326 1788 1463 1847 latos
1503 1806 1722 1862 campos
1759 1789 1996 1861 quotidie
2025 1788 2137 1844 fere
2160 1804 2258 1845 ex-

689 1885 900 1949 euntes,
928 1888 1046 1936 rem
1069 1881 1358 1937 militarem
1389 1889 1642 1938 exercent
1668 1881 2108 1936 accuratissime?
2127 1880 2258 1949 Quis

690 1969 794 2024 hoc
823 1969 946 2025 facit
971 1965 1195 2024 militum
1231 1972 1626 2040 spiritualium?
1652 1971 1859 2026 Nullus.
1887 1966 2179 2041 Propterea
2202 1971 2254 2025 in

688 2061 846 2116 bellis
890 2047 1083 2114 molles
1111 2071 1294 2115 sumus
1321 2071 1374 2115 et
1403 2061 1596 2132 ignavi,
1640 2072 1695 2117 et
1735 2064 1804 2117 ab
1828 2062 2079 2118 omnibus
2103 2061 2257 2117 facile

657 2138 670 2144 ’
687 2153 932 2224 capimur
949 2162 1004 2211 et
1022 2167 1408 2226 expugnamur.
1434 2155 1604 2224 Quam
1631 2155 1839 2212 hebetis
1863 2164 2042 2211 autem
2070 2163 2154 2210 est
2176 2154 2256 2209 in-

688 2239 853 2312 genii,
875 2245 1181 2302 existimare
1201 2262 1438 2316 praesens
1461 2257 1669 2318 tempus
1689 2264 1794 2303 non
1823 2263 1944 2304 esse
1968 2243 2116 2314 belli,
2132 2262 2254 2302 cum

689 2333 884 2391 clamet
915 2337 1108 2393 Paulus
1137 2356 1151 2392 :
1183 2337 1368 2394 Omnes
1399 2351 1569 2396 autem
1609 2342 1696 2411 qui
1714 2342 1887 2397 volunt
1925 2342 2005 2409 pie
2026 2339 2255 2395 viret-cili

687 2421 1054 2492 Christolesu,
1078 2432 1503 2499 persequutionem
1529 2432 1772 2500 patientur
1790 2429 1875 2500 (2.
1901 2428 2031 2485 Tim.
2060 2427 2112 2486 3.
2136 2429 2250 2510 i2);
2277 2495 2282 2506 ι

673 2525 742 2589 et
760 2516 897 2573 dicat
923 2517 1181 2586 Christus,
1199 2520 1266 2575 1η
1286 2521 1475 2576 mundo
1488 2519 1800 2592 aﬂlictionem
1815 2522 2055 2577 habebitis
2073 2520 2249 2592 (10ml.

689 2608 776 2662 16.
801 2608 932 2673 33);
962 2618 1016 2664 et
1053 2626 1238 2666 rursus
1274 2611 1463 2667 beatus
1505 2612 1702 2668 Paulus
1729 2614 1872 2669 clara
1903 2628 2034 2669 voce
2061 2613 2256 2669 clamet

686 2706 736 2751 et
772 2692 933 2762 dicat,
963 2697 1086 2753 Nan
1125 2706 1201 2755 est
1226 2701 1368 2756 nobis
1411 2702 1547 2756 lucta
1587 2709 1826 2758 adrasus
1867 2699 2163 2774 sanguinem
2206 2714 2255 2758 et

685 2802 885 2840 carnem
905 2805 928 2852 ;
952 2797 1007 2844 et
1034 2803 1239 2859 rursus,
1269 2789 1425 2846 Stella
1447 2809 1564 2864 ergo
1589 2789 1830 2848 succinfti
1854 2794 2048 2850 (uitibus
2067 2805 2254 2850 uestros

683 2876 738 2930 in
765 2878 967 2933 ueritate
990 2878 1010 2949 (
1028 2878 1221 2949 Ephes.
1248 2879 1301 2936 6.
1335 2881 1422 2937 1%.
1451 2882 1573 2951 ιι).
1605 2881 1671 2938 Ει
1697 2883 1874 2938 nullus
1901 2882 1992 2939 illo
2013 2895 2254 2955 tempore

684 2966 839 3028 dixit,
860 2968 998 3036 Quid
1029 2982 1127 3024 nos
1161 2981 1356 3036 armas,
1383 2971 1702 3043 dic,quaiso,
1743 2989 1863 3028 cum
1897 2989 2005 3033 non
2046 2975 2116 3031 sit
2143 2975 2256 3029 bel-

687 3055 843 3112 lum?
881 3073 980 3114 cur
1009 3057 1164 3116 nobis
1203 3069 1404 3118 temere
1441 3065 1648 3134 negotia
1678 3062 1938 3120 exhibes?
1967 3064 2145 3120 loricis
2169 3066 2256 3120 in-

684 3143 806 3204 duis
829 3150 1044 3215 milites,
1071 3166 1190 3209 eum
1227 3154 1506 3224 quiescere
1533 3155 1688 3211 liceat
1714 3167 1768 3212 et
1789 3160 2018 3212 recreari
2040 3153 2176 3213 ?secl
2205 3169 2253 3213 st

683 3237 806 3307 quis
849 3239 962 3294 hac
999 3241 1242 3307 dixisset,
1287 3259 1603 3313 responsum
1644 3245 1722 3302 illi
1762 3244 1949 3303 fuisset
1978 3264 1993 3301 :
2021 3245 2253 3304 Maxime

684 3327 922 3399 quidem,
970 3331 1070 3385 etsi
1111 3344 1218 3388 non
1256 3342 1398 3390 esset
1423 3334 1644 3404 bellum,
1694 3346 1966 3406 oporteret
2000 3337 2068 3394 de
2111 3334 2252 3394 bello

683 3432 868 3476 curam
898 3434 1088 3490 gerere
1106 3431 1162 3478 et
1188 3424 1626 3481 sollicitudinem.
1671 3421 1802 3481 Nam
1828 3427 1916 3498 qui
1944 3429 1995 3483 in
2027 3444 2157 3499 pace
2183 3429 2252 3485 de

688 3508 873 3576 ιιτωῖεο
893 3519 976 3565 est
1000 3508 1279 3580 sollicitus,
1307 3516 1408 3569 erit
1433 3516 1682 3571 terribilis
1702 3517 1754 3572 in
1774 3529 2013 3587 tempore
2040 3517 2206 3588 praelii
2232 3538 2247 3574 :

685 3601 774 3669 qni
803 3610 979 3656 autem
1005 3610 1089 3657 est
1126 3604 1202 3659 rei
1240 3603 1444 3660 bellicae
1482 3594 1786 3675 imperitus,
1826 3609 1986 3663 etiam
2028 3610 2081 3665 in
2122 3625 2251 3680 pace

688 3690 855 3763 magis
898 3695 1322 3764 conturbabitur.
1373 3696 1768 3764 Quamobrem?
1799 3701 2060 3768 Quoniam
2104 3703 2252 3760 flebit

687 3795 785 3851 pro
805 3776 875 3836 iis
900 3795 1018 3853 qua:
1055 3784 1235 3852 habet,
1265 3793 1320 3840 et
1353 3785 1562 3841 tristitia
1604 3788 1864 3850 afﬁcietur
1889 3793 2030 3861 quod
2060 3807 2157 3863 pro
2184 3793 2249 3848 iis

576 3862 583 3869 ’
687 3884 798 3932 lauri
832 3871 1000 3941 possit
1026 3885 1280 3941 pugnare.
1308 3873 1500 3930 Timidi
1527 3877 1668 3931 enim
1696 3884 1749 3933 et
1789 3877 2022 3951 imperiti
2051 3862 2104 3937 et
2146 3899 2247 3951 pll-

685 3975 803 4030 gna:
827 3962 1148 4031 ignari’bona
1164 3973 1219 4019 et
1247 3967 1610 4034 possessiones
1630 3979 1753 4023 sunt
1779 3947 2022 4027 omniutti
2033 3947 2246 4029 fortium

685 4060 740 4105 ct
766 4051 856 4121 qui
877 4052 1053 4107 sciunt
1081 4051 1298 4108 bellare.
1324 4055 1680 4121 Quamobrem
1704 4068 1982 4131 propterea
2015 4065 2245 4134 primum

684 4156 780 4195 vos
801 4153 970 4214 srmo.
994 4139 1194 4198 Deinde
1217 4160 1344 4201 vero
1364 4145 1484 4200 belli
1511 4161 1718 4219 quoque
1742 4159 1947 4223 tempus
1966 4164 2049 4210 est
2079 4165 2247 4212 totum

685 4237 897 4302 tempus
935 4234 1056 4287 vita!
1087 4245 1305 4290 nostrai.
1334 4237 1612 4304 Quomodo
1636 4249 1691 4295 et
1727 4248 1954 4312 quanam
1994 4246 2199 4302 ratione
2224 4249 2249 4303 2

682 4319 927 4378 Imminet
947 4327 1426 4395 semperdiabolus.
1447 4331 1582 4386 Audi
1614 4333 1737 4402 quid
1754 4333 1924 4390 dcillo
1937 4331 2078 4392 dicat
2099 4356 2111 4392 :
2129 4346 2248 4394 (ρι’-

681 4414 790 4470 cuit
802 4416 1012 4484 rugiens
1028 4424 1085 4471 ut
1104 4413 1186 4472 leo
1203 4418 1279 4490 (l.
1300 4416 1438 4473 Petr.
1457 4421 1511 4477 Β.
1523 4421 1578 4492 8)
1590 4463 1604 4486 ,
1618 4423 1801 4478 volens
1821 4427 2072 4495 arripere.
2087 4428 2245 4483 Innu-

683 4504 980 4590 merabiles,
1007 4510 1251 4578 corporis
1288 4505 1598 4567 aﬂectiones
1649 4528 1747 4568 nos
1795 4515 2070 4584 invadunt,
2114 4535 2248 4589 quas

681 4594 894 4664 quidem
907 4602 1142 4671 [necesse
1158 4609 1240 4654 est
1260 4610 1559 4667 recensere,
1579 4619 1647 4658 ne
1668 4613 1766 4661 nus
1799 4615 2001 4664 temere
2014 4609 2247 4680 decipia-

681 4682 958 4752 mus.Qnid
968 4689 1108 4741 enim
1116 4683 1570 4762 ,dic,qumso,non
1585 4695 1858 4752 nobiscum
1873 4691 2068 4755 Bellum
2083 4702 2247 4772 gerit?

680 4774 901 4840 divitiae,
934 4774 1289 4846 pulchritudo,
1321 4776 1550 4852 deliciae,
1596 4795 1853 4855 potestas,
1885 4789 2097 4856 invidia,
2125 4791 2245 4864 glo-

680 4864 781 4928 ria,
809 4868 1130 4938 arrogantia.
1161 4866 1276 4926 Non
1306 4874 1479 4928 solum
1502 4874 1646 4931 enim
1685 4888 1865 4934 nostra
1890 4879 2088 4966 bellum
2108 4886 2244 4955 gerit

677 4955 870 5024 gloria,
901 4958 1191 5028 prohibens
1212 4975 1279 5018 ne
1299 4977 1398 5019 nos
1423 4966 1762 5026 demittamus
1785 4971 1851 5027 ad
1869 4955 2242 5046 humilitatem,

675 5044 774 5100 sed
799 5046 1027 5103 aliorum
1045 5062 1257 5122 quoque
1293 5055 1461 5124 gloria
1488 5056 1721 5114 educens
1747 5075 1846 5117 nos
1871 5062 1937 5118 ad
1969 5044 2241 5123 invidiam.

673 5135 782 5192 Sed
813 5133 940 5208 quid
981 5142 1246 5198 contraria
1269 5185 1286 5210 ,
1317 5155 1618 5217 paupertas,
1659 5149 1976 5221 ignominia.
2015 5155 2238 5229 despici,

672 5225 858 5294 abjiei,
903 5229 1076 5284 nullas
1113 5230 1311 5288 habere
1341 5235 1520 5292 vires?
1548 5229 1672 5294 Haec
1705 5236 1922 5310 quidem
1953 5243 2008 5319 in
2039 5225 2194 5304 nobis
2223 5225 2239 5302 ξ

672 5323 794 5383 qtae
818 5324 997 5372 autem
1021 5329 1146 5375 sunt
1169 5321 1236 5378 ab
1267 5319 1599 5395 hominibus,
1625 5329 1914 5399 pravitates
1935 5373 1952 5396 .
1991 5334 2198 5393 insidia:
2223 5377 2241 5404 ,

671 5405 804 5471 doli,
824 5406 1129 5476 calumnia,
1155 5409 1300 5469 mille
1321 5414 1823 5478 clrcumventiones.
1843 5420 2106 5481 Similiter
2121 5443 2239 5497 quas

669 5499 797 5552 sunt
843 5510 876 5553 a
913 5497 1263 5571 damonibus,
1295 5505 1645 5580 principatus,
1691 5518 2014 5582 potestates,
2055 5517 2238 5572 mundi

671 5598 913 5647 rectores
936 5594 1274 5652 tenebrarum
1300 5596 1460 5668 hujus
1480 5595 1661 5658 saeuit
1677 5643 1694 5670 ,
1722 5600 2021 5674 spiritualia
2047 5605 2240 5679 nequi-

672 5680 776 5735 tiae.
815 5681 916 5740 Alii
931 5694 1126 5741 nimus
1155 5686 1416 5759 laetantes,
1433 5687 1523 5749 alti
1547 5691 1790 5752 delentes
1814 5714 1829 5754 :
1859 5705 2086 5770 utraque
2110 5709 2235 5758 sunt

1370 277 1454 376 is.
1491 319 1761 378 JOANNIS
1793 319 2272 378 cuntsos'ronl
2306 319 2617 387 ARCHIEP.
2654 317 3182 385 CONS‘I'ANTINOP.

3855 340 3973 396 412

2376 433 2682 493 declinatio.
2710 435 2815 494 Sed
2843 442 3064 508 sanitas,
3090 440 3190 498 sed
3214 441 3514 504 infirmitas.
3531 446 3822 506 Undenas!)
3851 467 3971 508 non

2374 526 2612 595 peccabit
2638 531 2948 600 quispiam?
2970 531 3143 588 Vultis
3167 543 3225 589 ut
3248 535 3395 593 etab
3423 537 3542 608 ipso
3565 539 3780 595 Adamo
3813 543 3968 598 inci-

2372 614 2544 686 piens,
2593 617 2770 674 dicam
2799 623 2981 677 statim
3007 623 3090 679 ali
3139 623 3334 681 initio?
3376 629 3505 698 quid
3551 633 3968 702 protoplaasntu

2369 708 2512 776 cepit
2539 702 2983 783 etexpugnavit?
3009 703 3268 787 Voluptas
3309 727 3365 775 et
3395 720 3502 776 cibi
3542 732 3600 778 ct
3645 724 3967 794 impetrandi

2368 795 2717 886 desiderium.
2747 803 2886 870 Quid
2912 803 3053 861 illius
3081 806 3248 863 lilium
3264 811 3354 880 qui
3380 825 3504 867 eum
3529 824 3612 869 est
3635 826 3918 886 sequuta:-
3942 818 3968 873 ?

2369 883 2567 944 Invidia
2590 899 2645 946 et
2671 891 2830 949 livor.
2870 893 3006 961 Quid
3032 910 3128 952 eos
3153 899 3245 968 qui
3272 898 3491 957 fuerunt
3517 883 3758 975 tempore
3788 907 3965 964 Noe?

2364 976 2659 1049 Corporum
2688 984 3010 1054 voluptates,
3038 995 3094 1042 et
3128 1002 3331 1058 quaex
3351 992 3432 1047 eis
3455 1005 3751 1053 nascuntur
3772 999 3959 1054 mala.

2365 1065 2502 1135 Quid
2531 1071 2647 1141 ejus
2688 1073 2892 1130 illium?
2933 1076 3233 1136 Petulantia
3259 1088 3317 1136 et
3345 1082 3508 1143 nimia
3540 1085 3775 1143 licentia.
3807 1090 3959 1156 Quid

2365 1157 2710 1216 Sodomitas?
2734 1161 2925 1220 Libido
2968 1175 3028 1222 et
3070 1160 3338 1229 salacitas‘
3365 1181 3420 1228 et
3447 1188 3638 1243 panum
3663 1166 3955 1234 saturitas.

2363 1246 2516 1338 sepe
2538 1260 2712 1307 autem
2742 1253 2844 1310 hoc
2886 1272 3099 1330 quoque
3145 1258 3273 1316 facit
3309 1275 3593 1333 paupertas
3613 1281 3632 1320 :
3655 1279 3954 1338 propterea

2363 1335 2572 1396 dicebat
2613 1343 2829 1412 quidam
2869 1347 3086 1417 sapiens
3112 1367 3128 1404 :
3153 1349 3372 1408 Diuitias
3411 1364 3460 1409 et
3891 1380 3954 1417 tu

2362 1428 2560 1484 dederis
2584 1433 2710 1488 milii
2732 1433 2923 1505 (Prov.
2951 1439 3042 1494 30.
3066 1439 3166 1512 8).
3189 1439 3302 1498 lmo
3332 1458 3462 1499 vero
3490 1460 3588 1502 nec
3611 1448 3820 1505 divitia
3846 1467 3952 1509 nec

2362 1528 2668 1588 paupertas,
2712 1523 2807 1578 sed
2831 1527 2972 1596 quod
2997 1527 3081 1584 his
3119 1531 3356 1603 utrisque
3380 1535 3457 1589 uti
3485 1550 3591 1592 non
3610 1541 3782 1608 possit
3809 1542 3951 1597 libe-

2362 1621 2478 1661 rum
2503 1608 2812 1672 arbitrium.
2831 1618 3078 1688 Agnosco,
3104 1621 3295 1693 inquit,
3321 1625 3460 1695 quod
3483 1630 3670 1686 trusis
3695 1632 3751 1686 ill
3772 1635 3950 1690 taedio

2361 1695 2648 1768 laqueorum
2678 1702 2866 1772 (Eccii.
2897 1707 2952 1762 9.
2985 1708 3096 1781 18).

2429 1789 2482 1844 5.
2514 1790 2907 1882 Adlllirabiliter
2933 1798 3067 1855 dixit
3095 1800 3283 1858 beatus
3307 1804 3499 1863 Paulus
3523 1825 3541 1864 :
3561 1807 3629 1863 Iit
3648 1809 3747 1866 llos
3778 1815 3942 1882 positi

2358 1880 2551 1934 sanius.
2581 1881 2695 1939 Non
2715 1884 2848 1943 dixit
2871 1889 3065 1957 solum,
3096 1892 3404 1963 Tentamur,
3421 1899 3544 1968 sed,
3571 1899 3638 1956 Ill
3661 1902 3761 1958 hoc

2357 1981 2568 2038 sumus;
2595 1987 2658 2028 ac
2678 1973 2728 2030 si
2749 1975 2971 2043 diceret,
3002 1981 3058 2035 in
3084 1981 3187 2038 hoc
3210 1986 3317 2042 nati
3349 2001 3550 2044 sumus.
3581 1990 3693 2046 Hoc
3721 2003 3809 2049 est
3838 2011 3933 2049 no-

2357 2066 2528 2114 strum
2564 2076 2757 2120 munus
2783 2076 2838 2121 et
2859 2068 3115 2138 ofﬁcium,
3145 2072 3260 2129 haec
3297 2085 3381 2131 est
3405 2079 3513 2133 vita
3553 2091 3760 2151 nostra,
3791 2095 3849 2140 et
3882 2096 3940 2141 tu

2357 2149 2552 2214 quieris
2587 2151 2856 2222 quietem?
2880 2156 2997 2213 Non
3027 2157 3190 2216 instat
3221 2163 3378 2220 lictor
3413 2166 3548 2224 latus
3585 2149 3854 2240 lacerans,
3881 2185 3937 2231 et

2357 2249 2553 2306 cogens
2575 2243 2905 2311 sacrificare;
2933 2250 3030 2307 sed
3058 2251 3222 2309 instat
3247 2255 3538 2316 vehemens
3566 2265 3805 2332 pecui‘iia:
3831 2283 3935 2321 cu-

2359 2324 2550 2393 piditas
2572 2338 2626 2385 et
2651 2335 2891 2404 avaritia,
2919 2341 3076 2396 nobis
3099 2342 3360 2400 eﬂ'odiens
3381 2324 3588 2407 oculos.
3614 2351 3800 2410 Nullus
3823 2358 3930 2412 lti-

2358 2413 2608 2514 les_nobis
2635 2428 2880 2482 accendit.
2894 2443 3102 2501 rogum,
3124 2450 3225 2495 nec
3249 2451 3347 2493 nos
3375 2439 3600 2511 imponit
3621 2448 3918 2514 craticula;

2357 2506 2451 2600 sed
2489 2524 2771 2581 corporum
2809 2517 3158 2579 inﬂammatio
3181 2529 3352 2597 magis
3379 2506 3540 2600 quam
3570 2534 3650 2590 illa
3675 2506 3917 2594 accendit

2357 2599 2607 2689 animam.
2637 2604 2754 2662 Non
2779 2609 2928 2666 adest
2946 2628 3038 2670 rex
3067 2615 3204 2671 bona
3227 2599 3545 2689 promittens
3569 2625 3927 2685 innumerabi-

2357 2688 2448 2791 lia,
2477 2702 2533 2748 et
2559 2695 2759 2764 pudore
2785 2695 3058 2770 alliciens;
3085 2707 3182 2762 sed
3208 2688 3364 2766 adest
3388 2713 3604 2770 insanus
3629 2732 3782 2774 amor
3811 2721 3930 2791 glo-

2354 2782 2450 2839 ria
2473 2789 2732 2880 quasiplus
2760 2808 2916 2863 quam
2952 2795 3043 2853 ille
3072 2799 3248 2857 titillat
3272 2794 3533 2861 efallicit.
3559 2782 3930 2880 Magnum-re-

2355 2887 2481 2928 vera
2511 2876 2728 2946 bellum,
2751 2891 2806 2936 et
2824 2884 2981 2940 valde
3003 2902 3251 2957 magnum
3290 2893 3337 2947 si
3373 2876 3727 2964 sapiamus'et
3755 2901 3935 2957 simus

2355 2964 2519 3020 sobrii
2548 2985 2562 3018 :
2591 2967 2746 3024 habet
2770 2986 2997 3029 coronas
3024 2991 3260 3046 praesens
3282 2996 3493 3053 quoque
3521 2997 3732 3058 tempus
3761 3007 3778 3046 :
3809 2994 3928 3048 audi

2355 3055 2576 3114 Paulum
2598 3060 2861 3119 dicentem
2891 3082 2906 3119 ι
2937 3067 3017 3121 De
3039 3079 3216 3126 autem
3241 3077 3460 3144 reposita
3482 3088 3559 3133 est
3583 3055 3709 3135 milii
3740 3101 3930 3139 corona

2344 3147 2582 3217 iustitia,
2604 3168 2755 3223 quam
2773 3157 2947 3212 reddet
2967 3161 3092 3215 mihi
3099 3163 3273 3232 justus
3290 3164 3497 3236 Iudex;
3525 3187 3626 3227 risit
3649 3176 3821 3231 solum
3842 3196 3936 3232 att-

2355 3247 2454 3292 tem
2482 3240 2626 3309 milli,
2649 3243 2740 3298 sed
2769 3255 2813 3299 et
2838 3249 3069 3305 onmibus
3094 3254 3181 3323 qui
3209 3255 3492 3312 dilexerunt
3519 3263 3795 3321 Maenium
3821 3269 3936 3338 ejus

2354 3329 2449 3401 (ι.
2477 3328 2611 3389 Tim.
2638 3336 2692 3390 t.
2724 3337 2821 3407 8).
2867 3339 3090 3408 Quando
3127 3347 3372 3403 amiseris
3408 3349 3662 3408 dilectum
3711 3328 3934 3414 uuich

2355 3423 2536 3489 tilium,
2566 3424 2618 3478 in
2644 3429 2850 3498 magnis
2873 3435 3126 3491 nutritum
3152 3438 3428 3508 Opibus,et
3449 3444 3538 3512 qui
3561 3444 3758 3501 bonam
3778 3449 3853 3505 de
3876 3466 3936 3506 se

2353 3527 2502 3584 spem
2527 3518 2849 3590 concitabat,
2877 3533 2932 3578 et
2959 3525 3052 3579 tibi
3079 3527 3226 3583 solus
3249 3532 3454 3588 futurus
3477 3544 3594 3590 erat
3619 3537 3802 3607 lieres,
3827 3557 3936 3596 non

2353 3604 2496 3676 iuge,
2532 3610 2626 3664 sed
2659 3611 2767 3666 Deo
2793 3628 2892 3683 age
2915 3616 3132 3684 gratias,
3147 3627 3202 3673 et
3233 3620 3466 3690 glorifica
3497 3639 3617 3680 eum
3645 3629 3740 3698 qui
3771 3604 3938 3687 acce-

2354 3696 2462 3765 pit;
2492 3708 2547 3754 et
2565 3699 2618 3754 in
2645 3700 2747 3756 hoc
2774 3705 3077 3762 Abrahalno
3098 3708 3265 3766 nihilo
3283 3712 3392 3768 eris
3417 3696 3672 3775 inferior.
3686 3719 3760 3776 Ut
3783 3726 3932 3779 enim

2353 3786 2441 3842 ille
2469 3788 2578 3844 Deo
2603 3790 2749 3847 dedit
2773 3795 2861 3864 qui
2885 3796 3138 3867 iusserat,
3166 3799 3236 3855 ita
3274 3811 3328 3857 tu
3348 3843 3366 3872 ,
3393 3819 3513 3859 cum
3545 3807 3658 3877 ipse
3679 3816 3934 3885 accepis-

2351 3885 2452 3940 set,
2480 3894 2586 3934 non
2614 3884 2881 3951 gemuisti.

2422 3967 2798 4028 lncantationes
2831 3984 2877 4028 et
2912 3974 3156 4048 ligamina
3181 3997 3272 4049 pro
3298 3985 3485 4040 morbis
3511 3989 3755 4044 curandis
3783 3992 3936 4047 adhi-

2350 4058 2474 4113 bita.
2501 4060 2839 4121 Diuinatores.
2862 4097 2931 4107 —
2961 4063 3017 4123 lu
3059 4072 3304 4128 morbum
3330 4091 3546 4146 gravem
3577 4077 3846 4147 incidisti;
3879 4095 3934 4141 et

2352 4152 2505 4207 multi
2529 4153 2723 4227 adsunt
2738 4158 2827 4227 qui
2850 4163 3180 4231 cogunt,_alii
3206 4167 3422 4234 quidem
3451 4170 3929 4244 incantationibus,

2351 4240 2440 4296 alii
2463 4257 2592 4299 vero
2617 4245 2974 4317 ligaminihus,
2995 4253 3088 4308 alii
3104 4269 3235 4312 vero
3254 4258 3570 4328 quibusdam
3590 4263 3710 4320 aliis
3734 4240 3934 4326 sedare

2351 4332 2591 4390 malum?
2626 4343 2680 4390 tu
2712 4349 2840 4430 vero
2872 4353 3090 4430 propter
3115 4345 3209 4401 Dei
3236 4357 3435 4404 metum
3474 4351 3596 4408 forti
3635 4363 3691 4410 et
3732 4373 3933 4430 magno

2353 4423 2516 4480 tulisti
2553 4440 2617 4481 ac
2657 4427 2913 4486 immobili
2955 4435 3156 4500 animo,
3191 4447 3247 4493 et
3285 4441 3518 4497 maluisti
3560 4445 3774 4514 quidvis
3819 4423 3930 4520 {mi

2350 4532 2508 4587 quam
2536 4521 2800 4578 sustinere
2820 4534 2877 4580 ut
2904 4527 3102 4598 aliquid
3123 4545 3310 4601 ageres
3329 4549 3393 4588 ex
3421 4535 3485 4590 iis
3509 4552 3629 4608 quae
3656 4543 3931 4610 pertinent

2350 4611 2416 4664 ad
2443 4614 2642 4669 cultum
2667 4613 2971 4682 idolorum?
3006 4621 3110 4677 hoc
3140 4624 3232 4679 tibi
3260 4625 3414 4682 aﬂert
3438 4642 3693 4686 coronam
3721 4645 3924 4704 marty-

2349 4700 2445 4766 rii;
2487 4719 2585 4758 nec
2607 4704 2808 4761 dubita.
2834 4707 3114 4777 Quomodo
3141 4723 3234 4768 aut
3259 4731 3487 4785 quanam
3523 4722 3775 4779 ratione?
3815 4700 3927 4795 Ego

2349 4792 2470 4848 dico
2493 4811 2506 4847 :
2531 4794 2650 4865 quia
2675 4793 2812 4852 sicut
2830 4797 2919 4855 ille
2940 4816 3130 4870 magno
3153 4813 3207 4859 et
3234 4803 3356 4862 forti
3376 4808 3556 4864 animo
3575 4809 3678 4868 fert
3703 4792 3930 4871 dolores

2338 4890 2754 4952 tormentorum,
2787 4897 2972 4944 utnon
2995 4892 3181 4950 adoret
3205 4894 3582 4966 simulacrum;
3609 4902 3681 4957 ita
3712 4888 3770 4959 tu
3792 4922 3932 4976 quo-

2349 4988 2453 5043 que
2479 4972 2588 5030 fers
2613 4975 2826 5033 doFores
2857 4981 3048 5048 morbi,
3081 4994 3138 5038 ut
3162 4985 3305 5041 nullo
3331 5003 3466 5058 opus
3499 4988 3697 5052 habeas
3726 4972 3928 5052 eorum

2349 5081 2465 5137 qua:
2487 5063 2576 5122 ille
2602 5069 2822 5137 praebet,
2848 5088 3020 5144 neque
3055 5075 3216 5132 facias
3238 5094 3360 5150 quae
3379 5081 3552 5151 jubet.
3580 5086 3650 5140 At
3674 5097 3807 5144 sunt
3830 5091 3931 5146 do-

2350 5157 2492 5213 lores
2528 5159 2602 5215 illi
2630 5160 3092 5244 vehementiores?
3132 5169 3239 5226 Sed
3270 5171 3356 5228 isti
3385 5167 3654 5247 longiores
3683 5197 3700 5235 :
3727 5197 3928 5252 qnam-

2348 5245 2532 5304 ohrem
2557 5266 2650 5319 par
2671 5240 2960 5309 esteorum
2990 5259 3184 5314 exitus.
3215 5260 3371 5332 Saepe
3394 5276 3572 5322 autem
3602 5279 3727 5325 sunt
3756 5274 3926 5329 etiam

2347 5338 2795 5398 vehementiores.
2838 5341 2975 5412 Quid
3016 5349 3180 5418 eui,
3220 5352 3538 5425 dic,qu.'eso,
3569 5375 3693 5416 cum
3719 5367 3928 5422 ardens

2349 5426 2511 5484 febris
2537 5439 2588 5486 te
2613 5433 2755 5508 intus
2777 5447 2935 5492 vexat
2960 5447 3018 5495 et
3042 5432 3182 5510 urit,
3219 5453 3275 5500 et
3310 5446 3536 5504 aliorum
3575 5453 3925 5515 suadentium

2347 5522 2552 5596 excutis
2589 5523 3024 5597 incantationem,
3066 5546 3244 5589 annon
3291 5551 3351 5592 es
3390 5539 3669 5603 redimitus
3713 5559 3924 5605 corona

2329 5612 2626 5702 martyrii?
2665 5616 2868 5674 Rursus
2902 5623 3080 5680 amisit
3116 5627 3378 5698 quispiam
3415 5634 3733 5702 pecuniam?
3762 5641 3923 5698 multi

2348 5714 2470 5762 sunt
2499 5700 2590 5777 qui
2616 5707 2840 5766 suadent
2877 5721 2934 5768 ut
2969 5723 3058 5802 eat
3091 5715 3158 5773 ad
3197 5700 3520 5779 divinatum
3549 5738 3564 5779 :
3596 5726 3836 5787 maluisti
3869 5742 3925 5789 tu
