4148 6338
274 462 381 517 757

281 577 579 646 intelligere
603 619 619 644 ,
651 576 795 633 audi.
825 577 1054 634 Miscens
1081 579 1262 634 vinum
1294 593 1418 634 cum
1451 582 1572 633 oleo
1611 597 1624 633 :
1669 579 1851 632 oleum

281 647 921 704 itnlmitcousolatorimn
951 649 1210 713 verbum;
1250 650 1434 704 viuum
1461 665 1590 704 vero
1624 649 1736 703 sive
1772 664 1861 702 sc-

278 717 565 771 writatctn
618 718 948 790 infundens,
1002 719 1300 790 doctrinam
1339 734 1477 790 iquze
1549 718 1862 790 dissipatam

281 798 518 859 mentem
547 787 752 859 colligit
777 830 790 850 ,
817 788 1112 859 secundum
1133 787 1620 857 Apostoli'dictum,
1647 789 1816 859 Argue
1845 829 1861 853 ,

279 858 508 921 obsecra,
541 856 747 926 increpa
781 858 858 926 (2.
882 856 1017 928 Tim.
1042 862 1095 914 4.
1114 856 1192 928 2).
1231 861 1488 926 lmposuit
1509 868 1686 911 autem
1715 856 1862 912 illum

284 928 337 978 itt
370 928 676 996 jumentmu
708 942 894 991 suum;
930 927 982 982 id
1013 939 1115 993 est,
1145 927 1427 982 assumens
1474 928 1721 982 Christus
1741 943 1863 980 car-

283 1012 405 1050 nem
437 997 675 1051 humeris
705 996 997 1051 divinitatis
1022 1039 1038 1063 ,
1083 1000 1222 1052 Patri
1250 1000 1428 1051 attulit
1457 999 1510 1051 in
1538 998 1721 1051 caelos.
1749 997 1864 1051 Non

281 1068 428 1120 enim
458 1082 646 1120 aurum
666 1109 680 1129 ,
729 1078 820 1121 aut
861 1079 1162 1136 argentum,
1197 1077 1289 1122 aut
1321 1068 1527 1137 lapides
1556 1069 1821 1135 pretiosos
1849 1107 1863 1129 ,

284 1138 378 1207 sed
414 1138 682 1191 hominem
721 1137 786 1190 ad
833 1139 1118 1207 imaginem
1150 1138 1348 1192 factum
1381 1139 1553 1192 attulit
1583 1152 1612 1190 a
1642 1147 1782 1192 terra
1815 1139 1866 1189 iu

283 1206 468 1269 ca-Ios,
503 1208 554 1260 in
577 1222 846 1275 maguum,
878 1206 1178 1262 mirabilem
1209 1217 1264 1261 et
1291 1210 1453 1262 latum
1483 1209 1863 1270 diversoriuut,

291 1278 345 1329 iu
375 1277 513 1329 hanc
562 1278 880 1330 catholicam
911 1278 1228 1332 Ecclesiam.
1276 1277 1344 1331 Et
1389 1277 1606 1332 tradidit
1635 1277 1869 1330 stabula-

288 1349 406 1408 rio;
436 1346 592 1400 beato
619 1345 800 1407 Paulo,
824 1349 1088 1402 columnae
1117 1347 1574 1411 Christianorum,
1599 1363 1726 1400 vero
1758 1357 1870 1399 sta-

291 1417 519 1479 bulario,
560 1417 694 1471 dans
725 1417 823 1485 ipsi
854 1417 990 1471 duos
1035 1418 1320 1481 denarios;
1354 1433 1450 1487 per
1488 1416 1710 1471 Paulum
1744 1431 1872 1469 vero

285 1487 408 1540 aliis
435 1501 530 1556 per
551 1488 724 1541 varias
753 1489 1015 1543 Ecclesiae
1037 1531 1050 1554 ,
1075 1489 1301 1541 summis
1344 1487 1733 1548 sacerdotibus,
1771 1487 1872 1538 do-

286 1558 548 1618 ctoribus,
580 1558 868 1619 ministris;
904 1557 1044 1612 duos
1072 1557 1346 1622 denarios,
1381 1557 1547 1610 Vetus
1576 1566 1630 1610 et
1663 1556 1868 1610 Novum

286 1625 711 1687 Testamentum,
735 1626 939 1689 dicens,
970 1628 1155 1682 Curam
1205 1627 1333 1680 habe
1379 1628 1596 1680 hominis
1625 1627 1798 1695 hujus,
1826 1636 1872 1678 et

288 1699 336 1748 si
363 1696 486 1766 quid
512 1698 974 1766 supereroguveris,
1007 1714 1098 1768 ego
1126 1699 1326 1750 veniens
1355 1697 1570 1750 reddam
1619 1697 1728 1749 tibi.
1760 1697 1873 1750 lloc

289 1779 470 1846 autem
497 1767 798 1846 signiﬁcat}
829 1767 1216 1846 tjur‘atu’habe,
1238 1768 1428 1846 inquit,
1446 1768 1636 1846 populi
1663 1783 1727 1820 ex
1747 1781 1876 1834 gen-

291 1783 470 1819 autem
497 1783 760 1834 Stgtuucat
785 1784 798 1819 :
830 1783 1027 1822 curam
1058 1783 1216 1829 naue,
1238 1783 1428 1846 tuqutt,
1491 1783 1636 1836 opun
1663 1783 1727 1820 ex
1747 1783 1876 1834 gen-

291 1839 435 1890 tibus
461 1876 478 1901 ,
511 1853 668 1903 quem
704 1837 794 1890 tibi
829 1839 878 1890 in
911 1837 1148 1893 Ecclesia
1195 1837 1410 1890 tradtdi.
1440 1783 1574 1904 διῄει
1617 1846 1876 1905 δἐι-οωιιι

291 1907 542 1960 homines
581 1923 607 1957 a
639 1909 872 1974 peccatis
900 1908 1203 1971 vulnerati,
1248 1923 1374 1960 cura
1412 1908 1559 1972 illos,
1592 1907 1875 1974 imponens

291 1977 422 2042 ipsis
453 1976 684 2042 lapidem
715 1977 1015 2045 emplastri,
1045 1977 1370 2046 preplteticai
1391 1976 1532 2030 dicta
1561 1986 1615 2030 et
1641 1991 1874 2044 cvange-

292 2047 448 2099 ltcatn
478 2047 775 2099 doctrinam
829 2045 1110 2100 sanitatem
1145 2045 1273 2115 ipsis
1300 2045 1530 2100 al'fcrens
1564 2061 1658 2113 per
1679 2048 1865 2099 admo-

287 2118 526 2170 ttitiones
547 2115 729 2170 Veteri
755 2127 808 2169 et
838 2117 984 2169 Novo
1011 2117 1362 2171 Testamento
1391 2115 1724 2182 desumptas,
1759 2132 1877 2168 sna-

287 2187 532 2255 densque
577 2186 706 2254 ipsis
750 2195 862 2238 uta
910 2188 1145 2255 peccatis
1196 2187 1522 2255 abstineant,
1572 2183 1876 2255 diaboliqne

290 2252 534 2310 crt‘m'em
558 2252 876 2324 relinquant.
914 2252 1068 2322 Quod
1108 2257 1151 2310 si
1183 2252 1365 2326 postea
1395 2256 1470 2310 illi
1503 2252 1877 2326 inemendabi—

293 2327 376 2380 les
421 2337 711 2389 maneant,
745 2328 912 2380 suade
954 2328 1057 2381 iliis
1089 2343 1154 2380 ex
1186 2325 1294 2380 tuis
1340 2336 1486 2380 recte
1534 2325 1724 2384 factis.
1779 2341 1875 2392 per

288 2405 506 2451 austera
534 2396 692 2450 verba
713 2398 865 2449 llcctc
892 2397 1009 2451 illos
1038 2414 1053 2454 :
1081 2397 1388 2464 exctnplum
1423 2397 1524 2449 illis
1548 2404 1665 2450 t-sto
1694 2411 1877 2449 exem-

292 2467 518 2535 plarque
546 2466 764 2525 bomtm,
796 2469 981 2532 Verbo,
1030 2481 1212 2534 opere,
1247 2466 1658 2519 conversatione
1687 2507 1700 2528 ,
1732 2465 1834 2519 tide
1855 2507 1872 2529 ,

291 2536 541 2602 caritate,
573 2538 887 2602 honestate;
937 2546 996 2589 ιιι
1030 2536 1334 2602 exemplum
1367 2544 1514 2589 tuum
1544 2544 1874 2605 sequantur,

289 2618 347 2660 et
377 2606 653 2660 imitentur
693 2607 885 2666 bonam
919 2607 1077 2660 vitam
1118 2613 1283 2659 tuatn.
1320 2605 1432 2659 Hoc
1461 2606 1506 2658 si
1547 2605 1774 2669 feceris,
1823 2614 1878 2658 et

291 2676 496 2741 aliquid
525 2676 871 2730 additamenti
899 2677 1065 2731 verbo
1107 2684 1162 2730 et
1185 2691 1350 2745 opere
1377 2674 1664 2745 adjeccris,
1689 2683 1744 2728 ct
1782 2689 1875 2728 su-

298 2747 705 2816 pererogaveris
732 2788 746 2812 ,
794 2761 895 2816 ego
921 2745 1136 2801 rediens
1174 2743 1393 2800 reddam
1426 2746 1518 2798 tibi
1545 2761 1559 2798 :
1585 2743 1635 2798 id
1665 2755 1770 2811 est,
1823 2747 1872 2798 ιιι

1676 465 1764 521 ηε
1803 463 2093 521 JEJUNIO.

3454 459 3558 520 πε

1969 577 2207 634 secundo
2241 591 2362 631 meo
2415 576 2642 631 adventu
2671 575 2890 645 dignam
2933 573 3027 629 tibi
3059 573 3300 629 laborum
3329 587 3549 645 merce.

1971 650 2093 702 dem
2134 647 2381 702 reddam.
2415 647 2538 701 Ideo
2577 647 2658 700 his
2697 643 2864 699 fidens
2894 645 3341 713 promissionibus
3363 643 3562 700 Paulus

1967 719 2098 773 dicit
2135 736 2148 770 :
2181 716 2294 787 Ego
2326 727 2492 771 autem
2541 713 3282 787 libentissimeimpendant,et
3307 717 3562 787 superint-

1970 788 2167 859 ρωπίαν
2196 783 2288 856 pro
2317 788 2586 859 animabus
2613 788 2796 859 vestris
2828 783 3067 859 (?._C0r._
3093 783 3181 840 η.
3216 785 3340 859 l_5_)_;
3362 784 3430 838 de
3466 783 3566 839 do-

1969 854 2140 913 ctrina
2171 854 2417 927 gentibus
2440 857 2604 910 allata
2633 856 2775 927 etde
2809 855 3107 927 ministerio
3138 854 3288 927 verbi
3316 856 3562 927 loquens.

1973 929 2091 997 ipse
2122 924 2266 983 enim
2325 927 2598 981 tieclesias
2651 926 2745 979 Dei
2809 926 3106 997 aedificavit
3141 924 3566 997 et_flrtnavit,_et

1971 995 2159 1051 timues
2192 999 2440 1051 homines
2462 997 2828 1066 spiritualilms
2852 995 3306 1048 admonitionibus
3323 995 3565 1066 curavit:

1971 1068 2196 1134 singulis
2221 1064 2524 1137 opportuna
2556 1066 2917 1137 distrilmeus,
2947 1066 3155 1137 animas
3179 1073 3389 1116 nostras
3410 1064 3563 1119 ducit

1972 1137 2039 1191 ad
2064 1141 2222 1191 vitam
2247 1135 2522 1190 aunt-nam.
2553 1136 2823 1194 Omnibus,
2845 1135 3038 1203 inquit,
3062 1137 3236 1187 omnia
3253 1138 3416 1203 fartus
3431 1151 3571 1197 sunt,

1971 1219 2024 1260 nt
2055 1225 2225 1261 omnes
2253 1209 2416 1261 salvos
2445 1209 2631 1274 faciunt
2662 1207 2738 1273 (Ι.
2773 1205 2898 1259 Cor.
2930 1207 2986 1258 9.
3019 1203 3137 1270 22).
3174 1205 3268 1258 llic
3291 1212 3369 1257 est
3394 1204 3566 1258 bonus

1979 1278 2234 1331 Ecclesiae
2287 1276 2616 1331 stabularios
2642 1293 2654 1327 :
2682 1291 2871 1330 (nones
2903 1277 3094 1344 accipit
3123 1314 3138 1338 ,
3165 1288 3354 1327 omnes
3381 1284 3568 1341 curat,

1978 1365 2084 1399 non
2121 1347 2512 1403 fornicatoretu
2549 1347 2714 1414 ab'git
2735 1385 2749 1410 ,
2784 1362 2890 1399 non
2922 1346 3214 1406 ebriosum,
3242 1359 3346 1395 non
3378 1345 3568 1399 eonvi-

1978 1419 2237 1470 ciatorcm
2268 1457 2284 1482 ,
2323 1433 2428 1470 non
2487 1430 2739 1484 rapacem
2769 1424 3066 1476 aversatur,
3098 1431 3203 1467 non
3236 1414 3572 1468 idololatratr.

1981 1487 2358 1552 abominatur,
2405 1500 2511 1539 non
2550 1486 2715 1538 alittm
2760 1487 2981 1552 impium
3005 1494 3058 1538 et
3089 1484 3351 1551 itnpurum
3382 1498 3568 1552 perse-

1979 1561 2178 1625 quitur.
2207 1558 2300 1610 sed
2336 1571 2530 1610 omnes
2559 1555 2774 1625 accipit.
2813 1553 2878 1611 Ut
2906 1555 3145 1625 medicus
3171 1553 3429 1625 abstergit
3459 1556 3576 1608 vul-

1981 1624 2130 1688 nera,
2153 1636 2209 1681 et
2239 1642 2332 1690 per
2364 1626 2643 1679 lavacrum
2672 1624 3092 1693 regenerationis
3120 1624 3291 1677 abluit
3314 1634 3574 1678 clemen-

1977 1697 2090 1759 dat,
2120 1705 2174 1750 οτι
2195 1696 2348 1751 affert
2383 1710 2577 1750 severa
2613 1695 2803 1758 verba,
2831 1696 2984 1762 quasi
3017 1697 3220 1759 viuum,
3240 1709 3318 1764 ne
3339 1695 3576 1764 peccatis

1981 1767 2300 1836 ignorantia:
2325 1766 2688 1820 abducantur.
2721 1763 2786 1818 Et
2816 1779 3000 1819 rursus
3029 1771 3181 1818 curat
3203 1763 3576 1836 obsecratione

1980 1831 2134 1904 quasi
2166 1840 2288 1892 oleo
2320 1851 2538 1904 uugens
2577 1836 2784 1888 animas
2826 1843 3067 1897 nostras;
3099 1848 3222 1904 nam
3268 1833 3396 1888 dicit
3443 1831 3573 1890 ille:

1983 1902 2203 1960 Obsecro
2236 1923 2341 1969 ros,
2383 1902 2591 1976 fratres,
2623 1922 2723 1976 per,
2751 1905 3173 1976 misericordiatu_
3186 1902 3283 1956 Dei
3301 1944 3323 1976 ,γ
3349 1913 3402 1958 ιιι
3425 1905 3578 1957 salti-

1981 1978 2140 2031 beatis
2165 1972 2392 2043 corpore
2415 1986 2576 2028 vestro
2596 1972 2812 2028 hostium
2842 1975 3105 2041 viventem,
3137 1972 3248 2035 Deo
3271 1975 3575 2043 placentem,

1980 2046 2285 2100 rationabile
2310 2046 2605 2114 obsequium
2636 2055 2856 2099 oestrum
2879 2043 3057 2112 (Rom.
3082 2043 3170 2098 12.
3197 2044 3275 2114 1).
3300 2045 3577 2114 Quotquot

1982 2118 2142 2186 igitur
2171 2117 2314 2175 lfauli
2347 2116 2397 2170 di
2417 2116 2592 2186 cipnli
2623 2129 2831 2180 sumus,
2857 2114 3056 2186 Christi
3087 2126 3356 2183 prtecepta
3392 2129 3580 2168 serve-

1981 2184 2123 2251 mus,
2156 2201 2265 2240 nea
2293 2187 2493 2240 emit-sti
2520 2185 2818 2240 Jerusalem
2842 2184 3172 2248 excitlamus,
3207 2194 3260 2237 et
3295 2200 3322 2235 ιι
3355 2185 3576 2240 civitate

1987 2257 2080 2310 Dei
2107 2257 2358 2310 viventis.
2387 2255 2600 2309 Utinam
2630 2268 2821 2308 omnes
2848 2255 3019 2308 sanati
3045 2269 3074 2306 a
3107 2254 3425 2320 vulneribus
3452 2255 3573 2307 ani-

1984 2342 2088 2380 ma:
2129 2335 2187 2380 et
2236 2341 2369 2396 corp
2408 2326 2521 2390 ris,
2567 2326 2619 2396 in
2651 2325 2904 2396 sanitate
2965 2333 3020 2396 ct
3065 2323 3397 2396 perfectione
3449 2322 3575 2379 tidci

1981 2396 2202 2450 Christo
2230 2393 2502 2450 :ulstemus
2529 2393 2664 2464 salvi
2695 2402 2750 2448 et
2788 2395 3004 2464 integri,
3035 2393 3488 2464 nor-deficientes
3521 2396 3574 2448 in

1983 2465 2131 2537 omni
2166 2481 2341 2537 opere
2363 2467 2527 2530 bono,
2559 2473 2616 2537 ct
2646 2463 2886 2537 fruamur
2909 2462 3193 2537 promissis
3220 2462 3375 2537 bouis
3411 2465 3576 2537 etule-

1983 2533 2414 2608 stibtts,'gratia
2467 2533 3157 2608 et_benigu_itate’l)omini
3212 2534 3405 2608 nostri
3447 2533 3579 2608 Jesu

1984 2603 2484 2676 Christifqnicum
2523 2603 2670 2660 Patri
2717 2604 2910 2673 gloria,
2967 2618 3181 2676 unaque
3234 2605 3582 2676 sanctissimo

1985 2676 2232 2743 Spiritui,
2289 2674 2431 2731 nunc
2457 2683 2515 2734 et
2543 2689 2783 2746 semper,
2810 2685 2864 2729 et
2897 2676 2947 2730 iu
2996 2675 3193 2730 stecula
3219 2674 3568 2730 saeculorum.

1988 2748 2159 2800 Amen
2175 2785 2188 2797 .

295 2872 3584 2898 ww

1731 2971 1813 3014 υι
1856 2970 2144 3015 ιυυιιιο.

1747 3117 2092 3146 ωηο*

369 3228 472 3297 Qui
502 3229 795 3300 instructus
816 3235 898 3282 est
916 3227 1178 3300 oratione,
1199 3225 1407 3298 jejunio
1426 3236 1477 3300 et
1506 3227 1873 3300 eleemosyna,

296 3299 451 3353 dives
495 3299 654 3353 estin
694 3297 930 3359 Christo,
978 3297 1211 3366 pietatis
1233 3297 1536 3364 operarius.
1568 3299 1699 3365 Qua:
1729 3297 1875 3352 enim

301 3369 507 3422 utilitas
534 3378 640 3428 est,
673 3367 886 3431 fratres,
920 3369 962 3420 si
1003 3381 1229 3436 Corpore
1253 3367 1577 3436 jujunetnns,
1613 3379 1669 3421 et
1698 3383 1758 3422 re
1784 3383 1879 3421 oc-

297 3438 546 3494 cidamus
563 3439 587 3488 ?
609 3454 728 3508 quae
751 3437 990 3508 utilitasa
1013 3438 1133 3491 cibo
1148 3438 1437 3508 abstinere,
1457 3447 1511 3493 et
1526 3436 1880 3508 fornicatione

301 3509 505 3577 pollui?
532 3507 724 3566 earnm
757 3523 862 3561 non
903 3507 1018 3561 edis
1037 3548 1052 3572 ,
1088 3507 1182 3561 sed
1210 3507 1440 3562 devoras
1467 3522 1658 3562 carnes
1700 3507 1880 3562 fratris

308 3581 406 3633 ttti.
435 3577 588 3645 Quod
617 3579 821 3631 lucrum
848 3589 924 3630 est
962 3593 1067 3630 non
1099 3577 1268 3630 betari
1317 3579 1474 3641 vino,
1507 3586 1563 3631 et
1618 3577 1875 3632 inebriari

323 3649 591 3702 tecuuiis?
640 3663 758 3713 qua:
809 3647 1009 3700 utilitas
1059 3663 1164 3700 non
1217 3646 1380 3701 edere
1417 3662 1633 3716 panem,
1676 3657 1730 3701 et
1758 3648 1874 3701 ine-

341 3720 465 3772 riari
485 3717 706 3772 furore?
729 3717 870 3784 quod
892 3718 1098 3770 lucrum
1118 3717 1324 3785 jejunio
1348 3718 1631 3781 macerari,
1673 3725 1727 3771 et
1754 3731 1878 3770 con-

302 3789 487 3842 viciari
521 3788 766 3858 proximo
786 3789 954 3858 iqua:
976 3788 1181 3841 utilitas
1209 3796 1570 3858 temperanter
1595 3787 1732 3841 cibis
1762 3787 1834 3858 uti
1857 3829 1873 3853 ,

304 3867 362 3914 et
388 3855 560 3912 aliena
592 3872 785 3922 rapere
808 3857 832 3909 ἲ
858 3855 991 3924 qua:
1022 3857 1315 3912 necessitas
1339 3866 1425 3912 est
1450 3872 1649 3926 corpus
1672 3855 1879 3911 tabefa-

305 3945 454 3988 cere.
486 3937 543 3983 et
567 3930 890 3981 esurientem
920 3942 1026 3980 non
1065 3926 1251 3981 alere?
1286 3942 1404 3995 qua:
1432 3927 1636 3980 utilitas
1681 3941 1878 3995 corpus

301 4009 558 4062 atterere,
582 4007 638 4051 et
662 3996 846 4050 viduas
873 3997 1209 4066 pupillosque
1230 3993 1336 4049 non
1363 3996 1640 4051 miserari?
1666 3993 1880 4066 Sijeju-

307 4085 440 4124 nare
465 4070 566 4132 vis,
596 4067 721 4119 odio
748 4066 1205 4136 Itaberavar‘itiam
1231 4081 1245 4120 :
1277 4067 1755 4136 maguumgmalum
1795 4073 1880 4121 cst

304 4139 552 4192 avaritia.
581 4137 841 4207 ieiunas?
889 4135 1010 4207 fuge
1040 4133 1470 4207 fornicationem,
1514 4134 1650 4207 fuge
1697 4135 1880 4207 detra-

308 4211 571 4270 ctionem,
599 4203 976 4271 mendacium,
1004 4203 1327 4268 convicium,
1380 4203 1735 4268 inimicitiam,
1765 4206 1881 4259 bla-

305 4280 628 4347 Sphetniam,
674 4285 731 4330 et
772 4291 986 4330 omnem
1035 4275 1420 4347 curiositatem.
1469 4275 1884 4347 Jejunas‘lfuge

304 4345 610 4418 avaritiam,
636 4347 898 4415 rapinam,
923 4347 1094 4418 rixam
1118 4355 1173 4400 et
1198 4346 1398 4418 :mimte‘
1420 4346 1714 4418 perniciem
1746 4345 1884 4400 invi-

305 4420 472 4471 diam.
523 4417 784 4486 Jejunas?
837 4418 958 4483 fuge
1005 4417 1207 4486 gulam,
1238 4415 1881 4486 etuuis'tualimatrem,

305 4503 428 4556 qua:
465 4484 673 4557 separat
726 4501 824 4557 uos
867 4487 933 4557 ab
973 4484 1090 4554 ipso
1138 4486 1280 4550 Deo,
1328 4495 1383 4540 et
1421 4501 1520 4557 nos
1573 4484 1794 4557 deducit
1830 4487 1882 4540 itt

307 4555 562 4630 abyssum
594 4556 865 4630 perniciei.
897 4555 953 4610 Si
1000 4566 1219 4625 propter
1251 4557 1419 4610 Demu
1442 4555 1670 4630 gjcjunes
1696 4595 1714 4621 ,
1762 4555 1886 4625 fuge

306 4627 470 4682 ouine
507 4643 643 4698 Opus
697 4628 804 4698 Deo
846 4641 1136 4698 perosum,
1163 4635 1248 4698 Aet
1309 4627 1678 4698 paenitentiam
1738 4635 1883 4698 tnam

305 4693 582 4766 acceptam
616 4693 872 4761 habebit,
906 4693 964 4748 tit
992 4693 1324 4750 misericors
1351 4707 1407 4751 et
1435 4697 1699 4750 clemens.
1750 4695 1888 4766 Citr-

307 4765 526 4833 rautns,
591 4766 821 4829 fratres,
879 4766 945 4819 ad
993 4767 1356 4834 pmnitcutiam
1405 4780 1686 4820 curramus
1731 4783 1745 4818 :
1791 4765 1888 4819 da-

310 4850 422 4892 tum
497 4845 578 4892 est
648 4837 804 4890 nobis
867 4847 1077 4904 tempus
1125 4834 1525 4898 confessionis,
1590 4835 1766 4889 luctus
1835 4845 1888 4890 et

306 4908 623 4978 getuituum,
669 4922 774 4960 non
805 4906 1137 4978 negligeulim
1162 4915 1216 4958 et
1255 4906 1521 4978 segnitiei.
1570 4904 1885 4978 l’muitentia

306 4975 452 5032 enim
495 4975 930 5032 este0nciliatrix
983 4976 1132 5044 regni
1178 4976 1464 5038 catlorum,
1517 4983 1573 5029 et
1617 4975 1889 5045 ingressus

311 5047 564 5118 paradisi,
594 5062 656 5100 ac
687 5047 1211 5118 voluptatisteterna:
1241 5046 1525 5118 possession.
1558 5045 1614 5118 S_i
1639 5045 1852 5118 jejuncs
1871 5085 1886 5109 ,

307 5115 522 5178 dilecte,
555 5132 838 5187 pauperem
869 5131 934 5169 ue
959 5115 1242 5183 despicias,
1274 5116 1472 5168 nudum
1504 5115 1683 5187 indue,
1717 5115 1890 5187 vidttte

304 5185 576 5258 lacrymas
613 5187 818 5258 respice
843 5225 857 5249 ,
910 5187 1136 5258 pupillos
1175 5195 1447 5258 gementes
1488 5185 1789 5240 considera.
1815 5186 1888 5258 δί

310 5255 448 5312 bona
491 5258 691 5320 habes,
724 5257 1021 5316 miserare;
1067 5255 1146 5308 sin
1196 5273 1300 5308 non
1344 5255 1505 5308 habes
1532 5297 1546 5317 ,
1597 5271 1664 5309 ne
1713 5257 1891 5323 rapias

309 5330 504 5381 aliena.
545 5327 810 5392 Jejuuas?
857 5325 1079 5393 prohibe
1129 5326 1359 5393 linguam
1394 5339 1533 5377 tuam
1564 5341 1593 5378 a
1626 5325 1770 5377 malo
1794 5367 1808 5390 ,
1839 5335 1892 5379 et

312 5401 446 5451 labia
473 5402 557 5450 tua
582 5411 648 5450 ne
671 5396 951 5464 loquantur
971 5397 1150 5448 dolum
1179 5413 1191 5448 :
1217 5395 1414 5448 sttflicit
1436 5397 1525 5448 tibi
1549 5394 1614 5448 ad
1639 5397 1889 5449 salutem.

309 5469 367 5521 Si
393 5468 643 5537 jejunus,
689 5467 807 5520 vide
837 5482 903 5519 ne
943 5465 1040 5537 des
1072 5467 1347 5534 pecuniam
1382 5474 1523 5537 tuam
1551 5465 1617 5518 ad
1651 5480 1890 5537 usuram.

307 5535 570 5604 Jejnuas?
613 5538 869 5590 miserere
915 5535 1028 5602 ejus
1073 5551 1234 5603 quem
1281 5535 1498 5600 hesisti,
1545 5550 1612 5588 ne
1651 5535 1894 5589 invideas

311 5624 564 5677 umquam
596 5608 762 5659 fratri.
801 5621 898 5658 nec
922 5607 1226 5677 quempiam
1251 5604 1376 5657 odio
1393 5605 1622 5677 habeas.
1649 5604 1895 5671 Jejunas?

308 5696 376 5733 ne
407 5675 595 5732 vanam
621 5677 844 5746 gloriaut
869 5676 1116 5728 secteris.
1152 5675 1410 5742 Jejttnas?
1438 5675 1561 5746 fuge
1589 5675 1886 5729 fornicatio-

309 5767 429 5802 nem
454 5790 467 5809 ,
515 5745 639 5816 quas
667 5762 762 5798 nos
787 5755 998 5812 separat
1031 5761 1059 5795 a
1111 5747 1295 5816 Decet
1324 5761 1349 5795 a
1382 5745 1610 5809 sanctis,
1660 5757 1712 5798 et
1742 5747 1897 5797 nobis

309 5819 446 5888 parit
475 5814 958 5888 inexsttuguibilctn
991 5816 1191 5888 ignem.
1217 5814 1433 5888 Jejunas
1454 5819 1477 5866 1'
1498 5817 1636 5888 nutri
1655 5816 1895 5868 esurien-

310 5886 386 5945 ies
413 5933 427 5959 ,
464 5899 644 5961 potant
685 5888 750 5940 da
796 5887 1129 5948 sitientibus,
1182 5886 1420 5939 intirmos
1466 5886 1662 5957 visita,
1706 5902 1893 5941 eorum

622 6000 891 6066 PATnOL.
941 6002 1054 6062 Gn.
1109 6001 1294 6063 LXII.

1989 3228 2079 3299 qui
2110 3227 2163 3281 in
2184 3240 2402 3283 carcere
2428 3235 2641 3284 suntne
2667 3225 3023 3296 obliviscaris,
3051 3226 3278 3285 afflictos
3307 3230 3581 3294 miserere,

1987 3312 2281 3367 oppressos
2307 3308 2361 3353 ct
2388 3309 2668 3368 gementes
2697 3313 2826 3353 cura
2859 3317 2871 3352 :
2898 3311 3018 3353 esto
3044 3301 3352 3355 misericors
3374 3343 3387 3364 ,
3417 3300 3594 3368 mitis,

1991 3368 2166 3422 bonus
2186 3409 2202 3431 ,
2252 3379 2564 3422 mansuetus
2584 3408 2601 3431 ,
2646 3370 2890 3436 patiens,
2921 3369 3205 3424 miserator
3226 3411 3239 3433 ,
3271 3371 3586 3438 injuriarum

1991 3438 2309 3508 immemor,
2361 3439 2518 3507 pius,
2570 3439 2864 3506 pacificus,
2917 3453 3075 3493 verax
3109 3481 3125 3506 ,
3179 3441 3496 3508 religiosus,
3539 3447 3598 3496 ut

1991 3502 2136 3579 Deus
2179 3518 2235 3562 et
2275 3502 2538 3576 jejunium
2571 3502 2720 3562 tuum
2760 3502 3036 3576 acceptum
3068 3502 3385 3576 italteat:et
3412 3502 3586 3579 pteui-

1989 3578 2172 3649 tcutite
2227 3579 2433 3649 lucrum
2485 3593 2606 3649 cum
2650 3593 2854 3649 magna
2906 3580 3152 3649 largitate
3217 3578 3475 3649 praebeat.
3531 3578 3588 3636 Si

1984 3647 2199 3713 jejunes
2223 3688 2240 3713 ,
2272 3648 2472 3702 dilecte
2492 3689 2508 3712 ,
2539 3648 2618 3702 sic
2644 3648 2828 3716 jejuna
2855 3658 2906 3700 ιιι
2933 3646 3184 3704 Christus
3201 3646 3364 3717 jussit
3391 3690 3404 3714 ,
3434 3660 3491 3704 ut
3521 3665 3591 3705 ne

1986 3730 2034 3789 et
2065 3717 2303 3772 laborem
2326 3718 2544 3784 subeas,
2568 3726 2624 3772 et
2643 3717 2950 3772 mercedem
2975 3720 3184 3788 perdas.
3214 3719 3360 3782 time,
3385 3734 3593 3789 qttatso,

1987 3788 2210 3858 fratres,
2257 3797 2373 3858 tuto
2414 3802 2724 3858 servemus,
2773 3795 2831 3841 ut
2872 3791 3173 3858 mercedem
3203 3788 3533 3858 accipiamus
3563 3805 3594 3844 a

1988 3856 2144 3938 Ile",
2182 3857 2571 3938 audiamusun
2606 3857 2828 3938 beatam
2860 3855 3002 3913 illam
3033 3872 3233 3938 vocem
3274 3855 3590 3938 dicentcm_:

1996 3925 2175 3980 Venite
2193 3966 2211 3992 ,
2253 3925 2501 3981 benedicti
2529 3927 2692 3998 patris
2727 3927 2862 3998 mei,
2906 3930 3157 3998 possidete
3189 3941 3426 3998 paratum
3457 3928 3594 3984 vobis

1987 4012 2260 4071 regnum}
2285 3996 2653 4052 constitutione
2687 3997 2866 4050 mundi
2883 3997 2913 4071 ί
2938 3996 3134 4071 lauit.
3157 3996 3248 4058 23.
3279 3999 3408 4071 δι).
3445 3998 3590 4071 Nihil

1991 4065 2174 4137 enim,
2204 4065 2437 4137 fratres,
2485 4073 2664 4137 potest
2689 4081 2848 4137 opem
2877 4065 3021 4123 ferre
3051 4070 3208 4123 nobis
3235 4071 3286 4125 itt
3315 4065 3597 4126 tretttettda

1991 4137 2079 4190 illa
2125 4135 2315 4204 judicii
2357 4135 2564 4202 die,'et
2602 4135 2747 4192 illam
2788 4137 2944 4193 nobis
2981 4139 3254 4197 attrahere
3283 4154 3468 4195 vocem
3493 4180 3509 4203 ,
3540 4149 3596 4195 ιιι

1990 4205 2301 4276 pmniteutia
2326 4215 2381 4262 et
2403 4207 2770 4279 eleemosyua.
2797 4206 2864 4279 Ut
2888 4207 3029 4262 inter
3053 4224 3246 4265 omnes
3266 4210 3417 4265 cibos
3439 4211 3594 4279 panis

1991 4274 2076 4330 est
2095 4291 2272 4357 magts
2300 4274 2678 4357 necessarius,
2724 4277 2804 4332 sic
2838 4274 2980 4357 inter
3004 4280 3182 4334 omnia
3211 4295 3373 4349 opera
3403 4274 3594 4357 morti.-

1990 4345 2266 4418 cngitatio.
2301 4345 2446 4416 Ignis
2485 4347 2676 4402 αξιοι-ιιι
2717 4349 2977 4403 memoria
3021 4345 3261 4418 vespere
3284 4359 3460 4405 tecum
3493 4351 3594 4404 de-

1990 4417 2208 4491 cumbat
2230 4457 2247 4481 ,
2275 4426 2330 4472 et
2373 4425 2803 4491 tecumsurgat;
2847 4431 2950 4488 nec
2979 4417 3325 4491 tehumquam
3354 4418 3596 4491 psalmo-

1991 4485 2095 4540 dia:
2137 4493 2382 4560 tempore
2409 4485 2694 4560 segnities
2723 4485 2980 4560 occupet.
3025 4485 3096 4560 Ut
3123 4485 3421 4560 apparen'te
3447 4489 3593 4553 luce,

1993 4555 2255 4610 recedunt
2279 4555 2518 4610 tenebrae
2539 4597 2554 4621 ,
2584 4557 2662 4612 sic
2687 4557 2758 4611 ab
2781 4555 3360 4615 humiliatione'omnis
3379 4560 3592 4615 acerbi-

1993 4634 2074 4703 tas
2095 4627 2249 4703 et_ira
2272 4626 2496 4680 deletur.
2531 4624 2807 4703 Yinclatur
2828 4627 3081 4700 deinceps
3103 4631 3202 4703 ira,
3227 4640 3284 4703 ut
3305 4640 3588 4703 tyrannus,

1992 4696 2220 4750 vinculis
2241 4694 2669 4772 mansuetudinis
2693 4713 2706 4750 :
2733 4712 2801 4772 ne
2823 4694 3075 4772 umquam
3102 4694 3355 4772 adt—uittas
3382 4701 3601 4772 loquen-

1994 4774 2104 4820 tem
2131 4773 2318 4837 coutra
2351 4767 2657 4837 proximum
2684 4782 2700 4827 ;
2749 4769 2858 4822 imo
2883 4767 2971 4822 die
2996 4767 3072 4824 illi
3108 4788 3120 4823 :
3151 4769 3315 4826 Cessa
3335 4811 3351 4837 ,
3381 4767 3547 4826 frater
3579 4787 3592 4824 :

1993 4851 2094 4912 ego
2117 4835 2359 4912 quntidic
2403 4835 2457 4889 in
2501 4836 2747 4907 graviora
2799 4837 3208 4912 delicta_lalmr,
3247 4851 3300 4896 et
3328 4835 3600 4912 quomodo

1994 4905 2143 4958 illutn
2185 4906 2442 4960 damnare
2491 4905 2824 4974 possumus?
2868 4907 3198 4964 Mendacium
3229 4921 3313 4965 est
3346 4905 3595 4965 caritatis

1993 4975 2330 5047 destructio;
2365 4975 2659 5044 periurium
2686 4992 2814 5047 vero
2846 4977 2935 5030 Dei
2966 4980 3177 5047 negatio
3207 4996 3221 5036 :
3253 4981 3592 5035 mendacium

1996 5045 2244 5119 timorem
2275 5045 2371 5119 Dei
2393 5047 2576 5119 fuga_t_,
2607 5045 2951 5119 jttdict'utqtte
2977 5045 3136 5104 habet
3162 5051 3432 5119 propriam
3461 5065 3595 5104 con-

1997 5115 2461 5188 scietttiant.__Leo
2509 5115 2784 5171 blanditiis
2829 5133 2974 5186 sa-pe
3026 5115 3295 5175 ciettratns
3340 5115 3443 5175 est.
3493 5120 3596 5188 Qui

1997 5187 2169 5239 ventri
2221 5185 2434 5257 deditus
2487 5195 2606 5253 est,
2663 5197 2717 5240 ct
2753 5185 2998 5257 spiritum
3062 5189 3432 5245 fornicationis
3483 5185 3598 5245 vult

1998 5257 2212 5309 vincere
2233 5296 2248 5316 ,
2277 5255 2469 5326 similis
2495 5265 2581 5310 est
2607 5257 2657 5310 ei
2682 5297 2698 5322 ,
2731 5255 2821 5326 qui
2851 5273 2971 5311 cum
2999 5260 3118 5314 oleo
3145 5263 3259 5314 vult
3287 5261 3592 5316 incendium

1997 5326 2368 5394 exstinguere.
2407 5325 2610 5395 Lingua
2654 5325 2989 5382 multitudine
3019 5331 3259 5384 ciborum
3293 5332 3594 5385 roboratur.

1999 5395 2212 5449 Natura:
2241 5397 2607 5450 infirmitatem
2644 5397 2752 5455 Deo
2779 5399 3118 5463 Commendo,
3149 5415 3446 5464 agnoscens
3474 5419 3592 5454 om-

2001 5467 2130 5536 nino
2154 5476 2295 5520 tuam
2321 5467 2764 5521 imbecillitatem.
2797 5467 2915 5522 Noli
2945 5456 3150 5536 precari
3180 5456 3371 5526 fucatis
3396 5473 3594 5536 verbis,

2001 5535 2095 5589 sed
2124 5551 2216 5588 ora
2260 5552 2321 5590 ex
2358 5547 2464 5591 tota
2497 5537 2674 5590 anima
2699 5579 2714 5598 ,
2749 5548 2805 5592 et
2839 5539 2890 5592 in
2921 5535 3220 5596 humilitate
3263 5543 3441 5597 cordis
3471 5535 3598 5596 ante

2002 5607 2181 5682 omnia
2215 5607 2334 5682 dic,
2371 5606 2739 5682 Miserereutnei
2759 5650 2776 5673 ,
2808 5607 3062 5682 Domine,
3094 5613 3331 5680 quoniam
3355 5613 3594 5682 inﬁrmus

2001 5692 2114 5728 smn
2165 5675 2353 5744 (i’suf.
2389 5678 2443 5734 6.
2471 5677 2574 5747 3).
2605 5677 2769 5732 Nobis
2817 5679 2950 5734 fides
2997 5675 3144 5735 firma
3195 5691 3250 5736 ct
3299 5675 3451 5738 amor
3504 5682 3596 5735 Dei

2004 5746 2393 5802 sollicitudines
2419 5749 2687 5801 abscindit
2718 5768 2731 5803 :
2765 5751 2952 5805 mortis
2980 5767 3107 5805 vero
3138 5757 3393 5808 ιιιοιιιοιὶςι
3432 5756 3592 5806 etiam

2007 5831 2206 5895 corpus
2229 5819 2479 5888 abnegat.
2509 5817 2718 5872 Modico
2747 5822 2865 5895 igne
2889 5836 3133 5895 magnam
3156 5825 3358 5895 sylvam
3384 5825 3597 5892 quidam

2007 5888 2422 5944 combusscrunt
2449 5930 2462 5958 ,
2494 5898 2547 5945 ct
2581 5905 2683 5944 una
2717 5891 2913 5966 virtute
2944 5888 3118 5946 omnia
3151 5888 3275 5948 vitia
3325 5888 3592 5963 fugarunt.

3145 6006 3223 6071 1ιὸ
