4148 6338
313 304 415 362 ’101

317 423 444 474 than
473 417 582 484 regi
606 435 620 470 :
652 416 734 471 Tn
751 423 852 480 'cs,
879 426 910 467 ο
938 427 1059 474 rex,
1099 410 1186 480 qui
1211 410 1302 462 hoc
1338 406 1519 530 (ccidi.
1556 407 1702 460 'I‘unc
1737 404 1897 484 David

319 489 558 530 modem
584 501 707 530 mm
729 492 873 530 θάψει
901 493 955 530 et
984 483 1134 530 nius.
1168 495 1276 530 non
1302 494 1332 530 a
1357 491 1500 530 tusus
1524 487 1605 530 est
1637 477 1779 530 regia
1811 473 1895 527 ιΙι-

319 473 562 558 prudens
584 501 708 541 cum
729 473 873 540 esset
901 493 955 558 et
984 473 1134 558 plus,
1168 495 1276 535 non
1302 473 1605 558 abususest
1637 477 1779 558 regia
1811 473 1895 558 di:

317 543 548 628 'gnitate.
575 571 683 612 non
712 543 1130 628 tyrapnice_egit
1152 564 1272 604 cum
1301 557 1556 628 argneonte
1583 562 1662 628 se,
1686 543 1896 599 etiamsi

321 615 374 683 id
655 615 761 680 non
800 623 934 678 dixit
951 661 981 697 ,_
998 615 1140 697 non
1155 634 1216 675 es
1248 628 1339 697 tu_,
1371 615 1475 684 ἰιιιί
1503 615 1670 670 audes
1714 628 1896 692 emam

319 687 572 752 υιιιίιίιιιιε
605 710 692 750 me
725 693 986 764 arguere?
1013 687 1217 745 sciebat
1243 687 1386 742 enim
1415 701 1503 750 se,
1535 687 1777 764 qttatttvis
1810 700 1897 738 re-

319 753 972 838 gt-tnhterrenum:ll_egi
1015 769 1192 815 tamen
1237 772 1590 838 supernarum
1637 753 1898 838 Virtutum

321 823 595 891 subditum
615 848 755 889 esse.
780 823 972 887 ludit}
999 844 1226 900 namque
1249 823 1520 900 prophecr
1537 840 1691 900 δοριξ,
1716 823 1758 876 'l‘
1763 840 1794 876 ιι
1816 839 1899 900 es,

322 924 359 958 o
391 924 482 962 rex
507 948 523 968 .
562 906 742 958 statim
787 901 1065 957 Confessus
1102 894 1185 954 est
1213 915 1226 952 :
1251 894 1481 950 Peccavi
1526 894 1762 948 Domino.
1809 894 1904 948 Cui

325 976 558 1037 Natltan,
586 974 655 1028 Et
683 973 930 1028 Dominus
957 970 1163 1024 abstulit
1186 977 1444 1038 peccatum
1479 976 1638 1025 tntnn,
1667 981 1765 1017 non
1795 979 1902 1016 mo-

324 1048 472 1100 rieris
500 1044 730 1116 (2._Rrg.
762 1042 894 1116 12.]
909 1041 1072 1106 .43).
1153 1039 1382 1116 Nathau,
1401 1052 1500 1116 cur
1516 1052 1679 1090 ausus
1699 1051 1758 1088 es
1784 1049 1907 1116 sen-

328 1104 548 1171 tentiain
570 1104 746 1168 lenia?
771 1129 801 1164 a
823 1104 1188 1166 Novato—enim
1212 1109 1302 1162 illo
1322 1106 1554 1175 superbo
1575 1104 1903 1175 accusandus

325 1202 407 1241 es.
441 1187 553 1240 Deo
573 1184 810 1255 peccavit
831 1181 1015 1246 David,
1039 1180 1244 1255 ipsique
1267 1173 1543 1255 confessus
1563 1185 1663 1255 est,
1689 1183 1740 1228 et
1767 1173 1907 1226 unde

329 1257 471 1310 nosti
503 1245 627 1308 nnin
657 1255 865 1325 veniam
897 1245 1196 1319 acceperit,
1229 1247 1529 1325 ut_au_feras
1558 1245 1674 1325 eius
1714 1260 1906 1325 pecea-

330 1326 479 1380 tum?
506 1324 888 1394 prlodisee.
927 1315 1152 1394 etn'tunc
1179 1318 1548 1394 remis-ioncm
1575 1315 1638 1368 da
1681 1315 1905 1394 pet-cati.

331 1384 640 1464 Respondet
677 1384 884 1464 Nathan
915 1409 930 1445 :
959 1390 1088 1464 “ibi
1125 1389 1410 1464 commisit
1439 1387 1578 1464 Deus
1619 1384 1906 1464 perlectam

334 1455 547 1521 Davidis
571 1480 753 1520 curam
783 1463 1001 1517 habere.
1026 1461 1137 1516 Nisi
1160 1459 1303 1514 enim
1328 1457 1582 1510 voluisset
1604 1471 1698 1525 per
1724 1471 1808 1509 me
1836 1455 1909 1508 illi

331 1536 543 1591 veniam
568 1536 719 1600 dare,
740 1548 853 1606 Anon
881 1548 966 1587 me
992 1532 1226 1586 misisset
1251 1527 1318 1582 ad
1350 1528 1518 1581 illum.
1544 1527 1673 1606 Quis
1705 1526 1911 1606 incusat

332 1606 630 1661 medicum.
666 1603 755 1673 qui
783 1611 1041 1673 :egrotum
1068 1608 1219 1673 curat
1238 1640 1253 1663 ,
1285 1608 1340 1652 et
1366 1613 1470 1650 non
1509 1603 1684 1673 potius
1713 1603 1910 1665 gratias

332 1677 462 1743 agit,
495 1667 896 1742 mercedemque
919 1670 1141 1726 tribuit?
1163 1669 1319 1724 Clare
1339 1682 1466 1743 ergo
1490 1667 1908 1743 dentonstratum

331 1738 571 1812 estnon
597 1747 768 1816 solum
803 1738 988 1816 gvatia:
1016 1751 1290 1816 tempore,
1321 1739 1414 1792 sed
1445 1738 1604 1790 etiam
1633 1746 1908 1816 antelgra-

336 1810 462 1870 tiam
485 1831 580 1884 per
602 1810 844 1868 homines
864 1815 1028 1868 Deum
1051 1810 1359 1884 hominibus
1380 1816 1591 1884 peccem
1616 1810 1907 1884 remisisse.

334 1877 540 1940 Modico
567 1895 742 1939 autem
773 1893 984 1938 utamur
1007 1881 1253 1950 exctnplo
1277 1880 1343 1950 ad
1375 1894 1486 1933 rem
1514 1877 1909 1950 declarandam.

332 1958 587 2026 Suppone
606 1997 622 2020 ,
654 1972 688 2008 ι)
714 1955 894 2019 Ιιοιιιο,
924 1946 1599 2026 prendendae-adversarie,
1627 1946 1910 2026 quemdam

337 2018 617 2081 honiinem
634 2027 684 2078 in
713 2018 1216 2096 crimen'delapsum
1233 2027 1334 2096 ,‘et
1361 2036 1390 2072 a
1423 2019 1661 2096 principe
1688 2018 1913 2096 damna-

338 2107 471 2162 tnm,
503 2107 663 2163 atque
693 2096 744 2150 in
773 2093 1018 2148 exsilium
1046 2087 1397 2163 mittendum,
1415 2089 1498 2142 vel
1521 2088 1625 2141 alio
1654 2087 1914 2163 supplicio

338 2156 675 2237 [ﬂectendum
706 2181 866 2237 esse:
895 2179 1020 2218 num
1050 2161 1136 2237 hic
1162 2163 1250 2230 qui
1279 2171 1334 2214 ut
1368 2159 1649 2237 dan-ratus
1672 2156 1913 2237 custodi-

337 2227 441 2302 iur,
475 2238 648 2301 ipsum
680 2235 971 2305 principem
1011 2233 1124 2305 adit
1169 2227 1409 2305 rogatum
1454 2236 1522 2305 ab
1554 2228 1651 2283 hac
1695 2227 1914 2305 calauti-

339 2297 448 2363 tate
480 2297 732 2362 liberari?
760 2297 938 2360 annon
988 2304 1163 2373 potius
1207 2297 1586 2355 intermedium
1631 2297 1913 2373 quemdam

377 2379 530 2431 uarrit
573 2377 822 2446 supplex,
863 2375 954 2444 qui
989 2370 1101 2443 'pro
1150 2386 1210 2425 se
1253 2373 1533 2446 loquatur,
1558 2370 1707 2446 verbi
1752 2382 1913 2421 causa

387 2440 723 2511 ornesticmn,
771 2457 829 2500 ut
875 2440 970 2514 per
1007 2440 1139 2498 eum
1189 2444 1413 2514 salutem
1472 2440 1573 2514 sibi
1631 2447 1812 2514 parct_,
1863 2448 1918 2492 et

335 2518 522 2587 judicii
577 2510 838 2572 calculum
875 2510 1357 2587 'irritum‘reddat,
1393 2512 1751 2582 principis-que
1781 2510 1914 2587 _i_ra_t_n

341 2579 395 2642 in
449 2588 786 2642 clementiam
839 2586 1047 2640 mutet?
1098 2583 1154 2638 Si
1214 2583 1264 2636 in
1305 2579 1582 2653 corporeis
1640 2579 1916 2650 suppliciis

342 2659 464 2713 talis
512 2658 646 2712 ordo
701 2666 756 2711 et
801 2655 1100 2711 consolatio
1156 2653 1417 2716 habetur.
1463 2670 1642 2708 annon
1699 2653 1750 2705 in
1807 2655 1917 2720 Spi-

342 2728 627 2784 ritualibus
665 2727 825 2782 altior
871 2725 1186 2782 intercessio
1239 2734 1295 2778 et
1337 2725 1507 2792 majus
1539 2725 1792 2778 auxilium
1818 2726 1916 2778 ad-

343 2798 650 2853 hibebitur?
681 2798 890 2866 Itaque,
921 2811 956 2850 o
981 2795 1164 2860 homo,
1193 2795 1247 2866 si
1267 2795 1388 2848 ideo
1415 2811 1522 2848 non
1544 2796 1621 2848 vis
1649 2795 1714 2849 ad
1746 2795 1919 2863 panti-

343 2871 564 2925 tentiam
601 2865 888 2931 accedere,
916 2868 1040 2936 quia
1065 2865 1319 2920 sacerdos
1336 2875 1426 2920 est
1456 2866 1620 2918 homo
1649 2875 1917 2936 peccator,

344 2956 415 2996 ne
447 2941 661 3010 quidem
694 2937 1010 3010 baptileris;
1042 2937 1206 2990 homo
1239 2937 1382 3010 enim
1419 2944 1503 2990 est
1530 2936 1620 3010 qui
1651 2936 1879 3010 baptizat
1905 2955 1917 3010 ς

344 3007 944 3080 ιιιειμιε-οοιιιιιιιιιιὶοθς;
976 3008 1138 3080 homo
1164 3007 1463 3080 quippeest
1491 3007 1578 3080 qui
1607 3021 1799 3075 agnum
1832 3008 1919 3080 Dei

344 3075 616 3136 distribuit
663 3081 717 3135 Si
741 3081 854 3134 lucc
873 3079 1031 3133 tidem
1054 3076 1307 3140 habeant,
1336 3075 1464 3130 illud
1490 3078 1647 3130 etiam
1675 3091 1795 3130 cum
1821 3078 1924 3133 ttde

344 3153 577 3221 suscipe.
601 3150 742 3204 Cave
767 3150 961 3221 negalia
983 3161 1226 3221 servans,
1251 3154 1305 3221 et
1328 3147 1430 3199 alia
1458 3147 1723 3221 rejiciens,
1757 3147 1809 3221 in
1836 3150 1923 3221 ju-

345 3216 542 3276 diciuin
575 3222 796 3276 incidas.
825 3219 912 3276 Sic
942 3219 1083 3273 enim
1125 3216 1429 3286 supplantat
1464 3232 1561 3272 nos
1590 3217 1723 3271 mula
1755 3217 1922 3273 bestia

345 3291 593 3346 diabolus
610 3333 625 3357 ,
654 3306 856 3360 nosque
883 3287 1096 3360 callidis
1122 3289 1234 3342 suis
1260 3286 1844 3360 machinamentisvult
1871 3292 1923 3342 in

347 3363 644 3432 gehennam
674 3357 913 3430 injicere.
945 3358 1215 3432 Script_um
1241 3366 1329 3432 est
1343 3360 1404 3432 _in
1425 3359 1554 3432 lege
1579 3376 1600 3432 :_
1614 3357 1925 3432 Principiam

347 3427 525 3502 populi
551 3438 620 3485 lui
647 3427 748 3485 non
776 3432 1046 3502 maledicos
1072 3428 1267 3502 (Exod.
1420 3427 1535 3498 28).
1570 3429 1626 3502 Si
1657 3444 1784 3499 ergo
1814 3430 1923 3484 liex

349 3498 534 3570 regum
574 3504 624 3555 in
667 3502 960 3572 principem
991 3498 1087 3555 tibi
1113 3499 1407 3572 constituit
1435 3498 1796 3564 sacerdotem,
1830 3516 1926 3555 cur

347 3569 534 3641 abjieis
562 3569 705 3627 illum
732 3584 783 3625 et
815 3569 1070 3627 miserum
1095 3569 1282 3641 dicis?
1309 3586 1434 3624 num
1472 3581 1623 3639 potes
1653 3580 1924 3625 terreumn

349 3640 650 3713 regem,qui
668 3642 1045 3713 deditieuitlatu
1064 3640 1287 3713 principi
1308 3650 1644 3713 potestatem,
1668 3641 1926 3713 impedire

348 3710 634 3786 dicereque
664 3713 737 3786 illi
764 3712 911 3766 :Non
938 3721 1020 3786 est
1037 3712 1138 3764 hoc
1153 3710 1343 3779 dignus
1369 3710 1667 3786 principatu
1685 3712 1928 3786 ?_S_i_ergo

349 3781 499 3838 illum
546 3781 803 3853 impedire
840 3784 1057 3851 nequis,
1092 3798 1158 3853 ne
1197 3796 1320 3836 eum
1363 3798 1519 3850 quem
1555 3785 1663 3834 vult
1693 3781 1924 3850 deligat,

389 3852 632 3908 uomodo’
657 3855 822 3908 audes
870 3853 1077 3907 Domini
1102 3852 1311 3920 jnssmn
1345 3853 1395 3904 in
1437 3853 1716 3906 sacerdote
1755 3853 1927 3918 impe-

389 3870 619 3908 IIODIOUO
657 3870 822 3908 auues
870 3870 1077 3907 υοιιιιιιι
1102 3870 1311 3920 ιιιδδιιιιι
1345 3870 1395 3904 Ill
1437 3870 1716 3906 sacerdote
1755 3870 1925 3918 tmpe-

347 3870 465 3979 dire
485 3964 500 3989 ,
544 3926 665 3992 quia
695 3925 785 3979 ille
813 3933 1061 3994 peccator
1090 3923 1212 3994 est?
1242 3939 1419 3976 nonne
1461 3922 1621 3994 Datid
1671 3926 1925 3990 propheta

352 3994 404 4047 in
434 3995 754 4050 adulterium
786 3993 838 4049 et
867 3993 1068 4047 czedem
1097 3993 1277 4060 lapsus
1313 4003 1428 4058 est,
1475 4003 1532 4047 ut
1560 3993 1708 4046 dixi?
1751 4009 1929 4048 nonne

350 4065 540 4119 Petrus
568 4066 658 4134 qui
689 4076 769 4119 ter
801 4064 1013 4134 negavit
1037 4063 1314 4118 duetorem
1342 4079 1495 4115 suum
1518 4101 1530 4122 ,
1573 4064 1624 4116 in
1652 4075 1926 4131 peccatum

349 4146 405 4188 et
432 4136 770 4204 negationem
801 4134 1016 4188 incidit?
1040 4149 1217 4187 nonne
1245 4134 1436 4187 Paulus
1466 4144 1818 4202 persequutus
1847 4144 1929 4188 est

351 4205 647 4260 Ecclesium
677 4207 770 4260 Dei
803 4207 918 4272 plus
945 4220 1103 4273 quam
1133 4205 1308 4274 quivis
1337 4205 1512 4257 alius?
1537 4204 1640 4258 Sed
1671 4205 1929 4272 benignus

353 4275 608 4329 Dominus
636 4275 735 4330 hos
756 4276 917 4344 elegit
935 4285 988 4330 et
1013 4276 1181 4344 gloria
1205 4275 1403 4343 all'ecit,
1431 4290 1498 4328 ne
1518 4290 1674 4342 quem
1701 4284 1754 4327 tu
1779 4276 1927 4342 prin-

348 4346 526 4416 cipum
564 4346 818 4401 Ecclesia:
861 4345 1196 4416 despiceres,
1227 4346 1310 4399 vel
1341 4345 1629 4414 judicares.
1665 4344 1930 4416 Sacerdos

350 4414 495 4470 enim
529 4417 619 4487 qui
663 4417 897 4486 baptizat
925 4414 978 4487 et
1013 4414 1170 4469 oll'ert
1210 4414 1888 4487 incruentumsacriﬁcium
1911 4459 1925 4482 ,

352 4485 878 4542 manus—commodat
904 4486 970 4540 ad
999 4502 1110 4540 rem
1142 4487 1472 4554 propositam
1505 4504 1518 4538 :
1547 4485 1776 4554 Spiritus
1803 4501 1929 4541 vero

348 4567 566 4612 sanctus
606 4557 721 4612 haec
749 4556 1049 4611 sanctiﬁcat
1089 4567 1142 4610 et
1176 4571 1364 4625 magna
1395 4555 1590 4610 reddit.
1628 4557 1807 4621 Quare
1845 4555 1930 4611 hic

348 4628 546 4691 etiam,
585 4642 706 4681 eum
740 4637 794 4681 tu
835 4627 1202 4695 ptenitentiam
1237 4642 1400 4695 agens
1437 4627 1747 4692 conﬁteris,
1796 4625 1928 4680 nihil

346 4698 493 4778 aliud
526 4697 684 4778 facit,
718 4714 875 4778 quam
905 4697 1045 4778 quod
1076 4697 1307 4778 linguznu
1345 4697 1677 4778 cottttntidet,
1708 4708 1763 4750 et
1791 4696 1930 4778 Deus

349 4770 442 4822 tibi
469 4769 698 4823 salutem
735 4777 788 4822 et
817 4767 1026 4822 veniam
1065 4767 1331 4822 concedit.
1376 4767 1432 4820 Si
1476 4773 1589 4820 hanc
1628 4768 1697 4820 ita
1737 4781 1796 4821 se
1837 4767 1931 4821 ha-

348 4838 544 4904 beant,
588 4849 642 4893 et
682 4839 725 4892 si
758 4847 933 4907 potest
972 4848 1090 4906 post
1131 4839 1453 4905 baptismum
1483 4837 1629 4890 salus
1655 4837 1926 4900 obtineri,

347 4922 444 4962 cur
485 4909 759 4977 apostolus
797 4909 986 4962 Petrus
1018 4909 1276 4962 Ananiam
1306 4917 1362 4962 et
1385 4908 1702 4976 Sappbiram
1749 4908 1926 4961 statim

347 4978 577 5043 occidit,
610 4994 782 5048 neque
809 4979 930 5033 illos
969 4978 1804 5048 perptenitentianrrevocavit?
1831 4980 1928 5032 Αι-

347 5049 510 5104 tende
535 5047 835 5118 diligenter.
860 5049 973 5104 Non
1005 5047 1192 5103 beatus
1221 5050 1408 5103 Petrus
1428 5047 1708 5102 abscondit
1728 5050 1930 5116 etnpla-

345 5128 519 5173 strum
548 5120 912 5187 pwttitentim;
943 5119 1038 5174 sed
1063 5121 1136 5173 illi
1169 5120 1299 5188 ipsi,
1328 5120 1417 5187 qui
1451 5119 1503 5171 in
1533 5119 1693 5172 talem
1716 5119 1926 5188 culpam

345 5189 480 5260 lapsi
502 5201 647 5261 sunt,
671 5206 776 5244 non
794 5189 1123 5261 qna-sierunt
1145 5187 1272 5261 utile
1291 5189 1662 5261 emplastrum,
1685 5187 1927 5261 sed_hor-

347 5258 493 5314 tante
535 5259 783 5326 diabolo,
811 5258 946 5314 eum
995 5260 1238 5328 pecuniis
1278 5259 1391 5312 suis
1437 5260 1730 5327 perierunt.
1778 5258 1929 5314 Tune

343 5331 492 5385 enim
520 5331 828 5399 pteniteutia
851 5339 963 5399 est,
979 5346 1084 5383 non
1106 5329 1320 5399 quando
1346 5329 1431 5382 illa
1453 5343 1584 5383 voce
1609 5328 1920 5395 honoratur,

343 5401 438 5482 sed
468 5401 683 5482 quando
723 5415 887 5482 opere
930 5402 1256 5482 agnoscitur.
1296 5399 1578 5482 list-cnim
1612 5400 1926 5482 pteuite‘ntia

341 5470 412 5525 ab
459 5470 636 5524 anima
679 5469 896 5535 emissa,
929 5481 985 5525 et
1032 5481 1114 5525 est
1168 5469 1480 5540 paenitentia
1542 5471 1594 5523 in
1630 5469 1928 5540 superﬁcie

341 5541 516 5596 solum
539 5556 789 5608 expressa
817 5559 831 5593 :
859 5539 1184 5610 quaprOpter
1203 5541 1294 5595 alii
1320 5541 1568 5605 salutem,
1591 5539 1679 5610 alii
1709 5539 1926 5610 damna-

342 5613 544 5666 tionem
575 5609 993 5682 consequuntur.
1030 5612 1414 5682 Paruitentiam
1444 5611 1555 5682 egit
1598 5609 1782 5664 beatus
1823 5609 1925 5682 lle-

344 5691 492 5743 trus,
526 5681 632 5750 egit
663 5690 719 5736 et
750 5680 913 5734 iniscr
940 5680 1134 5745 .ludas;
1167 5680 1260 5734 sed
1295 5681 1482 5733 I'etrus
1510 5680 1722 5734 sincere
1754 5680 1926 5747 poeni-

344 5762 462 5806 tet-.5
512 5763 566 5806 et
622 5752 954 5818 lacrvtnans,
1009 5767 1070 5805 ac
1123 5750 1463 5822 negationem
1520 5766 1612 5820 per
1663 5750 1925 5820 Iaetymas

1419 292 1504 348 DE
1542 289 1835 356 JEJUNIO,
1880 287 1965 344 DE
2009 285 2278 356 D.\\'lllE,
2320 286 2472 342 ETC.

3476 295 3581 349 762

2007 404 2265 467 abluens,
2311 403 2360 457 in
2405 403 2684 472 pristinum
2727 403 2884 460 rediit
2921 406 3218 472 honorem;
3263 408 3428 465 Judas
3456 426 3588 468 vero

2007 475 2366 550 perfunctorie
2402 474 2769 550 [minuendam
2810 476 2939 550 egit.
2970 475 3191 550 Etiamsi
3219 481 3362 550 enim
3387 494 3584 550 argen-

2007 556 2122 598 teos
2166 544 2446 612 proiecerit
2483 543 2717 604 Judzris.
2757 553 2811 599 et
2850 543 3093 602 dixerit:
3127 547 3342 603 Peccavi
3380 543 3588 606 tra'dens

2003 616 2300 681 rrrnyuinrm
2319 615 2516 687 justum
2549 614 2758 684 (Matth.
2792 614 2893 670 Ἦ.
2913 616 3004 682 4);
3036 625 3271 687 attamen
3302 634 3406 673 non
3439 621 3586 687 inge-

2007 689 2173 758 nmit,
2218 684 2685 758 nonlacrymatus
2723 695 2804 740 est
2827 727 2849 758 ,ν
2888 702 2993 741 non
3022 686 3214 758 dignos
3257 684 3588 758 poenitentia:

2008 755 2211 809 fruetus
2255 755 2415 815 l'eeit,
2459 755 2552 809 sed
2597 756 2814 809 admoto
2841 757 3033 824 laqueo
3059 755 3275 813 diabolo
3304 760 3588 816 satisfecit.

2006 827 2140 891 Quid
2165 840 2293 900 ergp
2314 827 2498 900 Simon
2529 826 2750 894 magns?
2781 826 3077 900 baptizatus
3106 838 3172 900 et
3189 830 3583 900 supplantatus,

2008 907 2166 968 atque
2191 911 2219 950 a
2251 896 2407 949 Petro
2434 896 2748 968 damnatus,
2778 905 2836 952 ut
2871 898 2960 968 qui
2989 896 3270 967 pecuniam
3292 896 3550 956 obtulerit

2011 975 2067 1020 ut
2111 966 2311 1020 donum
2341 966 2508 1038 Alllli'llt
2551 966 2911 1038 negotiatione
2959 966 3306 1025 obtinendmn
3348 982 3557 1028 emeret

2011 1051 2186 1089 rumne
2213 1036 2577 1105 tmnitentiam
2620 1036 2804 1106 petiit?
2834 1054 3012 1093 nonne
3044 1039 3230 1095 beatus
3269 1040 3458 1096 Petrus
3495 1058 3583 1097 re-

2009 1106 2225 1180 stgoutlit
2248 1124 2279 1180 τῇ
2294 1107 2643 1180 εφιιὶιριιιὶᾳιη
2665 1125 2758 1178 age
2776 1107 2840 1163 de
2858 1110 2954 1163 liae
2975 1112 3217 1180 nequitia,
3238 1123 3286 1164 et
3313 1128 3402 1164 om
3426 1113 3592 1166 Deum

2011 1177 2148 1261 (Ασξ.
2178 1177 2232 1232 8.
2255 1178 2390 1261 ἳὶλξ
2418 1177 2547 1261 9ηςἔ
2572 1177 2816 1261 inquies.
2848 1177 3070 1261 Anapitt:
3094 1189 3151 1236 et
3176 1182 3453 1261 Sappltirte
3476 1181 3593 1261 litt-t3

2011 1249 2172 1322 verba
2190 1246 2482 1322 _non_d_ixit,
2508 1246 2883 1322 Pceniteutiant
2903 1251 3045 1322 agite
3065 1267 3094 1306 a
3123 1246 3354 1322 neqtiiiia
3379 1257 3593 1307 vestra?

2012 1316 2242 1390 Attende
2294 1319 2600 1390 diligenter.
2651 1319 2882 1388 Spiritus
2933 1316 3104 1390 gratia
3153 1316 3258 1376 non
3312 1323 3587 1378 irridetur.

2013 1389 2248 1442 Ananias
2266 1389 2407 1460 enim
2435 1399 2489 1443 et
2520 1389 2782 1460 Sapphira
2811 1405 2840 1444 a
2871 1389 3029 1446 Petro
3053 1393 3301 1447 convicti.
3331 1403 3386 1446 et
3412 1395 3479 1448 ab
3501 1396 3595 1448 illo

2012 1460 2290 1513 audientes
2319 1478 2333 1514 :
2367 1459 2503 1526 Quid
2529 1459 2756 1515 conuenit
2795 1462 2931 1516 vobis
2973 1471 3165 1516 tentare
3192 1461 3447 1529 Spiritum
3485 1464 3592 1518 Do-

2014 1530 2139 1583 mini
2166 1530 2385 1601 (Art._5.
2416 1530 2507 1601 9)?
2537 1547 2641 1585 non
2669 1533 2896 1586 confessi
2927 1542 3049 1587 sunt
3091 1541 3364 1601 peceatum
3396 1549 3551 1589 suum
3573 1577 3588 1599 ,

2016 1616 2132 1673 non
2148 1599 2546 1673 procubuerunt
2565 1641 2582 1666 ,
2613 1617 2717 1655 non
2747 1599 3133 1673 supplicarunt.
3164 1621 3269 1658 non
3301 1604 3545 1661 dixerunt
3574 1625 3588 1660 :

2015 1669 2085 1726 Ut
2108 1669 2362 1742 homines
2389 1671 2523 1739 lapsi
2561 1687 2778 1737 sumus;
2810 1669 2903 1728 sed
2930 1675 3093 1742 quid?
3123 1673 3205 1728 Ab
3245 1675 3335 1728 illo
3364 1678 3593 1731 convicti

2018 1741 2252 1794 vicissim
2278 1742 2694 1807 responderunt,
2722 1757 2841 1800 sese
2861 1741 3128 1798 occultare
3148 1745 3425 1799 studentes
3443 1787 3458 1809 ,
3491 1762 3591 1802 nec

2017 1812 2374 1880 intelligentes
2411 1811 2668 1878 Spiritum
2710 1824 2949 1868 sanctum
2992 1829 3096 1867 non
3143 1814 3373 1870 irrideri.
3419 1816 3597 1882 Quare

2015 1882 2194 1935 statim
2237 1883 2639 1954 lumtusl’etrns
2668 1882 2939 1945 irritatus,
2972 1884 3186 1954 dignam
3234 1885 3337 1939 illis
3371 1889 3591 1954 protulit

2015 1953 2356 2007 sententiam.
2381 1952 2562 2026 Simon
2587 1967 2715 2026 vero
2739 1967 2859 2026 cum
2882 1952 3118 2009 audisset
3139 1970 3168 2008 τι
3193 1952 3382 2019 Petro,
3402 1956 3597 2026 Argeu-

2017 2031 2120 2075 tum
2143 2031 2282 2075 tuum
2314 2033 2474 2075 tecum
2498 2023 2562 2076 sit
2592 2024 2644 2076 in
2674 2025 3020 2094 perditionem,
3048 2026 3168 2092 quia
3194 2028 3382 2094 putasti
3407 2023 3598 2080 donum

2018 2096 2229 2164 pecunia
2258 2094 2353 2164 emi
2380 2093 2518 2160 (Act.
2551 2095 2605 2147 8.
2627 2093 2740 2163 20),
2775 2110 2881 2148 non
2911 2093 3214 2164 indignatus
3239 2106 3340 2153 est.
3368 2111 3472 2150 non
3506 2114 3594 2150 rr-

2018 2163 2170 2217 bellis
2203 2163 2326 2224 luit,
2371 2180 2476 2216 non
2512 2164 2731 2226 resiliit,
2763 2163 3083 2234 quamquam
3112 2166 3283 2220 malus
3313 2177 3427 2220 erat
3455 2184 3467 2228 ;
3499 2169 3593 2220 sed

2017 2234 2368 2288 contumelias
2394 2244 2448 2287 et
2483 2235 2723 2305 convicia
2743 2274 2760 2300 ,
2791 2236 2942 2304 quasi
2969 2234 3265 2291 antidotum
3294 2238 3562 2305 accipiens
3582 2277 3595 2298 ,

2020 2319 2127 2357 non
2155 2305 2329 2359 solum
2352 2314 2477 2376 ante
2503 2303 2757 2376 Petrutn-,
2784 2305 2877 2376 sed
2905 2307 3068 2360 etiam
3099 2317 3224 2376 ante
3249 2303 3437 2362 omnes
3463 2322 3594 2376 apo-

2019 2377 2187 2445 stolos
2216 2374 2574 2445 procumbens
2611 2374 2746 2428 dixit
2774 2394 2788 2428 :
2816 2374 3108 2430 Precamini
3153 2391 3238 2430 vos
3278 2394 3369 2445 pro
3410 2374 3600 2431 mead

2021 2444 2204 2508 Deum,
2234 2455 2288 2515 ut
2310 2444 2437 2496 nihil
2464 2445 2626 2515 veniat
2644 2460 2797 2513 super
2825 2461 2903 2498 me
2930 2446 3112 2500 horum
3135 2463 3246 2515 qua
3271 2444 3472 2501 dixistis
3491 2464 3602 2499 ma-

2021 2517 2184 2568 lorum
2204 2513 2308 2586 (lla.
2334 2529 2382 2566 ν.
2405 2515 2518 2580 2i).
2542 2512 2781 2575 Multum.
2808 2515 2995 2584 inquit.
3022 2512 3233 2584 peccavi
3259 2535 3276 2571 :
3300 2533 3404 2573 non
3428 2518 3601 2572 audeo

2024 2601 2120 2655 pro
2147 2585 2231 2639 me
2263 2585 2425 2637 Deum
2454 2586 2665 2652 placare
2690 2603 2703 2637 :
2736 2600 2831 2640 vos
2858 2586 3179 2641 mediatores
3206 2602 3300 2654 pro
3327 2603 3413 2641 me
3437 2589 3602 2642 Deum

2025 2655 2335 2739 precatuini.
2374 2655 2519 2708 Bene
2545 2657 2829 2739 ergo‘dii‘it
2862 2655 3249 2739 Ecclesiastes,
3277 2656 3498 2739 Tempus
3527 2659 3601 2711 ri-

2024 2726 2205 2798 dendi.
2247 2736 2294 2778 ct
2323 2733 2518 2798 tempus
2548 2724 2725 2794 (trudi.
2757 2725 2990 2795 Tempus
3017 2726 3191 2798 ﬂendi
3211 2727 3297 2793 iis,
3329 2724 3418 2798 qui
3447 2728 3603 2782 ineu-

2025 2796 2179 2850 rabili
2207 2795 2710 2867 morbolaborant;
2743 2804 2952 2865 tempus
2991 2797 3202 2867 ridendi
3229 2798 3294 2851 iis
3317 2795 3456 2864 ,‘qui
3486 2813 3600 2867 pte-

2026 2867 2303 2920 nitentiam
2346 2864 2593 2934 diligunt.
2634 2866 2709 2920 ita
2751 2864 2893 2921 enim
2939 2866 3085 2922 ﬂevit
3112 2883 3338 2936 magnus
3362 2864 3562 2936 lose'ph
3587 2909 3603 2933 ,

2026 2936 2183 2990 oculo
2228 2937 2540 3004 prophetico
2595 2950 2800 2991 morem
2849 2951 3042 3004 gerens
3094 2938 3249 2992 beato
3297 2937 3480 2993 Davidi
3527 2938 3609 2992 di-

2025 3006 2166 3060 centi
2211 3006 2678 3079 :_Qui_semina_t_tt
2730 3007 2782 3060 in
2838 3007 3113 3079 lacrymis,
3169 3009 3222 3061 in
3274 3010 3606 3079 exsultatione

2027 3085 2206 3129 nictent
2238 3075 2426 3147 (l’sal.
2465 3075 2582 3147 123.
2616 3076 2706 3143 5).
2755 3075 3051 3132 Sentinavit
3080 3079 3258 3147 itaque
3296 3078 3494 3147 Joseph
3527 3078 3608 3133 la-

2027 3161 2238 3218 erymas
2269 3146 2489 3218 fraterni
2519 3148 2719 3200 amoris
2739 3189 2753 3213 ,
2786 3157 2839 3202 et
2876 3149 3098 3202 tnessuit
3122 3146 3386 3209 .corouam
3433 3146 3606 3218 regni.

2029 3215 2190 3288 Scitis
2217 3215 2359 3288 enim
2386 3231 2593 3288 omnes,
2620 3218 2890 3285 quomodo
2917 3228 3194 3288 postquam
3223 3215 3609 3286 stupendo'illo

2031 3286 2524 3358 modoarl‘ratribus
2554 3289 2798 3354 cognitus
2840 3286 2951 3354 est,
3000 3286 3102 3342 illis
3131 3288 3327 3356 Joseph
3374 3303 3611 3358 conspe-

2028 3356 2150 3423 ctis,
2181 3356 2410 3411 uoluerit
2435 3357 2564 3424 ipsis
2581 3359 2926 3424 exprobrare.
2955 3359 3180 3426 Quinam
3210 3369 3385 3414 tamen
3413 3359 3485 3413 illi
3515 3356 3616 3413 fra-

2033 3437 2141 3482 tres
2166 3437 2336 3491 eraut,
2369 3427 2458 3494 qui
2485 3427 2768 3482 duodecim
2797 3429 3115 3483 anuulorum
3142 3440 3385 3482 catenam
3419 3428 3612 3483 l‘rater-

2030 3497 2246 3569 nitatis,
2294 3507 2564 3569 quantum
2592 3498 2645 3551 in
2694 3499 2994 3569 ipsisluit,
3039 3499 3333 3569 ruperunt?
3361 3499 3611 3554 Attamen

2030 3567 2229 3638 JOSt-pb
2260 3583 2526 3622 :ernmnas
2556 3568 2607 3638 in
2653 3568 3004 3638 patrocinium
3042 3567 3257 3624 mutans
3281 3611 3296 3635 ,
3331 3571 3383 3623 iu
3413 3569 3611 3625 collum

2032 3637 2255 3692 fratrum
2282 3637 2532 3692 accidens
2562 3637 2724 3692 ﬂevit.
2751 3637 2857 3692 Cur
2884 3639 2935 3693 in
2965 3639 3162 3695 colhun
3186 3680 3199 3699 .
3228 3655 3333 3694 non
3367 3639 3420 3695 in
3451 3640 3611 3694 aliam

2033 3709 2285 3778 partem?
2314 3708 2631 3781 Necessario
2655 3709 2721 3781 ad
2753 3708 2907 3781 colla
2935 3710 3100 3781 ﬂevit,
3120 3724 3307 3781 eorum
3336 3749 3351 3774 ,
3381 3709 3472 3781 qui
3502 3711 3610 3764 l’ra-

2034 3781 2168 3834 terni
2210 3778 2408 3834 amoris
2446 3780 2631 3847 jugnm
2677 3779 3007 3847 abjecerant.
3062 3779 3252 3835 VidiSti
3300 3778 3616 3835 mansuetu-

2033 3849 2213 3905 dinem
2271 3851 2626 3920 etrpietatem
2680 3850 2825 3904 viri?
2878 3850 2985 3905 Sed
3037 3850 3224 3904 dicunt
3276 3851 3494 3920 quidam
3546 3850 3616 3906 de

2032 3919 2267 3988 Josepho
2288 3961 2302 3981 .
2338 3919 2488 3975 illum
2529 3920 2847 3974 necessitate
2892 3921 3205 3976 adstrictmn
3229 3962 3246 3987 ,
3286 3919 3340 3976 et
3369 3922 3423 3976 in
3455 3935 3614 3990 pere-

2071 3992 2201 4045 rinis
2231 3989 2362 4045 locis
2395 3998 2720 4053 versantem,
2748 4004 2869 4044 cum
2895 3991 3188 4045 humanum
3216 3989 3478 4047 auxilitum
3508 4008 3613 4047 nou

2053 4061 2280 4127 iuberet,
2308 4075 2406 4114 nec
2425 4060 2802 4128 patrocinium,
2824 4061 2944 4116 ideo
2967 4062 3431 4117 mansuetudinem
3451 4070 3506 4118 et
3527 4061 3610 4115 hu

2037 4132 2319 4186 tnilitatem
2364 4130 2692 4203 exhibuisse.
2725 4131 2963 4187 Attende
2984 4133 3144 4203 igitur
3169 4132 3266 4203 qui
3291 4133 3414 4186 talia
3456 4132 3606 4187 dicis.

2038 4203 2156 4270 Ipse
2181 4217 2410 4269 namque
2440 4201 2639 4269 Joscph
2669 4217 2734 4258 ex
2761 4203 2985 4269 allectu,
3008 4201 3149 4272 quod
3171 4201 3373 4271 patrem
3398 4217 3610 4257 revere-
3661 4260 3665 4263 ,

2039 4281 2218 4338 retur,
2247 4273 2325 4326 sic
2352 4272 2639 4341 dispositus
2689 4283 2803 4329 erat
2828 4277 2892 4296 '“
2920 4273 3140 4340 .losepbi
3173 4274 3451 4338 memoria,
3485 4273 3612 4330 lucil

2040 4344 2342 4414 przesentia.
2373 4343 2504 4397 Nam
2543 4344 2796 4400 Dominus
2840 4344 2972 4398 lucis
3002 4343 3247 4399 Christus
3288 4359 3354 4398 ex
3385 4345 3618 4398 tenebris

2038 4415 2272 4469 carceris
2304 4413 2476 4484 ipsum
2510 4415 2773 4468 liberavit.
2807 4416 2930 4469 ldeo
2955 4415 3262 4484 superﬂue,
3294 4429 3401 4469 non
3425 4417 3571 4481 juste
3595 4457 3610 4480 ,

2037 4485 2291 4552 loqueris,
2320 4498 2353 4538 ο
2384 4483 2569 4549 homo,
2596 4486 2690 4555 qui
2719 4486 2854 4540 dicis
2881 4483 3176 4555 Josephum
3203 4501 3268 4540 ex
3296 4487 3618 4555 necessitate

2035 4555 2200 4610 fuisse
2247 4556 2390 4622 pium
2443 4563 2497 4608 et
2537 4554 2846 4624 injuriarutu
2891 4553 3283 4612 immemorem.
3333 4553 3407 4621 Ita
3462 4556 3610 4609 enim

2035 4625 2233 4692 .loseph
2260 4634 2384 4680 ante
2407 4626 2575 4693 legem
2598 4638 2712 4680 erat
2742 4625 3022 4696 religiosus
3047 4638 3101 4682 et
3127 4627 3257 4696 legis
3278 4627 3617 4690 observator,

2040 4705 2098 4750 ut
2125 4696 2397 4750 alliciente
2434 4696 2650 4749 domina
2679 4711 2774 4751 sua
2796 4737 2810 4760 ,
2844 4698 3168 4752 adulterium
3195 4699 3265 4751 sit
3286 4705 3616 4752 exsecratus.

2036 4768 2119 4822 An
2152 4774 2277 4820 tunc
2309 4767 2386 4819 lex
2420 4765 2718 4838 eratdata,
2759 4766 2881 4821 Non
2926 4768 3232 4821 adulterium
3275 4768 3430 4838 [acies
3457 4807 3473 4831 ,
3512 4781 3614 4821 non

2038 4838 2308 4908 furaberis,
2357 4854 2455 4889 non
2485 4836 2671 4905 falsum
2697 4839 3040 4892 testimonium
3087 4839 3220 4892 dices
3241 4836 3473 4892 ?'nonne
3501 4839 3617 4907 ipse

2035 4908 2136 4962 sibi
2165 4908 2276 4974 ipse
2307 4908 2388 4961 lex
2424 4909 2593 4960 laetus
2617 4948 2629 4970 ,
2674 4918 2728 4962 et
2767 4910 2996 4963 naturali
3022 4909 3223 4977 judicio
3251 4909 3444 4962 ductus
3471 4949 3486 4972 ,
3516 4910 3615 4962 de—

2039 4986 2218 5032 tentus
2241 4977 2366 5046 fugit
2401 4978 2572 5031 nudus
2597 4979 2666 5031 ab
2696 4978 2806 5041 illa,
2837 4994 2905 5032 ne
2934 4980 3137 5034 domini
3164 4980 3245 5032 sui
3279 4980 3475 5033 lectum
3505 4979 3619 5046 pol-

2038 5048 2232 5102 lueret?
2261 5063 2438 5102 nonne
2459 5048 2675 5100 domina
2697 5049 2813 5117 ejus
2840 5049 2991 5103 illum
3019 5049 3359 5118 impudenter
3377 5048 3616 5118 rogabat,

2037 5127 2094 5172 et
2121 5118 2430 5189 schedulam
2468 5118 2733 5172 libertatis
2758 5133 2817 5173 se
2846 5119 3089 5174 daturam
3120 5120 3475 5189 pollicebatur
3498 5159 3515 5183 ,
3564 5130 3622 5174 et

2037 5189 2276 5243 omnium
2308 5188 2568 5242 bonorum
2597 5203 2815 5242 suorum
2852 5188 3131 5244 dominum
3168 5189 3579 5244 constituturam
3602 5230 3618 5254 ,

2039 5258 2090 5330 si
2116 5274 2228 5312 sua:
2257 5260 2609 5330 assentiretur
2652 5261 2973 5330 voluntati?
2999 5275 3178 5315 nonne
3221 5269 3420 5330 quanto
3449 5261 3621 5328 magis

2038 5329 2129 5382 illa
2170 5328 2494 5400 accedebat,
2538 5337 2685 5400 tanto
2727 5331 2896 5400 magis
2928 5329 3014 5385 hic
3042 5328 3417 5385 retroeédcbat
3450 5369 3466 5397 ,
3498 5344 3621 5383 cum

2037 5414 2159 5470 sese
2185 5399 2476 5470 secundum
2504 5399 2709 5453 Domini
2740 5399 2919 5454 vocem
2948 5402 3296 5456 eastravisset
3320 5441 3335 5466 ,
3369 5415 3475 5454 non
3501 5401 3619 5470 gla-

2037 5469 2148 5541 dio,
2178 5470 2274 5541 sed
2306 5468 2451 5524 lide?
2479 5484 2660 5541 nonne
2690 5470 2791 5524 hoc
2824 5471 2901 5525 illi
2928 5471 3144 5527 dicebat
3166 5472 3345 5541 justus
3377 5470 3466 5526 ille
3499 5468 3523 5522 ξ
3559 5469 3620 5524 Si

2054 5539 2286 5611 dominus
2313 5557 2471 5604 utens,
2497 5540 2725 5611 domina,
2754 5556 2854 5594 non
2874 5541 3006 5595 norit
3025 5539 3288 5611 quidpiam
3313 5556 3488 5594 rorant
3510 5555 3622 5606 ῳιιε

2039 5619 2155 5662 sum
2182 5609 2235 5661 in
2261 5611 2410 5663 domo
2431 5627 2543 5674 sua,
2573 5609 2661 5663 sed
2680 5611 2852 5663 omnia
2880 5609 3090 5666 tradidit
3109 5609 3162 5666 in
3193 5627 3398 5665 manum
3429 5626 3615 5673 meam,

2039 5689 2084 5733 et
2112 5680 2238 5732 nihil
2266 5681 2517 5752 excipitur
2541 5699 2572 5732 (ι
2601 5696 2678 5732 me
2703 5720 2720 5752 ,_
2761 5682 2860 5735 nisi
2888 5692 2965 5747 tu,
2995 5682 3116 5752 quia
3146 5692 3199 5736 tu
3226 5697 3353 5734 uxor
3378 5681 3490 5748 ejus
3517 5697 3571 5752 es
3603 5695 3620 5732 :

2041 5761 2086 5804 ct
2112 5751 2361 5822 quomodo
2387 5753 2575 5821 [nciam
2616 5749 2806 5806 malum
2855 5752 2948 5806 hoc
2982 5749 3240 5822 peccatum
3284 5766 3468 5806 coram.
3504 5749 3614 5806 Dco
