4148 6338
250 390 362 448 777

247 513 452 566 trifeste
486 529 498 563 :
531 507 764 562 Lazarus
799 509 999 582 amicus
1030 517 1206 582 noster
1229 521 1468 582 mortuus
1493 522 1599 574 est;
1632 522 1679 566 rt
1703 529 1835 582 gau-

248 583 355 636 deo
383 589 593 650 propter
627 594 738 650 ros.
770 588 825 630 ut
853 579 1110 650 credatis,
1134 581 1382 650 quoniam
1410 599 1513 634 non
1547 579 1792 634 eram'ibi
1819 594 1836 633 :

248 651 347 712 sed
381 644 561 703 eamus
595 649 664 700 ad
689 663 804 700 eum
847 644 1015 716 (ibid.
1066 665 1112 703 tt.
1147 644 1236 702 ii.
1271 649 1382 771 15?.
1422 651 1524 716 Qui
1566 667 1672 704 non
1725 651 1839 704 vult

254 729 491 771 nionem
521 719 844 771 peccatoris.
887 733 1031 771 nunc
1067 720 1267 771 candet
1317 734 1384 771 te
1427 731 1600 771 morte
1631 720 1839 771 amici?

254 729 491 773 simrtem
521 719 844 786 peccatoris,
887 733 1031 772 nunc
1067 720 1267 783 gaudet
1317 719 1384 774 de
1427 731 1600 774 morte
1631 720 1840 775 amici?

255 789 487 846 Gaudeo
513 828 528 851 ,
566 803 670 840 non
722 796 945 854 propter
994 801 1098 858 me,
1138 801 1238 842 nec
1283 799 1506 858 prepter
1542 802 1834 850 mortuum.

253 859 354 912 sed
379 865 600 926 propter
630 869 726 909 vos
744 873 764 926 ε
813 867 934 908 ιιιοι·
965 857 1109 926 enim
1149 870 1324 912 morte
1366 859 1434 912 ad
1475 858 1600 914 iidei
1645 869 1839 914 vestra:

253 923 694 982 itindanientttm.
730 923 776 981 0
815 940 963 980 mors
1007 925 1209 982 Christi
1259 929 1593 983 exsultatio!
1629 943 1666 983 ο
1692 943 1839 984 mors

254 998 383 1051 vitae
431 996 620 1064 plena!
655 1001 690 1045 ιι
736 1009 887 1048 mors
941 998 1132 1050 mortis
1179 998 1429 1061 solutio,
1464 998 1658 1053 salutis
1702 999 1835 1063 dux,

255 1068 531 1133 lapsorum
592 1065 960 1134 resurrectio,
1009 1064 1277 1134 lassorum
1316 1069 1473 1134 quies
1499 1103 1514 1132 .
1554 1068 1838 1124 inﬁrman—

260 1132 394 1188 tium
436 1134 604 1186 rolmr
627 1175 642 1200 ,
665 1132 935 1199 iustorum
971 1133 1313 1201 refrigerium
1339 1132 1357 1191 l
1388 1153 1420 1189 o
1460 1153 1609 1192 mors
1636 1136 1836 1190 diaboli

255 1204 494 1266 eversio,
527 1203 832 1257 daemonum
860 1204 1178 1268 destructio,
1205 1207 1362 1272 primi
1389 1208 1624 1262 homiu’s
1646 1207 1837 1260 Adami

261 1272 576 1346 renovatio!
609 1287 822 1346 otnors
850 1273 1052 1346 laetitiae
1076 1276 1377 1343 operatrix,
1412 1277 1840 1346 iucorruptionis

257 1344 476 1414 nuntia,
510 1342 692 1414 gaudii
730 1340 1031 1414 ltromaJJt
1065 1340 1247 1398 autem
1285 1340 1610 1414 compendio
1637 1340 1835 1410 dicam,

258 1412 410 1466 venit
451 1410 610 1466 Jesus
657 1412 710 1464 in
743 1411 1086 1476 Bethaniam,
1136 1410 1491 1469 occurrerunt
1531 1415 1580 1470 ei
1620 1430 1839 1469 sorores

257 1481 478 1542 Lazari.
512 1481 855 1548 prociderunt
883 1485 934 1534 in
970 1496 1145 1549 genus
1171 1498 1355 1537 coram
1381 1483 1608 1538 Domino
1647 1485 1840 1538 ilctttes

277 1565 338 1604 ac
370 1552 611 1604 dicentes
641 1568 654 1602 :
683 1550 926 1621 Domine.
955 1553 1002 1604 si
1024 1551 1230 1621 fuisses
1254 1553 1350 1621 _Itic
1375 1593 1391 1618 ,
1433 1553 1605 1621 frater
1653 1565 1834 1608 noster

261 1636 365 1674 non
387 1630 521 1674 esset
559 1609 794 1674 mortuus
832 1620 997 1688 (Ibid.
1027 1609 1221 1689 63%|).
1251 1609 1390 1675 Noui
1433 1609 1506 1676 ibi
1539 1640 1644 1677 non
1680 1624 1842 1678 erat?

259 1689 501 1754 Corpore
559 1689 774 1758 quidem
842 1706 946 1744 nou
988 1701 1135 1754 era';
1209 1690 1509 1749 divinitate
1551 1708 1682 1749 vero
1732 1708 1840 1747 nou

261 1760 424 1814 modo
449 1759 559 1828 itlic
580 1801 594 1823 ,
631 1761 723 1812 sed
753 1762 918 1814 etiam
957 1761 1008 1813 in
1043 1761 1216 1815 ctelis.
1243 1760 1526 1828 Quomodo
1557 1764 1703 1817 enim
1736 1779 1838 1818 no-

261 1828 428 1883 visset
465 1827 657 1882 Laznri
697 1841 925 1883 mortem
954 1869 970 1891 ,
1008 1831 1110 1883 nisi
1149 1830 1221 1883 ibi
1266 1827 1455 1885 fuisset
1480 1871 1496 1896 ,
1535 1831 1833 1886 secundum

263 1898 590 1952 iuvisibilcm
630 1899 735 1950 vim
788 1899 1126 1954 divinitatis?
1155 1899 1222 1953 Et
1266 1900 1517 1959 dicebant
1551 1902 1833 1967 :Domiue,

262 1969 317 2040 si
338 1968 527 2040 fuisses
551 1968 660 2040 hic,
694 1968 869 2040 frater
888 1978 1064 2040 noster
1091 1981 1364 2040 narrasset
1402 1983 1662 2026 mortuus.
1691 1970 1837 2024 Dixit

265 2038 371 2109 illis
414 2037 670 2109 Dominus
693 2059 719 2109 Δ;
757 2037 1012 2101 Credite,
1050 2048 1103 2092 ct
1137 2039 1386 2094 videbitis
1421 2040 1648 2109 gloriam
1687 2041 1779 2094 Dei
1815 2059 1833 2096 ι

269 2107 455 2178 dicens
501 2105 660 2178 fidem
693 2105 954 2160 bonorum
1000 2124 1224 2177 operum
1253 2123 1376 2164 esse
1404 2105 1744 2178 principium.
1771 2110 1838 2166 Et

263 2176 455 2248 videns
482 2190 575 2248 eas
609 2176 880 2243 plorantes
899 2202 943 2240 ,-
962 2176 1365 2248 pnnsentcsquc
1397 2176 1635 2248 indutos.
1652 2177 1836 2248 infre-

259 2246 747 2318 muittspiritu,tgt
772 2248 997 2318 turbarit
1029 2246 1288 2318 seipstuu,
1311 2249 1583 2318 dixitque,
1619 2246 1838 2317 Ubipo-

265 2312 596 2384 suistiseum
639 2312 809 2384 (Ibid.
853 2332 900 2368 ιο.
923 2316 1014 2380 55.
1051 2312 1187 2384 ΜΗ
1218 2316 1358 2384 Quid
1403 2312 1506 2373 sibi
1536 2319 1649 2372 vult
1686 2312 1837 2382 illud.

266 2381 557 2458 Itt[r_etttait
605 2381 833 2458 spiritu?
856 2381 1146 2458 Exspecta,
1170 2381 1404 2458 dilecte,
1444 2397 1496 2441 et
1527 2387 1688 2458 paulo
1719 2399 1840 2456 post

268 2451 476 2507 videbis
510 2453 829 2525 quaestionis
870 2451 1216 2525 solutionem.
1267 2451 1542 2510 Turbaoit'
1565 2451 1840 2525 εεὶριιὶιιι;

269 2537 376 2595 non
407 2529 465 2575 ut
510 2538 607 2576 nos
632 2538 664 2595 ει
700 2522 893 2595 timore
923 2523 1012 2595 vel
1036 2525 1218 2595 dolore
1249 2527 1561 2591 turbamur;
1596 2522 1690 2580 scd
1725 2522 1841 2595 ipse

270 2591 508 2662 scipsurn
541 2592 799 2662 turbavit,
830 2599 885 2662 et
909 2593 1042 2646 dixit
1071 2609 1088 2647 :
1119 2591 1218 2647 Ubi
1236 2597 1490 2662 posuistis
1515 2595 1680 2650 sunt?
1704 2591 1840 2654 Num

269 2660 554 2731 ignorabat
583 2661 695 2733 _ul_ii
725 2661 976 2733 sepultus
1009 2671 1172 2733 esset,
1203 2660 1294 2731 qui
1325 2666 1477 2718 novit
1498 2666 1841 2733 quandonam

269 2730 516 2785 mortuus
552 2730 670 2784 sit?
719 2730 830 2792 Sed
861 2731 1052 2786 ntiuuit
1090 2730 1320 2786 humana
1357 2730 1527 2788 verba
1559 2736 1611 2788 in
1643 2735 1843 2790 divinis

269 2800 551 2871 prodigiis,
573 2810 643 2871 ut
677 2802 934 2855 ostendat
965 2817 1024 2855 se
1064 2803 1228 2855 etiam
1265 2803 1537 2858 hominem
1563 2803 1756 2868 fuisse,
1785 2813 1844 2860 ttt

273 2869 403 2942 dicit
432 2869 736 2936 propheta..
756 2871 818 2942 Et
846 2871 1004 2942 homo
1033 2882 1131 2930 est.
1150 2882 1198 2925 et
1227 2873 1344 2941 quis
1381 2886 1652 2942 cognoscet
1676 2889 1794 2928 eum
1818 2875 1845 2927 ?

271 2938 394 3010 Hoc
414 2945 591 3010 autem
625 2940 882 3008 pnemisit
922 2949 980 2994 ut
1029 2938 1362 3010 signiﬁcaret
1398 2938 1462 2996 se
1500 2938 1666 2997 etiam
1697 2943 1842 2997 aliud

270 3007 545 3081 quidpiam
587 3007 728 3081 esse,
780 3025 973 3081 nempe
1017 3007 1350 3081 De_um._Ubi
1383 3014 1635 3081 posuistis
1674 3029 1790 3067 eum
1815 3015 1841 3066 .7

273 3077 440 3132 “aria
474 3091 604 3152 vero
630 3079 707 3152 ait
731 3097 752 3152 _:
787 3077 1014 3152 Vetti._t’l
1045 3081 1180 3152 uide.
1210 3077 1449 3152 omne.
1490 3083 1552 3152 Et
1580 3079 1846 3152 iacryma-

271 3160 355 3201 tus
390 3154 467 3200 est
499 3145 654 3218 Iesus
683 3146 878 3218 (Joan.
927 3149 1015 3203 ii.
1050 3149 1120 3203 35
1145 3150 1184 3218 ).
1211 3150 1480 3216 Quorsum
1521 3151 1648 3206 ilcse
1696 3145 1843 3217 eum,

269 3231 430 3291 quem
460 3217 617 3284 paulo
651 3228 770 3287 post
795 3217 1155 3291 suscitaturus
1188 3221 1349 3276 erat?
1379 3221 1484 3275 Sed
1517 3223 1844 3291 lacrymatns

271 3285 357 3340 est
376 3285 553 3360 Jesus,
588 3285 1286 3360 tttcommiserationemet
1309 3285 1690 3359 benignitatem
1718 3307 1843 3360 erga

271 3355 608 3412 contribules
634 3356 790 3411 nobis
818 3361 1131 3412 ostenderet
1161 3375 1175 3412 :
1202 3355 1531 3425 lacrymatus
1556 3369 1638 3416 est
1659 3355 1842 3425 .lesn's,

275 3436 335 3479 ιιι
369 3425 541 3493 magis
575 3441 632 3479 re
663 3440 824 3494 quam
851 3427 1031 3482 verbis
1056 3431 1274 3494 dot-cret
1310 3425 1546 3484 ﬂendum
1575 3446 1696 3485 esse
1721 3448 1842 3484 cuna

276 3483 527 3566 lientibiis
561 3509 578 3547 :
607 3483 941 3566 Iacrymatus
984 3508 1066 3551 cst
1114 3483 1307 3561 Iesus,
1348 3483 1451 3552 non
1489 3483 1689 3553 luxit'i
1717 3483 1841 3553 nam

273 3567 392 3638 sine
423 3563 675 3635 lacry’mis
705 3563 927 3638 omnino
954 3577 1169 3638 essent
1215 3569 1566 3621 inhumanum
1605 3574 1840 3638 respuit,

273 3635 456 3704 lugere
487 3649 616 3688 vero
638 3644 695 3687 ut
745 3635 994 3704 ignavum
1025 3636 1234 3703 reiicit;
1263 3649 1325 3691 ut
1359 3642 1578 3691 inodum
1607 3635 1840 3693 commi-

1307 387 1372 442 ΙΝ
1415 388 1974 456 ρυλτιιιιιυικυιι
2013 389 2345 446 LAZARUM
2384 387 2469 443 lli.

3425 389 3531 445 778

1949 510 2221 578 si-ratinni,
2254 517 2476 570 statuat,
2511 507 2863 578 lacrymatur.
2893 507 3052 563 Venit
3093 508 3144 562 in
3176 507 3486 578 speluncam
3513 549 3530 572 ,

1941 593 1994 634 et
2038 581 2180 633 videt
2211 577 2442 644 lapidem
2479 576 2791 642 impositum
2837 576 3216 634 monumento.
3237 577 3396 632 .lnbet
3429 576 3532 632 .ln-

1941 650 2086 702 dmos
2120 663 2404 702 removere
2457 648 2690 714 lspidcm
2729 649 2796 701 ab
2838 649 2982 701 ostio
3038 651 3374 702 monumenti
3429 647 3530 712 Qui

1941 718 2101 786 diris,
2126 717 2184 771 Si
2225 717 2383 786 fidem
2414 717 2655 771 habeatis
2703 727 2757 770 ut
2793 733 3044 786 granum-
3069 718 3266 786 sinapis
3293 757 3308 777 .
3343 717 3532 770 dicetis

1939 787 2064 841 huic
2096 789 2281 846 monti.
2319 787 2526 841 Tollere
2553 798 2600 840 et
2647 790 2854 840 mittere
2903 788 2959 840 in
2986 802 3132 840 mare
3154 827 3168 851 ,
3192 795 3242 841 et
3273 788 3363 852 ﬁet
3391 787 3532 851 vobis

1941 857 1962 923 (
1991 856 2184 912 Matth.
2223 857 2307 911 Π.
2337 856 2437 926 l9)
2471 874 2486 910 :
2515 857 2790 925 quomodo
2847 871 2989 910 nunc
3025 871 3131 909 non
3175 867 3331 926 potrs
3355 869 3530 909 remo-

1943 942 2072 981 vere
2100 927 2373 996 lapidem?
2395 925 2500 981 Sed
2547 941 2650 980 ιιοιι
2675 926 2820 996 quod
2870 942 2976 981 non
3005 925 3207 993 possim
3233 965 3247 986 .
3286 925 3358 980 ita
3396 939 3529 996 ago,

1947 997 2128 1066 inquit
2156 992 2170 1051 Ξ
2206 997 2299 1066 sed
2332 1011 2396 1049 ne
2418 1003 2605 1062 putent
2630 992 2742 1050 rein
2770 1010 2892 1051 esse
2919 992 3261 1066 phantasiam
3284 1033 3300 1055 .
3337 992 3530 1062 pracci-

1930 1063 2036 1135 pio
2080 1067 2212 1135 ip~is
2259 1063 2464 1121 Iuda-is
2508 1075 2566 1118 ut
2618 1067 2732 1119 suis
2772 1063 3024 1121 manibus
3071 1064 3303 1132 lapidem
3353 1077 3532 1135 remo:

1940 1130 2125 1200 ieant‘,
2169 1137 2464 1190 ttiaxintum
2507 1137 2726 1206 signum
2765 1135 2897 1187 mihi
2959 1130 3379 1206 reservianispnt
3426 1130 3529 1201 ipsi

1942 1216 2109 1260 testes
2125 1205 2235 1259 sint
2264 1206 2544 1272 signorum
2566 1204 2608 1259 ἐι
2637 1219 2722 1259 me
2747 1213 3107 1275 patratorum.
3127 1204 3337 1275 Deinde
3379 1210 3531 1271 post-

1940 1289 2104 1344 quam
2137 1277 2417 1344 revolutus
2452 1275 2553 1344 fuit
2601 1273 2759 1340 lapis,
2787 1275 3087 1344 respiciens
3117 1273 3279 1328 Iesus
3319 1273 3372 1327 in
3411 1288 3530 1344 eos:

1942 1337 2220 1416 Iitmdixit
2252 1340 2525 1416 :_Cratias
2553 1337 2664 1416 tibi
2683 1337 2805 1412 ago,
2839 1337 3021 1408 Pater,
3045 1337 3299 1416 quoniam
3326 1340 3533 1416 audisti

1941 1431 2024 1469 nte
2051 1412 2235 1484 (Joaa.
2271 1414 2360 1485 Η.
2395 1415 2509 1485 ιι).
2540 1411 2896 1485 Quandonam
2929 1411 3110 1485 autem
3139 1413 3352 1485 oravit?
3379 1411 3534 1485 Nune

1941 1477 2132 1552 accipe
2156 1522 2170 1546 ,
2207 1477 2628 1552 tlilccte,qua'm
2665 1483 2825 1536 tuodo
2853 1484 3136 1550 qmerebas
3185 1477 3335 1537 verbi
3385 1482 3531 1536 solo-

1946 1554 2150 1606 tionem
2185 1570 2198 1605 :
2229 1569 2352 1607 cum
2385 1555 2530 1608 enim
2567 1553 3057 1621 iufremuitspiritu
3086 1593 3101 1617 ,
3131 1563 3255 1605 tunc
3279 1560 3532 1620 precatus

1940 1632 2047 1679 est.
2097 1621 2157 1676 ΕΙ
2208 1622 2320 1677 Ιιωε
2365 1639 2484 1676 cum
2538 1623 2779 1686 dixisset,
2835 1623 3080 1676 clamavit
3127 1636 3246 1675 voce
3285 1637 3477 1690 magna
3506 1660 3521 1682 .

1904 1703 1908 1710 '
1944 1691 2174 1752 Lazare,
2216 1693 2330 1746 esui
2361 1693 2524 1761 foras.
2553 1690 2621 1744 Et
2643 1693 2824 1746 statim
2851 1693 3046 1761 prodiit
3077 1694 3167 1761 qui
3195 1691 3366 1758 fuerat
3399 1706 3536 1761 mor-

1944 1773 2088 1822 tuus,
2126 1763 2320 1828 ligatas
2350 1760 2503 1830 pedes
2525 1771 2574 1816 et
2607 1777 2794 1822 manus
2817 1760 3034 1815 institis.
3057 1762 3102 1817 0
3126 1762 3272 1816 vocis
3308 1763 3413 1814 vim
3449 1760 3533 1813 iit-

1944 1832 2087 1885 fcros
2117 1833 2534 1900 dirumpcntcm,
2567 1841 2753 1901 portas
2775 1833 2914 1884 teras
2935 1841 3330 1892 contercutem,
3350 1838 3535 1884 vectes

1943 1901 2152 1954 ferreos
2197 1903 2673 1983 confringentetn,
2723 1901 2996 1955 diabolum
3047 1906 3529 1983 prosternentcni,

1945 1981 2175 2023 mortem
2201 1973 2267 2022 de
2300 1969 2476 2025 medio
2505 1971 2805 2035 tollentem,
2833 1979 3105 2024 mortuum
3133 1971 3488 2024 suscitantem
3512 1969 3527 2023 ι

1940 2056 1974 2094 ο
2009 2042 2165 2112 vocis
2193 2041 2321 2102 vim,
2356 2056 2479 2112 quas
2516 2040 2735 2105 diducta
2759 2042 2999 2112 membra
3031 2041 3082 2092 in
3109 2055 3273 2092 unum
3303 2039 3463 2112 cogit
3480 2047 3535 2092 et

1940 2109 2128 2177 erigit,
2169 2121 2240 2164 et
2299 2107 2509 2165 es’non
2562 2109 2906 2168 exstantibus
2931 2110 2998 2164 ad
3034 2124 3160 2164 esse
3184 2107 3466 2175 producit!
3499 2124 3534 2163 ο

1942 2183 2090 2232 vocis
2128 2181 2248 2231 ,vim
2281 2215 2297 2240 ,
2337 2196 2458 2249 qua:
2493 2180 2912 2249 quatriduanum
2975 2189 3251 2232 mortuum
3288 2177 3440 2249 quasi
3503 2195 3532 2232 ιι

1941 2262 2136 2302 somno
2170 2247 2372 2316 excitat
2395 2287 2411 2312 ,
2457 2259 2512 2302 et
2556 2247 2760 2302 institis
2792 2249 3035 2302 vinctum
3056 2287 3072 2311 ,
3100 2249 3253 2316 quasi
3285 2248 3523 2301 solutum

1941 2329 1994 2371 ct
2026 2318 2260 2372 celerem
2290 2333 2599 2382 cursorem,
2629 2333 2692 2372 es
2719 2318 2970 2384 sepulcro
3011 2318 3230 2372 educit!
3269 2317 3526 2370 Animum

1946 2390 2066 2442 voci
2095 2388 2314 2451 aihihe,
2342 2390 2557 2448 dilecto.
2588 2398 2644 2442 et
2688 2387 2938 2455 invenies
2990 2388 3167 2455 ipsunt
3209 2389 3432 2440 verbum
3479 2386 3531 2439 in

1948 2460 2132 2526 tuumli
2179 2460 2460 2512 creatione
2499 2458 2796 2526 prolatum,
2847 2454 2972 2510 Fiat
3001 2454 3148 2519 Vlux,
3193 2465 3243 2509 et
3282 2456 3426 2526 facta
3449 2467 3527 2510 est

1943 2525 2265 2596 l_u.r;Fiaut
2307 2525 2594 2590 luutiaairia
2639 2527 2692 2580 ia
2735 2528 3071 2594 ﬁrmamento
3115 2528 3232 2580 cali
3267 2525 3288 2596 (
3312 2526 3442 2582 Ceu.
3477 2526 3531 2579 i.

1944 2594 2000 2648 ὅ.
2022 2597 2131 2659 ii),
2151 2609 2203 2649 et
2231 2596 2370 2650 facta
2400 2607 2554 2658 sunt;
2576 2598 2788 2665 ipsum,
2811 2594 3287 2664 iuquam.diccus,
3309 2596 3533 2657 Lazare,

1945 2667 2063 2719 seni
2085 2667 2251 2736 foras.
2279 2666 2344 2720 Et
2367 2667 2545 2721 sanies
2573 2681 2638 2719 ex
2662 2666 2928 2736 carnibus
2956 2666 3129 2719 tinens
3160 2677 3294 2720 cava
3331 2666 3530 2718 iterum
3621 2691 3626 2696 -
3701 2695 3703 2697 -

1953 2735 2234 2804 replebat;
2268 2748 2323 2790 et
2362 2736 2454 2805 qui
2497 2736 2814 2790 deciderant
2844 2735 3028 2790 crines
3049 2778 3064 2800 ,
3097 2750 3254 2805 suum
3278 2736 3531 2789 ordinem

1922 2806 2320 2874 agnoverunt,
2368 2804 2534 2874 inque
2566 2805 2838 2874 membris
2889 2808 3067 2857 denuo
3111 2804 3524 2874 plantabantur.

1951 2870 2180 2938 (Iason.
2207 2878 2322 2928 reui
2354 2870 2524 2944 foras.
2563 2873 2630 2928 Et
2675 2883 2921 2928 mortuus
2953 2870 3248 2928 resurrexit
3269 2912 3285 2937 ,
3314 2883 3537 2944 etqua-

1948 2945 2236 3012 tiriduanus
2279 2959 2377 3012 par
2435 2954 2555 2999 erat
2605 2945 2652 2998 ei
2708 2945 2796 3010 qui
2849 2959 2947 2998 nec
3007 2954 3256 2997 mortuus
3323 2943 3535 2997 fuisset.

1950 3011 2181 3074 Lazare,
2205 3011 2319 3067 veni
2346 3015 2492 3080 foros
2519 3029 2539 3068 :
2566 3023 2618 3066 ct
2659 3017 2836 3066 anima
2869 3028 2936 3067 ex
2985 3012 3173 3080 inferis
3210 3013 3431 3067 reducta
3459 3023 3542 3066 est

1947 3100 2055 3137 non
2079 3084 2490 3138 contradicente
2533 3083 2770 3145 diabolo,
2798 3098 2902 3143 non
2934 3095 3268 3152 repugnante
3300 3081 3536 3147 inferno,

1949 3163 2002 3223 et
2035 3156 2280 3223 gaudens
2313 3153 2650 3207 domicilium
2699 3168 2857 3206 suum
2891 3151 3130 3219 agnovit.
3158 3151 3270 3206 Hoc
3297 3155 3539 3206 miracu-

1951 3222 2125 3276 lorum
2158 3238 2295 3291 Opus
2327 3225 2567 3275 divinum
2607 3223 3004 3291 contemplatus
3032 3261 3046 3284 ,
3084 3225 3310 3291 dilecte,
3350 3223 3418 3275 de
3451 3236 3536 3274 re-

1948 3290 2290 3346 surrectibne
2321 3308 2389 3346 uc
2419 3293 2652 3345 dubites.
2682 3293 2763 3344 Sit
2790 3290 2882 3346 tibi
2912 3292 3189 3360 speculum
3217 3290 3460 3345 Lazarus
3484 3301 3540 3344 et

1952 3363 2007 3432 in
2045 3362 2134 3414 illo
2176 3363 2407 3428 tcipstttn
2461 3362 2786 3432 respiciens,
2837 3347 3300 3432 resdrrcctinnem
3345 3364 3530 3432 crede.
3595 3402 3598 3404 .
3654 3347 3657 3349 ’

1927 3431 2153 3484 Eadem
2174 3434 2319 3485 enim
2344 3431 2456 3499 ipsa
2487 3431 2588 3492 vox
2623 3447 2720 3483 nos
2743 3447 2933 3484 omnes
2985 3431 3292 3490 susritabit,
3317 3440 3376 3482 ιιι
3399 3431 3542 3498 Apo-

1899 3498 1910 3539 -’
1949 3501 2124 3554 stolus
2142 3502 2219 3553 ait
2257 3519 2270 3554 :
2314 3498 2459 3552 Tuba
2484 3512 2633 3552 rane!
2668 3501 2826 3565 enim,
2848 3509 2896 3554 et
2924 3502 3119 3552 mortui
3143 3509 3410 3567 resurgant
3455 3502 3538 3552 itt-

1946 3571 2182 3636 corrupti
2215 3571 2278 3636 (1
2317 3567 2444 3624 Cor.
2477 3569 2566 3623 15.
2594 3569 2667 3625 52
2689 3570 2731 3639 ),
2759 3570 2931 3638 gratia
2968 3569 3178 3622 Domini
3215 3570 3384 3639 nostri
3415 3568 3544 3625 Iesu"

1945 3640 2147 3694 Christi
2176 3679 2190 3700 .
2232 3641 2318 3694 cui
2368 3639 2536 3708 gloria
2587 3641 2640 3693 iu
2682 3638 2880 3693 Saecula
2916 3640 3259 3692 stet-olorum.
3288 3638 3489 3708 Amen.

1360 3924 1445 3988 _IN
1479 3924 1981 3992 QUATBXDL‘ANL‘M
2014 3922 2304 3984 ιιᾼΖΑιιωι
2345 3922 2434 3967 III.

351 4097 524 4151 Snivit
573 4096 837 4151 Lazarum
873 4101 998 4164 ius;
1049 4101 1140 4155 scd
1173 4109 1398 4153 vocatus
1431 4101 1502 4152 ita
1553 4099 1850 4162 festinavit,

281 4178 340 4219 nt
373 4167 564 4235 ligatus
622 4181 905 4234 curreret,
945 4171 1036 4238 qui
1077 4187 1170 4238 per
1220 4171 1570 4239 quatriduum
1610 4169 1851 4236 putrefa-

280 4239 402 4290 ctus
437 4241 486 4289 in
526 4249 895 4297 tuouuuteutn.
939 4256 1003 4293 es
1039 4242 1339 4293 visceribus
1390 4243 1559 4293 multa
1593 4255 1622 4291 a
1656 4240 1854 4292 veruti-

281 4308 383 4377 bus
421 4321 644 4360 corrosa
674 4307 973 4373 habebat;
1040 4312 1263 4377 tutaque
1322 4309 1565 4376 corporis
1627 4308 1853 4374 disiecta

281 4375 480 4438 forma,
511 4385 562 4445 et
590 4375 1669 4445 corruptionis'testeutfcrcbatsepulcri
1717 4379 1854 4432 feto-

285 4460 419 4498 rem.
454 4444 560 4499 Sed
589 4447 767 4518 bonus
795 4447 916 4500 vita!
948 4451 1083 4518 odor
1124 4458 1405 4518 mortuum,
1443 4444 1740 4518 olfacieus,
1779 4449 1857 4500 vi-

284 4529 495 4566 svcrum
523 4515 844 4568 Solutioncm
875 4517 1209 4570 reformavit.
1239 4515 1853 4585 Monumentumjacen-

286 4585 355 4636 tis
386 4584 484 4636 i'nit
515 4594 739 4653 uterus;
775 4595 828 4638 et
857 4589 1008 4653 quasi
1043 4587 1096 4640 in
1129 4599 1288 4641 utero
1317 4597 1490 4652 satus,
1523 4603 1626 4638 non
1660 4584 1712 4638 in
1749 4602 1856 4639 mo-

285 4663 563 4718 numeuto,
609 4652 851 4707 Lazarus
877 4652 1083 4710 iri-cens
1116 4658 1379 4710 formatus
1413 4659 1636 4710 exsiliit.
1669 4659 1714 4710 0
1757 4672 1854 4707 lio-

287 4738 410 4772 vunt
439 4725 681 4776 miraCuIi
709 4739 875 4789 genus
907 4726 920 4779 l
957 4727 1228 4780 hominem
1272 4726 1424 4780 nobis
1455 4729 1504 4779 iu
1534 4728 1698 4779 vitam
1726 4727 1860 4779 cuti-

284 4792 358 4864 sit
409 4793 738 4864 sepulcrmn,
792 4794 994 4849 institis
1041 4796 1432 4864 sepulcralibus
1479 4806 1536 4848 ut
1594 4795 1856 4848 infantem

289 4861 606 4933 involutum.
645 4863 855 4915 Dotttiui
893 4861 1125 4933 namque
1163 4880 1261 4918 vox
1313 4877 1526 4919 mortuo
1555 4877 1704 4925 nota,
1738 4882 1851 4918 Clllh

289 4931 475 5004 fasciis
509 4931 680 4998 ipsum
705 4947 769 4984 ex
808 4931 1161 4988 monumento
1190 4937 1372 4988 traxit.
1395 4934 1631 4996 Lazare,
1666 4935 1856 5004 inquit,

287 5000 400 5052 reui
434 5000 580 5068 [oras
605 5015 624 5052 :
656 5012 710 5054 et
737 5006 855 5053 cum
882 5011 1047 5057 verbo
1091 5006 1276 5059 atatim
1324 5016 1566 5058 mortuus
1608 5000 1861 5071 egressus

287 5079 370 5141 est
407 5088 420 5122 :
457 5071 695 5124 membra
733 5072 782 5122 in
826 5073 1075 5141 sepulcro
1097 5075 1163 5126 ad
1191 5075 1436 5128 ordinem
1470 5089 1626 5127 suum
1674 5088 1862 5126 curre-

288 5140 442 5211 bant,
461 5141 665 5211 oculus
692 5156 848 5195 suum
874 5140 1166 5211 Occupavit
1196 5143 1394 5205 locum,
1431 5159 1592 5198 nares
1629 5144 1815 5195 itidem
1842 5159 1857 5195 :

289 5209 356 5259 ad
393 5209 620 5274 pt'itnatn
654 5211 882 5263 formam
918 5209 1069 5280 gena:
1109 5215 1293 5266 statim
1328 5213 1628 5273 redierunt.
1659 5212 1858 5266 collum

288 5292 412 5329 cum
465 5279 644 5344 capite
685 5289 737 5331 ct
772 5279 1014 5333 humeris
1053 5297 1172 5335 sese
1221 5283 1515 5349 c0pu|avit,
1570 5297 1758 5335 manus
1792 5281 1860 5332 ad

289 5358 538 5399 mutuum
577 5358 780 5401 motum
817 5351 1019 5417 parma:
1063 5360 1209 5414 sunt,
1247 5353 1593 5406 articulorum
1645 5354 1863 5405 harmo-

290 5418 380 5470 nia
424 5417 648 5482 coaluit,
700 5418 990 5487 digitorum
1027 5424 1160 5474 nrdo
1202 5423 1484 5475 restitutus
1528 5431 1630 5486 est,
1671 5434 1863 5474 nervo-

291 5497 415 5558 runt
444 5499 646 5547 ,ntutua
693 5489 866 5541 tensio
892 5489 1271 5558 Colliglbatur,
1300 5492 1502 5543 ossium
1554 5490 1860 5543 natura-in-

295 5555 582 5617 duebatur,
609 5555 1040 5612 extendebantnr
1059 5575 1178 5612 cum
1204 5561 1353 5613 venis
1374 5571 1507 5613 arte:
1525 5560 1608 5624 itu,
1629 5559 1860 5612 medulla

295 5624 717 5695 rcfortnahatur,
745 5628 1075 5680 membrana:
1109 5630 1450 5690 tenebantur,
1474 5631 1654 5695 Capilli
1702 5645 1859 5681 suum

297 5694 626 5761 recipiebant
666 5697 938 5750 decorem.
976 5696 1164 5764 Longo
1195 5713 1447 5752 sermone
1493 5694 1857 5751 motuin-orum

295 5777 514 5817 cursum
548 5780 771 5837 apparo.
828 5766 981 5821 Sicut
1029 5769 1240 5826 calcare
1284 5784 1475 5833 equus,
1522 5767 1601 5821 sic
1646 5765 1860 5819 Domitii

296 5844 426 5888 voce
467 5846 697 5904 puuctus
754 5840 998 5891 mentun,
1027 5837 1248 5892 cxsiliit.
1285 5837 1509 5905 Lazare,
1543 5841 1655 5893 rcui
1692 5837 1860 5906 foras.

1966 4102 2270 4172 Antequam
2304 4103 2466 4165 dicat,
2498 4099 2740 4172 Resurgc
2765 4139 2781 4164 ,
2809 4101 2970 4172 exire
3017 4100 3199 4171 jubet;
3244 4104 3416 4156 adhuc
3458 4102 3543 4170 ja-

1965 4170 2174 4239 ceutein
2213 4184 2366 4241 urget
2393 4173 2458 4225 ad
2505 4170 2748 4241 cursum.
2801 4170 3028 4225 Suscita
3066 4173 3222 4225 illum
3272 4174 3445 4240 prius,
3491 4184 3544 4225 et

1966 4250 2094 4294 Illlic
2126 4240 2446 4295 susciiatum
2475 4247 2697 4293 currere
2718 4240 2958 4310 jubebis.
2981 4241 3112 4302 Cur,
3144 4244 3388 4307 Domine,
3414 4255 3542 4297 ante

1964 4312 2445 4374 resin-reetionem,
2477 4310 2680 4377 jaccuti
2731 4311 2938 4364 exitum
2997 4312 3266 4365 mandas?
3304 4311 3541 4373 iacenti,

1964 4379 2162 4447 inquit,
2211 4381 2467 4448 praecipio
2499 4389 2555 4430 ιιι
2583 4389 2786 4444 currat,
2827 4395 2895 4432 ne
2935 4381 3046 4434 duo
3098 4382 3348 4436 mandata
3402 4383 3538 4435 dans

1964 4447 2452 4512 mortuo,’csitum
2504 4449 2797 4519 retardent.
2857 4447 2982 4503 Non
3045 4449 3165 4504 dico
3206 4451 3301 4514 illi,
3349 4449 3541 4519 Surge.

1965 4530 2020 4571 ct
2058 4521 2177 4572 veni
2213 4521 2396 4584 iuras;
2447 4530 2506 4571 ut
2553 4518 2790 4572 velocius
2841 4529 3042 4575 currat.
3084 4529 3138 4572 et
3180 4521 3437 4588 surgendi
3464 4518 3543 4574 et

1961 4590 2220 4658 currendi
2270 4605 2434 4641 unutn
2485 4588 2759 4654 accipiens
2817 4590 3154 4641 tnaudatum.
3210 4588 3350 4642 l-liuc
3383 4591 3539 4658 quasi

1964 4657 2143 4713 alatus
2183 4655 2422 4711 Lazarus
2457 4673 2524 4712 ex
2581 4668 2930 4710 monumento
2974 4659 3198 4724 prodiit,
3252 4655 3433 4727 potius
3487 4669 3542 4710 nt

1964 4736 2168 4789 custos,
2193 4743 2356 4795 quam
2408 4739 2463 4779 ut
2505 4737 2774 4788 mortuus,
2813 4727 2864 4779 in
2909 4728 3158 4793 svpulrro
3189 4730 3541 4781 decumbens.

1965 4795 2210 4849 lnfernus
2241 4812 2388 4860 vero,
2439 4809 2497 4848 ιιι
2543 4797 2773 4856 videtur,
2831 4808 3101 4848 mortuum
3142 4798 3434 4851 restituens
3476 4804 3543 4850 ab

1964 4865 2071 4917 into
2096 4863 2408 4919 clamabat:
2442 4866 2573 4932 Quis
2604 4880 2687 4918 est
2717 4867 2825 4927 hic,
2856 4869 2944 4933 qui
2980 4877 3111 4925 voce
3155 4882 3250 4917 sua
3299 4877 3543 4919 mortuos

1962 4949 2028 5005 ex
2075 4937 2362 5002 sepulcris,
2415 4936 2569 5004 quasi
2620 4936 2955 4989 dormientes
3003 4936 3251 4989 excitat?
3299 4954 3421 5005 quis
3458 4949 3542 4989 est

1963 5003 2070 5074 hic,
2104 5006 2193 5073 qui
2245 5005 2388 5072 leges
2434 5003 2774 5057 iuorzunrum
2805 5015 3014 5058 veteres
3053 5005 3257 5059 solvit?
3295 5003 3418 5074 quis
3460 5017 3544 5059 est

1963 5073 2072 5136 hic,
2097 5074 2189 5142 qui
2218 5085 2420 5127 tantum
2461 5074 2780 5142 resurgcudi
2819 5084 3149 5142 praeceptum
3174 5076 3268 5128 dat
3311 5073 3541 5137 inortuis

1963 5143 2028 5195 ad
2063 5144 2335 5196 reditum?
2365 5144 2488 5212 quis
2527 5156 2612 5196 εει
2648 5143 2754 5212 hic,
2793 5145 2884 5212 qui
2933 5144 3174 5212 sepultos
3221 5145 3538 5206 assuefacit,

1963 5223 2021 5264 ut
2050 5214 2114 5265 ad
2143 5213 2306 5266 vitam
2352 5211 2823 5280 recurrant?quis
2860 5223 2942 5266 est
2993 5211 3104 5277 bic,
3148 5213 3239 5278 qui
3295 5225 3541 5266 mortuos

1970 5296 2118 5334 meos
2146 5283 2217 5336 ita
2250 5282 2404 5336 facile
2435 5281 2635 5336 solvit?
2657 5281 2778 5348 quis
2801 5295 2881 5336 est
2918 5285 3004 5336 hic
3032 5283 3122 5350 qui
3151 5294 3366 5336 Veteres
3397 5299 3541 5334 mor-

1967 5361 2088 5404 tuos
2109 5366 2255 5405 meos
2274 5352 2429 5421 jussu
2453 5353 2719 5404 abstrahit
2741 5351 2763 5403 ?
2787 5352 3066 5406 Absccssit
3091 5367 3121 5404 a
3142 5368 3247 5414 mc,
3279 5362 3338 5405 ut
3363 5353 3538 5416 video,

1963 5429 2237 5486 sceptrum
2291 5422 2591 5490 tyrannidis
2641 5436 2774 5476 mea:
2823 5423 2874 5474 in
2931 5422 3227 5474 homines:
3282 5421 3540 5474 ciiractns

1965 5490 2096 5543 mihi
2131 5499 2216 5545 est
2249 5506 2438 5545 carcer
2482 5491 2695 5544 mortis.
2749 5491 2895 5547 Elias
2933 5502 3202 5544 mortuunt
3250 5490 3537 5545 suscitavit

1967 5560 2021 5611 in
2057 5561 2287 5630 gratiam
2324 5560 2569 5614 mulieris
2600 5576 2615 5613 :
2666 5575 2854 5615 rursus
2907 5562 3132 5615 Eliszeus
3179 5559 3367 5628 raptor
3397 5575 3540 5612 utor~

1964 5635 2184 5682 tuorum
2212 5630 2483 5683 secundus
2510 5639 2729 5696 paratus
2764 5640 2844 5684 eet
2881 5647 2894 5682 :
2936 5645 3078 5683 nunc
3110 5632 3360 5684 acerbior
3391 5644 3540 5681 tuor-

1969 5709 2183 5750 tuurnm
2213 5697 2427 5765 adjutor
2460 5715 2543 5750 tne
2571 5710 2863 5767 oppugnat.
2889 5702 2977 5768 qui
3016 5701 3261 5766 putridos
3286 5708 3540 5768 mortuos

1965 5769 2265 5820 suli'uratur
2292 5785 2306 5832 ;
2351 5769 2764 5834 periculumque
2795 5781 2879 5823 est
2911 5767 2982 5819 ut
3016 5783 3084 5821 ne
3120 5770 3170 5819 in
3205 5767 3399 5822 fetidos
3425 5769 3539 5834 qui-

1967 5840 2086 5891 dem
2140 5847 2379 5895 mortuos
2451 5837 2736 5905 imperimn
2787 5842 3082 5892 obtineant.
3141 5837 3348 5907 Raptus
3392 5837 3538 5890 enim
