3990 6390
2118 346 2326 358 ιη’-..-
2787 352 2898 361 --.,-
3057 347 3336 358 ...ις-ρ-ρ-ι⁴-ν

1378 506 1543 549 ANNO
1592 502 1815 545 DOMIHI
1859 500 2117 544 CCCCXCI
2132 502 2314 544 -DXII.

303 661 1998 901 PASCHASIU_S_
2057 657 3406 821 DIACONUS.

1415 985 1995 1061 PBOLEGOM
2013 984 2151 1055 EN
2156 983 2332 1054 ON.

1714 1096 1808 1159 (Ex
1834 1098 2012 1156 Cave.)

300 1230 632 1295 Paschasius,
682 1229 935 1285 Ecclesia:
991 1229 1247 1284 Romanae
1296 1226 1572 1288 diaconus,
1616 1221 1808 1275 claruit
1840 1226 1886 1282 Λ
1915 1218 2028 1275 deri
2078 1226 2319 1287 possunt,
2377 1219 2770 1287 Supplement.,
2827 1234 2947 1293 pag.
3001 1226 3120 1281 107.
3152 1225 3281 1281 Cum
3303 1236 3482 1281 tamen

222 1326 446 1381 ineunte
495 1323 597 1377 hoc
627 1321 843 1387 saeculo,
884 1322 1017 1375 ann.
1058 1319 1184 1375 501.
1235 1318 1519 1387 Flagrante
1569 1314 1809 1368 Romano
1915 1308 2171 1363 lectissimi
2201 1308 2253 1360 lii
2290 1317 2337 1361 et
2366 1307 2611 1361 luculenti
2634 1310 2748 1362 libri
2780 1310 2857 1380 (ut
2882 1312 3119 1383 Gregorii
3150 1319 3319 1372 verbis
3347 1320 3487 1385 utar)

222 1418 510 1472 schismate
536 1430 661 1469 ann.
696 1413 819 1479 498,
851 1411 1122 1466 Laurentii
1145 1410 1400 1466 adversus
1431 1405 1807 1478 Symmachum
1915 1398 2160 1465 Gregorii
2188 1398 2476 1452 Pascltasio
2494 1398 2717 1452 diacono
2742 1415 2834 1455 eos
2859 1402 3054 1458 diserte
3092 1408 3371 1463 tribuentis
3413 1420 3489 1464 te-

230 1521 415 1577 partes
443 1516 661 1561 strenue
688 1505 993 1566 tutabatur;
1024 1501 1243 1570 ejusque
1271 1513 1489 1554 causam
1518 1496 1584 1550 ad
1605 1496 1806 1551 obitum
1916 1493 2166 1549 stimonio
2190 1494 2426 1547 nitantur
2446 1493 2523 1562 (et
2547 1501 2691 1548 certe
2715 1495 3048 1564 Dialogorum
3075 1502 3357 1555 maximam
3391 1502 3489 1556 hac

226 1611 400 1667 usque
462 1594 801 1665 pertinaciter
862 1592 1233 1663 propuguavit.
1305 1590 1449 1644 Obiit
1476 1602 1603 1641 ann.
1667 1584 1797 1641 512.
1916 1586 1971 1639 in
1998 1598 2157 1639 causa
2187 1585 2560 1638 auctoritatem
2588 1598 2709 1637 esse
2738 1588 2849 1649 ipse
2876 1588 3113 1653 agnoscit
3137 1590 3404 1662 Oudinus)
3434 1603 3491 1647 ut

230 1688 345 1741 “ac
367 1688 651 1741 occasione
698 1683 925 1753 lepidam
969 1684 1124 1751 ptane
1176 1681 1408 1736 fabulam
1451 1680 1517 1734 de
1541 1676 1809 1733 paschasii
1916 1674 1984 1729 de
2014 1672 2289 1743 Sigeberto
2318 1672 2685 1727 Gemblacensi
2716 1673 2862 1745 (Cap.
2892 1677 2978 1745 l7)
3006 1678 3263 1745 nihiljam
3288 1681 3489 1746 dicam,

232 1778 412 1831 anima
444 1776 742 1846 Purgatorii
770 1775 997 1829 flammis
1027 1784 1209 1828 exusta
1234 1772 1401 1828 refert
1429 1771 1579 1826 nobis
1606 1769 1808 1837 Grego-
1918 1762 2205 1819 Pascliasio
2231 1771 2414 1817 nostro
2444 1764 2581 1818 haud
2613 1773 2810 1819 temere
2843 1778 2965 1820 sunt
2990 1768 3341 1835 abjndicandi.
3386 1770 3493 1825 Nec
3542 1788 3546 1792 ·

236 1867 368 1930 rius,
402 1880 494 1919 seu
525 1866 771 1935 quisquis
820 1865 1159 1934 Dialogorum
1212 1872 1419 1917 auctor.
1471 1860 1655 1914 Exstat
1686 1858 1816 1911 Pas-
1918 1855 2129 1909 obstant
2155 1854 2401 1909 codicum
2448 1856 2796 1923 quorumdam
2845 1872 2973 1911 mss.
3017 1860 3176 1923 tituli,
3212 1862 3303 1930 qui
3333 1862 3489 1915 libra-

228 1960 398 2015 chasii
431 1958 665 2026 Epistula
697 1956 762 2010 ad
788 1956 1127 2024 Engippium,
1154 1956 1211 2010 S.
1238 1954 1481 2010 Severini
1520 1952 1649 2007 Vita:
1675 1964 1815 2017 prm-
1920 1949 2119 2003 riorum
2150 1950 2349 2003 incuria
2379 1950 2605 2018 appo~iti
2646 1950 2884 2005 incautos
2930 1951 3157 2006 lectores
3201 1952 3338 2007 haud
3371 1968 3493 2007 raro

227 2054 356 2120 lixa,
388 2052 527 2121 apud
549 2051 765 2105 Surium
793 2050 915 2105 Jan.
968 2050 1003 2105 8
1037 2058 1091 2105 et
1139 2049 1421 2103 Baronium
1450 2048 1517 2101 ad
1547 2062 1637 2101 an.
1684 2043 1809 2097 496.
1920 2040 2106 2095 fallunt
2136 2060 2149 2096 :
2183 2043 2483 2112 prmsertim
2512 2057 2634 2097 cum
2680 2043 2929 2099 Faustum
2968 2045 3251 2111 scripsisse
3300 2046 3493 2100 librum

229 2144 505 2199 Habentur
549 2143 710 2196 etiam
761 2141 901 2196 Libri
942 2156 979 2194 II
1025 2140 1091 2195 de
1124 2139 1325 2208 Spiritu
1370 2145 1575 2199 sancto,
1628 2141 1813 2190 contra
1922 2131 1988 2185 de
2018 2131 2219 2199 Spiritu
2248 2142 2434 2187 sancto
2457 2132 2734 2187 tradiderit
2758 2133 3062 2188 Gennadius
3091 2132 3242 2205 (Cap.
3279 2134 3391 2204 85).
3432 2136 3495 2191 Et

229 2233 628 2296 Macedonium,
652 2230 867 2296 Colon.,
903 2230 1062 2298 l559,
1090 2230 1259 2299 iri—8°,
1292 2228 1612 2290 Helmstad.,
1652 2227 1805 2294 1615,

1930 2222 2044 2289 ipse
2070 2222 2418 2287 Trithemius,
2450 2238 2610 2292 quem
2643 2239 2742 2293 pro
2786 2239 2843 2278 se
2894 2234 3080 2280 testem
3129 2225 3303 2279 laudat
3334 2226 3496 2280 Uudi-

230 2335 286 2382 et
314 2327 369 2381 in
393 2324 720 2379 Bibliotheca
753 2324 896 2377 Patr.
923 2334 1053 2377 tom.
1081 2323 1212 2387 VIII,
1244 2338 1364 2391 pag.
1392 2322 1515 2376 806.
1540 2322 1650 2374 Hos
1680 2319 1813 2378 Pas-
1921 2327 2058 2377 nus,
2090 2314 2356 2382 hosi'psos
2396 2313 2579 2377 libros,
2629 2329 2852 2381 quorum
2898 2316 3138 2367 mminit
3184 2314 3492 2383 Gregorium

230 2415 402 2472 chasii
433 2429 556 2469 esse
582 2424 860 2482 pernegat,
893 2404 947 2468 et
976 2413 1171 2467 Fausto
1191 2413 1477 2481 Rhegiensi
1509 2409 1818 2465 tribuendos
1923 2403 2209 2457 Paschasio
2232 2412 2416 2456 nostro
2463 2404 2761 2457 luculenter
2787 2403 3035 2467 ascribit;
3065 2408 3306 2473 quamvis
3348 2405 3495 2459 aliud

234 2501 515 2559 contendit
549 2500 842 2554 Casimirus
885 2501 1080 2555 Oudin.
1114 2485 1258 2555 Sane
1306 2503 1541 2553 rationes
1566 2499 1680 2565 ejus
1710 2512 1810 2549 non

1925 2506 2109 2558 agens,
2142 2491 2308 2558 prima
2354 2491 2510 2557 hujus
2554 2492 2731 2558 operis
2781 2494 2943 2545 verba
2985 2493 3142 2546 unico
3190 2494 3299 2557 isti,
3333 2509 3491 2562 quem

238 2604 464 2664 prorsus
486 2590 894 2645 contemnendae
916 2590 1189 2655 videntur,
1222 2605 1338 2658 quae
1368 2587 1507 2657 apud
1543 2587 1717 2655 ipsum
1741 2585 1819 2635 vi-
1927 2579 2029 2633 hac
2058 2578 2125 2634 de
2152 2593 2211 2633 re
2234 2579 2448 2647 scripsit
2478 2575 2725 2645 Faustus,
2754 2580 2890 2634 libro
2930 2581 3170 2637 incautus
3206 2582 3497 2638 aflimterit.

832 2816 1964 2986 sumus!
2043 2778 2904 2986 9950M

609 2966 669 3032 (θ
866 2966 881 2986 ³
1200 2987 1357 3086 DE
1460 2979 1964 3087 SPIRITU
2048 2974 2547 3082 SANCTO

1588 3135 1900 3211 LIBRI
1937 3133 2182 3208 DUO.

1750 3300 1982 3314 ᾔ

1530 3388 2225 3479 ΡΙΗΕῈΑΤΙΟ.

321 3526 480 3583 Fides
508 3528 768 3584 catholica
791 3530 845 3584 in
868 3531 1177 3587 universum
1204 3532 1459 3589 mundum
1492 3548 1587 3603 per
1610 3531 1831 3603 patriar-
1939 3525 2083 3581 tione
2111 3523 2295 3579 Graeca
2324 3524 2531 3593 signum
2555 3525 2749 3590 crucis,
2774 3525 2959 3583 decem
2982 3535 3037 3584 et
3062 3536 3183 3585 octo
3212 3545 3359 3598 vero,
3384 3533 3511 3590 Iesu

250 3618 381 3673 chas
410 3626 464 3673 et
514 3620 801 3689 prophetas
848 3628 904 3674 et
945 3621 1132 3689 gratiae
1160 3622 1580 3692 dispensatores,
1629 3622 1833 3692 Spiritu
1938 3614 2267 3669 adorandum
2313 3628 2507 3693 ηυηιεη
2540 3615 2846 3671 οειεηάυηι·
2888 3618 2943 3672 In
2986 3618 3087 3674 hoc
3124 3636 3251 3689 9'80
3289 3637 3512 3680 numero

250 3718 442 3765 sancto
469 3709 770 3765 insinuante
795 3710 988 3766 diffusa
1013 3722 1116 3767 est.
1142 3712 1288 3768 Hanc
1310 3714 1602 3784 apostolica
1631 3714 1834 3769 sollici-
1938 3715 2095 3775 atque
2124 3707 2399 3777 mysterio,
2432 3706 2484 3761 in
2514 3722 2619 3777 quo
2643 3719 2696 3762 el
2724 3719 2944 3765 sanctus
2970 3711 3239 3768 Abraham
3270 3713 3336 3770 de
3365 3716 3513 3771 innu—

252 3801 383 3856 tudo
408 3809 567 3872 atque
597 3802 875 3872 perfectio,
910 3806 1050 3859 sicut
1077 3820 1171 3873 per
1208 3815 1420 3862 sanctas
1449 3808 1671 3877 paginas
1702 3807 1834 3862 dila—
1860 3828 1907 3892 ο
1940 3798 2102 3853 meris
2127 3797 2372 3867 gentibus
2409 3800 2771 3869 triumphavit,
2799 3803 3067 3859 seniorum
3095 3807 3264 3874 pietas
3305 3808 3510 3863 hostem

255 3890 483 3959 taverat,
510 3892 580 3946 ita
612 3908 708 3962 per
737 3892 975 3963 Symboli
1004 3894 1237 3951 salutare
1265 3897 1397 3950 mira
1436 3897 1697 3952 brevitate
1722 3898 1833 3952 θοι-
1875 3889 1904 3892 “
1940 3890 2062 3945 ﬁdei
2084 3889 2185 3945 sub
2214 3905 2316 3944 una
2345 3890 2517 3945 Patris
2544 3901 2595 3945 et
2618 3890 2739 3946 Filii
2771 3902 2822 3947 et
2861 3894 3090 3963 Spiritus
3119 3898 3286 3954 sancti
3319 3899 3513 3968 praedi-

254 3982 410 4052 legil,
442 3991 494 4038 et
535 3991 783 4053 tanquam
826 4000 919 4052 per
954 3985 1194 4042 diversas
1223 3988 1581 4043 remediorum
1628 3988 1833 4057 species
1938 3981 2151 4037 catione
2177 3980 2453 4035 confundit
2478 3998 2490 4034 :
2518 3981 2656 4037 unde
2684 3982 2845 4038 etiam
2869 3984 3270 4054 intelligendum
3301 3997 3383 4042 est
3424 4004 3516 4044 eos

255 4074 519 4143 disposuit
543 4074 593 4127 iu
624 4089 817 4144 corpus
840 4090 1023 4142 unum,
1052 4091 1116 4132 ac
1137 4078 1280 4132 velut
1303 4094 1369 4133 ex
1400 4080 1693 4135 innumeris
1714 4095 1831 4135 aro-

1941 4072 2030 4142 qui
2086 4072 2141 4126 in
2198 4070 2455 4139 Spiritum
2495 4080 2737 4126 sanctum
2782 4072 2882 4125 sub
2932 4082 3129 4127 mterna
3177 4077 3517 4145 damnatione

256 4161 493 4215 matibus
539 4163 832 4229 pretiosum
866 4164 1094 4219 confecit
1133 4176 1481 4235 unguentum,
1513 4168 1665 4238 cujus
1702 4170 1835 4224 odor
1939 4162 2328 4229 hlasphemant,
2354 4170 2441 4215 aut
2470 4162 2583 4215 sine
2604 4161 2935 4229 professione
2954 4163 3177 4233 symboli
3201 4165 3514 4235 baptizatos,

259 4264 453 4307 omnes
476 4249 610 4305 lines
638 4260 797 4306 terra:
826 4255 1061 4320 potentia
1086 4254 1373 4324 ﬂagrantia:
1404 4258 1696 4327 spiritualis
1739 4259 1839 4312 im-
1942 4260 2033 4307 aut
2064 4252 2116 4306 in
2146 4251 2262 4320 ipso
2282 4251 2381 4304 sibi
2408 4251 2652 4321 symbolo
2679 4266 2742 4307 ac
2771 4252 2916 4307 fonte
2946 4255 3216 4323 mentitos,
3233 4268 3514 4327 antequam

258 4340 450 4412 plevit,
479 4350 535 4394 ut
572 4341 624 4394 in
668 4341 783 4411 ipso
811 4342 1171 4399 universitatis
1207 4360 1434 4401 ascensu
1465 4347 1634 4403 virtus
1672 4363 1837 4419 appa-
1943 4342 2117 4398 omnis
2142 4340 2303 4396 homo
2329 4341 2544 4396 diabolo
2575 4342 2883 4397 renuntians
2916 4344 3201 4401 conﬁtetur
3228 4365 3240 4400 :
3267 4346 3443 4404 Credo
3465 4359 3521 4405 et

260 4440 384 4488 reat
411 4431 675 4487 veritatis.
728 4433 795 4486 Et
832 4433 955 4503 quia
992 4444 1201 4502 oportet
1242 4446 1299 4491 ut
1346 4438 1645 4494 errantibus
1688 4441 1838 4508 quasi
1941 4434 1994 4489 in
2016 4432 2270 4502 Spiritum
2300 4442 2561 4488 sanctum.
2596 4431 2790 4501 Credo,
2822 4435 3059 4505 inquam,
3092 4446 3146 4492 et
3175 4438 3225 4493 in
3258 4440 3513 4509 Spiritum

262 4523 502 4592 parvulis
526 4530 580 4577 et
610 4523 827 4593 ignaris,
863 4523 1047 4591 prima:
1066 4524 1381 4581 Christianae
1406 4528 1702 4584 traditionis
1728 4530 1839 4585 ele-
1940 4535 2201 4580 sanctum.
2229 4526 2592 4595 Agnoscamus
2620 4525 2779 4579 Verbi
2812 4526 2978 4596 ipsius
3008 4528 3362 4597 privilegium.
3390 4534 3516 4589 Gre-

265 4622 444 4667 menta
475 4622 775 4682 repetamus
803 4614 911 4681 (De
933 4612 1011 4668 his
1032 4616 1142 4670 vide
1156 4616 1408 4671 Ambrosii
1430 4619 1521 4674 lib.
1542 4635 1559 4673 ι
1585 4620 1646 4673 de
1677 4620 1839 4674 Abra-
1942 4616 2069 4672 dere
2085 4617 2387 4687 illiquilibet
2407 4617 2881 4687 potesthominum.
2898 4618 3126 4674 Credere
3141 4636 3265 4676 vero
3280 4624 3330 4677 in
3347 4624 3517 4691 illum,

266 4703 420 4755 hamo
448 4718 561 4773 cap.
586 4704 619 4757 5
644 4711 692 4757 et
734 4701 1007 4757 Prudentii
1036 4706 1433 4779 Ψυχομαχίαν),
1463 4709 1515 4762 in
1556 4709 1655 4765 hac
1696 4725 1839 4781 sym-
1942 4707 2253 4763 solidebere
2274 4716 2325 4762 te
2340 4707 2599 4778 majestati
2625 4708 2857 4763 noveris.
2876 4709 2979 4763 Sed
2998 4718 3048 4763 et
3071 4709 3169 4765 hoc
3192 4712 3359 4781 ipsum
3378 4716 3519 4769 aliud

266 4797 373 4853 holi
402 4796 729 4865 perfectione
757 4807 812 4853 et
833 4800 1005 4854 unitas
1026 4800 1302 4856 evidenter
1328 4804 1599 4870 aperitur,
1644 4815 1697 4860 et
1744 4806 1837 4860 tri-

1946 4798 2215 4863 est,Deum
2228 4798 2463 4863 credere,
2478 4798 2617 4852 aliud
2631 4798 2938 4854 estcredere
2952 4800 3001 4854 in
3019 4800 3203 4855 Deum.
3214 4802 3344 4858 Esse
3360 4803 3522 4859 Deum

271 4888 431 4951 nitas,
458 4887 583 4941 dum
623 4898 703 4943 ter
739 4889 962 4956 repetita
1005 4890 1271 4946 confessio
1298 4890 1466 4960 Patri,
1497 4902 1551 4949 et
1598 4895 1751 4962 Filio,
1782 4904 1840 4952 et
1943 4890 2252 4945 etdiabolus
2272 4890 2491 4945 credere
2505 4890 2698 4946 dicitur
2719 4891 3008 4947 secundum
3030 4894 3342 4963 Apostolum
3362 4914 3373 4948 :
3393 4898 3521 4951 Nam

271 4978 493 5048 Spiritui
518 4989 723 5043 sancto,
749 4996 909 5035 unum
946 4981 1279 5038 credulitatis
1310 4984 1482 5039 reddit
1504 4984 1836 5055 obsequium.
1944 4992 2000 5037 et
2021 4981 2292 5036 daemones
2326 4981 2550 5036 credunt
2578 4993 2630 5037 et
2651 4984 3088 5051 contremiscunt.
3122 4985 3179 5038 ln
3212 4986 3374 5040 Deum
3394 5001 3525 5042 vero

268 5069 326 5132 ln
351 5071 546 5141 quibus
580 5073 757 5127 verbis
792 5074 952 5128 etiam
984 5083 1340 5131 trecentorum
1386 5076 1571 5133 decem
1603 5086 1657 5132 et
1693 5086 1838 5145 octo,
1946 5080 2187 5144 credere,
2212 5076 2310 5131 nisi
2333 5078 2421 5148 qui
2451 5077 2535 5146 pie
2559 5078 2610 5132 in
2639 5093 2759 5132 eum
2787 5080 3103 5148 speraverit,
3126 5096 3231 5135 non
3249 5083 3522 5150 probatur.

270 5173 425 5216 sacer
450 5175 702 5218 numerus
732 5163 1088 5229 sacerdotum,
1118 5175 1450 5234 emergentes
1497 5168 1605 5222 Arii
1635 5183 1695 5222 ac
1735 5169 1840 5223 Ma-
1872 5195 1923 5256 ι)
1952 5166 2008 5220 ln
2028 5167 2192 5222 Deum
2214 5180 2341 5236 ergo
2362 5165 2602 5231 credere,
2638 5166 2739 5221 hoc
2765 5176 2846 5221 est
2863 5166 3089 5222 fideliter
3111 5184 3231 5223 eum
3263 5184 3525 5238 qumrere,

271 5253 480 5307 cedonii
512 5253 782 5309 damnavit
817 5269 1049 5323 errores,
1078 5256 1260 5312 dicens
1296 5274 1309 5311 :
1351 5257 1525 5313 Credo
1574 5260 1628 5313 in
1680 5261 1842 5315 Deum
1873 5253 1903 5256 ’ί
1951 5266 2035 5312 est
2056 5265 2163 5311 tota
2185 5258 2236 5311 in
2259 5271 2377 5312 eum
2393 5256 2674 5312 dilectione
2692 5258 2936 5312 transire.
2952 5257 3124 5313 Credo
3140 5259 3331 5329 ergoin
3357 5258 3543 5323 illum,’

270 5340 511 5408 Patrem,
533 5341 705 5398 Credo
728 5345 777 5398 in
819 5344 1011 5399 Filium
1035 5348 1152 5415 ejus
1182 5348 1398 5403 unicum
1436 5348 1717 5404 Dominum
1746 5366 1845 5404 no-
1951 5345 2052 5402 hoc
2071 5346 2367 5415 estdicere,
2386 5347 2963 5415 conﬁteorillum,colo
2985 5349 3152 5414 illum,
3174 5349 3340 5403 adoro
3361 5349 3526 5415 illum,

274 5440 469 5487 strum.
494 5433 668 5489 Credo
695 5444 746 5490 et
777 5435 828 5490 in
854 5436 1106 5504 Spiritum
1148 5452 1410 5495 sanctum.
1452 5439 1585 5494 Nam
1624 5449 1678 5496 et
1710 5442 1755 5497 si
1780 5458 1846 5497 ex
1954 5446 2121 5493 totum
2145 5452 2231 5493 me
2256 5439 2307 5493 in
2334 5438 2420 5508 jus
2444 5437 2559 5507 ejus
2585 5454 2649 5494 ac
2672 5438 2962 5494 dominium
2988 5440 3139 5494 trado
3168 5449 3325 5508 atque
3355 5448 3528 5494 trans-

273 5520 380 5580 hoc
410 5536 634 5580 numero
668 5541 953 5596 paucorum
1000 5529 1254 5601 fragilitas
1295 5532 1602 5598 declinavit,
1636 5533 1849 5588 univer-
1954 5529 2141 5585 fundo.
2173 5529 2227 5584 ln
2261 5529 2607 5600 professionis
2634 5531 2788 5600 hujus
2817 5531 3140 5605 reverentia,
3172 5531 3421 5589 universa
3449 5533 3527 5589 di-

274 5615 405 5671 salis
434 5624 609 5671 tamen
640 5617 843 5671 numeri
874 5620 1183 5689 mysterium
1225 5636 1330 5676 non
1361 5622 1599 5677 resolvit.
1638 5622 1702 5676 Et
1728 5623 1848 5677 ideo
1955 5625 2078 5681 vino
2104 5624 2305 5681 nomini
2335 5623 2512 5681 debita
2532 5624 2872 5681 continentur
2900 5624 3181 5695 obsequia.

276 5722 431 5763 sacrr
461 5722 710 5762 numerus
734 5708 980 5770 diximus,
1008 5712 1148 5777 quod
1180 5713 1570 5769 trecenti-mera
1594 5722 1848 5784 supputa-

607 5800 875 5860 Ρλτιιοι.
925 5801 1115 5862 LXII.

3220 5803 3249 5861 1
