3990 6390
537 319 592 370 n
1818 322 2124 401 rsscuss

2228 325 2475 385 )IACONI
3480 396 3483 397 ν
3724 344 3791 397 τε

1124 449 3411 483 ________________________________________

1577 514 2034 621 LIBER
2104 520 2522 628 PBLM
2545 528 2744 635 US.

2026 662 2291 676 -ιη

1048 721 1267 777 CAPUT
1310 718 1589 774 PRIMUM.

541 813 687 875 ()uod
716 828 815 865 non
845 813 897 865 in
930 811 1205 865 Ecclesium
1228 812 1356 863 sicut
1381 812 1431 861 in
1454 810 1705 874 Spiritum
1738 818 1999 874 sanctum;
2024 813 2112 864 sed

607 892 800 936 remota
831 884 880 935 in
931 882 1300 950 pra’pusitione,
1337 878 1614 931 Ecclesium
1647 878 1956 931 Catholicam
2007 896 2113 933 cre-

611 956 728 1006 dere
757 952 1042 1005 debeamus.

612 1064 715 1118 Sed
748 1062 969 1132 opponis
992 1070 1043 1113 ct
1064 1060 1216 1123 dicis,
1241 1074 1345 1112 non
1365 1057 1540 1112 statim
1566 1058 1615 1109 in
1642 1056 1741 1109 hoc
1763 1057 1924 1109 verbo
1951 1056 2111 1109 Deum
2146 1068 2161 1077 '

540 1168 698 1221 posse
726 1150 1025 1215 monstrari,
1058 1164 1160 1217 quo
1189 1149 1411 1201 dicimus
1437 1164 1450 1199 :
1479 1145 1651 1199 Credo
1683 1156 1734 1200 et
1764 1148 1815 1199 in
1857 1146 2112 1213 S,.iritum

536 1252 803 1310 sanctum,
832 1242 953 1310 quia
977 1240 1215 1303 sequitur
1244 1255 1256 1290 :
1284 1238 1454 1291 Credo
1478 1238 1527 1289 in
1551 1248 1789 1291 sanctam
1824 1238 2112 1291 Ecclesiam

539 1335 874 1389 catholicam.
904 1332 1081 1384 Primo
1113 1330 1293 1383 nescio
1314 1328 1580 1394 quomodo
1610 1328 1898 1381 Ecclesiam
1930 1329 2117 1381 catho-

539 1424 692 1477 licam
730 1422 1005 1475 nominare
1034 1418 1227 1471 audeat
1249 1416 1610 1480 Macedonius.
1635 1417 1724 1485 qui
1750 1426 1905 1471 extra
1933 1417 2116 1470 catho-

539 1516 692 1568 licam
737 1512 887 1567 exsul
930 1510 1115 1565 salutis
1150 1509 1397 1562 exclusus
1441 1516 1539 1565 est.
1582 1522 1645 1561 ex
1689 1507 1897 1560 illorum
1947 1507 2115 1561 factus

540 1618 778 1669 munero,
796 1602 861 1655 de
877 1600 1066 1670 quibus
1082 1598 1308 1652 dicitur:
1336 1598 1390 1650 In
1411 1598 1632 1651 circuitu
1652 1597 1795 1665 impii
1816 1598 2113 1651 ambulant.

544 1698 683 1765 Ergo
708 1693 880 1748 dicis:
911 1691 1089 1745 Credo
1122 1692 1170 1744 in
1196 1698 1432 1743 sanctam
1457 1689 1749 1743 Ecclesiam
1774 1690 2111 1741 catholicam.

537 1786 686 1854 Quod
721 1782 1068 1853 supponendo
1110 1781 1375 1849 exiguam,
1409 1781 1458 1834 id
1488 1790 1570 1835 est
1611 1780 1663 1834 in
1709 1779 1994 1850 syllabam,
2029 1780 2113 1832 in—

536 1884 749 1946 gentem
782 1872 1059 1939 caliginem
1102 1871 1384 1925 subtexere
1419 1869 1667 1924 conaris?
1700 1869 1977 1923 Credimus
2020 1869 2117 1923 Ec-

537 1966 755 2021 clesiam
782 1964 929 2032 quasi
964 1963 1380 2031 regenerationis
1412 1970 1658 2027 matrem,
1692 1976 1796 2015 non
1842 1962 1892 2015 in
1933 1962 2116 2015 Eccle-

538 2056 672 2109 siam
701 2054 967 2109 credimus
994 2055 1144 2123 quasi
1182 2054 1231 2107 in
1264 2054 1453 2107 salutis
1482 2063 1777 2107 auctorem.
1816 2052 1945 2105 Nam
1992 2066 2112 2105 curs

533 2148 642 2200 hoc
670 2146 735 2200 de
764 2146 965 2215 Spiritu
1002 2156 1187 2199 sancto
1219 2145 1465 2198 universa
1487 2144 1805 2201 conﬁteatur
1850 2143 1907 2196 Ε(
1929 2143 2112 2210 clesia,

534 2238 778 2308 nunquid
807 2247 859 2292 et
885 2239 936 2292 in
963 2237 1297 2305 semetipsam
1327 2235 1547 2291 credere
1572 2245 1745 2304 potest
1775 2236 1798 2288 ?
1823 2234 1964 2303 Ergo
1995 2248 2119 2287 cum

543 2332 594 2381 in
624 2329 795 2382 solam
818 2326 1124 2397 specialiter
1151 2326 1296 2381 credi
1318 2336 1561 2396 oporteat
1591 2324 1927 2387 Trinitatem,
1960 2322 2120 2378 etiam

530 2431 958 2474 memoratarum
993 2418 1210 2472 Patrum
1259 2425 1371 2471 toto
1402 2415 1668 2471 celebrata
1708 2414 1836 2468 orbe
1880 2413 2119 2467 doctrina

530 2510 842 2576 conﬁrmet,
876 2518 966 2563 aut
994 2522 1209 2563 remove
1239 2508 1375 2561 hanc
1401 2506 1467 2561 de
1500 2506 1752 2560 Ecclesiae
1776 2506 1990 2558 nomine
2012 2503 2121 2574 syl-

538 2599 709 2654 labam
737 2617 750 2652 :
783 2608 874 2653 aut
902 2608 1049 2653 certe
1072 2597 1295 2653 credere
1326 2603 1377 2650 te
1404 2596 1456 2650 in
1501 2594 1792 2649 Ecclesiam
1837 2592 2119 2647 manifesta

539 2692 864 2759 professione
892 2690 1188 2757 Scripturis
1222 2703 1421 2751 assere,
1452 2686 1773 2741 testimoniis
1801 2685 1952 2763 doce,
1988 2685 2121 2738 divi-

526 2783 620 2836 nis
642 2783 889 2847 oraculis,
914 2793 1115 2835 rem0ta
1139 2781 1425 2834 verborum
1452 2788 1659 2832 tuorum
1682 2778 2118 2846 prmsumptione,

538 2873 816 2926 convince.
848 2872 921 2925 De
942 2873 1109 2924 sacris
1140 2871 1449 2923 omnimodo
1470 2868 1832 2921 voluminibus
1863 2882 1980 2936 qua:
1998 2874 2123 2919 sunt

540 2964 803 3020 credenda
833 2978 1124 3026 sumamus,
1157 2962 1222 3016 de
1250 2976 1476 3031 quorum
1505 2962 1651 3015 fonte
1686 2960 1915 3029 symboli
1960 2960 2122 3027 ipsius

540 3057 708 3111 series
738 3055 973 3109 derivata
998 3054 1256 3108 subsistit.
1288 3050 1388 3119 Qui
1419 3053 1472 3105 in
1509 3051 1798 3105 Ecclesium
1837 3048 2027 3115 credit,
2069 3050 2122 3103 in

541 3144 811 3199 hominem
838 3144 1029 3199 credit.
1073 3144 1187 3198 Non
1231 3145 1373 3198 enim
1422 3144 1579 3198 homo
1618 3158 1681 3197 ex
1725 3142 1981 3206 Ecclesia,
2027 3140 2119 3195 sed

543 3237 782 3292 Ecclesia
806 3252 923 3291 esse
955 3238 1094 3306 cepit
1124 3251 1188 3291 ex
1220 3236 1452 3290 homine.
1490 3234 1700 3289 Recede
1725 3236 1899 3303 itaque
1934 3250 1995 3288 ex
2025 3234 2121 3287 hac

544 3329 889 3399 blaSphemia:
912 3330 1279 3399 persuasione,
1313 3337 1369 3381 ut
1400 3329 1448 3381 in
1483 3329 1713 3396 aliquam
1756 3327 2036 3379 humanam
2072 3335 2121 3380 te

540 3421 778 3475 aestimes
806 3420 1001 3473 debere
1032 3419 1252 3473 credere
1276 3430 1604 3472 creaturam:
1634 3432 1751 3471 cum
1777 3416 1992 3469 omnino
2023 3429 2121 3470 nec

545 3512 599 3563 in
630 3509 871 3579 angelum
905 3524 1001 3563 nec
1029 3510 1078 3562 in
1112 3508 1490 3577 archangelum
1520 3508 1588 3559 sit
1614 3506 1960 3559 credendum.
1998 3505 2119 3558 Ilaec
2145 3512 2192 3575 ε

540 3602 688 3654 enim
717 3615 835 3669 qua:
866 3601 916 3653 in
945 3600 1185 3669 symbolo
1220 3608 1335 3667 post
1361 3599 1528 3650 sancti
1566 3597 1792 3665 Spiritus
1823 3610 2015 3648 nomen
2039 3608 2123 3647 se-

534 3700 800 3761 quuntur,
832 3690 895 3744 ad
938 3691 1226 3744 clausulam
1270 3690 1496 3758 symboli
1535 3698 1736 3741 remota
1777 3689 1828 3739 in
1870 3685 2123 3754 prmposi-

546 3784 691 3837 tione
720 3782 1069 3850 recipiuntur,
1096 3792 1150 3833 ut
1191 3789 1426 3833 sanctam
1460 3780 1775 3843 Ecclesium,
1820 3788 2122 3830 sanctorum

546 3874 994 3937 communionem,
1020 3871 1385 3925 remissionem
1418 3879 1781 3938 peccatorum,
1821 3867 1996 3922 carnis
2039 3881 2123 3922 re-

546 3964 954 4027 surrectionem,
989 3962 1149 4018 vitam
1185 3971 1438 4014 :eternam
1480 3959 1779 4013 credamus.
1828 3957 2124 4011 Credamus

545 4050 597 4109 in
632 4054 814 4116 Deum,
850 4053 899 4105 id
920 4062 1000 4106 est
1024 4061 1081 4105 ut
1109 4052 1220 4105 haec
1241 4066 1268 4103 a
1290 4050 1403 4103 Deo
1425 4049 1687 4118 deposita,
1712 4058 1763 4101 et
1792 4047 1844 4101 in
1870 4048 1977 4102 Deo
1999 4061 2128 4099 con-

543 4153 688 4198 stare
710 4145 985 4196 fateamur.
1019 4140 1148 4194 Nam
1180 4139 1553 4193 nonnullorum
1586 4138 1876 4207 imperitia,
1907 4138 1959 4190 in
1984 4152 2122 4206 pra:-

548 4234 864 4303 positionem
894 4234 1048 4298 hanc,
1074 4233 1217 4285 velut
1249 4231 1314 4286 de
1339 4231 1579 4301 proxima
1611 4231 1888 4301 vicinaque
1910 4240 2123 4285 senten-

548 4329 643 4389 tia,
674 4327 725 4379 in
749 4336 1163 4394 consequentem
1194 4326 1350 4377 traxit
1374 4339 1436 4378 ac
1461 4325 1653 4393 rapuit,
1684 4336 1734 4379 et
1756 4340 1821 4379 ex
1854 4322 2125 4393 superﬂuo

549 4416 917 4486 imprudenter
946 4414 1214 4487 apposuit.
1245 4414 1300 4467 In
1334 4415 1491 4469 nullis
1526 4424 1702 4467 autem
1753 4415 2025 4468 canonicis
2061 4415 2126 4467 de

549 4508 745 4577 quibus
776 4506 1002 4576 symbuli
1029 4515 1202 4560 textus
1234 4506 1428 4572 pendet
1450 4506 1772 4572 actepimns,
1802 4506 1920 4573 quia
1954 4506 2002 4555 in
2030 4503 2129 4556 Ec—

545 4600 768 4654 clesiam
795 4600 1015 4653 credere
1038 4602 1174 4652 sicut
1197 4597 1248 4651 in
1264 4598 1519 4665 Spiritum
1542 4606 1807 4662 sanctum,
1833 4595 2129 4662 Filumque

552 4693 859 4746 debeamus.
888 4692 952 4745 Et
980 4691 1097 4743 ideo
1115 4705 1232 4743 cum
1261 4689 1328 4742 ab
1352 4689 1453 4742 hoc
1478 4688 1677 4741 honore
1693 4697 1931 4741 creatura
1959 4686 2129 4741 omnis

555 4782 627 4837 sit
649 4782 843 4847 aliena,
876 4780 960 4835 hic
985 4782 1034 4834 in
1054 4795 1209 4849 quem
1234 4779 1452 4833 credere
1482 4778 1837 4847 praecipimur,
1865 4777 2004 4830 Deus
2025 4786 2126 4831 est.

557 4874 709 4940 Quod
735 4875 952 4928 verbum
981 4872 1271 4927 divinitatis
1298 4870 1601 4940 specialiter
1636 4886 1737 4922 vos
1772 4870 1979 4923 Domini
2015 4869 2130 4923 Sal-
2160 4881 2209 4938 D

553 4965 755 5018 vatoris
783 4966 1037 5034 assignat,
1064 4965 1133 5018 ita
1158 4963 1341 5018 dicens
1367 4979 1379 5014 :
1406 4962 1602 5016 Credite
1623 4964 1675 5015 in
1709 4961 1891 5027 Deum,
1915 4972 1959 5013 et
1986 4962 2129 5014 inme

551 5054 755 5108 credite.
783 5054 848 5108 Et
869 5057 1092 5108 iterum:
1122 5055 1220 5119 Qui
1247 5054 1403 5107 credit
1426 5054 1477 5106 in
1508 5069 1605 5117 me,
1638 5068 1738 5106 non
1765 5036 1924 5105 credit
1955 5053 2006 5104 in
2031 5069 2126 5119 me,

555 5146 643 5201 sed
669 5147 721 5199 in
743 5163 857 5199 eum
883 5146 969 5215 qui
992 5161 1069 5199 me
1090 5145 1225 5199 misit
1251 5143 1427 5216 (Joan.
1458 5160 1565 5212 xxv,
1597 5145 1663 5198 10
1687 5154 1737 5197 et
1766 5143 1877 5214 I22).

1185 5257 1409 5313 CAPUT
1448 5257 1510 5312 II.

557 5352 815 5408 Christum
841 5368 871 5405 a
898 5352 1097 5421 Spiritu
1125 5360 1299 5405 sancto
1328 5360 1497 5418 utpote
1517 5348 1647 5415 Deo,
1672 5364 1771 5402 non
1792 5348 2014 5418 genitura
2036 5346 2125 5400 sed

1220 5430 1459 5474 creatum.

627 5520 756 5572 Cum
788 5526 967 5571 autem
1005 5514 1262 5570 catholica
1293 5513 1609 5568 conﬁteatur
1644 5507 1903 5571 Ecclesia,
1936 5520 2127 5561 conce-

560 5617 680 5675 ptus
706 5617 787 5661 est
810 5607 876 5662 de
896 5606 1094 5677 Spiritu
1121 5616 1325 5672 sancto,
1350 5603 1710 5673 interrogandi
1728 5610 1849 5656 sunt
1884 5600 1983 5654 hoc
2010 5600 2125 5654 loco

557 5700 920 5756 Macedoniam
953 5711 1123 5755 utr'im
1153 5700 1408 5765 Spiritum
1446 5705 1685 5753 sanctum
1716 5700 2013 5749 creatorem
2052 5704 2120 5744 an

2147 2109 2196 2169 Β

2136 732 2185 789 Λ
2220 742 2423 798 patrem
2452 732 2716 786 :estiment
2759 733 3148 802 Redemptoris.
3188 736 3240 791 Si
3295 747 3499 805 patrem
3541 741 3675 797 forte
3706 760 3792 797 re-

2218 821 2553 887 sponderint,
2591 838 2711 877 cum
2753 823 2860 891 jam
2899 824 2951 878 in
2994 828 3252 896 principi.)
3279 832 3505 899 symboli
3538 834 3787 903 dixerint,

2216 911 2387 964 Credo
2417 912 2467 964 in
2502 913 2662 966 Deum
2687 915 2894 969 Patrem
2927 912 3374 988 omnipotentem,
3398 925 3531 979 duos
3553 942 3671 982 eum
3690 930 3787 983 ha-

2216 1000 2341 1054 bere
2371 1013 2549 1069 patres
2579 1005 2970 1060 eont'usibiliter
2998 1010 3322 1066 fatebuntur.
3343 1014 3395 1067 Si
3422 1030 3548 1069 vero
3577 1031 3790 1073 creato-

2220 1108 2330 1144 rem
2366 1104 2419 1145 ut
2445 1094 2476 1145 h
2500 1094 2604 1147 .het
2634 1096 2828 1151 veritas
2858 1102 3204 1169 asseruerint,
3238 1104 3319 1156 vel
3352 1110 3667 1163 necessitate
3695 1127 3792 1164 no-

2218 1184 2416 1235 biscum
2446 1184 2806 1241 universitatis
2835 1187 2999 1242 Deum
3034 1194 3375 1259 pronuntiare
3414 1207 3685 1264 cogentur.
3724 1200 3791 1255 Et

2216 1273 2333 1325 ideo
2358 1290 2450 1338 per
2477 1275 2661 1329 Isaiam
2695 1278 3029 1347 prophetam,
3057 1284 3194 1335 velut
3228 1300 3319 1353 per
3343 1288 3520 1341 tubam
3550 1305 3697 1344 suam
3726 1307 3792 1346 ac

2216 1361 2280 1414 de
2310 1365 2505 1432 templo
2526 1379 2622 1419 suo
2653 1365 2899 1434 loquitur,
2924 1369 3046 1423 dum
3074 1371 3203 1425 duas
3226 1373 3276 1426 in
3304 1374 3517 1430 Christo
3543 1380 3791 1434 substanc

2217 1453 2314 1505 tias
2330 1455 2703 1523 praesignaret:
2733 1458 2939 1521 Rorate,
2962 1462 3092 1526 costi,
3109 1464 3341 1529 desuper,
3365 1472 3409 1518 et
3437 1468 3589 1520 nubes
3612 1470 3794 1537 pluunt

2219 1546 2427 1625 iustum,
2456 1546 2712 1614 aperiatur
2735 1556 2867 1600 terra
2884 1558 2926 1601 et
2952 1552 3193 1618 germinet
3218 1553 3554 1621 Salvatorem,
3577 1576 3667 1627 ego
3686 1559 3795 1612 Do-

2217 1634 2378 1685 minus
2407 1638 2566 1686 creavi
2594 1652 2704 1687 eum
2731 1636 2883 1706 (Isai.
2928 1640 3071 1707 xcv).
3110 1641 3278 1695 Homo
3319 1660 3546 1714 namque
3585 1665 3793 1705 assum-

2219 1732 2339 1793 ptus
2360 1740 2423 1778 ex
2451 1725 2636 1790 Maria,
2664 1730 2902 1795 operatio
2923 1730 3148 1798 Spit-itus
3188 1737 3355 1788 sancti
3396 1736 3514 1801 fuit,
3542 1756 3642 1792 non
3664 1757 3793 1808 por-

2220 1816 2322 1876 tio;
2350 1830 2447 1870 nec
2467 1817 2534 1869 ab
2565 1831 2628 1870 eo
2655 1819 2884 1886 genitus,
2911 1822 3003 1874 sed
3032 1832 3261 1877 creatus.
3285 1825 3585 1897 Conceptus
3602 1841 3681 1884 est
3706 1846 3792 1899 po-

2220 1906 2400 2004 tentia,
2460 1923 2564 1961 non
2604 1910 2932 1975 substantia;
2972 1914 3303 1982 operatione,
3354 1933 3457 1972 non
3512 1922 3791 1991 participa-

2222 1997 2404 2061 tione;
2437 1997 2652 2062 virtute,
2686 2013 2786 2052 non
2814 2014 3031 2068 genere.

2835 2115 3059 2172 CAPUT
3092 2120 3179 2177 IIl.

2366 2202 2441 2255 De
2468 2204 2659 2257 unitate
2698 2206 2993 2260 testimoniis
3018 2211 3285 2263 asserenda
3322 2217 3647 2282 propheticis.

2295 2294 2567 2371 Catholica
2606 2296 2736 2350 ﬁdes
2768 2300 3099 2367 trigeminam
3139 2303 3466 2371 majestatem
3510 2310 3610 2361 sub
3641 2312 3793 2364 unius

2224 2368 2515 2439 divinitatis
2544 2388 2880 2442 confessione
2914 2368 3234 2446 veneratur;
3264 2395 3500 2461 Accipite
3532 2415 3691 2454 unam
3730 2415 3792 2455 ex

2224 2476 2387 2528 sacris
2412 2476 2764 2530 voluminibus
2782 2478 3131 2536 divinitatem.
3158 2482 3309 2546 Audi,
3332 2481 3527 2539 Israel:
3549 2488 3790 2543 Dominus

2225 2565 2359 2620 Deus
2410 2576 2545 2630 tuus,
2580 2567 2716 2620 Deus
2744 2586 2871 2622 unus
2912 2580 2983 2624 est
3019 2571 3196 2641 (Deut.
3243 2574 3314 2640 Vt)
3350 2591 3363 2627 :
3400 2586 3473 2640 et,
3521 2578 3789 2632 Dominum

2227 2657 2387 2710 Deum
2412 2666 2554 2710 tuum
2584 2658 2819 2712 adorabis
2848 2670 2893 2713 et
2914 2660 2991 2714 illi
3010 2662 3107 2714 soli
3130 2665 3329 2728 servies,
3363 2664 3413 2717 in
3456 2668 3683 2733 psalmis,
3705 2670 3784 2736 fa-

2224 2754 2281 2806 cit
2299 2770 2358 2806 ns
2380 2754 2654 2818 mirabilia,
2684 2764 2735 2806 tu
2768 2771 2817 2808 es
2845 2755 2981 2808 Deus
3003 2757 3161 2809 solus.
3188 2756 3316 2811 Item
3344 2775 3356 2810 :
3390 2758 3461 2811 Tu
3482 2761 3614 2810 solus
3638 2759 3781 2811 altis-

2224 2844 2384 2895 simus
2411 2844 2464 2894 in
2493 2844 2629 2895 onmi
2652 2854 2804 2898 terra.
2837 2843 2937 2898 Per
2979 2845 3164 2899 Isaiam
3186 2835 3399 2916 'quoiltte
3427 2865 3439 2900 :
3469 2845 3595 2900 Deus
3619 2846 3785 2901 Israel

2224 2934 2310 3003 qui
2339 2935 2473 2987 sedet
2503 2951 2655 3005 super
2687 2935 2961 3000 Cherubin,
2986 2946 3037 2988 tu
3061 2954 3111 2990 es
3141 2935 3271 2990 Deus
3301 2940 3440 2991 solus
3464 2939 3683 2991 omnium
3712 2955 3789 2991 re-

2224 3041 2434 3093 gnarum
2460 3034 2608 3079 teme
2630 3023 2781 3096 (Isai.
2817 3026 2959 3095 XLV).
2988 3028 3112 3081 Item
3138 3069 3148 3079 .
3179 3027 3285 3096 Ego
3312 3027 3577 3090 Dominus,
3601 3029 3790 3098 primus

2225 3124 2272 3168 et
2308 3118 2603 3169 noriss’mus
2631 3132 2720 3187 ego
2745 3133 2853 3169 sum
2874 3115 3022 3187 (Isai.
3048 3119 3175 3186 xu).
3202 3117 3326 3170 Item
3354 3136 3363 3168 :
3396 3117 3503 3187 Ego
3526 3117 3789 3181 Dominus,

2225 3203 2319 3257 hoc
2345 3214 2416 3257 est
2445 3222 2623 3258 nomen
2660 3222 2855 3281 meum;
2896 3207 3110 3277 gloriam
3146 3222 3308 3258 meam
3346 3208 3491 3258 alteri
3537 3224 3638 3259 non
3667 3207 3790 3259 dabo

2225 3293 2381 3362 (lsai.
2410 3300 2558 3359 xui).
2586 3294 2651 3349 Ut
2674 3309 2797 3347 vero
2816 3296 2916 3348 hoc
2940 3307 2972 3348 ιι
2992 3295 3296 3348 stimonium
3319 3295 3383 3347 ad
3406 3296 3674 3348 Christum
3700 3309 3791 3348 no-

2228 3386 2370 3439 veris
2390 3387 2679 3454 pertinere,
2704 3385 2752 3438 id
2776 3393 2857 3438 est
2880 3385 3079 3453 primus
3101 3395 3153 3439 et
3171 3386 3510 3448 novissimus,
3530 3386 3596 3438 de
3617 3401 3673 3438 se
3690 3386 3792 3438 alio

2228 3477 2344 3527 loco
2374 3473 2541 3527 dixit:
2580 3474 2686 3544 Ego
2717 3490 2829 3528 sum
2864 3476 3191 3543 principium,
3233 3477 3322 3543 qui
3358 3484 3405 3528 et
3450 3474 3630 3542 loquor
3662 3475 3794 3526 vobis

2224 3566 2399 3637 (Joan.
2438 3569 2574 3634 vtlt).
2618 3567 2746 3620 Item
2782 3586 2795 3620 :
2840 3568 2968 3620 Ante
3007 3583 3083 3621 me
3122 3584 3221 3621 non
3268 3568 3364 3637 fuit
3409 3567 3566 3633 Deus,
3601 3578 3644 3620 et
3685 3579 3793 3637 post

2224 3677 2301 3713 me
2326 3677 2427 3713 non
2459 3661 2571 3713 erit.
2607 3659 2715 3729 Ego
2737 3676 2846 3712 sum
2873 3658 3144 3724 Dominus,
3169 3670 3215 3711 et
3259 3676 3357 3712 non
3388 3670 3457 3712 est
3492 3660 3677 3727 absque
3718 3674 3795 3711 mc

2226 3750 2462 3804 Salvator
2503 3747 2657 3819 (Isai.
2691 3748 2864 3817 mn).
2914 3749 3064 3813 Quod
3117 3751 3419 3817 specialiter
3442 3751 3681 3819 ,pertinet
3727 3748 3796 3802 ad

2223 3840 2490 3895 Christum
2539 3841 2755 3893 humani
2801 3842 3011 3908 generis
3060 3840 3408 3894 Salvatorem.
3463 3841 3588 3893 Item
3624 3858 3635 3891 :
3671 3839 3797 3892 Hice

2226 3934 2345 3984 dicit
2367 3931 2612 3984 Dominus
2634 3932 2917 4001 redemptor
2932 3940 3071 3996 tuus,
3091 3940 3137 3983 et
3151 3934 3397 3999 formator
3414 3942 3528 3983 tuus
3549 3947 3612 3983 ea:
3633 3941 3796 3983 utero.

2228 4022 2337 4092 Ego
2366 4037 2476 4075 sum
2506 4021 2755 4074 Dominus
2780 4022 2971 4090 faciens
3000 4022 3189 4084 omnia,
3224 4024 3490 4073 extendens
3514 4021 3685 4083 caelos,
3716 4036 3802 4072 so.

2230 4114 2312 4167 lus
2353 4115 2614 4166 stabiliens
2652 4122 2857 4179 terram,
2900 4124 2946 4165 et
2986 4112 3155 4163 nullus
3195 4126 3382 4164 mecum
3416 4107 3568 4176 (Isai.
3606 4111 3801 4176 XLIV):

2226 4207 2364 4275 quod
2393 4206 2455 4259 ad
2480 4204 2657 4260 JeSnm
2684 4206 2932 4272 pertinet,
2956 4186 3006 4258 et
3037 4204 3289 4258 factorem
3321 4217 3381 4257 ac
3404 4201 3805 4268 redemptorem

2228 4299 2446 4368 proprie
2476 4297 2711 4365 respicit.
2755 4300 2826 4349 De
2857 4311 2962 4363 quo
2999 4294 3321 4362 evangelista
3372 4301 3754 4347 commemorat
3782 4308 3801 4344 ε

2231 4393 2415 4446 Omnia
2446 4408 2533 4461 per
2567 4392 2733 4458 ipsum
2777 4392 2911 4459 facta
2958 4397 3095 4452 sunt,
3139 4398 3186 4439 et
3214 4389 3320 4439 sine
3358 4386 3468 4454 ipso
3509 4386 3696 4453 factum
3725 4391 3805 4435 est

2231 4482 2378 4535 nihil.
2408 4482 2535 4534 Item
2564 4498 2575 4532 ε
2607 4480 2724 4533 Νοη
2755 4490 2827 4531 est
2857 4479 2991 4531 ultra
3025 4477 3157 4529 Deus
3188 4477 3375 4541 absque
3403 4490 3499 4535 me,
3531 4481 3581 4526 et
3620 4472 3806 4525 Satra-

2232 4584 2310 4629 tor
2340 4589 2440 4627 non
2464 4583 2533 4627 est
2564 4582 2743 4642 prwter
2768 4589 2846 4623 me
2871 4569 3022 4641 (Isai.
3057 4569 3200 4637 XLV).
3232 4568 3359 4621 Item
3391 4584 3403 4618 :
3445 4565 3554 4636 Ego
3586 4566 3801 4633 primus,

2232 4680 2278 4722 et
2306 4670 2626 4734 novissimus,
2654 4683 2834 4719 manus
2862 4681 2971 4717 mea
3013 4662 3243 4731 fundarit
3270 4670 3477 4722 terram,
3519 4669 3564 4710 et
3592 4658 3806 4709 dextera

2232 4778 2341 4814 mea
2369 4776 2540 4814 mensa
2580 4768 2649 4811 est
2682 4758 2829 4810 caelos
2877 4754 3025 4824 (lsci.
3063 4752 3265 4816 vattt).
3296 4752 3443 4804 Sicut
3471 4749 3623 4802 Jesus
3650 4747 3807 4800 Citri-

2235 4860 2347 4904 stus
2379 4852 2483 4904 alio
2527 4850 2644 4902 loco
2672 4848 2740 4901 de
2769 4861 2826 4900 se
2867 4844 3144 4899 evidenter
3175 4841 3365 4895 asserit
3404 4840 3588 4893 dicens
3625 4855 3637 4889 :
3695 4836 3808 4905 Ego

2232 4956 2343 4994 sum
2372 4938 2539 5009 Alpha
2580 4947 2625 4990 et
2665 4937 2874 5006 ()mega,
2910 4934 3108 4985 initium
3137 4940 3184 4984 et
3209 4931 3322 4996 ﬁnis
3348 4928 3531 4999 (Apoc.
3568 4926 3716 4992 XXI).
3752 4926 3808 4978 In

2236 5032 2318 5085 his
2344 5028 2661 5084 testimoniis
2687 5027 2845 5080 etiam
2889 5024 3116 5093 Spiritus
3155 5031 3366 5075 sanctus
3397 5020 3723 5079 continetur,
3755 5018 3808 5069 in

2234 5119 2423 5189 quibus
2456 5119 2526 5171 ita
2560 5115 2859 5171 conﬁtenda
2888 5122 2968 5168 est
2991 5114 3165 5167 omnis
3196 5111 3504 5165 substantia:
3534 5111 3729 5168 unitas,
3754 5117 3813 5160 ut

2233 5220 2285 5264 et
2332 5209 2382 5262 in
2442 5207 2519 5261 eis
2567 5207 2739 5260 inesse
2791 5204 3052 5259 credenda
3111 5204 3176 5256 sit
3234 5201 3395 5256 etiam
3456 5212 3811 5267 personarum

2236 5301 2479 5354 distincta
2513 5296 2823 5367 proprietas,
2857 5307 2910 5347 et
2946 5294 3167 5346 indivisa
3202 5292 3495 5361 pluralitas.

2838 5405 3059 5461 CAPUT
3099 5404 3186 5458 IV.

2232 5525 2307 5578 De
2334 5523 2582 5576 Trini.‘ate
2618 5523 2694 5576 vel
2746 5518 2976 5573 liberales
3012 5518 3162 5571 etiam
3210 5512 3507 5581 disciplinas
3545 5510 3605 5563 de
3648 5508 3812 5560 tribus

2750 5590 2994 5642 transisse
3021 5586 3285 5639 Persanis.

2297 5686 2429 5742 Cum
2467 5685 2641 5753 itaque
2671 5682 2831 5740 Verbi
2867 5696 3027 5736 unam
3071 5675 3485 5735 monstravimus
3524 5667 3810 5738 deitatem,
