3990 6390
243 383 309 444 ιδ
1402 371 1485 425 ne
1524 366 1786 425 sertum
1830 360 2092 421 sancro
2126 362 2258 417 Lm.
2302 361 2342 415 ι.
3434 364 3497 418 η

244 499 342 555 tria
368 493 589 551 nuncin
613 506 717 549 una
740 490 942 549 Deitate
972 488 1280 547 doceamus,
1311 483 1410 537 tria
1454 482 1668 536 nomina
1713 493 1816 531 non
1847 479 1898 536 Α
1927 475 2183 544 singulari
2216 472 2419 543 plurale
2439 470 2741 540 permiscet,
2772 485 2878 525 non
2911 470 3039 526 dicit
3066 472 3129 526 ad
3164 473 3423 543 imagines
3445 487 3499 530 et

245 591 342 645 tria
368 603 559 657 regna;
581 595 689 640 tres
707 581 1111 652 appellationes,
1139 576 1231 631 sed
1256 590 1357 629 non
1381 581 1487 627 tres
1507 564 1815 641 potestates;

246 689 354 734 tres
386 679 699 748 hypostases
743 674 826 726 vel
864 667 1253 729 subsistentias,
1294 664 1388 718 sed
1414 678 1520 717 non
1553 672 1662 715 tres
1690 660 1819 714 sub-

247 770 491 825 stantias.
517 766 845 820 Manifestum
868 771 951 816 est
977 763 1134 814 etiam
1157 757 1469 811 saecularem
1495 753 1823 807 intellexisse

246 861 585 930 sapientiam,
617 855 852 911 omnium
883 849 1280 907 multitudinem
1304 845 1664 907 saecularium,
1688 844 1822 895 intra

246 964 407 1004 trium
450 960 796 1018 personarum
844 942 1151 997 conclusam
1202 952 1321 991 tisse
1367 937 1649 990 rationem.
1696 932 1825 998 Qua-

254 1055 375 1093 sum
401 1052 514 1093 ista:
550 1037 696 1091 tres?
726 1034 778 1088 ld
809 1044 891 1088 est
920 1050 932 1083 :
974 1033 1105 1099 Ego,
1133 1029 1233 1092 Tu,
1268 1028 1382 1082 Ille.
1411 1027 1571 1094 Ergo,
1604 1034 1659 1077 ut
1690 1022 1828 1075 dixi-

249 1145 393 1190 mus.
416 1140 524 1183 tres
552 1136 754 1180 turtum
782 1125 832 1178 in
864 1124 1022 1178 rebus
1046 1136 1169 1175 esse
1200 1133 1472 1187 personas,
1504 1118 1664 1170 etiam
1696 1114 1829 1168 libe-

247 1224 379 1271 ralia
429 1219 599 1271 studia
643 1220 708 1269 de
748 1211 1107 1281 spiritualibus
1148 1207 1442 1277 disciplinis
1481 1204 1829 1260 instructione

250 1319 487 1361 mutuata
532 1317 835 1364 senserunt,
874 1317 1054 1370 eisque
1098 1301 1373 1355 evidenter
1419 1295 1685 1364 apparuit,
1732 1307 1830 1347 nec

252 1399 542 1457 secundum
581 1408 861 1464 personam
894 1391 1208 1446 satisfacere
1250 1386 1560 1458 perfectioni
1594 1399 1693 1438 nec
1726 1395 1830 1437 tero

256 1499 381 1540 traur
415 1500 569 1555 posse
599 1486 923 1547 trauscemh,
964 1496 1083 1548 quia
1131 1482 1442 1533 rluautatem
1482 1476 1827 1544 semiplenam

258 1592 381 1631 esse
405 1578 468 1629 ad
504 1574 714 1630 tertium
758 1589 1034 1627 numerum
1068 1572 1291 1625 tendens
1325 1568 1498 1637 arguit
1531 1566 1827 1636 plenitudo,

259 1669 664 1738 quateruitatetn
724 1681 849 1720 vero
905 1663 1109 1732 respuit
1158 1662 1208 1717 itt
1250 1662 1417 1715 tribus
1462 1667 1830 1714 eonsutnmata

257 1759 536 1831 perfectio.
566 1759 654 1813 llis
671 1772 798 1826 ergo
822 1755 923 1811 leti
951 1754 1457 1810 conuucmorattoue
1478 1750 1827 1813 transtttrssis,

1927 565 2304 619 similitudines
2335 573 2561 627 nostras,
2582 564 2665 617 vel
2695 572 2840 617 certe
2867 562 2932 616 ad
2967 564 3248 633 imaginem
3266 575 3321 618 et
3351 565 3500 619 simi-

1929 656 2209 710 litudinem
2242 671 2434 719 meam,
2485 655 2743 709 unitatem
2791 656 3179 723 singularitate,
3210 657 3501 710 trinitatem

1932 752 2233 821 pluralitate
2261 753 2618 807 commendat.
2653 752 2832 822 Itaque
2864 753 2914 807 in
2954 768 3019 807 eo
3048 754 3168 823 quia
3191 755 3361 808 dicit:
3400 752 3505 807 Fa-

1929 847 2121 899 ciamus
2159 844 2413 898 hominem
2466 848 2531 898 ad
2564 848 2833 915 imaginem
2862 856 3103 911 nostram,
3155 862 3500 915 personarum

1932 952 2185 992 numerus
2209 938 2525 1006 explicatur,
2559 939 2610 991 in
2634 955 2698 991 eo
2726 940 2845 1008 quia
2875 940 3215 1008 singulariter
3255 939 3321 993 ad
3358 940 3499 992 ima-

1932 1031 2110 1098 ginem
2139 1038 2194 1083 et
2222 1027 2647 1093 similitudinem,
2676 1030 2726 1081 in
2758 1008 2915 1082 unam
2939 1029 3288 1083 substantiam
3314 1028 3504 1083 divini.

1936 1130 2015 1174 tas
2045 1119 2268 1173 indivisa
2293 1119 2580 1189 colligitur.
2607 1120 2735 1173 Cum
2761 1122 2987 1185 Abrahai
3014 1122 3070 1175 in
3098 1122 3233 1176 ostio
3254 1121 3505 1176 taberna-

1933 1209 2037 1265 culi
2068 1211 2397 1279 apparuisset
2436 1211 2573 1263 Deus
2625 1209 2777 1275 (σου.
2811 1212 2981 1281 xrttt),
3029 1222 3082 1266 et
3131 1228 3193 1267 ex
3243 1229 3350 1267 tuto
3395 1223 3506 1267 tres

1934 1302 2050 1371 ejus
2081 1316 2138 1357 se
2164 1302 2333 1355 oculis
2360 1301 2671 1355 mirabilter
2700 1300 3039 1368 obtulissent,
3073 1303 3122 1356 in
3149 1304 3314 1356 tribus
3345 1319 3508 1357 unum

1934 1392 2181 1445 conscius
2237 1390 2531 1459 majestatis
2588 1390 2850 1443 adoravit.
2910 1391 2965 1445 In
3040 1396 3243 1461 psalmo
3301 1408 3510 1462 quoque

1936 1482 2177 1535 absolute
2203 1483 2446 1549 personis
2476 1481 2587 1533 suis
2623 1480 2798 1534 unitas
2821 1481 3131 1549 designatur
3163 1501 3174 1536 ε
3221 1483 3302 1537 Ne
3352 1485 3512 1555 projic

1935 1574 2039 1625 cias
2062 1590 2159 1636 me,
2188 1573 2379 1642 irrqttit,
2402 1590 2434 1625 a
2464 1574 2595 1644 facie
2616 1583 2725 1640 tua,
2752 1583 2799 1626 et
2844 1572 3091 1637 Spiritum
3121 1587 3348 1631 sanctum
3371 1588 3513 1631 tuum

1936 1680 1996 1717 ne
2040 1668 2241 1732 auferas
2272 1681 2401 1716 ante
2430 1664 2597 1732 (Psal.
2636 1664 2707 1731 L).
2741 1664 2904 1718 Filius
2932 1664 3070 1719 sicut
3101 1666 3275 1734 in):th
3318 1669 3512 1733 Patris,

1939 1755 2008 1808 ita
2066 1764 2118 1809 et
2161 1755 2319 1808 facies
2378 1754 2550 1808 Patris
2602 1756 2882 1823 accipitur.
2940 1756 3005 1809 Et
3058 1756 3178 1811 ideo
3234 1759 3507 1827 legimus:

259 1853 428 1919 magis
475 1851 643 1904 sacris
690 1848 1011 1903 testimoniis
1058 1858 1381 1908 asseratnus,
1414 1841 1727 1895 Trinitatem
1775 1842 1824 1893 in
1859 1844 1905 1904 Β
1944 1843 2205 1912 Philippe,
2232 1846 2315 1905 «,ui
2342 1846 2473 1898 videt
2502 1862 2599 1911 me,
2622 1846 2750 1898 ridet
2775 1856 2820 1897 et
2840 1844 3052 1899 Patrem
3068 1844 3248 1918 (Joau.
3282 1852 3413 1920 xw).
3453 1851 3518 1905 Et

257 1941 457 1994 unitate
485 1940 780 1993 mutatione
808 1938 1115 1990 subsistere.
1159 1934 1267 1989 Sed
1314 1934 1448 1987 dicis
1485 1951 1494 1983 :
1526 1932 1660 1999 Quid
1702 1930 1830 1984 mihi

257 2034 463 2104 profers
492 2033 708 2087 unitatis
732 2045 793 2084 ac
821 2028 1096 2084 Trinitatis
1130 2028 1313 2092 verba,
1339 2041 1455 2094 qua:
1493 2025 1545 2077 in
1582 2023 1834 2077 canonica

258 2124 485 2180 lectione
514 2139 622 2177 non
666 2120 901 2175 invenis?
931 2118 1045 2172 Non
1078 2118 1292 2179 mirum,
1332 2114 1375 2169 si
1416 2116 1460 2167 is
1501 2114 1590 2183 qui
1631 2112 1836 2183 ingredi

260 2230 367 2269 non
392 2223 627 2269 meretur
657 2212 947 2281 penetralia
979 2211 1188 2274 salutis,
1229 2208 1532 2277 expavescit
1557 2222 1619 2262 ae
1650 2209 1839 2275 refugit

258 2309 418 2362 etiam
458 2307 819 2362 testimonium
862 2307 1119 2361 veritatis.
1160 2305 1298 2372 Quid
1328 2305 1470 2358 enim
1516 2313 1621 2358 tam
1654 2304 1841 2373 proxi-

260 2414 429 2462 mum,
460 2406 565 2451 tam
591 2397 856 2461 naturale,
888 2405 994 2450 tam
1030 2396 1326 2464 proprium,
1357 2410 1515 2464 quam
1554 2405 1610 2448 ut
1630 2394 1695 2449 de
1736 2409 1841 2448 uno

265 2492 464 2556 unitas,
488 2490 559 2544 de
587 2490 757 2543 tribus
778 2488 1033 2551 Trinitas,
1066 2487 1343 2540 catholicis
1387 2487 1613 2553 primttm
1640 2486 1844 2539 diffini-

263 2579 501 2633 tionibns
546 2577 919 2647 nuncupatur?
955 2577 1069 2632 Non
1110 2590 1173 2630 ex
1225 2591 1284 2629 se
1337 2573 1669 2629 discutienda
1722 2584 1846 2628 suat

267 2670 432 2723 verba
460 2685 578 2739 quae
609 2670 674 2725 de
702 2669 1125 2739 praecedentibus
1148 2669 1402 2737 pendent,
1433 2682 1531 2722 nec
1559 2682 1689 2723 sane
1718 2683 1845 2722 con-

260 2774 496 2829 sequens
520 2770 601 2815 est
631 2770 687 2814 ut
725 2762 1006 2831 peregrina
1040 2761 1363 2824 indicentur,
1398 2776 1518 2829 quae
1549 2776 1616 2815 ex
1657 2776 1762 2813 uno
1791 2770 1845 2815 et

260 2855 459 2919 tribus,
483 2853 533 2906 id
557 2854 721 2908 estde
748 2852 1015 2907 manifesti
1038 2852 1243 2907 exordii
1270 2856 1592 2922 proprietate
1613 2870 1842 2907 nascun-

263 2954 373 2998 tur.
401 2944 631 2999 Adverte
659 2944 783 3012 quia
813 2959 920 2998 non
948 2952 1031 2998 est
1061 2945 1477 3013 praesunrptivus
1507 2954 1727 3013 uterque
1755 2945 1840 3000 hic

258 3048 465 3100 sermo,
497 3037 588 3090 sed
619 3036 963 3092 derivativus.
988 3038 1117 3103 Qua:
1138 3037 1393 3091 vocabula
1416 3052 1443 3090 a
1475 3046 1714 3108 tempore
1736 3038 1842 3107 pri-

259 3125 461 3179 mitiva:
491 3126 739 3181 Ecclesia:
769 3127 1056 3196 antiquitas
1080 3128 1307 3195 invenit,
1335 3129 1624 3183 auctoritas
1655 3138 1836 3198 protu-

257 3216 346 3283 lit,
378 3227 505 3272 tetas
530 3218 683 3289 longa
712 3219 963 3274 firmavit.

879 3332 1108 3390 CAPUT
1152 3335 1209 3387 ν.

332 3453 469 3509 Dum
492 3457 644 3526 {acies
672 3456 865 3524 Patris,
892 3455 1059 3513 Filius
1098 3459 1304 3525 dicitur,
1334 3457 1482 3513 Patri
1508 3475 1761 3529 tequwt‘us

892 3531 1205 3599 agnoscitur.

332 3628 555 3697 Suscipe
577 3628 644 3684 de
670 3630 834 3685 sacris
854 3630 1215 3685 voluminibus
1238 3631 1575 3686 Trinitatem.
1609 3630 1673 3686 In
1696 3634 1838 3704 priu-

251 3720 393 3789 cipio
422 3720 537 3790 fecit
571 3719 705 3774 Deus
727 3723 908 3774 caelum
931 3731 981 3775 et
1008 3730 1217 3787 terram,
1245 3732 1290 3776 et
1322 3722 1549 3791 Spiritus
1598 3722 1689 3776 Dei
1706 3724 1837 3793 fere-

253 3812 404 3865 batur
431 3828 581 3881 super
607 3829 761 3880 aquas
794 3812 945 3883 (Gen.
980 3810 1041 3881 t).
1095 3813 1251 3867 Pater
1288 3824 1491 3877 auctor,
1540 3828 1832 3883 aequaevum

250 3905 597 3974 principium,
631 3905 947 3974 superfusus
969 3905 1120 3975 aquis
1148 3906 1378 3973 Spiritus
1405 3916 1637 3961 sanctus.
1665 3907 1835 3977 Super

257 4010 429 4062 aquas
460 3997 634 4064 itaque
663 3996 984 4050 dominantis
1016 3996 1299 4050 eminentia
1359 3996 1669 4061 ferebatur;
1721 3996 1831 4065 jam

251 4099 411 4153 tunc,
440 4088 618 4156 credo,
644 4088 888 4157 baptismi
934 4104 1151 4142 munera
1185 4088 1434 4156 figurans.
1486 4088 1540 4142 In
1581 4088 1826 4143 faciendo

243 4198 468 4253 quoque
493 4182 728 4247 homine,
774 4198 880 4233 non
910 4180 1085 4246 unius,
1141 4181 1235 4234 sed
1276 4181 1432 4233 trium
1484 4195 1832 4248 personarum

247 4289 395 4340 opus
447 4287 567 4326 esse
614 4273 946 4326 demonstrat
989 4274 1123 4325 trina
1184 4272 1427 4338 repetitio
1481 4272 1714 4325 deitatis.
1758 4272 1833 4326 lla

242 4364 397 4418 enim
433 4362 660 4430 legimus
692 4378 704 4413 :
739 4361 805 4414 Et
827 4362 955 4414 dixit
984 4360 1118 4415 Deus
1143 4378 1163 4416 :
1189 4360 1466 4415 Faciamus
1490 4362 1739 4416 hominem
1765 4364 1833 4417 ad

241 4455 527 4523 imaginem
570 4461 614 4506 et
654 4452 1034 4506 similitudinem
1075 4464 1313 4506 nostram.
1348 4452 1577 4507 Adverte
1622 4464 1833 4508 senten-

1941 1938 2131 1993 iterum
2165 1955 2177 1992 :
2205 1938 2314 2003 Quo
2342 1939 2423 1993 ibo
2460 1956 2493 1992 a
2523 1940 2719 2009 Spiritu
2747 1951 2853 2002 tuo,
2880 1950 2926 1992 et
2950 1956 3055 2009 quo
3083 1958 3115 1993 a
3162 1942 3291 2011 facie
3318 1952 3406 1995 tua
3437 1944 3519 2013 [u-

1939 2029 2120 2100 giam?
2150 2028 2383 2083 Adverte
2430 2030 2480 2083 in
2510 2030 2613 2083 fide
2641 2029 2888 2098 perfecta:
2927 2030 3283 2085 confessionis
3325 2044 3519 2102 myste‘

1943 2135 2077 2173 rium
2105 2119 2398 2173 Trinitatis.
2427 2120 2691 2187 Propheta
2713 2120 2777 2173 ad
2802 2120 3011 2175 Patrem
3043 2121 3297 2190 loquitur,
3329 2121 3519 2177 faciem

1943 2211 2113 2266 Patris
2145 2212 2336 2265 Filium
2369 2214 2544 2267 Patris
2576 2213 2876 2282 profitetur,
2909 2228 3115 2267 necnon
3144 2212 3391 2267 diffusum
3426 2229 3520 2283 per

1944 2305 2122 2357 omnia
2188 2305 2442 2373 Spiritum
2497 2314 2738 2358 sanctum
2798 2306 3093 2372 profitetur.
3147 2306 3219 2360 De
3263 2306 3396 2359 Filio
3442 2309 3509 2360 ad

1944 2392 2176 2463 Moyscnt
2207 2397 2364 2447 etiam
2396 2395 2628 2461 loquitur
2655 2394 2929 2458 Dominus,
2963 2396 3118 2464 facies
3140 2411 3251 2447 mea
3274 2413 3363 2464 pra
3380 2398 3521 2449 cedet

1948 2483 2207 2551 teUia'od.
2234 2485 2446 2551 xum).
2473 2482 2625 2549 Quod
2678 2498 2894 2545 nomen,
2930 2484 2979 2536 id
3032 2494 3114 2537 est
3153 2484 3333 2547 facies,
3366 2496 3417 2539 et
3453 2487 3519 2540 ad

1950 2571 2169 2625 unitatis
2192 2572 2560 2637 Substantiam,
2592 2581 2646 2626 et
2672 2572 2741 2624 ad
2765 2573 3116 2626 u-ternitatem
3152 2576 3382 2641 pertinet
3412 2592 3522 2629 rna-

1946 2661 2173 2729 jcstatis.
2202 2661 2354 2728 Quod
2375 2671 2552 2716 autem
2583 2663 2843 2716 minorem
2861 2672 3066 2730 putant,
3091 2664 3211 2731 quia
3237 2674 3390 2717 natus
3416 2674 3519 2729 est,

1945 2750 2073 2820 quid
2104 2760 2186 2805 est
2222 2752 2384 2805 Deum
2414 2751 2481 2805 de
2507 2751 2615 2806 Deo
2661 2765 2780 2805 esse
2813 2761 3015 2814 natum,
3044 2752 3141 2806 nisi
3173 2768 3235 2808 ex
3288 2753 3398 2807 Deo
3430 2769 3523 2807 na-

1947 2842 2191 2897 turaliter
2212 2843 2532 2897 exstitisse?
2558 2842 2663 2899 Sed
2699 2843 2870 2897 dicis:
2906 2844 2958 2899 Si
2988 2860 3053 2899 ex
3104 2845 3191 2898 illo
3217 2856 3316 2913 est,
3340 2847 3523 2916 junior

1942 2942 2049 2986 est.
2082 2933 2217 2987 Ecce
2248 2935 2525 2988 brachium
2554 2949 2618 2988 ex
2643 2948 2891 3004 corpore,
2915 2946 2968 2990 et
2990 2935 3151 2990 facies
3178 2937 3244 2991 de
3296 2952 3524 3007 corpore

1944 3036 2044 3076 suo
2077 3023 2334 3091 nascitur,
2375 3039 2474 3080 nec
2499 3034 2675 3080 tamen
2705 3024 2894 3080 faciem
2919 3028 3181 3083 minorem
3226 3029 3401 3099 capite
3426 3046 3523 3083 sun

1948 3112 2029 3164 vel
2060 3111 2337 3167 brachium
2366 3129 2593 3183 corpore
2621 3129 2719 3169 suo
2737 3126 2948 3173 constat
3000 3130 3119 3174 esse
3151 3120 3436 3186 posterius.
3464 3118 3522 3175 Si

1866 3210 1912 3273 ο
1946 3216 2072 3271 ergo
2117 3202 2281 3281 ullum
2309 3214 2471 3273 caput
2494 3204 2765 3273 antiquius
2796 3220 3024 3274 unquam
3053 3205 3173 3269 fuit,
3204 3217 3328 3261 tunc
3369 3222 3523 3263 asse-

1945 3312 2065 3353 rere
2089 3312 2349 3365 praesume
2378 3299 2727 3368 antiquiorem
2776 3314 2895 3357 esse
2928 3298 3135 3354 Patrem
3184 3300 3251 3353 ab
3292 3300 3522 3368 imagine

1944 3402 2059 3451 sua,
2091 3404 2207 3456 qua:
2225 3388 2276 3442 iu
2299 3388 2495 3442 Christi
2521 3386 2751 3456 perfecta
2778 3387 3123 3442 similitudine
3145 3398 3198 3442 et
3220 3390 3522 3456 aequalitate

1944 3478 2211 3532 consistit.
2257 3476 2328 3529 lta
2374 3490 2501 3544 ergo
2551 3477 2721 3533 nescit
2779 3475 2834 3528 Fi
2863 3476 2944 3528 ius
2994 3476 3076 3529 vel
3121 3485 3381 3544 potestate
3432 3480 3519 3533 vel

1944 3579 2185 3637 tempore
2213 3584 2242 3622 a
2271 3568 2427 3623 Patre
2474 3567 2728 3631 discerni,
2778 3566 2917 3618 sicut
2946 3563 3104 3619 facies
3132 3579 3160 3618 a
3218 3566 3391 3635 capite
3434 3582 3521 3622 se-

1938 3660 2156 3732 parari,
2207 3658 2290 3713 vel
2356 3659 2527 3726 capite
2589 3672 2688 3712 suo
2743 3672 3074 3727 nequaquam
3122 3666 3297 3727 potest
3338 3657 3451 3727 jnni
3491 3673 3519 3712 r

1940 3750 2179 3808 inveniri.

2549 3816 2775 3873 CAPUT
2802 3817 2885 3871 Vl.

2048 3910 2302 3979 Spiritum
2334 3908 2527 3976 Patris,
2556 3911 2719 3979 ipsum
2747 3925 2852 3964 esse
2880 3909 3128 3979 Spiritum
3157 3919 3405 3963 sanctum.

2007 4027 2116 4082 Sed
2145 4025 2279 4079 dicis
2304 4042 2316 4075 :
2349 4024 2583 4077 Ostende
2614 4024 2741 4077 mihi
2765 4023 2902 4090 quod
2935 4024 2985 4075 in
3015 4036 3110 4075 sna
3140 4024 3367 4075 essentia
3389 4023 3516 4076 sub-

1938 4117 2091 4170 sistat
2117 4114 2347 4178 Spiritus
2370 4121 2604 4164 sanctus.
2639 4112 2951 4177 Ubicunque
2984 4110 3065 4161 vel
3097 4110 3341 4177 quotiens
3372 4110 3511 4177 lego,

1939 4214 2031 4259 aut
2060 4203 2315 4270 Spiritum
2349 4201 2540 4265 Patris,
2574 4209 2663 4252 aut
2696 4198 2951 4267 Spiritum
2983 4213 3182 4261 meum,
3214 4208 3304 4252 aut
3342 4198 3512 4265 Spiri-

1942 4303 2051 4346 tutn
2084 4293 2175 4345 Dei
2206 4308 2219 4344 :
2254 4290 2427 4353 video,
2462 4289 2656 4356 inquis,
2690 4304 2793 4342 non
2822 4287 2886 4340 ad
2910 4287 3137 4356 Spiritus
3167 4290 3359 4352 sancti,
3416 4290 3511 4344 sed

1937 4383 2002 4436 ad
2036 4379 2212 4436 Patris
2245 4377 2576 4434 referendam
2603 4392 2722 4433 esse
2752 4393 3053 4447 personam.
3108 4379 3341 4435 Primum
3391 4380 3512 4435 huic

1938 4471 2320 4540 blasphemiam
2346 4485 2458 4523 sua:
2508 4469 2792 4536 impietatis
2824 4471 3179 4537 accumulant,
3213 4488 3331 4527 cum
3377 4474 3510 4529 alte-

243 4547 380 4598 tiam
409 4547 459 4597 in
494 4544 856 4612 propositione
885 4545 1202 4613 simplicem,
1238 4544 1289 4597 in
1316 4545 1662 4612 responsione
1694 4545 1830 4598 mul—

1939 4573 2143 4616 rutrum
2171 4561 2370 4623 dicant,
2396 4559 2648 4627 Spiritum
2672 4567 2914 4613 sanctum
2955 4560 3043 4613 Dei
3074 4571 3161 4613 aut
3186 4572 3508 4625 creaturam,

243 4635 511 4703 tiplicem.
548 4634 609 4687 Et
634 4634 760 4687 dixit
792 4635 959 4698 Deus,
989 4637 1239 4706 faciamus
1267 4637 1539 4689 hominem.
1589 4636 1724 4702 Quid
1748 4648 1831 4691 est

238 4726 417 4791 aliud,
451 4726 551 4779 nisi
577 4727 697 4794 quia
724 4727 1016 4781 substantia
1043 4727 1259 4780 unitatis
1281 4726 1530 4794 loquitur,
1560 4736 1611 4780 et
1641 4735 1830 4794 poten-

239 4820 321 4872 tia
353 4818 629 4872 Trinitatis
650 4820 925 4889 operatur?
954 4819 1204 4887 Perspice
1238 4819 1507 4886 quomodo
1541 4819 1675 4872 trina
1711 4820 1827 4874 vice

238 4924 445 4964 nomen
476 4910 569 4964 Dei
615 4911 665 4963 in
717 4912 989 4965 creatione
1037 4912 1267 4965 hominis
1321 4921 1677 4981 nuncupatur.
1737 4912 1825 4966 Sic

237 5000 393 5055 enim
438 5000 695 5054 habemus
737 5000 789 5054 in
836 4999 1057 5055 Genesi:
1090 5002 1155 5055 Et
1186 5002 1313 5055 dixit
1365 5001 1522 5068 Deus,
1575 5003 1823 5071 faciamus

235 5091 524 5144 hominem.
558 5092 621 5144 Et
651 5094 837 5147 iterum
872 5111 882 5145 :
914 5093 1108 5146 Creavit
1154 5093 1290 5148 Deus
1327 5095 1600 5149 hominem.
1628 5096 1691 5149 Et
1714 5106 1822 5149 ter-
1853 5126 1860 5133 -

234 5181 320 5236 tio
356 5199 369 5234 :
404 5180 669 5235 Benedixit
691 5185 735 5236 ei
760 5183 915 5237 Deus.
954 5184 1091 5238 Dixit
1123 5185 1283 5247 Deus,
1310 5184 1435 5239 fecit
1476 5186 1636 5251 Deus,
1664 5190 1823 5243 bene-

233 5276 385 5332 dixit
407 5275 567 5329 Deus.
600 5277 820 5347 Propter
866 5288 972 5331 tres
1023 5293 1301 5347 personas,
1335 5288 1413 5332 ter
1445 5279 1670 5334 iteratur
1718 5296 1820 5335 una

230 5374 521 5430 divinitas.
551 5374 665 5439 Quo
696 5375 809 5427 loen
831 5373 1115 5427 evidenter
1168 5375 1478 5442 mysterium
1513 5376 1674 5430 etiam
1703 5373 1821 5429 Tris

232 5468 429 5522 uitatis
458 5464 709 5533 intelligo.
749 5464 882 5517 Ecce
913 5464 1085 5533 imago
1131 5465 1221 5518 Dei
1261 5473 1314 5518 et
1353 5464 1643 5520 similitudo
1701 5466 1820 5519 uni-

227 5559 441 5625 cuique
471 5556 670 5611 homini
710 5572 740 5610 a
772 5556 939 5610 tribus
992 5556 1169 5624 datur,
1221 5566 1275 5612 et
1324 5571 1497 5612 tamen
1550 5572 1653 5613 una
1696 5573 1817 5614 esse

227 5649 593 5719 dignoscitur.
618 5648 756 5701 Dixit
785 5648 939 5715 Deus,
968 5650 1237 5719 faciamus.
1257 5650 1546 5719 Diligenter
1575 5651 1812 5715 attende,

222 5741 373 5795 dum
406 5754 537 5794 unus
565 5739 709 5804 dicit,
739 5751 789 5794 et
845 5756 949 5796 non
978 5755 1111 5798 unus
1155 5740 1300 5808 facit,
1328 5741 1559 5822 dumque
1609 5743 1810 5798 iterum

1936 4660 2027 4705 aut
2054 4658 2201 4706 certe
2229 4650 2399 4719 ipsum
2429 4648 2639 4702 Patrem
2680 4662 2800 4701 esse
2828 4648 3175 4703 credendum.
3210 4651 3397 4707 Merito
3420 4653 3510 4721 qni

1938 4745 2195 4812 Spiritum
2233 4751 2477 4797 sanctum
2517 4758 2620 4794 non
2652 4740 2956 4806 confitetur,
2989 4756 3154 4811 usque
3198 4744 3263 4797 ad
3317 4754 3507 4799 contu-

1936 4837 2145 4890 meliam
2176 4834 2347 4889 Patris
2375 4831 2591 4887 confusa
2635 4842 2813 4886 mente
2854 4831 3169 4889 devolvitur.
3228 4833 3420 4901 Utique
3465 4834 3510 4887 si

1933 4926 2160 4992 factura,
2194 4925 2257 4976 ad
2284 4925 2455 4978 Patris
2487 4940 2590 4978 non
2618 4933 2795 4994 potest
2823 4927 3089 4993 pertinere
3135 4925 3507 4983 substantiam.

1933 5016 1987 5071 Si
2020 5031 2145 5069 vero
2192 5030 2311 5068 eum
2355 5028 2625 5082 paternam
2679 5026 2828 5083 putas
2858 5031 2978 5069 esse
3017 5021 3326 5085 potent'am,
3377 5032 3509 5086 quo-

1930 5109 2089 5160 modo
2120 5122 2241 5160 eum
2272 5121 2438 5173 usque
2463 5106 2527 5160 ad
2562 5106 2778 5159 factum:
2808 5107 3089 5161 humiliare
3119 5109 3396 5174 praesumis
3428 5109 3508 5160 itt-

1922 5198 2155 5265 juriam?
2190 5196 2296 5250 Nos
2348 5213 2474 5251 vero
2508 5197 2627 5265 Spir
2655 5207 2762 5249 tum
2794 5197 2879 5249 Dei
2932 5213 3035 5250 non
3087 5196 3153 5251 de
3187 5198 3343 5251 Patre
3373 5197 3501 5261 dici,

1925 5289 2019 5343 sed
2054 5288 2265 5357 proprie
2289 5289 2352 5341 de
2370 5289 2572 5355 Spiritu
2594 5299 2777 5341 sancto
2807 5288 3145 5343 evidentibus
3186 5288 3505 5342 testimoniis

1926 5380 2432 5435 dentnnstrabimus.
2460 5380 2708 5447 Legimus
2731 5380 2781 5433 iu
2813 5379 2945 5433 Isaia
3001 5396 3164 5449 super
3216 5379 3499 5433 Dominum

1923 5467 2105 5522 Jcsum
2125 5470 2469 5524 descendisse
2484 5470 2733 5537 Spiritum
2748 5478 2991 5523 sanctum
3015 5468 3237 5529 Domini,
3262 5471 3497 5538 spiritum

1920 5558 2184 5626 sapientia:
2212 5565 2260 5611 et
2283 5558 2586 5624 intellrctus,
2615 5558 2848 5627 spiritum
2867 5559 3063 5611 consilii
3093 5567 3139 5610 et
3163 5557 3498 5626 fortitudinis,

1919 5650 2153 5709 spiritum
2175 5651 2400 5703 scientia:
2446 5660 2492 5701 et
2518 5651 2719 5718 pietatis
2751 5648 2903 5719 (Isai.
2935 5652 3029 5717 ιι).
3066 5648 3138 5701 De
3190 5648 3290 5702 hoc
3325 5651 3503 5718 itaque

1917 5741 2102 5810 Spiritu
2137 5741 2368 5805 Domini,
2392 5741 2481 5811 qui
2529 5755 2688 5809 supra
2722 5740 3051 5795 Salvatorem
3087 5754 3237 5794 sacro
3268 5740 3494 5799 descen-
