3990 6390
534 353 602 406 I5
1392 396 1397 403 .
1805 355 2157 414 PASCHASII
2198 360 2461 419 DIACUNI
3707 375 3775 429 I6

533 465 610 520 dit
639 463 848 533 illapsu,
875 478 970 534 per
999 464 1186 520 Isaia‘tn
1221 441 1385 521 Filius
1417 465 1543 520 dicit
1575 484 1588 519 :
1635 465 1861 535 Spiritus
1896 469 2102 524 Domini
2128 479 2181 538 Α
2210 474 2340 528 lem?
2366 476 2431 530 Et
2458 476 2592 530 sicut
2616 476 2667 530 in
2695 476 2776 533 his
2799 478 2965 534 tribus
2988 480 3162 536 verbis
3184 482 3326 536 nulla
3373 480 3766 553 dissimilitudo.

532 573 684 627 super
713 572 791 610 me
818 555 951 625 (lsai
992 556 1122 626 ιιι).
1173 558 1239 611 Ει
1268 556 1588 626 evangelista
1635 556 1941 613 Matthzeus:
1972 559 2103 615 Ecce

534 644 697 715 aperti
729 654 847 698 sunt
876 646 919 698 ei
945 646 1076 710 coeli,
1113 653 1160 699 et
1183 646 1306 699 vidit
1333 644 1583 713 Spiritum
1602 644 1698 699 Dei
1722 648 2104 703 descendentem

532 737 660 789 sicut
691 735 975 789 columbam
995 737 1171 805 (Matt.
1201 735 1299 808 ιιι).
1326 736 1471 791 Hunc
1501 746 1676 791 autem
1708 740 1953 808 spiritum
1985 742 2101 806 Dei,

535 843 693 896 quem
728 828 776 879 in
810 826 1070 895 baptismo
1100 825 1340 880 Salvator
1366 826 1591 896 accepit,
1627 828 1905 883 manifeste
1934 829 2102 898 Spiri-

537 929 645 970 tum
675 923 915 969 sanctum
961 916 1128 968 Lucas
1159 915 1483 984 evangelista
1529 916 1811 985 perdocuit
1862 934 1979 973 esse
2018 918 2103 972 di-

534 1019 663 1059 cens
692 1002 877 1058 :Jesus
906 1002 1083 1073 plenus
1113 1002 1310 1070 Spiritu
1357 1013 1532 1057 sancto
1560 1022 1814 1077 regressus
1842 1018 1913 1061 cst
1938 1008 2107 1061 alor-

534 1095 666 1147 dane
692 1093 842 1164 (Luc.
868 1094 969 1164 ιιι).
1000 1092 1242 1161 Legimus
1265 1094 1315 1147 in
1342 1094 1459 1149 .locl
1497 1098 1751 1165 prepheta
1780 1116 1791 1149 :
1844 1096 1908 1152 In
1930 1099 2105 1153 diebus

534 1181 639 1236 illis
687 1182 948 1249 effundam
996 1181 1058 1234 de
1081 1182 1267 1250 spiritu
1320 1199 1431 1237 meo
1477 1201 1630 1254 super
1659 1202 1854 1241 omnem
1901 1204 2103 1241 carnem

539 1271 953 1343 (Joet.u).Quod
978 1271 1105 1326 dicit
1125 1271 1194 1326 de
1214 1272 1401 1341 spiritu
1425 1289 1564 1342 meo,
1595 1274 1661 1330 de
1687 1276 1888 1344 Spiritu
1923 1286 2107 1333 sancto

534 1367 737 1419 dictum
788 1378 907 1419 esse
952 1364 1294 1419 manifestum
1347 1375 1450 1433 est,
1504 1368 1626 1438 quia
1682 1369 1896 1439 quando
1949 1384 2107 1440 super

535 1460 806 1525 apostolos
837 1455 1069 1524 Spiritus
1107 1466 1321 1511 sanctus
1343 1472 1495 1513 sacra
1540 1461 1991 1531 quinquagesima:
2020 1477 2108 1518 so.

532 1546 806 1600 lemnitate
829 1544 1123 1609 descendit,
1152 1555 1277 1599 tunc
1326 1547 1465 1601 istud
1497 1550 1861 1605 testimonium
1892 1551 1959 1607 tle
1988 1568 2107 1622 pro-

534 1638 699 1707 pheta
731 1637 1009 1707 apostolus
1065 1639 1252 1693 Petrus
1275 1642 1483 1693 a:serit.
1517 1641 1667 1696 Ilunc
1721 1641 1978 1711 Spiritum
2012 1643 2110 1699 Pa-

534 1729 652 1793 tris,
680 1726 852 1796 ipsum
880 1741 999 1781 esse
1045 1727 1302 1796 Spiritum
1359 1739 1601 1784 sanctum
1659 1733 2000 1803 evangelista:
2027 1734 2111 1789 di-

2209 567 2351 620 nulla
2378 566 2701 633 dill'erentia,
2730 567 2802 623 ita
2830 569 2881 623 in
2913 570 3114 625 Trinita
3145 572 3189 627 is
3229 573 3453 628 veritate
3494 573 3635 628 nulla
3672 590 3773 645 po-

2209 664 2309 709 test
2328 669 2444 709 csse
2471 656 2756 710 dissensio.

2803 814 3029 871 CAPUT
3060 816 3171 871 VII.

2778 926 2853 981 De
2890 928 3048 998 digito
3088 926 3205 983 Dei.

2280 1084 2382 1141 Sed
2404 1086 2537 1141 dicis
2570 1103 2582 1140 :
2614 1086 2688 1140 Ex
2746 1085 2847 1141 hoc
2901 1088 3078 1142 minor
3103 1102 3222 1143 esse
3279 1089 3507 1159 Spiritus
3559 1104 3777 1151 sanctus

2210 1176 2535 1243 agnoscitur,
2569 1176 2690 1242 quia
2717 1176 2808 1230 Dei
2834 1174 3027 1245 digitus
3056 1186 3407 1245 nuncupatur.
3436 1179 3550 1235 Non
3583 1183 3648 1237 ita
3669 1193 3775 1239 ω.

2209 1267 2314 1322 Sed
2338 1268 2548 1337 quando
2569 1268 2719 1322 audis
2768 1268 2834 1323 de
2887 1268 3085 1338 Spiritu
3138 1281 3323 1327 sancto
3360 1273 3486 1339 dici,
3517 1274 3577 1330 Si
3603 1294 3694 1347 ego
3721 1279 3779 1331 in

2212 1358 2414 1428 Spiritu
2447 1358 2559 1426 Dei,
2584 1361 2669 1415 vel
2696 1360 2793 1414 Dei
2815 1363 2970 1430 digito
2993 1363 3141 1432 ejicio
3156 1363 3425 1429 dtemones,
3456 1380 3561 1421 non
3590 1383 3635 1437 gr
3653 1370 3778 1423 atiae

2211 1450 2655 1517 imminutionem,
2689 1451 2783 1505 sed
2818 1451 3127 1505 substantia:
3158 1453 3513 1510 demonstrari
3564 1462 3778 1515 noveris

2211 1543 2505 1595 unitatem:
2559 1555 2656 1595 nec
2704 1539 2925 1594 honoris
2971 1542 3403 1611 discrepantiam,
3454 1546 3549 1601 sed
3599 1552 3778 1612 Operis

2213 1648 2333 1687 esse
2361 1632 2725 1687 concordiam.
2752 1632 2887 1699 Quid
2925 1636 3085 1702 ergo?
3131 1636 3250 1703 quia
3283 1620 3510 1704 Spiritus
3563 1650 3777 1696 sanctus

2212 1722 2405 1791 digitus
2434 1720 2702 1776 interdum
2731 1721 2947 1790 dicitur,
2983 1722 3104 1776 ideo
3145 1724 3317 1779 minor
3362 1724 3496 1780 Filio
3523 1735 3577 1780 et
3624 1728 3779 1786 Patre

533 1833 691 1873 verso
716 1831 986 1882 sermone,
1014 1817 1107 1872 sed
1138 1832 1370 1872 consona
1401 1820 1621 1874 veritate
1638 1820 1955 1876 docuerunt.
1976 1821 2106 1876 Nam
2142 1845 2186 1905 Β
2214 1811 2477 1866 interdum
2510 1811 2766 1866 πεδίων·
2797 1810 2998 1881 Πθῖυεθ
3025 1812 3182 1880 huius
3225 1817 3588 1882 Ρεΐευθείοηίδ
3629 1835 3779 1875 erro-

534 1924 658 1963 cum
690 1906 966 1961 Matthaeus
996 1906 1230 1962 dixerit:
1256 1906 1378 1961 Non
1408 1908 1537 1962 enim
1568 1925 1655 1964 vos
1692 1910 1809 1963 estis
1838 1911 1921 1980 qui
1949 1912 2115 1981 loqui-

539 1998 687 2063 mini,
740 1997 828 2051 sed
868 1997 1077 2067 spiritus
1124 1998 1284 2067 patris
1335 1999 1483 2052 vestri
1512 1999 1598 2067 qui
1638 1998 1861 2069 loquitur
1888 2001 1939 2053 in
1977 2002 2116 2057 vobis

542 2086 678 2156 (Act.
694 2083 774 2154 tt),
792 2085 929 2139 hunc
943 2086 1185 2155 spiritum
1206 2087 1572 2155 Patrisaperte
1597 2086 1851 2156 Spiritum
1871 2100 2111 2144 sanetum

541 2196 661 2236 esse
688 2181 897 2235 Marcus
920 2180 1166 2249 exposuit
1191 2180 1406 2235 dicens:
1434 2180 1583 2246 Quod
1612 2182 1784 2235 datunt
1814 2183 1947 2235 vobis
1965 2183 2118 2252 fuerit

541 2271 594 2321 id
625 2270 892 2337 loquemini
919 2284 939 2323 :
964 2284 1065 2323 non
1098 2269 1227 2323 enim
1252 2285 1336 2323 vos
1356 2271 1472 2322 estis
1516 2268 1793 2340 loquentes,
1832 2270 1918 2325 sed
1950 2271 2119 2343 Spiri-

542 2369 621 2411 tus
648 2367 872 2412 sanctus.
907 2358 975 2413 Et
1028 2359 1198 2414 Lucas
1227 2358 1471 2415 similiter
1499 2358 1641 2414 hunc
1691 2361 1946 2430 Spiritum
2002 2362 2116 2429 Dei,

540 2449 799 2518 Spiritum
822 2464 940 2505 esse
958 2459 1201 2505 sanctum
1241 2450 1631 2505 demonstravit
1679 2449 1866 2505 dicens
1900 2468 1911 2503 :
1947 2450 2120 2507 Nolite

540 2540 745 2595 solliciti
776 2556 880 2595 esse
921 2541 1140 2611 qualiter
1168 2549 1257 2593 aut
1286 2541 1407 2609 quid
1458 2542 1661 2595 dicatis.
1713 2540 1938 2609 Spiritus
1988 2542 2119 2596 enim

538 2643 745 2690 sanctus
770 2635 965 2689 docebit
1002 2650 1088 2688 vos
1114 2634 1168 2688 in
1211 2634 1304 2688 illa
1336 2635 1481 2699 hora,
1522 2650 1634 2703 qua:
1675 2644 1904 2704 aporteat
1934 2635 2118 2690 dicere.

542 2728 848 2782 Secundum
878 2730 991 2782 hare
1023 2742 1152 2797 ergo
1201 2730 1448 2796 quotiens
1475 2737 1565 2782 aut
1612 2727 1871 2798 Spiritum
1925 2731 2120 2797 Patris,

546 2829 638 2872 aut
659 2820 916 2889 Spiritum
948 2806 1266 2888 Deilegitis,
1295 2819 1597 2884 specialiter
1617 2820 1683 2873 ad
1708 2820 1960 2890 Spiritum
1996 2835 2090 2875 san
2109 2851 2123 2863 -

546 2923 690 2967 ctum
714 2926 832 2968 esse
854 2910 1216 2977 referendum,
1265 2910 1509 2979 deposito
1534 2926 1754 2966 necesse
1808 2920 1893 2967 est
1940 2928 2125 2968 errore

548 3005 783 3058 fatearis.
826 3004 954 3058 Item
983 3016 1192 3072 quoque
1222 3001 1382 3056 Isaias
1409 3002 1662 3071 Spiritum
1694 3014 1933 3057 sanctum
1963 3019 2124 3058 unum

548 3097 600 3151 in
632 3096 801 3166 gloria
831 3095 1110 3149 Trinitatis
1141 3096 1774 3164 annuntiaveratquaudo
1818 3096 1966 3159 dicit,
2004 3095 2126 3149 Vidi

2218 1918 2354 1969 rem,
2379 1901 2499 1956 vide
2521 1916 2587 1955 ne
2610 1901 2892 1970 aliquoties
2922 1902 2975 1955 in
3024 1902 3122 1956 hac
3147 1903 3510 1972 designatione
3531 1907 3699 1975 digiti,
3728 1920 3781 1965 et

2217 1990 2428 2046 Patrem
2459 1989 2876 2058 comprehendat
2897 1999 2950 2044 et
2984 1989 3192 2045 Filium.
3229 1991 3561 2048 Meminimus
3584 2013 3685 2051 non
3715 1999 3780 2054 de

2218 2094 2323 2133 uno
2349 2079 2514 2149 digito
2540 2078 2739 2132 dictum
2770 2093 2911 2146 esse,
2935 2093 3053 2132 cum
3074 2079 3294 2149 legimus
3321 2098 3333 2133 :
3366 2082 3616 2147 Quoniam
3641 2088 3780 2142 video

2219 2170 2369 2223 caelos
2397 2179 2507 2223 tuos
2537 2183 2689 2238 opera
2714 2169 2991 2239 digitorum
3018 2178 3239 2227 tuorum.
3271 2171 3374 2225 Sed
3404 2173 3537 2228 dicis
3565 2175 3617 2229 in
3648 2176 3779 2247 digi.

2222 2259 2291 2312 tis
2318 2258 2384 2313 de
2416 2257 2553 2312 Filio
2601 2258 2701 2311 hoc
2730 2266 2955 2322 tantum,
2999 2266 3053 2313 et
3096 2257 3164 2313 de
3207 2260 3408 2328 Spiritu
3454 2274 3659 2329 sancto,
3686 2266 3779 2320 sub

2221 2349 2447 2419 quadam
2478 2347 2731 2402 dualitate
2762 2346 3070 2416 signari.Ne
3098 2350 3199 2403 hoc
3224 2350 3290 2404 de
3319 2350 3528 2406 duabus
3544 2355 3779 2422 personis

2219 2454 2465 2496 asserere
2491 2440 2722 2507 coneris,
2749 2440 2852 2495 alio
2896 2441 3014 2495 loco
3043 2440 3204 2496 Isaias
3246 2442 3531 2512 digitorum
3566 2461 3779 2502 numero

2219 2528 2482 2600 loquitur;
2534 2529 2846 2584 Trinitatem
2886 2529 3110 2588 dicens:
3159 2530 3286 2598 Quis
3337 2536 3581 2602 appendit
3632 2538 3777 2590 tribus

2219 2623 2394 2694 digitis
2418 2622 2601 2676 molem
2625 2629 2771 2677 terra:
2795 2621 2950 2692 (Isai.
2980 2623 3082 2693 tv)?
3103 2622 3239 2689 Quid
3261 2624 3559 2680 evidentius
3579 2627 3643 2680 de
3664 2627 3777 2681 Tri-

2223 2714 2401 2769 ni'atis
2430 2713 2651 2779 unitate,
2687 2712 2811 2783 quid
2842 2713 3063 2768 clarius?
3087 2714 3272 2771 Nonne
3303 2714 3388 2770 h’c
3429 2716 3480 2771 in
3510 2719 3668 2770 tribus
3691 2717 3767 2770 di-

2223 2805 2343 2875 gitis
2372 2806 2621 2874 potentim
2651 2805 3191 2874 uniusmqnalitatem,
3215 2810 3313 2863 sub
3335 2811 3547 2878 quadam
3576 2822 3772 2881 myste-

2225 2894 2287 2948 rii
2344 2894 2493 2947 lance
2540 2893 2792 2948 libravit?
2835 2895 2973 2963 Ergo
3038 2906 3093 2950 ut
3136 2897 3331 2952 dictum
3374 2907 3472 2965 est,
3519 2914 3636 2954 cum
3673 2900 3776 2970 jam

2226 2983 2517 3039 instructus
2565 2983 2641 3037 sis
2681 2983 2747 3038 de
2777 2985 3030 3039 societate
3073 2987 3269 3054 operis,
3324 3002 3427 3041 non
3476 2989 3682 3044 dubites
3716 2990 3780 3045 de

2225 3073 2494 3143 parilitate
2522 3074 2756 3143 virtutis,
2788 3074 3015 3131 dicendo
3040 3092 3189 3145 ergo,
3240 3079 3367 3142 Quis
3416 3083 3655 3150 appendit
3693 3083 3780 3135 tri-

553 3188 827 3240 Dominnm
852 3186 1103 3240 sedentem
1127 3201 1280 3254 super
1301 3184 1483 3239 solium
1505 3188 1775 3254 excelsum,
1804 3196 1849 3239 et
1876 3185 2123 3256 seraphim

2230 3167 2318 3220 bus
2346 3166 2515 3237 digitis
2546 3168 2728 3220 molem
2750 3176 2897 3220 terra:
2927 3182 2945 3220 :
2977 3167 3069 3220 llic
3091 3170 3393 3236 specialiter
3439 3171 3580 3238 loqui
3612 3173 3781 3226 volunt

550 3277 772 3345 stabant,
812 3285 859 3329 et
882 3276 1168 3329 clamabant
1212 3275 1342 3329 alter
1368 3276 1434 3329 ad
1462 3276 1698 3339 alterum,
1730 3274 1972 3341 Sanctus,
1998 3292 2119 3329 san-

552 3378 679 3433 ctus,
710 3377 934 3433 sanctus,
968 3366 1215 3421 Dominus
1245 3367 1379 3422 Deus
1403 3366 1631 3423 Sabaoth
1664 3366 1812 3437 (Isai.
1848 3369 1941 3437 γι).
1974 3368 2038 3424 Et
2070 3369 2123 3422 in

553 3455 1051 3525 consequentidicit
1080 3473 1094 3510 :
1120 3454 1187 3509 Et
1233 3456 1405 3509 audivi
1431 3471 1600 3509 vocem
1648 3453 1853 3508 Domini
1892 3456 2123 3521 dicentis,

564 3546 702 3617 Vade
742 3556 789 3600 et
818 3547 953 3600 dices
985 3546 1172 3617 populo
1210 3545 1325 3599 huic
1356 3560 1375 3598 :
1426 3544 1619 3598 Auditu
1662 3545 1895 3605 audietis.
1928 3554 1974 3598 et
2027 3560 2127 3597 non

555 3636 863 3706 intelligetis,
902 3645 946 3689 et
974 3635 1197 3689 videntes
1238 3634 1467 3688 videbitis
1508 3644 1557 3686 et
1587 3650 1687 3687 non
1732 3634 1982 3686 videbitis.
2034 3633 2129 3687 llic

562 3726 814 3779 Dominus
839 3724 1093 3791 Sabaoth,
1124 3725 1212 3793 qui
1240 3738 1334 3793 per
1361 3734 1685 3793 assutnptam
1714 3725 1947 3794 speciem
1982 3725 2128 3779 visus

553 3825 643 3871 est
671 3831 699 3867 a
730 3814 989 3883 propheta
1020 3814 1106 3869 vel
1135 3813 1345 3869 locutus
1371 3815 1527 3868 estin
1558 3812 1837 3885 prepbeta,
1862 3818 1981 3885 quis
2013 3815 2129 3871 fue-

560 3906 631 3959 rit
653 3905 703 3958 in
727 3904 946 3958 Aetibus
963 3903 1324 3973 apostolorum
1356 3904 1550 3958 Paulus
1584 3908 1853 3974 apostolus
1902 3908 2133 3961 ostendit

552 3996 743 4051 dicens
773 4011 786 4048 :
818 3992 956 4048 Bene
986 3992 1216 4063 Spiritus
1243 4005 1448 4048 sanctus
1468 4010 1557 4065 per
1590 3994 1780 4049 Isaiam
1836 3996 2133 4066 pmphetam

574 4094 762 4139 acutus
788 4092 859 4139 est
892 4085 961 4137 ad
984 4092 1154 4153 patres
1181 4094 1415 4139 nostros:
1444 4085 1635 4139 Audita
1656 4087 1895 4153 audietis,
1950 4096 1998 4142 et
2034 4104 2135 4142 non

551 4175 873 4246 intelligetis,
898 4183 950 4229 et
980 4174 1212 4227 videntes
1237 4173 1489 4240 videbitis,
1517 4183 1565 4228 et
1595 4192 1698 4229 non
1744 4176 1975 4231 videbitis
1998 4178 2131 4247 (Act.

556 4268 682 4338 ult).
714 4268 1005 4323 Credamus
1041 4266 1231 4322 saltem
1282 4267 1444 4323 Paulo
1499 4269 1729 4337 prmconi
1783 4268 2135 4325 celeberrimo

565 4359 826 4422 veritatis,
855 4359 977 4427 quia
1005 4357 1234 4425 Spiritus
1256 4364 1473 4411 sanctus
1513 4356 1672 4412 luerit
1700 4358 1788 4412 ille
1818 4360 1952 4413 Deus
1978 4374 2136 4414 excr-

565 4453 765 4506 cituum
817 4462 973 4518 quem
1021 4445 1154 4500 vidit
1206 4444 1394 4512 Isaias,
1445 4453 1500 4500 et
1536 4447 1624 4514 qui
1669 4446 1876 4501 locutus
1921 4455 2005 4502 est
2044 4463 2137 4517 per

2229 3258 2295 3311 de
2322 3256 2700 3326 cooperatione
2724 3257 2994 3326 potentiae,
3024 3266 3078 3313 et
3106 3259 3173 3314 de
3220 3260 3419 3315 unitate
3458 3262 3781 3326 substaut’m,

2226 3364 2344 3419 quae
2384 3364 2484 3403 uua
2508 3349 2802 3417 eademque
2832 3350 3019 3403 essein
3051 3349 3218 3405 tribus
3240 3351 3418 3420 digitis
3447 3354 3782 3420 approbatur.

2229 3441 2331 3497 Sed
2362 3440 2702 3495 nihilominus
2726 3440 2776 3494 in
2801 3439 2934 3495 Isaia
2968 3455 3248 3507 personam
3276 3444 3538 3512 propriam
3568 3445 3785 3514 Spiritus

2228 3532 2417 3597 sancti,
2451 3531 2549 3586 sub
2575 3530 2917 3586 distinctione
2946 3531 3223 3586 Trinitatis
3256 3533 3492 3588 adverte.
3526 3534 3626 3591 Ubi
3654 3538 3785 3591 enim

2230 3623 2396 3678 Filius
2418 3623 2647 3677 asseruit
2673 3622 2738 3676 de
2765 3635 2823 3677 se
2853 3623 3036 3678 dicens
3061 3640 3074 3676 :
3104 3623 3210 3692 Ego
3235 3625 3480 3693 primuset
3509 3643 3601 3697 ego
3632 3630 3789 3682 novis-

2229 3716 2404 3779 simus,
2437 3726 2825 3783 conscquenter
2852 3715 3065 3784 adjecit.
3093 3715 3158 3768 Et
3184 3733 3319 3770 nunc
3365 3717 3615 3774 Dominus
3661 3721 3790 3773 misit

2232 3823 2330 3872 me,
2353 3816 2397 3860 et
2421 3807 2647 3877 Spiritus
2666 3809 2777 3877 ejus
2807 3805 2958 3875 (lsai.
2997 3807 3202 3874 smn).
3235 3808 3384 3863 Alter
3422 3823 3547 3877 ergo
3592 3811 3644 3865 in
3676 3827 3791 3879 pcr-

2233 3912 2361 3951 Sona
2393 3906 2476 3951 est
2508 3897 2762 3951 Dominus
2810 3896 2983 3963 Pater,
3015 3898 3149 3953 alter
3180 3898 3407 3967 Spiritus
3453 3900 3546 3955 Dei
3604 3902 3792 3956 P..tris.

2234 3990 2415 4057 Itaque
2443 3990 2565 4042 dum
2593 4005 2620 4043 a
2647 3991 2803 4045 Patre
2824 4002 2874 4045 et
2905 3991 3103 4060 Spiritu
3135 4001 3319 4046 sancto
3338 3992 3595 4048 destinari
3638 3993 3795 4049 Filius

2235 4079 2447 4148 legitur,
2474 4081 2572 4134 suh
2603 4082 2760 4134 trTum
2792 4081 3006 4137 nomine
3031 4096 3374 4151 personarum
3422 4083 3652 4153 Sp‘ritus
3681 4101 3797 4138 san-

2235 4179 2353 4226 ctus
2388 4186 2416 4225 a
2448 4171 2737 4241 semetipso
2760 4172 3054 4229 subsistere
3092 4173 3366 4229 evidenter
3389 4176 3645 4244 aperitur,
3672 4177 3799 4229 sicut

2236 4261 2341 4317 alio
2372 4262 2488 4316 loco
2520 4262 2657 4317 idem
2710 4263 2978 4332 propriam
3008 4262 3283 4318 Trinitatis
3316 4263 3594 4334 distinguit
3622 4280 3800 4319 essen-

2236 4353 2387 4408 tiam.
2413 4352 2544 4407 Ecce
2573 4369 2699 4420 puer
2750 4370 2888 4405 mcus
2937 4354 3212 4421 suscipiam
3247 4371 3381 4421 tum,
3430 4358 3613 4411 electus
3643 4374 3800 4421 meus,

2240 4444 2544 4512 complacuit
2574 4444 2668 4496 sibi
2691 4444 2741 4496 in
2771 4443 2862 4496 illo
2883 4445 3052 4496 anima
3078 4460 3207 4511 mea,
3227 4445 3344 4499 dedi
3364 4446 3613 4516 Spiritum
3644 4464 3804 4500 meum

567 4544 778 4598 Isaiam.
806 4540 911 4596 Sed
942 4539 1063 4609 quia
1108 4537 1244 4591 trina
1274 4535 1594 4606 repetitione
1625 4538 1885 4607 persultat
1927 4536 2136 4600 Sancto,
2168 4557 2218 4617 D
2242 4550 2396 4602 super
2419 4550 2530 4587 eum
2556 4532 2707 4601 (lsai.
2740 4534 2889 4605 XLII).
2923 4534 3079 4588 Pater
3112 4535 3361 4589 diIeCtum
3392 4552 3611 4605 puerum
3652 4552 3805 4592 suum

570 4645 766 4700 sancto,
790 4641 988 4700 sancto,
1018 4630 1293 4687 videamus
1321 4643 1388 4683 an
1420 4643 1487 4683 ne
1537 4628 1624 4683 hic
1671 4627 1843 4681 honor
1893 4626 2144 4695 respiciat

571 4725 909 4780 Trinitatem.
938 4721 1100 4775 Isaias
1123 4734 1241 4773 cum
1263 4718 1420 4777 dicit:
1447 4718 1571 4772 Vidi
1594 4718 1863 4772 Dominum
1890 4718 2139 4787 Sabaoth,

574 4819 784 4871 Patrem
802 4815 1000 4870 Iudaeis
1022 4812 1326 4883 agnoscitur
1348 4810 1657 4880 praedicare.
1685 4809 1918 4865 Joannes
1945 4826 2140 4880 evang.

574 4916 754 4978 aperte
774 4906 960 4959 Filium
985 4902 1236 4973 probatur
1253 4915 1518 4966 asserere,
1545 4900 1614 4954 ita
1643 4900 1827 4955 dicens
1853 4918 1864 4952 :
1900 4899 2141 4971 Proptrr-

575 5016 635 5053 ea
680 5014 781 5051 non
810 5004 1040 5068 poterant
1070 4993 1269 5046 credere
1291 4993 1343 5047 in
1389 4990 1587 5056 Iesum,
1618 4993 1736 5061 quia
1767 4993 1893 5045 dixit
1924 4991 2091 5045 Isaias
2121 5007 2143 5047 :

576 5089 854 5146 Exctecavit
885 5087 1055 5141 oculos
1085 5093 1341 5150 eorum,et
1376 5084 1636 5139 obduravit
1658 5102 1744 5138 cor
1762 5101 1929 5138 eorum
1961 5082 2137 5156 (Joan.

576 5198 664 5247 sit;
702 5178 828 5233 Isai.
853 5177 950 5247 Vl).
987 5177 1112 5231 Ilaec
1139 5175 1279 5229 dixit
1304 5175 1486 5241 Isaias,
1515 5176 1729 5246 quando
1761 5176 1895 5229 vidit
1916 5177 2138 5245 gratiam

578 5271 691 5325 Filii
725 5268 841 5335 Dei,
865 5275 918 5321 et
966 5266 1174 5321 locutus
1204 5274 1286 5319 est
1324 5266 1388 5320 de
1427 5280 1510 5320 co.
1567 5266 1717 5330 Quod
1772 5274 1946 5319 autem
2000 5266 2139 5321 idem

579 5363 736 5417 Isaias
761 5359 909 5421 dicit,
944 5355 1009 5410 Et
1038 5356 1209 5410 audivi
1256 5371 1424 5408 vocem
1474 5354 1676 5407 Domini
1731 5355 1963 5423 dicentis,
2002 5354 2147 5410 Vade

580 5462 619 5508 et
642 5453 723 5506 dic
749 5447 940 5522 populo
960 5448 1110 5500 huic:
1132 5446 1355 5499 videntes
1382 5445 1633 5509 videbitis,
1677 5457 1723 5500 et
1748 5462 1847 5499 non
1891 5446 2139 5501 videbitis.

580 5542 727 5598 Hunc
757 5541 1038 5596 Dominum
1062 5536 1331 5607 apostolus
1362 5535 1941 5605 Paulus,-ut°diximus,
1975 5535 2145 5607 Spiri-

584 5638 689 5685 tum
717 5640 957 5685 sanctum
980 5642 1101 5683 esse
1120 5626 1419 5682 confirmat.
1436 5626 1600 5682 Vides
1623 5642 1749 5697 ergo
1762 5628 1883 5697 quia
1900 5626 2137 5697 Sanctus,

586 5737 803 5791 sanctus,
831 5734 1052 5791 sanctus,
1080 5721 1197 5780 haec
1215 5738 1319 5780 vox
1356 5730 1516 5781 totam
1546 5723 1885 5781 concelebrat
1910 5708 2141 5779 Trinita-

2245 4632 2418 4687 vocat,
2449 4639 2609 4692 super
2632 4639 2787 4693 quem
2812 4623 2955 4677 dedit
2973 4625 3224 4692 Spiritum
3247 4640 3420 4691 suum,
3441 4626 3507 4680 de
3529 4642 3634 4696 quo
3654 4627 3808 4683 Jesus

2244 4713 2488 4769 Christus
2536 4715 2745 4785 prOpria
2775 4730 2903 4769 Voce
2942 4724 3205 4770 testatur:
3241 4716 3465 4786 Spiritus
3496 4717 3810 4773 Dominisu-

2244 4822 2332 4876 per
2355 4821 2433 4859 me
2463 4804 2610 4873 (Luc.
2648 4810 2740 4875 tv).
2777 4806 2843 4859 Et
2870 4814 2926 4859 ut
2973 4806 3101 4860 illud
3146 4809 3305 4861 etiam
3351 4809 3598 4877 gentibus
3644 4811 3811 4879 possit

2245 4911 2363 4952 esse
2384 4896 2741 4959 manifestum,
2769 4895 2866 4959 Ite,
2887 4898 3074 4966 inquit,
3100 4898 3348 4967 baptizote
3362 4916 3531 4953 omnes
3558 4912 3734 4969 gentes
3762 4904 3811 4956 in

2248 4990 2450 5041 nomine
2474 4987 2645 5042 Patris
2670 4999 2715 5042 et
2742 4986 2867 5041 Filii
2892 4998 2936 5042 et
2978 4988 3201 5059 Spiritus
3229 4993 3387 5044 sancti
3421 4989 3636 5059 (Matth.
3669 4994 3809 5059 ult.).

2254 5081 2348 5137 Ubi
2382 5080 2481 5134 sub
2505 5079 2675 5134 tribus
2707 5078 2970 5147 personis,
3006 5095 3165 5134 unum
3189 5095 3319 5148 Opus
3340 5089 3573 5135 etunum
3620 5098 3813 5137 nomen

2248 5172 2531 5226 indivisam
2575 5171 2766 5224 asserit
2798 5169 3151 5239 majestatem.‘
3202 5170 3467 5226 Ilabemus
3506 5181 3563 5226 ut
3616 5174 3813 5229 dictum

2247 5270 2331 5318 est
2361 5261 2651 5316 secundum
2682 5261 2874 5317 Lucam
2900 5280 2915 5317 :
2950 5261 3017 5316 Et
3045 5261 3167 5317 Jesu
3206 5266 3457 5332 baptizata
3484 5275 3718 5334 apertum
3747 5276 3816 5321 est

2255 5354 2466 5418 coelum,
2506 5363 2551 5405 et
2576 5354 2829 5407 descendit
2862 5352 3087 5424 Spiritus
3120 5365 3325 5409 sanctus
3373 5358 3627 5425 corporali
3656 5358 3817 5425 specie

2250 5448 2381 5499 sicut
2410 5446 2661 5510 columba,
2691 5457 2735 5499 et
2776 5463 2871 5499 vox
2897 5447 2959 5500 de
2993 5448 3114 5499 ratio
3146 5450 3281 5516 facta
3328 5458 3439 5500 est:
3472 5448 3549 5500 Tu
3599 5466 3652 5503 es
3681 5451 3817 5519 ﬁlius

2252 5554 2391 5592 meus
2421 5537 2655 5601 dilectus,
2684 5538 2734 5590 in
2769 5547 2815 5591 te
2839 5539 3118 5608 complarui
3149 5538 3299 5610 (Luc.
3346 5539 3422 5609 ιιι)
3455 5556 3469 5593 :
3506 5539 3672 5596 Filius
3694 5554 3819 5608 ergo

2252 5630 2304 5685 in
2327 5630 2821 5699 corpore,Spiritus
2851 5639 3064 5685 sanctus
3088 5632 3136 5684 in
3163 5631 3337 5700 specie
3358 5630 3640 5696 columbas,
3666 5633 3819 5686 Pater

2252 5722 2550 5778 declartur
2579 5722 2627 5775 in
2674 5735 2823 5776 voce.
2857 5719 2962 5776 Sed
2996 5719 3095 5775 hoc
3143 5719 3258 5774 loco
3290 5718 3626 5788 intelligenda
3657 5732 3741 5775 est
3770 5719 3816 5773 iu
