3990 6390
270 408 335 459 17
1435 421 1521 477 DE
1562 418 1830 482 SPIRITU
1867 424 2135 485 'SANCTO
2172 427 2296 486 LIB.
2342 429 2380 486 Ι.
3454 444 3515 497 18

264 522 508 577 columba
542 524 749 592 species
784 529 1165 597 pertransicns,
1202 544 1305 585 non
1338 533 1629 590 substantia
1663 552 1842 607 perse-
1869 544 1920 603 Α
1950 552 2247 611 opportuna
2279 544 2361 599 vel
2390 544 2587 599 dixeris
2615 546 2697 601 vel
2729 549 2979 618 audieris,
3024 555 3259 626 nunquid
3315 558 3367 613 in
3418 558 3517 616 hoc

264 628 475 667 VI'I'JIIS.

851 687 1074 743 CAPUT
1117 690 1244 746 Vill.

302 771 423 825 Non
450 773 620 829 obesse
638 777 802 856 sancti
842 776 1069 845 Spiritus
1100 781 1295 856 deitati,
1321 783 1439 856 quia
1476 799 1565 837 nec
1607 787 1805 856 genitus

654 847 885 900 videatur
912 864 1020 902 esse
1059 866 1147 904 nec
1177 847 1454 923 ingenitus.

332 954 440 1010 Sed
466 957 605 1012 inter
631 957 745 1014 hazc
765 973 885 1014 cum
915 961 1144 1031 Spiritus
1191 966 1358 1019 sancti
1391 981 1674 1035 personant
1714 984 1841 1038 pro-

262 1048 435 1114 priam
465 1048 921 1119 demonstremus,
947 1062 1001 1108 et
1048 1054 1257 1111 Patrem
1300 1057 1650 1114 confiteamur
1689 1062 1840 1131 inge-

262 1140 455 1205 nitum,
482 1141 674 1195 Filium
700 1159 827 1198 vero
858 1160 1245 1215 cognoscamus
1274 1149 1625 1219 unigenitum,
1648 1156 1841 1221 quieris

259 1243 291 1282 a
321 1246 406 1285 me
434 1241 608 1287 utrmn
631 1236 861 1303 Spiritus
890 1248 1105 1293 sanctus
1127 1240 1415 1310 ingenitus,
1440 1258 1507 1297 an
1530 1246 1757 1313 genitus,
1775 1259 1839 1298 an

260 1321 388 1389 quid
413 1324 563 1377 aliud
587 1326 921 1383 conﬁtendus
948 1330 1033 1383 sit.
1083 1331 1370 1400 Scriptura:
1417 1344 1617 1390 sancta:
1646 1336 1712 1390 de
1742 1352 1839 1405 po-

262 1411 427 1465 tentia
464 1422 518 1467 et
559 1415 757 1471 deitate
787 1417 1019 1487 Spiritus
1063 1424 1231 1477 sancti
1287 1424 1602 1495 loquuntur,
1656 1436 1836 1483 utrum

263 1515 391 1556 vero
411 1506 619 1573 genitus
650 1507 753 1562 dici
776 1509 1055 1567 debeatan
1084 1504 1365 1585 ingenitus,
1401 1532 1504 1571 non
1528 1518 1832 1588 laquuntur.

270 1591 404 1646 Vide
432 1610 562 1664 quas
603 1598 702 1652 sibi
756 1601 1005 1658 tenebras
1053 1606 1379 1663 inﬁdelitatis
1420 1610 1565 1664 facit.
1596 1610 1713 1666 Non
1758 1612 1837 1669 vis

263 1684 425 1752 scire,
464 1689 581 1756 quia
627 1691 796 1747 noluit
840 1696 1106 1764 ignorari;
1148 1710 1202 1754 et
1252 1702 1333 1755 vis
1384 1703 1522 1757 scire
1560 1706 1681 1774 quia
1731 1721 1834 1760 non

259 1774 417 1841 jussit
446 1778 657 1847 inquiri.
691 1782 803 1837 Non
838 1785 971 1840 dixit
1002 1791 1274 1858 genitum,
1309 1809 1376 1848 ne
1408 1794 1599 1849 Ftlium
1651 1797 1837 1853 crede—

256 1880 346 1919 res
380 1884 394 1919 :
418 1883 522 1922 non
545 1870 682 1925 dixit
712 1874 1025 1946 ingenitum,
1058 1894 1126 1936 ne
1153 1880 1361 1938 Patrem
1386 1894 1621 1954 putares;
1649 1888 1741 1941 sed
1766 1887 1830 1941 ad

255 1958 508 2011 essentia:
557 1959 993 2035 distinctionem,
1042 1973 1335 2039 procedere
1380 1990 1501 2030 cum
1551 1993 1616 2032 ex
1682 1978 1835 2035 Patre

255 2053 479 2101 testatus
507 2061 609 2116 εει,
638 2052 776 2110 sicut
808 2057 1032 2127 legimus
1065 2078 1081 2117 :
1132 2061 1429 2121 Paracletus
1457 2070 1545 2138 qui
1584 2085 1646 2123 ex
1675 2069 1835 2126 Patre

252 2139 497 2203 procedit.
533 2144 661 2210 Qua:
689 2161 810 2203 eum
840 2150 913 2205 ita
942 2153 1070 2221 sint,
1104 2156 1189 2211 vel
1219 2158 1298 2213 sic
1319 2174 1545 2228 agnosce
1569 2162 1833 2230 Spiritum

250 2240 496 2286 sanctum
542 2238 808 2303 propriam
857 2241 1055 2298 habere
1106 2260 1412 2316 personam.
1448 2251 1650 2307 Prwter
1696 2254 1830 2309 duos

250 2329 373 2373 esse
403 2321 613 2378 tertium
639 2328 828 2394 probat
855 2330 1137 2390 diversitas
1166 2341 1417 2405 nominis,
1452 2343 1830 2409 procedentem

250 2420 315 2460 ⁸⁸
351 2409 481 2478 Deo.
514 2428 620 2467 non
648 2431 769 2472 esse
796 2420 987 2478 ordine
1026 2426 1109 2480 vel
1134 2427 1300 2495 gradu
1333 2430 1547 2483 tertium
1573 2441 1835 2487 manStrat

252 2505 432 2558 unitas
463 2508 776 2575 majestatis.
810 2513 909 2580 Qui
931 2518 1071 2571 enim
1102 2520 1169 2574 de
1201 2522 1542 2576 interioribus
1589 2525 1673 2576 De:
1708 2540 1834 2593 pro-

254 2596 519 2665 greditur,
548 2615 650 2655 uon
702 2604 796 2659 Dei
848 2617 1109 2677 creatura,
1144 2614 1236 2666 sed
1293 2614 1385 2669 Dei
1436 2616 1687 2683 probatur
1717 2633 1837 2676 esse

258 2690 581 2748 substantia.
611 2697 727 2753 Non
779 2705 1035 2760 scruteris
1087 2709 1316 2777 qualiter
1360 2711 1498 2767 Deus
1556 2714 1623 2767 sit
1678 2729 1835 2781 Quem

252 2780 425 2835 Deum
455 2799 576 2840 esse
602 2790 940 2848 manifestum
973 2808 1074 2851 est.
1130 2800 1227 2854 ilic
1266 2802 1400 2856 ratio
1454 2804 1601 2870 latet,
1635 2807 1833 2862 veritas

252 2889 361 2929 non
393 2876 540 2933 latet.
572 2882 678 2936 Cur
707 2886 1004 2957 interroges
1025 2891 1294 2959 quomodo
1322 2894 1390 2947 sit
1410 2896 1587 2951 socius
1601 2907 1833 2968 etmqua-

251 2966 320 3020 lis
350 2971 510 3037 regis,
534 2987 690 3042 quem
725 2979 854 3047 regii
885 2992 1091 3037 constat
1121 2999 1241 3039 esse
1266 2986 1484 3042 honoris
1515 2998 1567 3045 et
1595 2992 1827 3061 generis.

248 3060 329 3113 Ex
363 3064 631 3131 superﬂuo
681 3068 749 3124 de
787 3072 1001 3128 nomine
1050 3075 1227 3143 agitur
1260 3076 1553 3147 inquisitio,
1588 3060 1672 3135 ubi
1725 3096 1832 3136 non

243 3158 333 3203 est
364 3150 429 3206 de
458 3154 781 3213 sublimitate
802 3159 1068 3218 dubitare.
1099 3164 1239 3233 Ergo
1260 3164 1488 3232 Spiritus
1516 3177 1732 3225 sanctus
1759 3186 1826 3225 ex

241 3246 480 3310 utroque
512 3246 771 3315 procedit,
816 3249 935 3305 ideo
971 3251 1098 3307 dicit
1132 3270 1146 3307 :
1203 3254 1305 3321 Qui
1353 3265 1522 3311 autem
1572 3258 1826 3327 Spiritum
1857 3281 1902 3345 ρ

240 3327 441 3385 Christi
469 3350 569 3386 non
596 3334 765 3406 habet,
799 3339 880 3393 hic
907 3357 1007 3394 non
1044 3351 1119 3397 est
1168 3346 1301 3414 ejus.
1336 3346 1399 3399 Et
1427 3347 1531 3401 alio
1564 3348 1703 3403 loco.
1737 3347 1830 3403 In-

240 3423 462 3491 su/ﬂavit
488 3437 532 3480 et
559 3429 733 3485 dixit:
763 3433 990 3503 Accipite
1020 3436 1273 3507 Spiritum
1326 3449 1578 3495 sanctum.
1635 3443 1826 3499 Utrum

240 3511 517 3579 ingenitus
544 3516 613 3571 sit
665 3533 730 3573 an
761 3522 972 3590 genitus
1023 3527 1271 3595 requiris.
1304 3526 1446 3582 Nihil
1486 3544 1551 3584 ex
1584 3530 1685 3585 hoc
1714 3533 1830 3586 elo-

238 3605 369 3674 quia
428 3621 577 3661 sacra
635 3612 967 3679 cecinerunt,
1007 3615 1157 3670 nefas
1184 3627 1265 3671 est
1314 3632 1601 3688 erumpere
1650 3622 1825 3675 divina

239 3694 480 3749 silentia.
514 3698 663 3761 Quod
695 3699 832 3756 Deus
861 3702 1154 3773 Scripturis
1175 3707 1284 3760 suis
1330 3708 1670 3764 indicandum
1706 3726 1826 3769 esse

242 3799 357 3837 non
387 3787 635 3852 credidit,
660 3788 896 3847 indicare
924 3794 1007 3848 vel
1039 3796 1177 3850 scire
1209 3804 1260 3851 te
1306 3798 1570 3867 superﬂua
1600 3801 1826 3857 curiosi-

243 3885 357 3930 tate
382 3879 569 3953 noiuit.
606 3880 715 3935 lloc
743 3885 1027 3952 pervenire
1072 3886 1271 3943 debere
1301 3888 1558 3944 indicavit
1585 3891 1648 3943 ad
1698 3906 1825 3945 con-

241 3969 525 4024 scientiam
555 3980 720 4037 tuam,
750 3977 889 4045 quod
921 3980 1224 4047 pertinetad
1239 3981 1461 4036 salutem
1492 3991 1654 4038 tuam.
1687 3985 1821 4052 Quid

240 4058 400 4114 vobis
430 4061 497 4115 de
525 4076 713 4118 sancto
738 4066 936 4136 Spiritu
967 4070 1036 4124 sit
1062 4071 1405 4138 credendum,
1432 4086 1613 4129 sancta
1632 4090 1826 4131 consu-

242 4150 424 4204 lamus
452 4154 684 4223 eloquia.
718 4156 829 4211 lloc
873 4158 1045 4228 ipsum
1101 4163 1242 4215 enim
1287 4163 1427 4232 quod
1459 4164 1530 4217 ait
1587 4166 1823 4232 genitum

243 4238 464 4301 Filium,
492 4242 727 4311 iniquum
754 4246 934 4301 dicere
963 4248 1210 4314 auderes,
1235 4251 1337 4306 nisi
1361 4252 1565 4307 emlesti
1596 4268 1659 4305 ex
1684 4254 1823 4307 Scri-

238 4329 422 4397 pturis
445 4334 787 4387 attestatione
813 4334 1119 4391 didicisses?
1146 4338 1250 4393 Aut
1274 4340 1509 4409 nunquid
1541 4356 1826 4410 usurpares

237 4434 495 4475 asserere
519 4422 783 4478 Christum
813 4426 1117 4494 Dominum,
1136 4431 1215 4486 vel
1237 4445 1302 4486 ex
1332 4431 1551 4501 Virgine
1580 4448 1826 4502 procrea-

234 4517 376 4572 tum,
409 4510 491 4565 vel
523 4526 586 4565 ex
618 4528 853 4582 mqumvo
873 4526 926 4571 et
975 4529 1241 4575 coaeterno
1273 4522 1428 4577 Patre
1458 4526 1819 4595 progenitum,

231 4596 344 4651 nisi
397 4613 461 4654 ex
518 4602 749 4659 lectione
787 4608 1129 4678 sumpsisses,
1184 4612 1286 4667 nisi
1333 4613 1401 4668 de
1460 4616 1568 4670 Deo
1614 4616 1820 4672 divinas

230 4703 399 4744 voces
428 4692 842 4763 interrogasses?
873 4698 936 4751 Et
968 4698 1087 4753 ideo
1114 4703 1385 4771 quomodo
1416 4706 1719 4761 consentire
1747 4707 1815 4762 de

227 4782 438 4853 Spiritu
493 4798 682 4842 sancto
729 4789 946 4855 debeas,
1001 4793 1065 4846 ad
1111 4796 1384 4861 apostolos
1431 4805 1483 4850 et
1539 4798 1813 4867 evangelia

210 4868 450 4959 inportet
482 4884 538 4929 ut
576 4878 784 4937 redeas.
817 4896 936 4935 cum
963 4884 1155 4950 quibus
1184 4896 1237 4940 et
1293 4887 1346 4940 in
1402 4888 1595 4957 quibus
1646 4888 1812 4944 Deum

218 4961 467 5049 ‘locutum
499 4980 617 5020 esse
647 4982 754 5021 non
783 4968 1015 5025 dubitas.
1044 4971 1253 5044 Utergo
1280 4974 1344 5029 ad
1363 4990 1810 5044 supervacaneam

227 5054 658 5121 propositionem
691 5067 835 5111 tuam
862 5059 1102 5127 redeam,
1137 5065 1376 5134 nunquid
1408 5067 1459 5120 in
1518 5068 1617 5122 hac
1642 5070 1809 5137 gratia

222 5141 314 5195 vel
350 5143 645 5198 substantia
673 5145 903 5215 Spiritus
933 5152 1103 5206 sancti
1138 5151 1386 5222 habetur,
1414 5155 1461 5210 si
1488 5168 1579 5213 aut
1608 5159 1808 5227 ingeni-

224 5240 314 5286 tus
348 5234 600 5301 probetur
625 5247 712 5291 aut
741 5241 995 5308 genitus?
1025 5243 1155 5298 Nam
1198 5261 1296 5302 nec
1338 5247 1474 5305 Filio
1519 5252 1807 5321 quidquam

224 5326 474 5395 derogat,
506 5330 645 5398 quod
676 5330 942 5401 ingenitus
967 5350 1089 5392 esse
1131 5353 1239 5393 non
1293 5340 1507 5410 legitur,
1538 5359 1637 5399 nec
1666 5344 1821 5401 Patri.

224 5417 371 5484 quod
401 5420 609 5486 genizus
633 5437 738 5477 non
773 5424 1014 5481 habetur.
1059 5428 1115 5483 ln
1145 5429 1509 5499 hujuscemodi
1540 5438 1809 5490 sermoni-

224 5508 329 5562 bus
355 5510 660 5579 proprietas
690 5523 772 5568 est
811 5518 1209 5588 appellationis,
1242 5536 1347 5577 non
1393 5523 1680 5581 diversitas
1712 5542 1809 5595 po-

226 5600 440 5654 testatis
466 5604 545 5657 vel
578 5606 889 5675 majestatis.
914 5610 1137 5669 Genitus
1166 5625 1217 5668 ct
1246 5614 1533 5686 ingenitus,
1567 5633 1811 5687 persona:

224 5699 308 5744 est
322 5690 356 5744 d
383 5694 642 5761 ﬂorentia,
660 5713 762 5752 non
787 5709 1009 5758 naturae.
1027 5688 1157 5760 Curii
1171 5721 1297 5776 ergo
1314 5706 1380 5763 de
1400 5708 1580 5778 genito
1594 5720 1645 5765 et
1665 5712 1808 5781 iuge-

228 5783 346 5837 nito
377 5783 579 5841 inutilia
628 5798 681 5845 et
728 5806 832 5846 non
883 5796 1211 5865 necessaria,
1268 5805 1319 5854 ct
1356 5798 1485 5855 soiis
1525 5800 1808 5859 calumniis

1948 636 2053 688 tine
2073 645 2215 691 stare
2256 649 2541 693 contentus
2570 641 2703 694 eris?
2723 642 2877 698 Certe
2922 645 3095 703 adhuc
3142 662 3317 705 utrum
3377 653 3516 710 Deus

1945 725 2015 778 sit
2048 726 2423 796 interrogabis.
2452 732 2582 785 Cum
2618 748 2795 788 verum
2837 737 3000 792 Deum
3031 754 3150 795 esse
3180 759 3241 797 ex
3274 743 3358 799 bis
3397 763 3518 816 qua:

1947 816 2192 885 leguntur
2220 825 2513 890 acceperis,
2563 826 2671 893 jatn
2703 829 2843 896 quod
2875 830 3171 903 interroges
3201 851 3305 891 non
3350 840 3518 895 babe-

1946 906 2048 971 bis,
2078 909 2197 977 quia
2226 925 2345 964 cum
2385 917 2614 982 coeperis
2642 920 2793 973 fortia
2836 932 2886 973 et
2924 934 3287 981 consummata
3309 943 3513 999 cogno-

1944 1013 2116 1066 scere,
2144 1000 2316 1055 inania
2347 1013 2401 1058 et
2454 1020 2616 1060 vacua
2660 1026 2764 1065 non
2799 1012 3056 1083 indigebis
3104 1017 3391 1089 inquirere.
3418 1022 3531 1077 Ubi

1944 1104 2071 1158 ergo
2112 1092 2356 1147 utilitatis
2387 1096 2521 1150 ratio
2545 1107 2599 1152 et
2650 1102 2888 1158 veritatis
2919 1121 3041 1161 esse
3070 1110 3378 1181 intelligitur
3410 1115 3523 1184 ple-

1945 1179 2151 1244 nitudo,
2176 1180 2302 1235 illuc
2332 1184 2579 1240 salutaris
2609 1190 2837 1257 pendeat
2858 1194 3103 1251 intentio.

2552 1327 2778 1384 CAPUT
2807 1332 2895 1386 IX.

2015 1412 2265 1483 Spiritum
2284 1427 2515 1472 sanctum
2544 1423 2872 1489 perfec'orcm
2893 1444 3000 1484 esse
3022 1432 3380 1491 charismatum
3402 1448 3451 1492 et

2569 1491 2881 1562 largitorem.

2014 1596 2274 1667 Spit-Itum
2303 1614 2543 1659 sanctum
2567 1610 2864 1666 cmlestium
2895 1615 3272 1677 charismatum
3305 1624 3519 1695 largito-

1940 1702 2051 1741 rem
2110 1700 2165 1745 et
2204 1693 2629 1763 dispensatorem
2670 1700 3153 1763 sat'tctifieationum
3199 1714 3357 1768 etiam
3393 1693 3517 1785 ipsa

1940 1779 2077 1832 ratio
2104 1784 2333 1862 nominis
2373 1798 2713 1855 protestatur.
2757 1792 3143 1864 Magnificentia
3200 1814 3373 1859 autem
3401 1779 3518 1875 ejus

1937 1872 2097 1923 etiam
2128 1872 2178 1924 in
2206 1874 2381 1930 Veteri
2415 1878 2760 1934 Testamento
2803 1886 3082 1943 manifesta
3116 1903 3217 1946 est.
3251 1894 3380 1948 Nam
3412 1872 3519 1952 illic

1939 1960 2106 2027 gratia
2140 1962 2256 2029 ejus
2280 1980 2384 2019 non
2418 1966 2517 2023 nisi
2542 1972 2723 2047 certis‘
2752 1975 3068 2045 quibusque.
3102 1979 3150 2033 id
3185 1991 3265 2036 est
3295 1987 3517 2051 patriar-

1936 2047 2049 2102 chis
2082 2051 2282 2118 pariter
2310 2062 2365 2109 et
2390 2058 2698 2128 prophetis,
2730 2071 2785 2117 et
2831 2068 3032 2122 sanctis
3062 2047 3353 2141 electisque
3392 2090 3518 2130 coa-

1935 2152 2084 2192 cessa
2124 2150 2227 2205 est,
2256 2152 2313 2197 ut
2341 2159 2438 2214 per
2464 2148 2633 2216 ipsam
2681 2150 2942 2209 donorum
2977 2158 3355 2224 perfectionem
3415 2164 3515 2218 do-

1936 2230 2113 2285 nantis
2145 2232 2411 2305 intelligas
2431 2237 2764 2309 dignitatem.
2790 2246 3055 2311 Quantum
3110 2267 3235 2307 vero
3279 2254 3331 2308 iu
3373 2256 3517 2311 Scri-

1937 2320 2106 2384 pturis
2159 2325 2362 2380 sanctis
2401 2330 2843 2391 manifestissime
2907 2337 3356 2410 deprehenditur,
3412 2349 3515 2402 alia

1939 2405 2095 2461 Pater
2120 2409 2233 2479 ipse
2256 2427 2351 2481 per
2375 2431 2456 2482 se,
2484 2418 2586 2472 alia
2604 2423 2909 2489 specialiter
2929 2405 3024 2496 per
3046 2429 3261 2499 Filium,
3290 2405 3392 2489 alia
3421 2452 3519 2505 per

1938 2499 2192 2567 Spiritum
2216 2517 2482 2571 sanctum,
2511 2511 2634 2567 licet
2662 2515 2761 2567 sub
2792 2518 3072 2589 privilegio
3102 2527 3350 2590 potentia:
3366 2499 3516 2584 com-

1940 2589 2115 2642 munis
2155 2603 2431 2662 operatur.
2481 2598 2612 2665 Quia
2661 2620 2865 2671 sumus,
2920 2608 2985 2663 ad
3034 2589 3243 2668 Patrem
3302 2622 3517 2688 proprie

1939 2681 2128 2737 referri
2168 2687 2399 2756 videtur,
2421 2690 2471 2743 in
2487 2709 2607 2762 quo,
2629 2696 2769 2751 sicut
2793 2700 3080 2768 Apostolus
3093 2704 3222 2761 dicit
3246 2724 3260 2761 :
3284 2681 3515 2775 uiuimus,

1937 2789 2213 2841 movemur,
2246 2787 2291 2832 et
2310 2796 2505 2836 sumus.
2538 2784 2688 2851 Quod
2723 2783 2849 2844 vero
2883 2794 3106 2849 rationis
3136 2808 3192 2852 et
3240 2801 3517 2869 sapientia!

1936 2873 1991 2919 et
2013 2867 2234 2934 justitia:
2280 2886 2505 2941 capaces
2551 2891 2758 2947 sumus,
2798 2883 2874 2938 illi
2919 2888 3244 2958 specialiter,
3292 2867 3382 2962 qui
3432 2906 3515 2951 est

1940 2957 2075 3011 ratio
2116 2968 2168 3013 et
2193 2963 2450 3031 sapientia
2499 2977 2551 3023 et
2576 2969 2801 3039 justitia,
2835 2974 2888 3028 id
2917 2987 2999 3031 cst
3056 2979 3171 3035 filio
3207 2957 3512 3053 deputatur.

1935 3047 2085 3115 Quod
2114 3063 2288 3108 autem
2315 3059 2487 3114 vocati
2519 3077 2917 3131 regeneramur,
2946 3080 2999 3125 et
3030 3079 3327 3142 regenerati
3363 3080 3513 3134 inno-

1937 3154 2144 3208 vamur,
2175 3145 2410 3203 iunovati
2454 3154 2872 3227 sanctifchmur,
2928 3175 3025 3231 per
3074 3164 3251 3220 divina
3300 3169 3513 3240 eloquia

1936 3247 2179 3300 persona:
2222 3237 2456 3308 Spiritus
2512 3246 2683 3301 sancti
2732 3250 3012 3307 evidenter
3054 3258 3358 3315 ascribitur.
3405 3237 3513 3317 Sed

1934 3323 2038 3380 hoc
2068 3326 2138 3381 ita
2162 3344 2329 3385 sacra:
2354 3333 2556 3401 pagina:
2584 3336 2685 3392 sub
2708 3339 3046 3400 distinctione
3074 3347 3373 3406 indiscreta:
3395 3352 3512 3407 Tri-

1932 3417 2114 3473 nitatis
2143 3421 2461 3491 loquuntur,
2499 3436 2554 3481 ut
2614 3431 2836 3486 cuilibet
2890 3448 3143 3503 appareat
3183 3440 3236 3495 in
3289 3442 3512 3513 singulis

1931 3507 2214 3565 diversitas
2233 3515 2431 3581 Operis,
2462 3528 2674 3572 maneat
2703 3528 2877 3576 tamen
2911 3525 2961 3578 in
3011 3528 3177 3582 tribus
3219 3533 3391 3585 unitas
3421 3549 3511 3585 vo-

1931 3600 2170 3655 luntatis.
2208 3604 2346 3673 Ergo
2400 3616 2453 3660 et
2478 3611 2704 3678 gentiles
2728 3623 2780 3665 et
2803 3616 3193 3685 catet-hutueni,
3221 3623 3288 3675 de
3344 3624 3513 3679 Patris

1930 3705 1983 3747 et
2012 3692 2131 3747 Filii
2160 3693 2556 3763 dispensatione
2598 3702 2933 3773 participant,
2974 3708 3040 3762 de
3084 3713 3510 3769 sanctificatione

1930 3800 2057 3841 vero
2084 3799 2135 3841 et
2162 3788 2425 3845 infusione
2469 3792 2699 3861 Spiritus
2722 3802 2889 3851 sancti
2918 3816 3023 3855 nun
3072 3801 3246 3869 facile,
3276 3806 3375 3859 nisi
3398 3809 3506 3875 jam

1930 3878 2296 3937 beatissimum
2319 3886 2620 3957 consecuti,
2643 3890 2906 3957 purificati
2935 3902 2986 3948 el
3008 3895 3311 3964 spirituales
3334 3899 3509 3954 eil'eeti

1926 3979 1979 4025 et
2008 3974 2284 4040 apostolici
2334 3975 2519 4045 etiam,
2551 3992 2613 4033 ac
2663 3989 2773 4036 toto
2830 3984 3018 4049 Spiritu
3067 3986 3133 4040 ad
3189 3991 3507 4060 martyrium

1928 4064 2231 4129 prteparati.
2256 4063 2325 4120 Et
2342 4067 2480 4121 inter
2512 4068 2625 4124 haec
2646 4070 2821 4125 adhuc
2836 4085 3079 4129 creatura
3096 4091 3215 4131 esse
3235 4080 3302 4133 ab
3329 4082 3509 4148 impiis

1924 4152 2275 4222 iudicabitur,
2308 4157 2398 4225 qui
2455 4159 2593 4226 apud
2626 4160 2953 4215 individuam
2984 4165 3298 4221 Trinitatem
3332 4170 3383 4223 in
3414 4186 3504 4225 or-

1929 4240 2200 4298 dinatione
2250 4244 2440 4300 salutis
2475 4247 2746 4317 humanm,
2779 4253 3233 4321 magnificentiora
3279 4274 3504 4330 qumque

1929 4346 2148 4388 munera
2202 4344 2257 4390 et
2306 4336 2621 4406 perfectiora
2678 4342 2939 4398 sortitur?
2986 4348 3091 4401 Sed
3139 4347 3275 4404 forte
3318 4352 3498 4407 dicas:

1925 4423 2094 4494 Major
2114 4434 2196 4481 est
2219 4427 2448 4497 Spiritus
2465 4441 2703 4498 sanctus,
2733 4436 2885 4505 cujus
2908 4438 3106 4508 majora
3159 4450 3211 4496 et
3242 4444 3508 4500 nobiliora.

1925 4522 2051 4571 sunt
2075 4530 2256 4587 opera.
2283 4517 2401 4573 Non
2427 4522 2495 4575 ita
2520 4531 2621 4578 est.
2648 4524 2778 4580 Nam
2812 4526 2865 4583 id
2890 4530 3055 4584 moris
3091 4542 3172 4585 est
3199 4533 3495 4605 Trinitatis,

1925 4615 1982 4661 ut
2006 4608 2090 4664 cui
2121 4624 2364 4679 personae
2392 4613 2828 4673 administranda:
2855 4621 2928 4675 rei
2944 4624 3494 4695 committitofﬁcium,

1920 4700 1969 4755 ei
2001 4713 2229 4770 peractae
2261 4706 2497 4761 ascribat
2549 4708 2818 4777 effectum,
2850 4727 2914 4767 ac
2963 4714 3006 4768 si
3055 4729 3189 4783 opus
3240 4717 3308 4771 sit
3360 4718 3497 4774 forte

1919 4790 2211 4860 diversum,
2242 4796 2335 4850 sed
2360 4811 2645 4853 commune
2668 4803 3021 4871 propositum,
3051 4817 3102 4860 et
3133 4807 3176 4860 si
3197 4817 3279 4861 est
3300 4812 3349 4861 in
3377 4811 3491 4864 sin-

1917 4883 2053 4952 gulis
2076 4886 2310 4955 speciale
2351 4886 2569 4953 factum,
2600 4900 2785 4947 manet
2816 4895 2865 4946 iu
2898 4896 3066 4949 tribus
3088 4900 3339 4965 generale
3365 4916 3492 4954 eun-

1918 4975 2117 5043 silium,
2143 4992 2205 5032 ac
2246 4988 2528 5049 propterea
2577 4983 2622 5038 si
2655 4983 2964 5041 distinctum
2995 4988 3191 5043 habent
3219 4990 3269 5044 in
3301 5008 3493 5061 opera-
3555 5017 3561 5023 -

1921 5066 2064 5123 tione
2094 5070 2386 5138 negotium,
2414 5088 2574 5127 unum
2628 5084 2804 5131 tamen
2837 5086 3020 5134 tenent
3069 5080 3123 5134 in
3155 5082 3492 5138 ordinatione

1919 5173 2257 5216 consensum.
2294 5162 2421 5219 Post
2470 5168 2844 5225 ascensionem
2894 5171 3102 5226 Domini
3143 5174 3490 5229 adaccnmu-

1918 5251 2073 5307 landa
2104 5262 2155 5308 et
2188 5254 2453 5324 implenda
2510 5259 2627 5325 ejus
2660 5260 2938 5325 beneficia,
2993 5262 3227 5332 Spiritus
3273 5273 3513 5319 sanctus

1916 5344 2257 5402 descendisse
2310 5349 2650 5414 describitur,
2694 5352 2760 5407 de
2792 5368 2896 5421 quo
2936 5354 3051 5423 ’pse
3099 5354 3344 5409 Salvator
3395 5371 3492 5423 per

1914 5435 2135 5492 Joannis
2189 5438 2534 5508 Evangelium
2577 5443 2831 5511 loquitur,
2867 5443 2964 5497 Ille
3002 5446 3212 5513 spiritus
3264 5448 3490 5500 veritatis

1914 5544 2057 5593 quem
2082 5532 2242 5585 millet
2276 5530 2432 5585 Pater
2460 5535 2513 5587 in
2540 5536 2740 5589 nomine
2779 5548 2885 5591 meo
2918 5536 3095 5606 (Joan.
3122 5536 3264 5606 XIV):
3296 5537 3495 5605 Mittet,

1914 5619 2105 5689 inquit,
2136 5620 2294 5676 Pater
2322 5624 2375 5676 in
2402 5626 2603 5678 nomine
2623 5642 2751 5692 meo,
2784 5626 2851 5681 de
2895 5626 3157 5683 Triuitate
3185 5628 3483 5683 evidenter.

1917 5711 2103 5782 Dequa
2127 5712 2227 5769 hoc
2250 5729 2477 5785 unquam
2527 5726 2772 5771 creatura
2800 5718 3000 5773 dictum
3032 5718 3115 5773 vel
3147 5719 3371 5788 legimus
3402 5724 3485 5775 vel

1913 5806 2233 5876 audivimus,
2290 5808 2428 5877 quod
2476 5809 2529 5864 in
2563 5808 2703 5865 hunc
2732 5810 2986 5865 mundum
3042 5811 3094 5866 in
3129 5810 3220 5867 Dei
3273 5812 3487 5868 nomine
