3990 6390
208 383 274 439 2|
1345 378 1432 433 DE
1470 374 1735 434 SPIRITU
1778 371 2040 431 SANCTO
2080 370 2207 427 LIB.
2249 368 2287 424 ῐ.
3396 363 3471 417 29

209 511 274 549 ex
310 486 465 547 Patre
494 505 596 547 non
637 498 832 559 posset.
886 490 988 545 Sed
1034 489 1327 557 interrogas
1358 497 1534 542 utrum
1576 502 1785 554 semper
1813 488 1860 547 Α
1892 500 1981 555 per
2009 501 2123 537 cum
2154 481 2382 536 omnibus
2413 481 2546 535 vobis
2578 479 2662 550 (11
2705 479 2821 533 Cor.
2852 478 2991 547 ult.).
3040 476 3216 533 Gratia
3247 476 3463 546 Christi,

215 590 449 659 Spiritus
474 602 537 640 ex
569 587 723 639 Patre
758 584 1006 653 procedat
1032 601 1043 634 :
1070 597 1279 650 semper
1300 597 1417 634 cum
1445 580 1553 642 illo,
1580 594 1791 646 semper

212 695 278 735 ex
316 680 435 742 illo,
476 680 616 731 sit-nt
656 676 803 730 calor
842 691 903 728 ex
947 676 1096 743 igne,
1138 675 1204 727 ita
1242 674 1357 726 sine
1398 670 1791 725 intermissione

216 769 489 841 profertur
526 778 583 820 ut
622 768 803 835 egredi
841 767 1001 830 sciat,
1035 765 1270 832 separari
1316 764 1533 817 nesciat.
1588 760 1717 814 Nam
1745 759 1789 812 si

218 875 324 912 non
352 866 495 912 esset
520 857 753 925 Spiritus
782 855 949 909 sancti
981 855 1249 922 processio
1278 852 1621 920 sempiterna,
1654 850 1793 903 loea-

211 949 277 1003 lis
310 950 585 1004 videretur
615 962 735 1001 esse
775 945 1109 999 substantia:
1158 946 1200 997 si
1244 959 1347 996 non
1394 944 1529 996 alter
1565 940 1790 995 alterum

214 1041 335 1094 sine
362 1039 715 1108 permixtione
750 1037 833 1090 sui
868 1043 1110 1103 penetrat
1150 1035 1460 1099 incorporea
1500 1046 1609 1085 sua:
1639 1030 1795 1085 clari-

218 1129 345 1182 tatis
376 1129 595 1191 unione,
628 1128 731 1181 erit
758 1125 974 1178 confusa
1005 1124 1279 1177 divinitas.
1333 1120 1622 1175 Permixtio
1650 1120 1792 1173 enim

215 1218 353 1285 tollit
400 1218 649 1271 essentia:
700 1214 922 1282 triplicis
971 1213 1373 1282 proprietatem,
1426 1209 1620 1264 inlusio
1670 1221 1795 1261 vero

216 1318 399 1363 mutua
428 1308 731 1362 distinctam
764 1304 995 1360 os’endit
1020 1304 1330 1366 essentiam,
1354 1318 1471 1371 quae
1502 1302 1641 1355 inter
1671 1300 1791 1353 sub-

217 1401 466 1454 stantiam
511 1406 565 1450 et
604 1410 858 1465 personas
904 1393 1077 1448 media
1110 1393 1273 1445 videri
1308 1400 1499 1461 potest.
1551 1391 1628 1443 Ad
1674 1390 1797 1441 sub-

219 1489 468 1544 stantiam
500 1489 731 1556 pertinet
760 1485 901 1554 quod
930 1484 1170 1537 subsistit
1199 1499 1211 1533 :
1244 1481 1307 1535 ad
1343 1496 1595 1549 personas
1632 1480 1794 1546 perti-

222 1590 331 1644 net,
357 1579 495 1650 quod
520 1579 732 1647 proprie
754 1578 851 1631 sibi
877 1590 1203 1644 unaquaeque
1223 1574 1479 1629 subsistit.
1503 1573 1798 1641 Discipulos

225 1686 350 1725 suos
381 1670 569 1724 Paulus
597 1671 700 1723 allo
725 1668 881 1733 ,uitur
912 1667 1127 1721 dicens:
1160 1666 1280 1719 Non
1309 1665 1643 1734 subterfugio,
1670 1679 1797 1733 quo-

226 1760 389 1811 minus
417 1759 706 1810 annuntiem
736 1757 871 1809 vobis
903 1772 1048 1809 omne
1077 1755 1342 1808 consilium
1383 1754 1494 1807 Dei.
1546 1754 1799 1806 Attendite

1895 576 2128 629 charitas
2166 576 2281 642 Dei,
2308 574 2718 629 (ommunicatio
2748 573 2914 626 sancti
2937 572 3183 641 Spiritus,
3213 584 3320 625 tres
3350 586 3461 638 per-

1894 681 2055 721 sonas
2095 666 2372 720 evidenter
2410 666 2695 735 expressit.
2762 664 2890 717 ltem
2934 664 2997 716 ad
3041 662 3344 716 Corinthios
3387 677 3466 713 so-

1895 756 2103 810 cundo:
2143 755 2242 821 Qui
2272 766 2437 809 autent
2470 757 2733 823 conﬁrmat
2763 771 2851 808 nos
2885 754 3136 806 vobiscum
3167 753 3216 804 in
3247 750 3468 812 Christo,

1896 857 1943 901 et
1971 849 2055 918 qui
2086 849 2229 899 unxit
2267 863 2355 899 nos
2384 846 2546 906 Deus.
2580 857 2625 899 et
2652 848 2736 916 qui
2776 845 3084 914 consignavit
3122 860 3234 904 nos,
3265 853 3309 895 et
3338 826 3471 894 dedit

1897 939 2039 991 nobis
2081 939 2261 1005 pignus
2298 936 2522 1005 Spiritus
2565 938 2615 988 in
2651 935 2883 989 cordibus
2918 934 3099 986 nostris
3132 930 3217 999 (II
3248 931 3367 985 Cor.
3412 936 3471 999 t).

1898 1027 2049 1083 Unde
2083 1030 2131 1080 in
2161 1027 2411 1094 ojieribus
2438 1026 2693 1079 unitatem
2728 1026 3009 1080 iudivitlure
3040 1024 3314 1078 Trinitatis
3346 1038 3467 1077 con-

1898 1117 2095 1182 ﬁrmat,
2124 1126 2174 1168 et
2198 1118 2373 1183 signat
2398 1130 2492 1169 nos
2516 1116 2729 1185 proprie
2755 1131 2846 1183 per
2867 1115 3157 1177 Christum,
3180 1122 3231 1167 et
3255 1113 3476 1167 daturus

1899 1209 2153 1276 seipsum,
2191 1210 2278 1260 dat
2303 1208 2410 1276 jam
2457 1207 2507 1259 in
2551 1208 2796 1274 prtesenti
2846 1208 3031 1276 pignus
3063 1205 3314 1273 Spiritum
3348 1220 3473 1257 san-

1899 1308 2063 1351 etum.
2095 1299 2147 1351 In
2175 1299 2396 1352 terrenis
2422 1297 2644 1365 negotiis
2667 1302 2837 1349 arrhac
2862 1297 3147 1364 quantitas,
3174 1304 3474 1349 contractus

1901 1390 2044 1443 illius
2087 1403 2182 1457 pro
2212 1404 2315 1458 quo
2344 1388 2704 1443 intercesserit
2734 1388 2974 1456 quzrdam
3014 1386 3186 1455 portio
3220 1396 3331 1452 est,
3366 1388 3473 1455 pig-

1902 1486 2047 1537 noris
2086 1498 2213 1538 vero
2244 1483 2399 1549 ratio,
2434 1486 2682 1537 meritum
2718 1486 2791 1537 rei
2823 1499 2919 1553 pro
2948 1500 3048 1553 qua
3092 1486 3214 1553 poni
3246 1485 3472 1550 videtur,

1901 1574 2130 1629 excedit.
2185 1573 2280 1627 H'c
2307 1589 2433 1627 vero
2465 1573 2727 1641 majestati
2758 1577 2947 1642 pignus
2974 1589 3127 1628 suum
3156 1576 3275 1644 quia
3307 1575 3475 1628 nescit

1902 1665 2162 1734 prmlerri,
2197 1678 2413 1719 necesse
2441 1674 2519 1718 est
2549 1665 2836 1733 exzeqnari.
2872 1664 3149 1733 Nequeunt
3176 1666 3317 1719 enim
3351 1681 3474 1733 per-

1904 1756 2038 1810 lecta
2068 1754 2388 1809 transcendi.
2442 1754 2545 1808 Pro
2587 1770 2643 1808 se
2684 1770 2811 1825 ergo
2840 1755 2993 1808 Pater
3024 1756 3255 1824 Spiritus
3303 1757 3473 1809 sancti

222 1848 354 1901 vobis
375 1858 421 1901 et
442 1850 672 1901 universo
693 1847 915 1917 gregi,in
938 1863 1038 1916 quo
1052 1847 1275 1914 Spiritus
1297 1853 1497 1899 sanctus
1522 1860 1603 1896 vos
1626 1845 1793 1911 posuit
1826 1850 1871 1909 Β
1901 1848 2085 1915 pignus
2133 1846 2386 1916 indulget.
2432 1845 2513 1899 Nil
2537 1846 2712 1916 itaque
2742 1846 2793 1901 in
2826 1844 3027 1915 Spiritu
3055 1856 3241 1901 sancto
3262 1862 3474 1915 semper

220 1940 510 2010 episcopos,
540 1956 712 2010 regere
742 1938 1019 1992 Ecclesium
1050 1937 1171 2001 Dei,
1202 1954 1353 2007 quant
1383 1936 1644 2005 acquisivit
1674 1951 1792 1988 san-

220 2034 368 2101 guine
395 2049 509 2085 suo.
551 2034 717 2097 Quam
748 2030 973 2085 dilucide
1006 2032 1244 2098 personis
1276 2030 1388 2082 suis
1430 2038 1534 2083 tota
1564 2028 1793 2083 Trinitas

220 2123 566 2192 designatur!
610 2122 901 2177 Consilium
933 2122 1023 2175 Dei
1050 2120 1218 2174 Patris
1245 2121 1552 2183 annuntiat;
1587 2119 1792 2187 episco-

219 2226 315 2281 pos
339 2228 366 2265 a
393 2213 592 2281 Spiritu
624 2221 806 2265 sancto
835 2211 1109 2265 ordinatos
1138 2225 1255 2264 esse
1285 2210 1593 2273 confirmat;
1628 2210 1789 2263 Deum

218 2305 377 2357 etiam
418 2302 705 2366 Christum,
750 2303 899 2369 cujus
944 2302 1199 2369 sarguine
1235 2299 1474 2354 Ecclesia
1518 2302 1587 2353 sit
1616 2300 1793 2368 acqui-

222 2398 344 2461 sita,
382 2398 730 2450 demonstrat.
781 2395 859 2449 Ad
910 2395 1180 2448 Romanos
1224 2394 1381 2447 etiam
1422 2393 1652 2447 Trinitas
1697 2392 1797 2445 sub

222 2490 499 2541 nominum
526 2486 844 2553 proprietate
868 2484 1143 2552 digeritur.
1170 2484 1318 2548 Quod
1348 2485 1390 2534 si
1414 2483 1640 2551 Spiritus
1662 2484 1793 2550 ejus,

228 2581 313 2645 qui
356 2577 613 2629 suscitavit
646 2575 848 2636 Jesum,
891 2575 1081 2627 habitat
1122 2575 1175 2626 in
1216 2574 1384 2635 vobis,
1419 2574 1503 2638 qui
1543 2573 1803 2625 suscitavit

226 2665 258 2717 J
266 2680 410 2717 esum
437 2681 467 2715 a
496 2665 731 2728 mortuis,
760 2663 1025 2731 vivi/icabit
1055 2671 1101 2715 et
1124 2660 1359 2715 mortalia
1386 2678 1599 2731 corpora
1622 2672 1799 2723 vestra,

224 2763 432 2824 propter
453 2755 816 2806 inhabitantem
838 2736 1084 2821 Spiritum
1105 2755 1215 2822 ejus
1238 2754 1288 2806 in
1311 2754 1445 2807 vobis
1468 2755 1485 2821 (
1498 2752 1643 2807 Rom.
1666 2754 1799 2824 vui).

225 2846 385 2900 Pater
414 2846 665 2911 suscitat,
702 2845 866 2899 Filius
904 2845 1210 2912 suscitatur,
1242 2855 1295 2898 et
1335 2854 1549 2913 propter
1588 2843 1797 2899 inhabi-

228 2944 425 2989 tantem
459 2935 711 3003 Spiritum
744 2935 1123 2991 resuscitandis
1153 2937 1456 2991 mortalium
1484 2938 1801 3005 corporibus

226 3026 336 3079 \i'a
368 3027 709 3093 promittitur.
746 3025 811 3080 Et
841 3026 893 3079 in
930 3028 1274 3096 consequenti
1308 3047 1317 3078 :
1359 3026 1460 3081 Vos
1499 3038 1668 3081 autem
1700 3044 1799 3080 non

225 3118 346 3171 estis
387 3118 438 3170 in
481 3133 651 3183 carne,
679 3118 765 3171 sed
810 3118 863 3169 in
898 3116 1115 3188 Spiritu,
1161 3118 1204 3170 si
1246 3128 1411 3170 tamen
1447 3116 1670 3188 Spiritus
1710 3116 1800 3172 Dei

1898 1939 1979 1992 vel
2011 1938 2362 2007 scmiplenum
2393 1952 2553 2006 super
2579 1937 2815 2007 plenum,
2850 1940 3059 2006 plenum
3090 1947 3321 2005 putetur,
3348 1938 3472 2006 quia

1897 2031 2208 2101 plenitudini
2233 2042 2593 2101 comparatur.
2617 2030 2747 2085 Nam
2772 2033 2859 2099 qui
2884 2032 2945 2085 ad
2974 2034 3141 2085 vicem
3166 2031 3258 2085 Dei
3292 2032 3477 2098 pigno-

1897 2123 1970 2177 ris
2011 2122 2127 2174 loco
2172 2121 2443 2189 tribuitur,
2487 2122 2565 2176 fas
2604 2138 2709 2176 non
2740 2131 2843 2189 est,
2871 2132 2927 2176 ut
2966 2122 3108 2176 aliud
3148 2138 3304 2192 quam
3340 2122 3477 2174 Deus

1895 2226 2015 2266 esse
2058 2210 2324 2266 credatur.
2376 2212 2503 2267 item
2550 2212 2615 2266 ad
2643 2212 2859 2266 Titum:
2892 2212 3072 2267 Salvos
3114 2230 3204 2265 nos
3232 2214 3346 2282 fecit
3385 2229 3475 2280 per

1898 2305 2155 2355 lacerum
2191 2304 2584 2372 regenerationis
2610 2313 2655 2356 ct
2684 2304 3019 2357 renovationis
3045 2304 3267 2372 Spiritus
3294 2302 3478 2364 sancti,

1898 2407 2043 2456 quem
2070 2391 2249 2457 effudit
2282 2393 2332 2443 iu
2364 2408 2454 2445 nos
2490 2394 2691 2445 abunde
2729 2408 2816 2462 per
2844 2390 3017 2445 Jesum
3052 2391 3304 2445 Christum
3339 2390 3468 2461 (Tit.

1902 2483 2003 2547 ιιι).
2039 2481 2173 2535 Ecce
2198 2482 2355 2534 etiam
2384 2482 2467 2534 hic
2494 2483 2593 2535 sub
2617 2484 2875 2537 Trinitate
2902 2482 3180 2536 manifeste
3204 2484 3357 2538 Pater
3386 2500 3480 2554 per

1906 2570 2094 2623 Filium
2127 2572 2507 2625 abundantiam
2539 2572 2771 2639 Spiritus
2809 2573 2976 2626 sancti
3008 2573 3209 2627 ell'udlt.
3247 2575 3311 2628 Et
3340 2576 3481 2643 quod

1906 2660 2133 2714 maxime
2158 2660 2540 2715 advertendum
2567 2670 2669 2725 est,
2702 2662 2799 2729 ipsi
2832 2672 3017 2715 sancto
3041 2663 3262 2731 Spiritui
3299 2673 3482 2732 poten-

1906 2753 2030 2805 tiam
2069 2754 2492 2822 regenerationis
2524 2764 2574 2807 et
2604 2755 2965 2808 renovationis
3005 2754 3243 2809 aSCribit.
3298 2757 3485 2810 Petrus

1903 2857 2116 2911 quoque
2140 2843 2189 2896 in
2218 2842 2454 2912 Epistola
2480 2858 2571 2898 sua
2597 2843 3007 2913 insnperabilem
3037 2847 3277 2911 personis
3308 2848 3481 2915 expli-

1903 2945 1985 2987 cat
2015 2932 2328 2986 Triuitatem
2374 2934 2559 2987 dicens
2602 2952 2611 2985 z
2651 2934 2945 2988 Secundum
2978 2936 3346 3004 pra’scienfiam
3390 2934 3484 2989 Dei

1908 3024 2083 3077 Patris
2112 3033 2157 3079 et
2193 3025 2650 3092 sancti/irationem
2680 3025 2936 3094 Spiritus,
2964 3026 3014 3079 in
3048 3025 3405 3092 obedientiam,
3434 3037 3483 3080 et

1904 3119 2245 3187 aspersionem
2275 3119 2536 3187 sanguinis
2558 3116 2681 3172 Jesu
2704 3116 2910 3181 Christi,
2948 3120 3113 3187 gratia
3142 3118 3276 3172 vobis
3306 3128 3350 3172 et
3380 3136 3482 3188 pax

227 3210 423 3261 habitat
460 3210 512 3262 in
556 3209 711 3262 vobis.
760 3208 820 3264 Si
855 3210 965 3278 quis
1008 3218 1174 3263 autem
1208 3210 1457 3277 Spiritum
1485 3210 1674 3264 Christi
1697 3227 1796 3264 non
1824 3205 1869 3269 C
1904 3209 2265 3280 multiplicetur
2301 3207 2352 3281 (1
2380 3208 2521 3265 Petr.
2556 3209 2614 3280 t).
2667 3210 2720 3265 In
2754 3212 3082 3280 prmscientia
3112 3210 3289 3279 Pater,
3336 3221 3389 3265 et
3428 3213 3482 3265 in

225 3300 400 3365 habet,
424 3300 504 3354 hic
534 3318 635 3354 non
664 3310 735 3354 est
763 3304 895 3370 eius.
934 3302 1063 3355 Dum
1096 3300 1223 3355 dicit
1248 3301 1492 3371 Spiritum
1520 3300 1633 3367 Dei,
1666 3311 1718 3357 et
1750 3304 1801 3357 in

226 3400 594 3462 consequente
624 3393 874 3462 Spiritum
905 3393 1125 3459 Christi,
1157 3392 1370 3447 adverte
1401 3395 1519 3460 quia
1553 3394 1639 3447 hic
1680 3410 1801 3463 per-

227 3498 421 3538 sonam
449 3484 647 3538 Christi
679 3485 779 3539 sub
809 3485 899 3540 Dei
939 3484 1293 3554 appellatione
1324 3485 1581 3554 dcsigmt.
1627 3486 1725 3540 Aut
1760 3488 1803 3541 si

229 3576 325 3631 hic
355 3573 563 3630 Patrem
596 3575 745 3645 cujus
771 3575 1002 3643 Spiritus
1031 3576 1130 3641 sit,
1162 3575 1261 3629 sub
1292 3576 1381 3629 Dei
1415 3578 1804 3646 nuncupatione

227 3668 533 3735 signiﬁcat,
582 3682 708 3723 ecce
751 3668 835 3721 hic
872 3666 1103 3737 Spiritus
1151 3679 1363 3723 sanctus
1410 3684 1503 3739 per
1549 3670 1802 3725 unitatem

228 3757 563 3821 substantiae,
588 3765 640 3811 et
665 3757 857 3824 Patris,
880 3768 932 3812 et
955 3758 1071 3812 Filii
1094 3772 1211 3813 esse
1234 3758 1459 3827 Spiritus
1482 3760 1799 3831 declaratur,

230 3858 285 3903 et
330 3850 519 3905 merito
561 3850 851 3917 procedere
897 3867 961 3903 ex
1012 3860 1233 3921 utroque
1267 3851 1612 3921 dignoscitur,
1661 3864 1713 3908 et
1751 3855 1802 3909 in

229 3940 446 3993 vin'ulo
481 3939 751 3994 Trinitatis
792 3941 1093 3995 distinctam
1140 3942 1335 3998 habere
1377 3958 1653 4013 personam
1687 3960 1805 4014 per-

230 4030 481 4098 spicitur,
525 4040 579 4085 et
618 4031 705 4101 qni
750 4030 1004 4098 Spiritum
1052 4042 1293 4085 sanctum
1340 4047 1442 4087 non
1489 4035 1675 4100 habet,
1708 4051 1806 4089 nec

231 4123 505 4175 Christum
531 4122 726 4177 habere
750 4132 1093 4177 monstratur.
1119 4124 1259 4178 Deus
1282 4124 1457 4192 itaque
1477 4135 1557 4179 est
1579 4126 1806 4191 Spiritus

235 4220 487 4273 sanctos,
533 4228 636 4281 quo
675 4221 865 4279 negato
899 4221 1121 4279 negatur
1150 4221 1202 4266 et
1227 4214 1469 4267 Christus
1509 4217 1595 4282 qui
1635 4216 1805 4273 dixit:

235 4298 310 4352 Νι
330 4314 412 4351 mo
442 4301 569 4351 venit
595 4300 660 4352 ad
688 4298 891 4351 Patrem
919 4301 1017 4353 η’δὶ
1041 4316 1127 4368 ρει·
1146 4316 1243 4352 me.
1267 4302 1366 4367 Qui
1395 4302 1594 4371 Spiritu
1624 4315 1809 4361 sancto

231 4405 438 4446 vacuus
470 4401 570 4458 est,
600 4392 794 4446 Christi
824 4406 926 4445 non
957 4400 1056 4455 est,
1088 4401 1141 4447 et
1169 4393 1342 4463 perdit
1372 4395 1533 4461 viam,
1559 4412 1660 4464 qua
1690 4414 1811 4469 per-

232 4481 454 4539 venitur
483 4484 546 4537 ad
577 4483 809 4540 Patrem.

842 4622 1067 4680 CAPUT.
1117 4626 1203 4679 XI.

408 4714 500 4768 Dei
529 4717 787 4784 proprium
816 4732 922 4769 esse
950 4726 1002 4769 ut
1035 4718 1310 4785 :ancti/icet
1337 4728 1638 4773 creaturam.

308 4826 390 4881 Ad
407 4824 711 4881 Corinthios
733 4826 897 4894 prima
919 4826 1174 4895 Epistula.
1202 4828 1263 4881 Et
1281 4828 1388 4882 haec
1404 4831 1601 4899 quidem
1622 4833 1805 4899 fuistis,

233 4918 324 4973 sed
348 4917 509 4970 abluti
533 4917 1045 4985 estis,sedjustiﬁcati
1072 4918 1187 4971 estis
1208 4921 1258 4970 in
1279 4924 1479 4973 nomine
1496 4921 1695 4974 Domini
1716 4939 1812 4975 no-

234 5010 330 5062 stri
352 5006 475 5060 Iesu
498 5006 703 5071 Christi,
723 5018 769 5059 et
788 5009 837 5059 in
856 5006 1053 5075 Spiritu
1075 5007 1164 5061 Dei
1180 5010 1338 5061 nostri
1359 5008 1411 5078 (Ι
1427 5010 1542 5063 Cor.
1567 5010 1658 5080 γι).
1682 5012 1815 5067 Ecce

236 5109 290 5153 et
304 5099 393 5151 hic
414 5099 509 5150 sub
525 5098 611 5151 Dei
628 5100 817 5161 nostri,
836 5098 883 5150 id
899 5098 1089 5151 estsnb
1102 5098 1273 5152 Patris
1288 5103 1815 5169 commemoratione,

235 5192 474 5260 Spiritus
510 5200 723 5245 sanctus
752 5188 1147 5244 Corinthiorum
1175 5191 1360 5245 ﬁdeles
1389 5192 1598 5245 Christo
1624 5209 1814 5262 coope-

239 5293 397 5338 rante
450 5285 761 5337 sanctiﬁcat.
813 5284 1157 5339 Sanctiﬁcare
1204 5286 1341 5337 nulla
1386 5293 1623 5338 creatura
1660 5287 1813 5340 aliam

242 5376 458 5445 penitus
482 5384 673 5442 potest.
717 5376 949 5445 Largitio
970 5375 1427 5441 sanctiﬁcationis,
1457 5375 1816 5431 munificentia

242 5468 413 5521 solius
435 5478 515 5519 est
537 5466 852 5535 majestatis.
879 5465 992 5531 Quo
1020 5466 1136 5519 loco
1160 5465 1211 5518 in
1240 5466 1452 5518 nomine
1473 5465 1597 5519 Jesu
1618 5467 1813 5521 Christi

243 5568 296 5612 et
340 5557 393 5610 in
425 5556 624 5624 Spiritu
664 5557 755 5610 Dei
788 5558 980 5621 nostri,
1015 5564 1122 5609 tres
1161 5570 1386 5624 agnosce
1417 5569 1690 5622 personas.
1738 5556 1815 5610 Ad

242 5648 553 5703 Corinthios
574 5648 803 5703 secunda
829 5667 839 5701 :
863 5648 1038 5702 Crafia
1063 5647 1265 5701 Domini
1285 5647 1444 5707 nostri
1468 5645 1586 5700 Jesu
1606 5646 1815 5712 Christi,

249 5750 291 5795 sl
313 5740 540 5793 charilas
568 5738 676 5807 Dei,
705 5749 749 5793 et
780 5740 1159 5793 communicatio
1180 5740 1337 5794 sancti
1363 5737 1587 5808 Spiritus
1610 5740 1670 5793 sit
1692 5758 1823 5793 sent-

1907 3303 2327 3355 sanetiﬁcatione
2378 3302 2634 3371 Spiritus,
2705 3302 2756 3357 in
2807 3302 3116 3374 aspersione
3168 3303 3481 3373 sanguinis,

1907 3392 2149 3448 Christus
2175 3393 2490 3449 ostenditur.

2493 3533 2717 3590 CAPUT
2770 3535 2884 3589 XII.

2168 3630 2402 3687 Localem
2426 3647 2527 3686 non
2558 3648 2662 3686 esse
2685 3630 2935 3702 Spiritum
2963 3638 3212 3687 sanctum.

1979 3748 2143 3803 Deum
2171 3748 2427 3817 Spiritum
2459 3756 2697 3801 sanctum
2731 3761 2793 3800 es
2824 3761 2933 3800 suis
2962 3745 3241 3800 virtutibus
3271 3754 3322 3801 et
3352 3760 3483 3815 0pc-

1906 3838 2053 3893 ribus
2077 3840 2521 3894 demonstremus.
2543 3838 2728 3892 Omnis
2752 3847 2989 3891 creatura
3015 3838 3151 3892 sicut
3178 3848 3476 3907 temporum

1910 3936 2077 3991 initiis
2103 3937 2359 4004 subjacet,
2387 3937 2457 3989 ita
2481 3935 2663 3990 localis
2682 3948 2802 3988 esse
2823 3935 2983 3987 certis
3003 3934 3189 4001 Spatiis
3211 3943 3262 3987 et
3284 3933 3479 3985 linihus

1907 4027 2307 4094 circumscripta
2354 4026 2717 4095 cognoscitur.
2796 4024 3022 4089 Spiritus
3065 4034 3277 4076 sanctus
3322 4022 3479 4077 nullis

1911 4116 2147 4169 terminis
2181 4124 2427 4181 tanquam
2463 4113 2661 4165 factura
2694 4111 3060 4167 concluditur;
3096 4112 3234 4163 Dens
3265 4126 3480 4164 necesse

1911 4214 2012 4268 εει,
2055 4218 2152 4271 pro
2194 4203 2303 4268 ipsa
2353 4202 2597 4253 libertate
2632 4198 2836 4250 dill'uszc
2878 4198 3168 4265 majestatis
3204 4198 3478 4253 habeatur.

1912 4293 2125 4347 Domini
2157 4292 2447 4353 Salvatoris
2482 4291 2546 4344 ad
2578 4289 2848 4360 apostolos
2878 4304 2975 4343 vos
3004 4299 3083 4343 est
3113 4308 3125 4343 :
3163 4291 3310 4345 Dabit
3346 4295 3483 4347 vobis

1915 4381 2091 4450 Pater,
2125 4381 2321 4451 inquit,
2356 4381 2606 4452 Spiritum
2644 4380 2886 4445 veritatis,
2923 4381 3009 4449 qui
3044 4382 3293 4434 vobiscum
3330 4384 3393 4435 sit
3431 4384 3484 4436 in

1912 4484 2176 4530 a’lcrnum.
2204 4475 2258 4529 Si
2285 4474 2469 4528 localis
2498 4483 2597 4539 est,
2630 4481 2686 4525 et
2714 4481 2969 4542 perpetuo
2998 4474 3047 4526 in
3082 4473 3184 4527 illis
3214 4475 3478 4539 manebat,

1832 4594 1884 4653 Β
1910 4568 2093 4635 utique
2116 4565 2239 4618 alibi
2262 4580 2380 4618 esse
2406 4579 2506 4617 non
2534 4572 2755 4631 poterat.
2785 4562 3067 4617 Videamus
3088 4565 3131 4616 si
3160 4564 3275 4631 ejus
3298 4574 3482 4618 natura

1910 4655 2165 4709 localibus
2212 4656 2280 4707 sit
2321 4652 2723 4706 determinantla
2773 4651 3050 4705 limitibus.
3102 4652 3188 4705 Ait
3236 4655 3488 4721 apostolis

1913 4746 2168 4798 D0ntinus
2198 4760 2210 4798 :
2244 4745 2510 4810 Accipietis
2541 4745 2773 4795 virtutem
2806 4742 3030 4807 Spiritus
3059 4744 3220 4795 sancti
3253 4760 3487 4810 superve-

1916 4836 2099 4888 nientis
2127 4836 2178 4887 in
2205 4851 2322 4899 vos,
2364 4844 2405 4885 et
2438 4835 2575 4885 eritis
2605 4833 2725 4885 mihi
2755 4843 2899 4885 testes
2926 4834 2977 4884 in
3003 4831 3318 4899 Jerusalem,
3362 4845 3407 4887 et
3437 4836 3488 4886 in

1919 4929 2053 4981 omni
2084 4926 2297 4989 Judtea,
2342 4935 2389 4978 et
2418 4925 2684 4988 Samaria,
2717 4933 2763 4977 et
2794 4940 2951 4990 usque
2975 4925 3040 4975 ad
3070 4925 3303 4977 ultimum
3343 4934 3490 4977 terra:

1921 5020 2055 5087 (Act.
2078 5018 2137 5084 l).
2160 5018 2284 5071 Post
2305 5019 2455 5085 cujus
2478 5017 2841 5071 ascensionem
2864 5017 3008 5069 venit
3029 5015 3254 5083 Spiritus
3276 5026 3491 5070 sanctus

1923 5123 2086 5177 super
2114 5122 2229 5171 eos,
2260 5118 2306 5161 et
2343 5116 2687 5177 apparuerunt
2717 5106 2821 5158 illis
2856 5106 3136 5175 dispartittc
3168 5106 3353 5176 lingua:
3383 5116 3492 5157 lau-

1921 5215 2073 5269 quam
2105 5199 2254 5267 ignis,
2282 5200 2503 5264 seditque
2532 5213 2689 5264 supra
2720 5197 2945 5265 siugulos
2980 5213 3173 5249 eorum.
3209 5196 3493 5248 Videamus

1922 5304 2089 5357 quare
2121 5288 2363 5357 primitus
2393 5289 2726 5341 diversarum
2760 5288 3023 5339 donantur
3065 5287 3359 5354 linguarum
3398 5286 3492 5336 lm-

1925 5379 2277 5440 nedietiones,
2308 5380 2554 5432 nimirum
2587 5386 2643 5431 ut
2684 5377 2857 5430 idonei
2887 5377 3223 5430 efﬁcerentur
3263 5375 3494 5428 ﬁdelium

1925 5472 2224 5524 eruditione
2255 5471 2595 5539 populorum.
2638 5469 2737 5535 Qui
2775 5483 2901 5523 vero
2940 5468 2989 5521 in
3026 5467 3263 5534 singulos
3292 5465 3496 5521 sedisse

1928 5575 2281 5631 memoratur,
2323 5565 2372 5618 id
2409 5578 2583 5618 causa:
2622 5573 2703 5617 est
2738 5572 2791 5617 ut
2833 5563 3152 5629 intelligatur
3190 5574 3282 5628 per
3322 5561 3498 5627 plures

1926 5670 2029 5707 non
2052 5654 2214 5708 fuisse
2237 5655 2458 5716 divisus,
2480 5655 2737 5707 mansisse
2760 5655 2811 5706 in
2834 5651 3053 5720 singulis
3072 5658 3233 5713 totus,
3253 5648 3343 5701 sed
3363 5652 3500 5707 sicut

1929 5744 2041 5797 ﬁeri
2091 5746 2294 5811 ignibus
2334 5758 2447 5797 mos
2478 5751 2588 5807 est,
2630 5743 2763 5795 hanc
2803 5741 2941 5796 enim
2974 5750 3032 5794 ut
3070 5741 3316 5797 novimus
3346 5738 3507 5799 habet
