3990 6390
515 348 586 402 23
1817 340 2170 398 PASCtIASlI
2211 341 2481 398 DlACONl
3702 350 3776 405 ει

516 472 758 518 naturam
790 463 927 532 ignis
954 476 1231 528 accensus,
1264 467 1321 516 ut
1348 460 1528 531 quanti
1558 457 1621 512 ad
1649 473 1789 522 eum,
1819 458 2001 527 quanti
2028 454 2091 509 ad
2122 458 2171 515 A
2204 464 2309 520 tur,
2336 468 2389 511 et
2412 457 2641 526 Spiritus
2662 464 2876 513 sanctas
2898 458 3187 528 procedere
3206 458 3568 529 signiﬁcatur?
3596 460 3653 517 Si
3680 478 3773 518 re-

514 554 718 607 crinem
750 554 997 622 purpurei
1030 553 1327 622 splendoris
1358 551 1696 620 aspexerint,
1744 550 1903 602 tantis
1934 564 2085 602 usum

515 661 625 699 sum
657 646 787 699 lucis
827 646 1122 713 impartiut,
1155 644 1313 697 tantis
1341 641 1689 695 miniSIerium
1729 640 1810 693 Sili
1850 637 2087 693 muneris

516 736 737 801 tribuat,
768 745 818 788 et
850 734 1195 787 nihilominus
1224 734 1271 785 in
1302 732 1381 784 sui
1415 731 1719 799 integritate
1750 736 2083 797 permaneat:

518 828 588 880 Ita
618 828 789 881 sancti
812 827 1041 895 Spiritus
1068 828 1232 879 virtus
1258 823 1651 893 quantumlibet
1689 822 1891 889 el'lluat,
1921 837 2088 890 quan-

518 918 759 971 tumlibet
797 918 849 970 in
888 918 1139 986 plurimos
1167 915 1328 985 gratia
1358 914 1554 968 divina:
1591 914 1850 981 largitatis
1891 912 2090 967 exube-

516 1018 631 1073 ret,
673 1009 810 1062 sicut
850 1008 1044 1061 nnllam
1091 1008 1341 1075 probatur
1376 1004 1615 1073 recipere
1650 1018 1976 1069 mensuram,
2014 1003 2088 1059 ita

476 1158 481 1167 η,
518 1102 715 1155 nullam
758 1100 922 1155 sensit
958 1113 1268 1166 expensam.
1310 1097 1544 1151 Adverte
1580 1096 1749 1150 Deum
1775 1109 1838 1149 ex
1868 1108 2087 1164 operum

515 1192 790 1261 dignitate.
827 1191 1067 1261 Apostoli
1109 1191 1251 1259 pleni
1286 1188 1486 1259 Spiritu
1527 1197 1715 1241 sancto
1754 1202 1847 1255 per
1876 1200 2088 1241 omnem

517 1285 770 1338 mundum
820 1284 1099 1337 thesauros
1146 1281 1334 1334 salutis
1380 1279 1682 1347 erogaturi,
1730 1277 1949 1333 cadeste
1992 1278 2091 1331 hoc

517 1390 707 1428 munus
733 1375 784 1427 in
815 1388 873 1428 se
895 1372 1294 1435 circumferu.t,
1322 1371 1373 1423 in
1402 1372 1535 1423 alios
1562 1368 1805 1424 manibus
1830 1368 2092 1434 impositis

516 1465 861 1518 transferunt.
889 1462 1287 1529 Accipientibus
1315 1461 1431 1514 sine
1462 1460 1657 1512 damno
1686 1460 1839 1511 datur
1867 1458 2092 1526 largien-

513 1556 603 1614 tis.
632 1552 987 1607 Credentibus
1018 1561 1159 1606 totus
1191 1552 1437 1614 traditur,
1462 1559 1517 1603 et
1544 1558 1682 1602 totus
1709 1564 1735 1601 a
1765 1547 2093 1601 tradentibus

512 1644 842 1713 possidetur,
876 1642 1146 1696 iniusione
1182 1642 1297 1711 ejus
1337 1642 1614 1694 universus
1643 1640 1790 1693 orbis
1818 1638 2090 1707 impletur,

511 1740 628 1793 sine
669 1736 964 1792 attentione
994 1736 1263 1801 dilatatur,
1308 1734 1423 1787 sine
1453 1733 1715 1786 divisione
1745 1730 2089 1799 dispergitur.

2190 548 2375 617 quiras
2425 548 2553 617 quid
2584 550 2721 603 inter
2752 558 3057 606 nascentem
3088 558 3141 605 et
3170 550 3549 619 procedentem
3581 551 3771 617 distet,

2189 639 2466 695 evidenter
2493 640 2593 695 hoc
2621 642 2869 707 interest,
2894 644 3019 711 quia
3046 643 3147 698 iste
3174 658 3238 697 ex
3263 657 3371 698 uno
3397 646 3657 712 nascitur,
3681 645 3779 701 ille

2189 745 2253 784 ex
2286 739 2513 798 utroque
2552 733 2911 802 progreditur.
2954 733 3087 799 Quia
3126 748 3254 803 ergo
3291 734 3522 802 Spiritus
3556 746 3775 790 sanctus

2188 835 2218 875 a
2241 822 2403 877 Patre
2436 824 2701 891 procedit,
2735 825 2835 879 tria
2868 824 2921 879 in
2948 840 3013 880 eo
3040 826 3321 896 privilegia
3350 827 3565 882 deitatis
3590 837 3777 883 osten-

2188 913 2297 981 dit,
2326 914 2379 969 id
2410 925 2494 971 est
2521 925 2580 971 ut
2619 918 2669 971 in
2705 933 2933 987 persona
2961 932 3055 973 sua
3084 919 3409 987 subsistere,
3439 930 3494 977 et
3521 923 3635 976 sine
3664 924 3779 977 u'lo

2192 1007 2450 1075 temporis
2480 1009 2656 1076 spatio
2686 1023 3020 1078 permanere,
3052 1018 3107 1063 et
3135 1010 3355 1064 omnino
3382 1026 3446 1065 ex
3474 1012 3779 1068 substantia

2191 1094 2370 1150 Patris
2400 1098 2659 1166 probetur
2690 1098 2941 1153 existere.
2990 1100 3123 1153 Dttrn
3154 1114 3281 1168 ergo
3308 1101 3598 1168 procedere
3626 1116 3776 1155 com-

2192 1195 2541 1253 memoratur,
2572 1188 2685 1257 ipsa
2712 1190 3038 1257 proprietate
3067 1191 3354 1256 sermonis,
3382 1192 3539 1246 nullis
3570 1203 3776 1261 tempo-

2191 1290 2307 1329 rum
2348 1276 2554 1345 legibus
2594 1279 2981 1348 circumscribi,
3020 1281 3115 1335 sed
3158 1282 3310 1336 initio
3347 1292 3394 1336 et
3441 1282 3546 1338 ﬁne
3586 1298 3776 1340 carere

2191 1382 2233 1423 cu
2257 1372 2548 1438 gnoscitur.
2588 1371 2654 1426 Et
2683 1373 2805 1441 quia
2836 1373 3062 1443 legimus
3095 1390 3112 1429 :
3142 1372 3253 1445 Ego
3279 1391 3391 1428 sum
3416 1376 3506 1444 qui
3532 1390 3669 1441 sum,
3697 1385 3775 1442 et,

2191 1459 2278 1527 qui
2309 1468 2383 1511 est
2413 1461 2546 1512 misit
2575 1477 2652 1519 me
2688 1459 2888 1530 (Exod.
2916 1462 3019 1532 tn).
3064 1463 3176 1517 Iloc
3214 1463 3458 1517 similiter
3494 1464 3691 1517 indicat
3722 1472 3779 1519 et

2192 1550 2455 1618 procedit.
2487 1549 2620 1605 Esse
2648 1552 2790 1607 enim
2824 1563 2875 1606 et
2904 1554 3220 1623 procedere.
3252 1555 3408 1608 unius
3436 1555 3775 1623 sempiterni-

2194 1641 2317 1695 tatis
2342 1644 2637 1711 expressio.
2671 1645 2808 1713 Ergo
2849 1647 2963 1715 ipsa
2998 1646 3295 1716 processio,
3338 1662 3436 1701 nec
3477 1648 3646 1715 prima
3677 1662 3779 1702 nec

2194 1744 2439 1787 extrema
2476 1736 2812 1805 contingens,
2849 1737 2979 1791 nulli
3028 1737 3110 1791 vel
3157 1737 3413 1807 principio
3462 1738 3777 1807 intelligitur

512 1830 568 1883 in
610 1830 697 1883 illa
735 1827 1038 1896 specialiter
1069 1824 1430 1878 sacratissima
1474 1821 1894 1892 regenerationis
1934 1828 2090 1875 nocte
2120 1818 2168 1877 B
2196 1823 2475 1893 subiacere
2504 1825 2587 1880 vel
2621 1828 2867 1883 termino.
2909 1826 3023 1883 Non
3057 1843 3185 1898 ergo
3224 1828 3347 1883 ideo
3387 1828 3613 1884 localem
3654 1844 3774 1883 esse

514 1922 579 1974 ab
596 1920 815 1973 Oriente
835 1920 884 1971 in
908 1916 1269 1981 Occidentrm,
1300 1930 1327 1967 a
1357 1914 1483 1968 solis
1505 1923 1622 1968 ortu
1653 1928 1816 1981 usque
1845 1912 1911 1965 ad
1936 1926 2088 1966 occa-

514 2026 651 2075 sum,
677 2010 743 2063 ab
765 2009 1010 2078 aquilone
1040 2016 1092 2062 et
1114 2007 1269 2073 mari,
1296 2005 1488 2075 ubique
1510 2004 1647 2059 idem
1671 2004 1923 2070 Spiritus,
1952 2018 2090 2058 unus

514 2110 567 2156 et
606 2101 791 2167 plenus
820 2108 1090 2166 operatur,
1126 2112 1219 2166 per
1256 2096 1435 2150 omnia
1478 2108 1717 2165 praesens
1742 2104 1848 2160 est,
1876 2094 2090 2148 invoca-

515 2192 659 2246 tione
684 2191 933 2255 creditur,
960 2188 1334 2249 benedictione
1360 2186 1609 2251 sentitur,
1636 2186 1923 2239 innumerte
1949 2185 2087 2238 mul—

515 2283 769 2337 titudines
796 2298 900 2337 uno
931 2282 1196 2351 baptismo
1224 2280 1501 2335 diluuntur
1522 2287 1593 2344 et,
1628 2289 1681 2332 ut
1710 2279 1843 2332 dixit
1865 2280 2093 2347 Aposto-

515 2376 618 2443 lus,
638 2392 739 2429 uno
758 2376 957 2444 Spiritu
976 2384 1232 2444 palantur,
1254 2376 1305 2428 in
1329 2388 1492 2428 unum
1514 2373 1809 2441 adoptantis
1830 2372 2093 2441 gremium

514 2477 887 2521 renascuntur.
917 2466 983 2520 Et
1005 2466 1127 2521 ideo
1149 2464 1286 2519 dixit
1309 2465 1449 2520 Deus
1474 2480 1489 2518 :
1514 2462 1579 2516 In
1601 2462 1775 2515 diebus
1805 2464 1907 2517 illis
1928 2462 2092 2529 effun-

512 2556 629 2609 dam
647 2556 709 2609 de
721 2555 919 2622 Spiritu
942 2572 1050 2611 meo
1070 2572 1218 2626 super
1236 2572 1433 2609 omnem
1454 2569 1674 2609 carnem.
1695 2553 1927 2609 Adverte
1947 2553 2091 2623 quod

511 2646 645 2699 dixit
668 2663 681 2697 :
707 2644 967 2712 e/fundam
988 2646 1048 2697 de
1063 2644 1263 2715 Spiritu
1288 2660 1414 2711 meo,
1440 2652 1493 2698 et
1516 2659 1619 2696 non
1638 2642 1803 2697 dixit:
1823 2642 2091 2698 eﬂ‘undam

511 2737 767 2804 Spiritum
800 2752 998 2803 meum,
1030 2737 1083 2790 id
1112 2746 1193 2790 est
1222 2745 1424 2789 tantum
1451 2734 1517 2789 de
1548 2749 1614 2788 eo
1641 2743 1896 2803 quantum
1921 2735 2091 2803 possit

513 2831 743 2885 mundus
781 2831 1027 2898 accipere
1063 2828 1439 2897 dispensanda.
1497 2827 1653 2882 Vides
1692 2827 1831 2896 quod
1875 2842 1903 2880 a
1934 2829 2092 2883 Patre

512 2920 817 2989 egreditur,
856 2933 953 2973 nec
1000 2926 1173 2972 tamen
1214 2933 1243 2971 a
1278 2918 1433 2973 Patre
1473 2925 1769 2987 separatur,
1810 2919 2089 2985 emittitur,

513 3021 567 3066 et
613 3027 719 3065 non
768 3009 1049 3071 amittitur,
1089 3009 1376 3065 ellunditur
1423 3019 1477 3064 et
1520 3010 1798 3077 retinetur,
1829 3020 1883 3065 et
1934 3012 1989 3066 in
2024 3026 2091 3068 eo

514 3106 653 3177 quod
683 3105 878 3159 eil‘uudi
911 3104 1117 3174 legitur,
1148 3102 1455 3172 magnitudo
1479 3103 1822 3172 plenitudinis
1844 3102 2086 3158 declara-

2189 1914 2483 1982 eredimus,
2508 1916 2633 1985 quia
2668 1917 2801 1971 mitti
2829 1932 2949 1971 eum
2982 1933 3009 1970 a
3041 1918 3195 1972 Patre
3232 1933 3296 1973 ex
3339 1918 3565 1973 lectione
3592 1932 3774 1987 perce-

2190 2006 2388 2075 pimus,
2419 2020 2538 2059 nam
2576 2016 2629 2061 ct
2658 2007 2725 2061 de
2752 2007 2909 2062 Patre
2944 2016 2996 2063 et
3018 2006 3151 2062 Filio
3184 2006 3428 2077 legimus,
3462 2007 3604 2076 quod
3633 2009 3775 2066 velut

2189 2098 2418 2165 quodam
2440 2104 2589 2152 motu
2625 2097 2951 2153 descendant
2989 2114 3052 2153 ac
3081 2100 3313 2153 veniant.
3342 2098 3626 2153 Videamus
3661 2100 3772 2153 ubi.

2190 2191 2303 2263 Ego
2342 2193 2558 2265 (inquit)
2588 2205 2633 2248 et
2673 2193 2829 2249 Pater
2859 2194 3151 2260 veniemus,
3196 2203 3240 2247 et
3278 2193 3597 2246 mansionem
3638 2191 3775 2265 apud

2190 2300 2303 2338 eum
2323 2285 2566 2355 faciemus
2584 2283 2764 2355 (Joan.
2790 2284 2921 2356 xiv).
2960 2284 3029 2339 Et
3057 2285 3268 2351 iterum,
3299 2299 3420 2339 eum
3445 2286 3689 2355 gigantes
3718 2286 3771 2341 in

2191 2375 2384 2430 cmlum
2431 2376 2745 2430 molirentur
2788 2376 2976 2430 turrim
3038 2376 3278 2445 erigere,
3327 2374 3501 2430 Patris
3551 2391 3770 2445 persona

2191 2467 2424 2537 loquitur
2453 2484 2468 2520 :
2518 2466 2695 2521 Venite
2718 2476 2763 2521 et
2791 2468 3166 2537 confundamus
3192 2467 3393 2537 linguas
3421 2484 3593 2522 eorum
3619 2467 3764 2538 (Gen.

2192 2558 2291 2628 xt).
2324 2558 2421 2612 llic
2448 2572 2575 2627 ergo
2606 2573 2699 2625 per
2735 2558 3019 2613 terborum
3053 2567 3356 2613 nostrorum
3383 2572 3569 2623 sonos,
3596 2557 3766 2613 sensi-

2191 2650 2288 2704 bus
2320 2649 2516 2705 nostris
2543 2665 2720 2704 rernm
2748 2649 3037 2704 efﬁcientia
3063 2651 3482 2705 demonstratur.
3508 2649 3763 2704 (laterum

2193 2739 2417 2793 localem
2446 2749 2647 2793 motum
2674 2741 2848 2795 virtus
2873 2741 3048 2794 divina
3074 2755 3179 2795 non
3204 2740 3418 2809 patitur,
3442 2754 3556 2808 quae
3580 2752 3675 2791 nec
3695 2750 3754 2791 ex

2191 2844 2351 2885 cursu
2392 2842 2581 2900 agente
2623 2831 2858 2897 advenit,
2898 2846 2997 2887 nec
3031 2846 3251 2887 recursu
3285 2832 3493 2886 labente
3520 2829 3757 2885 discedit.

2190 2922 2290 2990 Qui
2341 2937 2462 2976 cum
2506 2923 2715 2978 excedit
2757 2924 2966 2987 omnia,
3009 2937 3115 2991 quo
3156 2922 3394 2977 recedit?
3448 2922 3522 2976 De
3567 2921 3763 2990 Spiritu

2190 3022 2375 3067 sancto
2405 3013 2687 3068 didicimus
2717 3012 2983 3067 lectione:
3020 3011 3249 3066 Ecclesia
3269 3022 3437 3066 autem
3468 3028 3639 3082 pacem
3670 3010 3763 3063 Ita-

2193 3099 2335 3161 6ebat
2363 3124 2449 3179 per
2479 3117 2635 3161 totam
2668 3106 2907 3161 Judwam
2950 3107 3217 3161 ambulans
3247 3108 3301 3159 in
3333 3110 3513 3160 timore
3541 3097 3765 3169 Domini,

514 3207 619 3254 tur.
646 3197 802 3251 Liber
817 3196 1091 3252 Geucseos
1114 3194 1253 3250 sacri
1277 3194 1561 3251 voluminis
1584 3202 1809 3252 testatur
1830 3195 2083 3253 exordio:
2114 3171 2160 3237 Ο
2196 3211 2239 3257 et
2270 3201 2612 3255 consolatione
2642 3199 2869 3269 Spiritus
2898 3200 3057 3252 sancti
3086 3198 3375 3262 rapiebatur
3417 3197 3552 3267 (Act.
3577 3194 3672 3267 is}.
3708 3196 3765 3249 Et

518 3291 743 3362 Spiritus
765 3301 939 3344 autem
959 3289 1162 3342 Domini
1178 3290 1435 3358 ferebatur
1454 3305 1605 3356 super
1620 3306 1797 3359 aquas,
1819 3288 2091 3358 ferebatur,

515 3383 705 3451 inquit,
730 3398 880 3453 super
901 3399 1062 3450 aquas
1086 3380 1235 3453 (Cen.
1262 3380 1333 3450 ι);
1364 3395 1543 3435 sermo
1572 3381 1686 3449 ipse
1716 3381 2089 3435 abundantiam

515 3474 758 3527 universa
781 3474 1123 3540 complentis,
1148 3482 1201 3526 et
1222 3471 1566 3526 eminentiam
1590 3472 1799 3525 videtur
1820 3472 2093 3541 assignare

515 3568 859 3622 dominantis.
892 3566 1163 3637 Propriam
1196 3580 1407 3635 quoque
1439 3565 1574 3621 hanc
1599 3565 1714 3635 ejus
1746 3566 2091 3636 magniﬁcen-

517 3658 665 3720 tiam,
697 3658 855 3711 nullis
892 3657 1126 3709 locorum
1164 3656 1347 3724 spatiis
1373 3657 1828 3725 circumscriptam
1865 3657 1977 3726 pari
2008 3665 2089 3709 at-

518 3747 805 3801 testatinne
833 3746 1173 3800 concelebrat
1198 3744 1382 3800 dicens
1426 3762 1439 3799 :
1477 3746 1588 3812 Quo
1626 3748 1709 3799 ibo
1738 3764 1766 3798 a
1793 3747 1975 3817 spiritu
2005 3756 2091 3800 tuo

520 3836 693 3908 (Psal.
725 3842 1010 3904 cxxxvttt),
1052 3837 1154 3891 hoc
1192 3846 1275 3891 est
1315 3837 1403 3890 ubi
1436 3852 1519 3891 me
1549 3837 1868 3892 abscondam
1907 3853 1933 3889 a
1963 3853 2094 3893 con-

518 3936 699 3997 spectu
730 3928 1040 3998 ejus,qucm
1071 3938 1263 3996 praesto
1286 3942 1402 3982 esse
1431 3942 1524 3996 per
1545 3930 1747 3994 omnia,
1771 3928 1821 3981 id
1849 3938 1931 3982 est
1957 3929 2092 3983 intra

518 4027 776 4087 extraque
815 4033 920 4071 non
968 4018 1211 4087 ambigo,
1253 4018 1400 4086 cujus
1439 4018 1649 4072 oculum
1682 4017 1898 4088 abyssos
1932 4033 2093 4086 pcne-

518 4116 769 4174 trantem,
795 4109 930 4163 intra
961 4118 1163 4163 secreta
1194 4109 1294 4163 mei
1337 4108 1565 4177 pectoris
1591 4108 1899 4173 reformido,
1940 4110 2092 4178 cujus

515 4200 813 4269 praesentia:
838 4201 1077 4254 universa
1100 4216 1215 4270 qua:
1238 4200 1479 4255 condidit
1498 4200 1777 4270 subjacere
1800 4203 2090 4271 cognosco?

520 4294 595 4347 De
624 4308 729 4362 quo
758 4294 874 4362 quia
914 4293 1049 4361 ignis
1078 4308 1395 4347 consumens
1426 4300 1537 4357 est,
1579 4293 1777 4347 dictum
1813 4294 2091 4347 evidenter

517 4382 769 4449 intelligo,
800 4398 889 4435 nec
916 4391 985 4434 cst
1017 4382 1102 4450 qui
1131 4398 1182 4434 se
1213 4382 1487 4435 abscondat
1518 4398 1547 4433 a
1576 4383 1745 4435 calore
1776 4384 1886 4453 ejus
1917 4382 2087 4453 (Psal.

518 4470 691 4541 xvm).
734 4472 893 4537 Cujus
938 4470 1215 4527 ineﬂabilis
1253 4471 1561 4538 magnitudo
1590 4472 1853 4538 profunda.
1893 4472 2090 4525 infero-

518 4573 657 4629 rum,
685 4561 873 4616 diffusa
898 4560 1169 4630 tlte-tuum,
1195 4569 1408 4617 extenta
1432 4571 1717 4623 terrarum,
1744 4565 1950 4618 excelsa
1978 4578 2089 4619 cte-

519 4652 689 4707 lorum
723 4655 913 4717 intrat,
944 4651 1155 4720 implet,
1188 4650 1418 4706 excedit.
1464 4652 1597 4705 Mitti
1630 4666 1658 4705 a
1688 4652 1843 4706 Patre
1874 4662 1924 4707 et
1958 4653 2090 4709 Filio

520 4744 737 4815 dicitur,
762 4753 814 4797 et
844 4742 907 4797 de
935 4744 1167 4812 ipsorum
1195 4742 1484 4797 substantia
1514 4744 1822 4813 procedere,
1849 4756 1896 4799 et
1928 4761 2086 4801 untan

520 4851 641 4891 cum
672 4836 751 4889 eis
790 4851 920 4903 opus
958 4848 1113 4903 agere
1142 4832 1490 4903 dignoscitur,
1530 4844 1583 4890 et
1612 4847 1891 4905 prapterea
1928 4838 2090 4893 Filius

521 4926 589 4981 de
608 4941 671 4981 eo
692 4926 814 4980 dicit
843 4924 1171 4979 :Paracletus
1194 4926 1278 4995 qui
1300 4942 1330 4977 a
1356 4925 1508 4979 Patre
1526 4928 1749 4997 procedit
1773 4927 1950 4999 (Joan.
1972 4929 2088 4999 xv).

521 5020 635 5074 Non
658 5019 791 5071 dixit
808 5017 894 5087 qui
920 5032 945 5069 a
973 5017 1124 5071 Patre
1145 5026 1355 5072 creatus
1377 5028 1481 5083 est,
1507 5018 1603 5073 sed
1622 5036 1653 5072 a
1670 5019 1822 5073 Patre
1842 5022 2090 5091 procedit,

523 5110 572 5165 id
594 5119 676 5164 est
696 5108 763 5163 de
785 5118 1019 5177 paterna:
1039 5108 1293 5163 societate
1313 5109 1581 5178 potentiae,
1604 5111 1745 5165 etde
1768 5114 2091 5181 praprietate

521 5209 742 5256 natura}.
789 5200 892 5255 Sed
920 5216 983 5255 ex
1019 5199 1134 5267 ipso
1164 5213 1447 5265 sermone,
1491 5214 1611 5255 cum
1641 5200 1850 5255 dicatur
1879 5218 1907 5255 a
1936 5203 2096 5260 Patre

525 5294 832 5364 procedere,
860 5291 1158 5349 ostenditur
1179 5307 1295 5348 cum
1322 5293 1478 5349 Patre
1499 5292 1705 5348 initium
1735 5310 1838 5348 non
1870 5297 2092 5354 habere.

525 5384 658 5452 Quid
687 5395 765 5442 est
793 5395 991 5451 autem,
1014 5382 1155 5454 quod
1183 5398 1248 5440 ex
1272 5383 1381 5440 Deo
1408 5383 1563 5441 Patre
1593 5386 1740 5441 nasci
1770 5386 1938 5443 Filius
1965 5388 2098 5444 dici-

2195 3294 2461 3363 quomodo
2489 3294 2628 3347 inter
2651 3292 2765 3346 bare
2792 3307 2914 3345 eum
2944 3291 3167 3345 localem
3190 3290 3468 3359 quisquam
3500 3288 3767 3359 praesumit

2194 3399 2437 3438 asserere
2463 3396 2785 3451 creaturam,
2809 3382 2897 3452 qui
2925 3382 3142 3436 inﬁnita:
3168 3380 3526 3435 multitudinis
3549 3379 3767 3449 impleto

2193 3474 2447 3543 probatur
2474 3472 2767 3527 Ecclesiam
2790 3513 2804 3539 ,
2836 3479 2895 3525 ut
2920 3481 2974 3527 et
3003 3471 3071 3526 ad
3102 3473 3272 3540 ipsum
3300 3471 3576 3540 pertinere
3606 3469 3769 3524 mani-

2193 3564 2385 3619 festum
2403 3562 2624 3633 sitquod
2646 3562 2931 3631 Apostolus
2948 3561 3076 3615 dicit
3100 3578 3112 3614 :
3138 3560 3292 3614 Pater
3310 3560 3769 3613 misericordiarum

2193 3668 2236 3710 et
2266 3655 2405 3710 Deus
2448 3656 2599 3709 totius
2647 3654 3005 3708 consolationis
3044 3650 3097 3723 (1
3127 3650 3247 3705 Cor.
3283 3651 3366 3720 t)?
3407 3650 3676 3704 Habemus
3719 3649 3771 3702 in

2195 3748 2400 3817 psalmo
2426 3762 2439 3799 :
2459 3744 2712 3798 Fluminis
2734 3744 2944 3812 impetus
2967 3742 3190 3809 ltetiﬁcat
3214 3742 3461 3793 civitatem
3483 3740 3573 3792 Dei
3598 3738 3768 3810 (Psal.

2191 3840 2344 3910 xcv).
2370 3838 2496 3906 Quis
2516 3847 2597 3895 est
2621 3837 2721 3890 iste
2748 3834 2978 3889 ﬂuminis
3002 3834 3249 3901 impetus,
3280 3832 3379 3885 nisi
3404 3832 3489 3885 ille
3517 3831 3767 3885 nimirum

2192 3931 2258 3985 de
2282 3945 2386 3999 quo
2408 3928 2807 3982 dicitDominus
2831 3940 2927 3995 per
2952 3924 3207 3979 Joannem
3237 3940 3249 3975 :
3280 3924 3377 3989 Qui
3403 3922 3559 3975 credit
3587 3923 3639 3974 in
3664 3937 3763 3988 me,

2191 4021 2405 4091 flumina
2430 4019 2492 4072 de
2514 4026 2685 4071 v.ntre
2710 4020 2817 4086 ejus
2844 4017 3001 4085 ﬂuent
3029 4029 3176 4085 aqua:
3200 4014 3358 4066 vim?
3379 4012 3491 4065 lloc
3520 4013 3647 4064 dixit
3674 4010 3772 4064 Do«

2191 4112 2356 4165 minus
2381 4108 2532 4163 Iesus
2562 4108 2623 4162 de
2656 4108 2855 4178 Spiritu
2882 4121 3029 4177 quem
3059 4105 3317 4171 accepturi
3346 4112 3488 4157 erant
3516 4102 3772 4155 credentes

2192 4204 2245 4256 in
2289 4218 2402 4256 eum
2445 4200 2623 4271 (Joan.
2650 4200 2717 4267 ι).
2783 4197 2914 4252 Vide
2965 4195 3409 4265 magniﬁcentiam
3456 4194 3772 4262 majestatis.

2191 4295 2281 4352 Sic
2312 4295 2363 4347 in
2397 4294 2556 4347 terris
2586 4292 2835 4345 tribuitur
2858 4289 3115 4343 Ecclesia:
3144 4287 3259 4351 Dei,
3286 4297 3343 4340 ut
3372 4294 3550 4339 tamen
3582 4286 3633 4337 in
3664 4299 3775 4338 cte-

2193 4387 2264 4441 lis
2284 4385 2519 4441 latiticet
2539 4383 2806 4438 civitatem
2833 4381 2952 4446 Dei,
2981 4380 3031 4433 id
3055 4388 3135 4434 est
3157 4392 3441 4447 regnorum
3469 4376 3775 4431 (talestiutn

2195 4475 2357 4538 cives,
2384 4488 2629 4543 superna‘.
2658 4471 2859 4527 militi-.e
2886 4470 3131 4539 populos,
3163 4466 3512 4537 principatus,
3537 4474 3775 4533 potesta-

2198 4574 2279 4619 tes
2312 4579 2373 4619 ac
2416 4555 2829 4624 dominationes,
2868 4558 3219 4614 ineﬂabilibus
3263 4556 3469 4625 gaudiis
3511 4569 3608 4623 pro
3638 4568 3775 4609 con-

2197 4655 2415 4711 scientia
2443 4663 2656 4708 aeterna:
2682 4651 3025 4707 beatitudinis
3054 4648 3259 4717 irrigat,
3286 4660 3337 4702 et
3364 4648 3609 4701 ubertate
3636 4643 3774 4700 laeti-

2198 4748 2282 4801 tize
2310 4744 2662 4801 exundantius
2694 4742 2952 4806 inebriat,
2994 4745 3312 4793 concentum
3350 4737 3467 4791 caeli
3505 4736 3555 4790 in
3594 4735 3775 4789 exSnI-

2199 4839 2397 4892 latione
2446 4843 2687 4889 torrente
2739 4848 2849 4887 suae
2897 4828 3338 4885 sanctiﬁcationis
3368 4826 3681 4882 exsuscitat.
3715 4825 3773 4880 Si

2198 4931 2313 4984 haec
2354 4936 2495 4982 tanta
2541 4938 2635 4995 per
2678 4924 2910 4993 aliquam
2953 4929 3249 4975 creaturam
3282 4918 3468 4973 donari
3508 4917 3775 4985 Opineris,

2199 5017 2394 5073 divina:
2441 5014 2692 5084 potentiae
2735 5011 3003 5081 proprium
3048 5009 3177 5063 nihil
3226 5007 3507 5077 relinquis.
3559 5004 3613 5059 Si
3659 5005 3773 5059 brec

2200 5107 2463 5180 (inquam)
2494 5120 2591 5175 per
2618 5104 2845 5173 aliquam
2877 5100 3149 5156 existimas
3178 5108 3497 5161 creaturam,
3532 5096 3586 5150 in
3612 5111 3774 5165 ange-

2199 5201 2463 5260 lorum,et
2508 5195 2951 5264 archangelorum
3008 5192 3181 5247 tendis
3230 5191 3515 5261 iujttriam,
3580 5190 3777 5257 quibus

2200 5303 2341 5348 tanta
2385 5300 2439 5347 ct
2478 5289 2601 5345 talia
2648 5286 2805 5343 tribui
2847 5301 2941 5357 per
2981 5283 3225 5341 conservi
3263 5283 3497 5338 aestimas
3538 5280 3773 5345 largitio-

2201 5403 2345 5442 DCIII.
