3990 6390
143 353 213 409 25
1288 342 1374 397 DE
1416 340 1685 397 SPIRITU
1727 340 1995 396 SANCTO
2032 339 2161 395 LIB.
2204 338 2266 394 11.
3338 343 3405 402 95

184 473 3375 503 Μ

1077 541 1553 651 LIBER
1628 539 2474 649 SECUNDUS.

1684 685 1914 698 —

666 772 890 831 CAPUT
928 769 1214 824 PRIMUM.

224 873 361 941 Quia
391 868 539 925 nulla
568 875 804 921 creatura
839 862 1373 941 rationaliacognafw
1414 866 1660 911 creaturae

738 936 894 1005 possit
923 931 1151 1001 inlundi.

222 1056 475 1127 Legimus
505 1053 573 1108 de
601 1050 801 1121 proflua
841 1046 1102 1102 effusione
1129 1044 1359 1113 Spiritus
1399 1041 1569 1096 sancti
1600 1057 1612 1092 :
1640 1038 1734 1093 Je-

152 1164 241 1202 sus
272 1154 443 1199 autem
474 1145 653 1212 plenus
689 1140 889 1209 Spiritu
921 1147 1096 1191 sancto
1136 1149 1391 1205 regressus
1434 1140 1507 1186 est
1545 1147 1577 1184 α
1606 1128 1732 1184 Jor-

154 1241 312 1291 daue.
346 1236 474 1303 Quis
514 1247 643 1302 ergo
674 1232 772 1286 nisi
800 1231 890 1300 qui
917 1227 1157 1298 ejusdem
1195 1233 1339 1280 esset
1367 1219 1730 1294 plenitudinis,

156 1332 470 1402 implentem
502 1326 677 1383 omnia
705 1326 871 1393 possit
900 1322 1139 1390 implere.
1174 1319 1251 1373 De
1292 1315 1548 1387 apostolis
1573 1314 1736 1369 refert

156 1436 337 1479 sermo
368 1420 620 1475 divinus:
651 1416 717 1471 Et
756 1414 933 1484 repleti
962 1423 1077 1467 sunt
1115 1426 1288 1465 omnes
1313 1408 1509 1479 Spiritu
1533 1416 1732 1461 sancto.

163 1514 232 1569 Et
282 1512 616 1583 loquebantur
661 1507 868 1563 verbum
913 1505 1008 1557 Dei
1045 1515 1159 1555 cum
1202 1501 1412 1568 ﬁducia.
1466 1498 1531 1552 Et
1578 1496 1734 1565 paulo

164 1613 293 1677 post
319 1622 332 1657 :
359 1603 615 1670 Quoniam
651 1599 783 1653 etin
814 1597 1057 1651 nationes
1088 1594 1324 1662 integras
1363 1589 1582 1659 implere
1614 1601 1737 1657 pro-

162 1700 395 1763 hibetur,
419 1704 472 1752 et
499 1693 842 1750 inexhaustus
861 1700 1021 1761 alque
1044 1690 1098 1742 in
1118 1702 1177 1743 se
1204 1687 1392 1757 plenus
1423 1696 1737 1755 permanere

161 1790 514 1860 dignoscitur.
553 1786 606 1840 Si
638 1794 847 1840 creatus
876 1790 957 1837 est
982 1781 1231 1847 Spiritus,
1263 1777 1329 1832 de
1358 1790 1465 1847 quo
1505 1787 1736 1844 unquam

157 1884 352 1951 angelo
375 1881 458 1935 vel
497 1878 821 1948 archangelo
847 1877 1042 1931 lectum
1071 1882 1175 1941 est,
1217 1871 1356 1941 quod
1400 1884 1460 1925 se
1489 1869 1735 1939 cuiquam

162 1977 354 2030 anima:
384 1974 707 2029 intrinsecus
737 1977 1020 2038 susceptus
1050 1963 1339 2021 infuderit?
1367 1962 1461 2017 Dic
1504 1960 1656 2027 mihi,
1691 1957 1738 2014 si

162 2082 393 2138 unquam
426 2082 488 2121 ex
519 2063 781 2120 creaturis
811 2063 974 2117 ullam
1008 2058 1201 2130 legeris
1232 2063 1548 2126 potestatem
1579 2059 1738 2122 atque

1758 774 1805 834 Α
1836 765 2012 817 turbat
2041 764 2279 829 incursu,
2310 779 2430 832 quae
2457 765 2722 821 interdum
2755 767 2879 821 vino
2915 767 3080 821 nimio
3134 770 3213 824 vei
3247 769 3405 825 febri-

1834 858 1909 908 tio
1947 856 2231 923 fatigantur
2272 870 2522 910 accensu.
2557 857 2610 911 In
2640 858 2833 913 anima:
2863 859 3042 927 itaque
3080 873 3271 916 sensus
3308 863 3406 915 ini-

1834 951 1971 1002 mica
2012 948 2233 1003 tentatio
2270 963 2367 1017 per
2404 949 2660 1005 malitiam
2700 952 2801 1007 scit
2837 952 3094 1021 irrepere,
3128 953 3181 1008 in
3209 955 3406 1009 anima:

1834 1055 1964 1096 vero
2008 1053 2252 1096 recessus
2298 1054 2393 1109 per
2425 1049 2668 1095 naturam
2698 1044 2869 1099 nescit
2914 1044 3157 1101 influere.
3187 1045 3255 1100 Et
3286 1044 3406 1101 ideo

1836 1130 2135 1201 huiusmodi
2163 1131 2383 1199 spiritus
2408 1130 2714 1187 immundos
2734 1132 2981 1190 humana:
3004 1145 3208 1191 mentes
3231 1151 3293 1192 ac
3315 1150 3406 1206 pe<

1834 1232 1982 1279 ctora
2013 1238 2117 1278 non
2152 1233 2457 1278 naturarum
2480 1224 2748 1279 lnfusione
2776 1229 3014 1296 capiunt,
3048 1229 3139 1284 sed
3169 1230 3407 1283 volunta-

1838 1324 1946 1370 tum
1973 1316 2231 1385 pravitate
2251 1315 2578 1385 concipiunt.
2601 1317 2934 1374 Manifestum
2960 1320 3135 1390 itaque
3164 1331 3246 1378 est
3269 1323 3407 1395 quod

1839 1416 2120 1477 penetrare
2155 1409 2452 1461 animarum
2492 1408 2819 1465 substantias
2864 1423 3155 1480 nequeunt,
3185 1413 3408 1483 quarum

1838 1499 2190 1554 conscientias
2234 1500 2375 1553 scire
2424 1513 2528 1553 non
2556 1510 2801 1568 possunt.
2844 1500 2997 1566 Quod
3040 1503 3082 1556 si
3128 1504 3409 1572 aliquando

1840 1592 2177 1647 damonibus
2207 1607 2366 1647 nosse
2397 1593 2705 1663 contigerit,
2736 1593 2804 1647 de
2836 1593 3138 1662 perditione
3169 1608 3253 1652 est
3282 1614 3411 1653 con-

1838 1686 2144 1753 venientiae,
2177 1702 2284 1741 non
2312 1687 2379 1742 de
2402 1696 2665 1758 potestate
2694 1697 2915 1743 natura).
2945 1688 3070 1745 Sola
3092 1704 3220 1760 ergo
3252 1705 3311 1746 se
3332 1691 3411 1744 di-

1840 1778 1976 1832 vina-
1990 1779 2244 1847 potentia,
2275 1794 2393 1848 qua:
2420 1780 2547 1834 etin
2580 1779 2779 1848 Spiritu
2807 1791 2990 1836 sancto
3017 1791 3096 1836 est
3120 1783 3413 1837 rationabi-

1844 1871 1984 1927 libus
2012 1872 2275 1927 creaturis
2304 1872 2475 1927 infusa
2512 1881 2566 1928 et
2592 1874 2909 1929 circumfusa
2943 1876 3246 1943 permiscet,
3278 1878 3413 1934 sicut

1843 1963 2182 2034 peculiariter
2212 1964 2262 2018 in
2288 1964 2382 2017 illo
2403 1964 2652 2019 dominici
2684 1964 2915 2020 hominis
2940 1981 3186 2036 corpore,
3214 1983 3277 2023 ex
3302 1967 3415 2023 Ma-

1841 2056 1920 2111 ria
1949 2065 2118 2111 matre
2139 2065 2411 2125 suscepto,
2434 2057 2598 2127 gratia
2625 2058 2953 2114 exuberante
2975 2061 3254 2130 requievit,
3279 2062 3415 2117 sicut

158 2159 431 2224 virtutem,
456 2172 575 2226 qua:
598 2154 764 2209 multa
794 2153 954 2207 simul
1002 2148 1220 2218 impleat
1250 2155 1409 2215 atque
1438 2142 1728 2213 pOSSideal,
1762 2155 1813 2216 B
1836 2147 1904 2204 de
1934 2148 2110 2217 seipso
2134 2147 2301 2201 Filius
2329 2138 2725 2216 dicit:Spiritus
2759 2149 3133 2220 Dominisuper
3158 2168 3236 2206 nte
3260 2151 3413 2223 (Luc.

154 2260 209 2306 ct
236 2250 380 2320 quod
419 2248 585 2317 magis
628 2254 732 2311 est,
760 2242 1077 2298 indimiuuta
1135 2247 1295 2308 atque
1326 2236 1494 2290 divisa
1526 2248 1739 2302 perma-

154 2351 308 2397 neat.
350 2337 686 2409 Impossibile
732 2345 835 2399 est,
885 2343 939 2388 ut
970 2330 1261 2401 spiritualis
1302 2342 1364 2382 ac
1407 2324 1740 2382 rationabilis

153 2442 432 2496 creatura,
481 2440 718 2499 Cognata:
760 2428 860 2481 sibi
914 2434 1115 2479 natura:
1160 2437 1391 2491 unquam
1434 2417 1613 2472 valeat
1658 2418 1741 2467 in-

152 2523 335 2579 fundi.
368 2520 552 2589 Itaque
583 2534 669 2573 res
696 2516 986 2571 materialis
1033 2511 1364 2566 materialem
1392 2508 1559 2561 nescit
1581 2519 1745 2574 penes

154 2625 312 2670 trare
351 2609 727 2666 substantiam.
765 2606 924 2661 Solus
954 2605 1092 2658 Deus
1121 2603 1176 2655 in
1201 2616 1310 2669 quo
1349 2597 1663 2666 intelligitur
1691 2603 1745 2649 et

152 2703 405 2772 Spiritus
438 2708 678 2764 sanctus,
718 2695 970 2764 simplex,
1014 2690 1245 2754 subtilis,
1280 2702 1465 2760 purus,
1495 2688 1545 2741 in
1576 2685 1745 2740 factu-

150 2809 280 2851 ram
312 2794 393 2848 vel
415 2792 736 2861 angelicam,
763 2791 846 2843 vel
874 2788 1160 2841 humanam
1187 2784 1387 2838 virtute
1416 2782 1746 2849 incorporea:

153 2884 466 2943 divinitatis
499 2882 756 2949 illabitur,
789 2894 906 2949 qua:
927 2878 1041 2933 sola
1068 2876 1150 2930 sui
1181 2875 1361 2945 operis
1387 2871 1739 2942 pcnetratrix,

151 2975 375 3032 occulta
420 2971 637 3028 humani
682 2969 863 3025 cordis
900 2966 1215 3037 ingreditur.
1263 2962 1527 3031 Qmelibet
1563 2969 1743 3014 autem

150 3078 414 3126 creatura
456 3063 712 3129 cmlestis,
749 3062 800 3115 in
834 3069 1035 3113 tantum
1077 3056 1360 3111 infundere
1397 3053 1486 3108 vel
1524 3051 1745 3121 implere

153 3158 442 3214 hominem
473 3170 577 3208 non
612 3160 806 3222 potest,
838 3161 894 3206 ut
924 3150 1102 3205 abdita
1132 3145 1471 3217 cogitationis
1500 3144 1746 3198 humana:

152 3252 304 3308 scire
343 3248 532 3320 possit.
565 3247 632 3301 Et
657 3246 779 3301 ideo
805 3245 871 3300 de
900 3244 1019 3299 solo
1053 3244 1162 3297 Deo
1194 3242 1453 3311 legimus:
1481 3238 1581 3305 Qui
1609 3238 1747 3292 solus

151 3344 297 3397 nosti
326 3342 484 3394 corda
503 3340 766 3393 hominum
789 3337 969 3406 (Prov.
994 3333 1091 3406 γι).
1118 3334 1183 3389 Et
1210 3334 1403 3388 iterum
1430 3349 1442 3383 :
1470 3332 1585 3401 Ipse
1604 3328 1745 3384 enim

152 3437 320 3490 novit
371 3431 578 3487 occulta
619 3443 965 3501 cognoscere,
1006 3436 1061 3482 et
1102 3427 1204 3481 hoc
1240 3424 1283 3480 si
1328 3424 1618 3480 divinitatis
1668 3431 1749 3477 est

1845 2239 1941 2308 tv).
1974 2239 2032 2294 Si
2080 2253 2208 2309 ergo
2236 2237 2467 2308 Spiritus
2502 2250 2719 2293 sanctus
2751 2240 2950 2294 factura
2986 2241 3246 2311 subiecta:
3274 2253 3417 2299 esset

1843 2328 2166 2385 conditionis
2212 2338 2269 2383 ut
2311 2328 2517 2395 dicunt,
2568 2338 2675 2383 tam
2722 2330 3051 2400 impossibile
3081 2344 3237 2402 quam
3280 2334 3416 2389 indi-

1846 2436 2007 2489 gnum
2038 2420 2145 2475 Deo
2176 2428 2312 2487 erat,
2341 2430 2399 2473 ut
2429 2428 2674 2475 creatura
2706 2420 2810 2475 ulla
2847 2423 3077 2475 animam
3108 2424 3190 2478 vel
3224 2438 3417 2494 corpus

1849 2511 2118 2579 impleret,
2148 2512 2200 2563 in
2226 2524 2331 2577 quo
2352 2510 2460 2578 iam
2502 2510 2671 2565 Filius
2709 2511 2824 2576 Dei,
2858 2511 2909 2565 id
2932 2522 3014 2567 est
3041 2513 3201 2577 Deus,
3226 2515 3418 2577 inerat.

1850 2602 1905 2654 in
1929 2600 2151 2669 quoiam
2185 2601 2322 2662 sitis,
2352 2601 2425 2655 ait
2454 2600 2758 2667 Aposto'us,
2798 2604 3131 2670 corporaliter
3158 2605 3421 2673 plenitudo

1851 2692 2130 2745 divinitatis
2160 2688 2474 2743 inhabitabat
2503 2688 2723 2758 (Coloss.
2755 2690 2838 2761 tt).
2869 2690 2924 2746 Si
2948 2701 3191 2747 creatura
3210 2705 3289 2749 est
3310 2694 3423 2765 Spi-

1849 2786 1986 2840 ritus
2017 2796 2251 2849 sanctus,
2282 2787 2550 2855 quomodo
2580 2796 2757 2856 potest
2784 2789 3058 2860 corruptio
3089 2790 3423 2861 incorrupte-

1848 2876 1977 2944 lam,
2017 2892 2079 2932 ac
2111 2877 2405 2946 maiestatis
2444 2893 2696 2949 capacem
2739 2879 2946 2951 fragilis
2974 2882 3212 2938 conditio
3248 2886 3422 2954 possi-

1848 2970 2009 3024 dere?
2033 2968 2089 3024 Si
2115 2969 2345 3039 Spiritus
2371 2981 2587 3027 sanctus
2613 2987 2749 3027 unus
2778 2982 2864 3028 est
2884 2984 3147 3030 creaturzc
3176 2992 3239 3031 ex
3269 2978 3424 3046 plebe

1850 3061 2085 3124 facturre,
2110 3063 2377 3129 quomodo
2397 3074 2642 3119 creatura
2672 3081 2792 3121 cum
2825 3078 3085 3133 creatore,
3118 3068 3169 3123 id
3193 3079 3275 3124 est
3302 3085 3424 3127 cum

1852 3156 1989 3209 Filio
2022 3156 2113 3210 Dei
2143 3157 2287 3211 Velut
2317 3158 2611 3226 exaequari,
2643 3172 2829 3215 servus
2858 3176 2979 3215 cum
3014 3161 3237 3214 Domino
3263 3178 3425 3216 unum

1851 3248 1902 3301 iu
1931 3248 2107 3301 anima
2141 3248 2435 3303 Salvatoris
2475 3252 2817 3318 praesumitur
2848 3252 3160 3321 hospitium,
3192 3264 3247 3307 et
3273 3255 3426 3323 quasi

1852 3341 1904 3395 in
1930 3356 1995 3396 eo
2025 3342 2307 3411 prmsentia
2342 3341 2443 3398 sibi
2474 3357 2580 3398 non
2613 3344 2882 3398 sufficeret
2907 3345 3162 3410 auctoris,
3199 3344 3429 3403 famulus

1853 3434 2059 3488 accedit
2091 3433 2153 3486 ad
2183 3432 2457 3488 cumulum
2482 3435 2817 3489 sanctitatis?
2847 3435 2960 3490 Non
2986 3436 3055 3491 ita
3086 3445 3190 3489 est.
3221 3437 3326 3491 Sed
3352 3451 3412 3492 re

150 3529 484 3599 proprium,
556 3536 755 3595 quanto
823 3522 990 3592 magis
1045 3520 1272 3575 scrutari
1333 3517 1593 3588 profunda
1650 3514 1742 3570 Dei

1856 3532 2131 3593 cognosct
2173 3524 2376 3579 socium
2418 3525 2519 3580 sibi
2554 3526 2809 3595 templum
2864 3526 3084 3581 caeleste
3120 3528 3428 3597 collegium.

147 3619 363 3677 summi
396 3622 446 3673 in
480 3633 705 3688 persona
736 3617 966 3686 Spiritus
996 3615 1186 3682 sancti,
1218 3612 1512 3682 maiestatis
1541 3610 1751 3680 insigne

147 3723 239 3771 est
267 3730 284 3769 :
312 3711 534 3766 Auctori
560 3719 760 3764 tantum
786 3708 1013 3762 debetur
1037 3706 1138 3761 hoc
1163 3704 1522 3775 privilegium,
1546 3711 1601 3757 ut
1622 3715 1753 3757 con-

142 3803 443 3860 scientiam
474 3801 641 3870 possit
684 3799 885 3853 intrare
919 3804 1203 3850 secretam.
1244 3794 1434 3850 Anima
1476 3806 1602 3848 vero
1634 3790 1751 3845 ani-

142 3910 279 3961 mae,
316 3902 411 3948 aut
440 3891 661 3962 angelus
688 3888 877 3959 angelo
901 3886 1152 3956 conjungi
1186 3893 1388 3956 potest,
1412 3882 1615 3938 infundi
1642 3895 1748 3936 non

138 3994 361 4058 potest,
396 3985 520 4054 quia
552 3980 858 4052 huiusmodi
888 3988 1278 4041 creaturarum,
1309 3988 1505 4047 genera
1542 3982 1746 4028 tantum

138 4079 399 4148 Spiritus
429 4075 619 4142 sancti,
661 4074 714 4128 id
754 4080 839 4128 est
866 4072 1034 4127 solius
1063 4068 1158 4123 Dei
1184 4069 1400 4138 capacia
1442 4074 1589 4130 sunt,
1624 4065 1748 4134 quia
1792 4102 1827 4133 ,

136 4170 312 4243 ﬁguli
356 4168 439 4223 sui
468 4182 593 4222 vasa
639 4174 787 4231 sunt,
814 4165 884 4220 ab
918 4164 1009 4219 illo
1038 4163 1153 4217 solo
1184 4161 1397 4231 impleri
1428 4168 1673 4229 possunt,
1718 4172 1748 4212 a

132 4279 262 4337 quo
298 4262 372 4315 de
403 4259 569 4313 nihilo
596 4259 732 4323 facta
756 4266 899 4325 sunt,
932 4266 986 4311 et
1014 4256 1131 4309 sine
1161 4268 1267 4323 quo
1294 4266 1459 4306 vacua
1482 4264 1604 4305 esse
1630 4264 1752 4303 sen-

134 4360 390 4413 tiuntur.
422 4351 605 4422 Itaque
644 4349 939 4405 substantia
984 4348 1181 4402 anima:
1228 4354 1414 4415 utpote
1454 4342 1751 4413 corporalis

135 4450 387 4508 materia
434 4448 526 4502 alii
545 4445 788 4503 rationali
815 4452 1076 4500 creaturae
1095 4441 1303 4511 penitus
1327 4440 1499 4496 nescit
1521 4436 1745 4492 infundi.

135 4536 522 4599 Crassitudini
578 4537 725 4593 enim
786 4532 1075 4590 exterioris
1146 4532 1377 4587 hominis
1438 4536 1746 4598 comparata

136 4636 337 4691 anima
368 4632 686 4700 incorporea
713 4626 815 4683 dici
854 4636 1050 4698 potest,
1082 4624 1149 4680 ad
1184 4634 1458 4680 auctorem
1490 4636 1617 4677 vero
1656 4635 1743 4676 re-

137 4727 276 4792 lata,
311 4726 406 4779 cui
436 4719 937 4790 comprehensibilis
958 4725 1040 4773 est
1060 4716 1281 4771 materia
1314 4730 1429 4779 sua,
1462 4723 1516 4768 et
1539 4712 1741 4768 factura

135 4833 234 4871 sua
272 4813 568 4885 palpabilis
603 4829 614 4864 :
647 4827 674 4864 a
708 4825 814 4881 quo
844 4812 983 4865 intra
1021 4823 1216 4878 corpus
1264 4805 1464 4861 includi
1500 4813 1553 4860 ct
1593 4806 1741 4860 colli-

1857 3615 1965 3669 Nec
1991 3615 2203 3680 mirum,
2228 3614 2273 3669 si
2305 3616 2356 3669 in
2380 3615 2467 3670 illa
2500 3616 2689 3670 illustri
2718 3627 2771 3671 et
2801 3617 2937 3671 beati
2972 3620 3215 3685 corporis
3253 3621 3428 3674 an‘ma

1853 3704 2019 3759 Filius
2048 3714 2099 3759 et
2127 3704 2355 3770 Spiritus
2394 3716 2611 3759 sanctus
2644 3722 2805 3761 unum
2836 3708 3133 3762 sortiuntur
3160 3708 3423 3764 habitacu-

1852 3798 1984 3866 lum,
2016 3798 2211 3869 quibus
2234 3813 2519 3853 commune
2540 3809 2749 3854 constat
2778 3815 2897 3856 esse
2920 3811 2971 3857 ct
2997 3802 3213 3857 emtum.

2475 3938 2699 3995 CAPUT
2741 3940 2803 3993 ll.

1856 4031 2038 4085 Utrum
2064 4036 2221 4104 Μίνω
2250 4032 2536 4104 Opinionem
2567 4034 2939 4097 imperitorum,
2972 4032 3199 4099 Spiritus
3225 4042 3431 4087 sanctus

1924 4101 2260 4155 sicut'Filius
2283 4101 2355 4155 sit
2394 4103 2719 4159 incarnatus,
2751 4102 2886 4161 quod
2914 4111 2958 4152 et
2982 4103 3091 4166 ipse
3117 4104 3167 4153 in
3214 4102 3435 4158 Marium

1924 4172 2233 4293 :upervenit.
2277 4172 2355 4223 An
2397 4180 2593 4222 tmttum
2634 4168 2802 4222 Filius
2842 4171 2904 4222 de
2956 4170 3162 4240 Virgine
3204 4187 3433 4240 procreao

1948 4257 2004 4293 us
2032 4253 2116 4293 sit.

1924 4352 2030 4409 Sed
2086 4352 2399 4409 dicitur:Si
2449 4352 2678 4422 Spiritus
2732 4362 2947 4408 sanctus
2996 4356 3049 4408 in
3105 4367 3335 4423 corpore
3382 4365 3438 4416 et

1855 4445 2030 4500 anima
2064 4442 2465 4512 redemptorum
2499 4444 2780 4508 habitavit,
2819 4459 2948 4513 ergo
2974 4453 3029 4499 et
3059 4444 3173 4511 ipse
3201 4444 3438 4515 Spiritus

1850 4538 2273 4593 incarnationem
2333 4536 2602 4593 videbitur
2658 4539 2984 4605 suscepisse.
3042 4538 3156 4594 Non
3211 4540 3282 4593 ita
3329 4548 3471 4603 est._

1847 4630 1977 4685 Nam
2010 4641 2140 4686 ante
2180 4632 2469 4686 creationis
2510 4631 2659 4685 initia
2712 4646 2740 4684 a
2782 4632 2984 4701 Spiritu
3032 4642 3218 4687 saneto
3257 4632 3436 4689 Maria:

1847 4740 2039 4795 corpus
2064 4725 2333 4801 impletur,
2356 4735 2409 4780 et
2438 4725 2579 4779 inter
2605 4726 2756 4780 initia
2794 4727 3087 4779 creatinnis
3118 4726 3287 4781 Filius
3313 4726 3435 4779 Vir-

1846 4817 1982 4886 ginis
2022 4817 2218 4886 Spiritu
2253 4827 2439 4871 sancto
2480 4826 2804 4884 cooperante
2850 4818 3171 4884 concipitur,
3226 4817 3321 4871 sed
3368 4817 3434 4870 ad

134 4909 278 4979 gari,
311 4914 481 4974 atque
512 4904 619 4973 igni
662 4911 919 4973 perpetuo
967 4900 1258 4970 mancipari
1288 4906 1462 4970 potest
1504 4899 1642 4954 sicut
1670 4900 1740 4953 le-

1850 4923 2130 4978 personam
2156 4907 2272 4961 Filii
2300 4907 2607 4974 specialiter
2630 4922 2819 4961 novem
2849 4910 3127 4962 mensibus
3158 4908 3434 4977 possiden—

134 5004 348 5070 gimus,
388 5005 446 5050 ut
472 5004 587 5051 eant
610 4997 661 5049 in
683 4995 849 5066 ignem
871 5000 1152 5058 aeternum;
1177 4994 1263 5063 qui
1290 4999 1499 5061 paratus
1528 5000 1603 5045 est
1627 4990 1742 5043 dia-

136 5093 256 5147 bolo
283 5100 335 5144 ει
373 5088 572 5159 angelis
596 5091 728 5158 ejus.
762 5086 896 5140 Iluic
917 5085 1281 5141 indubitanter
1305 5083 1532 5152 auctori,
1563 5081 1742 5153 perfe-

136 5183 313 5237 ctoris
350 5181 413 5235 in
444 5193 503 5233 re
542 5192 800 5248 corporea
832 5186 933 5232 est.
965 5176 1070 5233 Sed
1105 5174 1329 5230 forsitan
1373 5175 1507 5230 dicis
1538 5192 1549 5227 :
1577 5174 1742 5229 Mani-

137 5277 353 5332 festum
429 5271 693 5342 estquod
750 5284 808 5326 se
859 5272 1023 5326 etiam
1071 5269 1376 5324 daemonum
1438 5270 1741 5337 importuna

137 5371 438 5431 violentia,
476 5367 529 5421 in
567 5365 813 5421 homines
841 5378 976 5434 quos
998 5362 1285 5419 tentandos
1322 5369 1602 5430 acceperat
1633 5360 1738 5415 frc-

139 5471 389 5536 qnenter
431 5458 694 5513 infundat.
742 5455 855 5511 Non
887 5456 958 5510 ita
1011 5465 1093 5513 eSt
1124 5472 1137 5509 :
1172 5469 1293 5509 nam
1337 5454 1578 5522 corporis
1608 5452 1742 5507 latc-

142 5558 274 5611 bras
306 5555 523 5610 intrare
545 5558 788 5620 possunt,
815 5549 1009 5604 anima:
1035 5563 1163 5603 vero
1185 5548 1439 5603 interiora
1464 5545 1614 5602 adire
1639 5559 1744 5601 non

140 5656 406 5708 possunt.
436 5645 727 5701 Sciendum,
748 5658 876 5713 ergo
895 5653 977 5700 est
1010 5643 1152 5714 quod
1175 5643 1529 5712 spiritualium
1561 5641 1747 5712 nequi-

145 5744 351 5806 tiarum
397 5730 592 5796 dolosa
624 5730 913 5801 subtilitas,
956 5725 1044 5792 illa
1079 5736 1445 5793 membrorum
1495 5737 1610 5794 loca
1648 5750 1754 5792 suo

1846 4999 1968 5063 dus,
1996 5010 2045 5053 et
2078 5015 2196 5055 cum
2233 4998 2421 5053 eodem
2467 5000 2516 5050 in
2550 4999 2726 5054 lucem
2762 5014 3081 5069 progressus
3110 4999 3434 5064 infunditur,

1847 5091 2002 5160 cnjns
2057 5091 2239 5160 utique
2290 5091 2543 5159 temporis
2601 5092 2922 5146 societatem
2978 5092 3115 5145 intra
3169 5100 3435 5146 secrvtum

1848 5186 1985 5236 uteri
2032 5181 2304 5250 virginalis
2333 5182 2568 5248 Spiritus
2600 5182 2767 5236 sancti
2809 5197 3033 5250 persona
3071 5196 3177 5235 non
3221 5181 3433 5248 recipit,

1852 5272 2118 5327 hominem
2166 5288 2296 5340 ergo
2344 5288 2502 5343 quem
2545 5272 2709 5327 Filius
2751 5272 2843 5327 Dei
2886 5275 3024 5328 inter
3064 5275 3174 5343 ipsa
3214 5274 3437 5341 suscipit

1852 5364 2093 5427 exordia,
2128 5363 2359 5432 Spiritus
2391 5372 2607 5419 sanctus
2632 5378 2737 5419 non
2767 5373 3051 5433 susceptor
3079 5364 3171 5419 sed
3201 5364 3437 5416 sanctifi-

1854 5470 2002 5512 cator
2027 5457 2267 5511 intravit.
2300 5457 2397 5511 Ille
2426 5457 2569 5512 enim
2602 5459 2865 5519 nascitur,
2895 5458 2980 5510 hic
3012 5455 3327 5510 infunditur.
3358 5455 3435 5509 De

1866 5550 2005 5604 Filio
2022 5548 2259 5618 Virginis
2280 5540 2453 5603 anima
2477 5549 2559 5603 vel
2589 5564 2714 5602 caro
2740 5548 2856 5603 Filii
2886 5549 2976 5603 Dei
3007 5545 3360 5616 personaliter
3380 5558 3434 5600 ct

1842 5640 2157 5711 ispecialiter
2192 5641 2294 5697 dici
2342 5650 2543 5710 potest,
2580 5640 2814 5709 Spiritus
2854 5650 3069 5693 sanctus
3101 5654 3229 5699 vero
3259 5639 3432 5692 anima

1856 5736 1943 5792 vel
1974 5750 2099 5791 caro
2143 5736 2290 5791 nullo
2330 5734 2488 5790 modo
2528 5734 2628 5789 dici
2664 5742 2859 5801 potest.
2896 5733 2948 5789 lu
2988 5748 3093 5797 quo
3141 5731 3305 5786 Filius
3344 5731 3420 5786 be
