  <div class='ocr_page' id='page_1' title='image "/cluster/home/n/w/nwhite01/storage/ocr_20150623/62/hvd.32044015706393/019.png"; bbox 0 0 3990 6390; ppageno 0'>
   <div class='ocr_carea' id='block_1_1' title="bbox 595 382 3845 468">
    <p class='ocr_par' dir='ltr' id='par_1_1' title="bbox 595 382 3845 468">
     <span class='ocr_line' id='line_1_1' title="bbox 595 382 3845 468; baseline 0.001 -23"><span class='ocrx_word' id='word_1_1' title='bbox 595 389 662 446; x_wconf 70' lang='lat'><strong>97</strong></span> <span class='ocrx_word' id='word_1_2' title='bbox 700 386 713 393; x_wconf 82' lang='lat'>‘</span> <span class='ocrx_word' id='word_1_3' title='bbox 1910 382 2267 439; x_wconf 71' lang='lat' dir='ltr'><strong>rascuasu</strong></span> <span class='ocrx_word' id='word_1_4' title='bbox 2314 386 2577 449; x_wconf 66' lang='lat' dir='ltr'><strong>nucem</strong></span> <span class='ocrx_word' id='word_1_5' title='bbox 3778 411 3845 468; x_wconf 67' lang='lat'><strong>,3</strong></span> 
     </span>
    </p>
   </div>
   <div class='ocr_carea' id='block_1_2' title="bbox 596 496 3845 588">
    <p class='ocr_par' dir='ltr' id='par_1_2' title="bbox 596 496 3845 588">
     <span class='ocr_line' id='line_1_2' title="bbox 596 496 3845 588; baseline 0.005 -28"><span class='ocrx_word' id='word_1_6' title='bbox 596 506 719 561; x_wconf 84' lang='lat' dir='ltr'><strong>ideo</strong></span> <span class='ocrx_word' id='word_1_7' title='bbox 742 504 880 559; x_wconf 88' lang='lat' dir='ltr'><strong>Deus</strong></span> <span class='ocrx_word' id='word_1_8' title='bbox 912 502 1093 572; x_wconf 67' lang='lat' dir='ltr'><strong>gloria:</strong></span> <span class='ocrx_word' id='word_1_9' title='bbox 1123 500 1317 557; x_wconf 89' lang='lat' dir='ltr'><strong>dicitur</strong></span> <span class='ocrx_word' id='word_1_10' title='bbox 1347 496 1652 565; x_wconf 81' lang='lat' dir='ltr'><strong>cruciﬁxus,</strong></span> <span class='ocrx_word' id='word_1_11' title='bbox 1701 497 1982 588; x_wconf 82' lang='lat' dir='ltr'><strong>pertulisse</strong></span> <span class='ocrx_word' id='word_1_12' title='bbox 2105 511 2170 550; x_wconf 91' lang='lat' dir='ltr'><strong>eo</strong></span> <span class='ocrx_word' id='word_1_13' title='bbox 2199 499 2241 554; x_wconf 84' lang='grc' dir='ltr'><strong>Α</strong></span> <span class='ocrx_word' id='word_1_14' title='bbox 2275 501 2555 557; x_wconf 80' lang='lat' dir='ltr'><strong>lentiorem</strong></span> <span class='ocrx_word' id='word_1_15' title='bbox 2595 519 2653 560; x_wconf 86' lang='lat' dir='ltr'><strong>se</strong></span> <span class='ocrx_word' id='word_1_16' title='bbox 2677 506 2890 575; x_wconf 76' lang='lat' dir='ltr'><strong>majoris</strong></span> <span class='ocrx_word' id='word_1_17' title='bbox 2913 507 3194 579; x_wconf 89' lang='lat' dir='ltr'><strong>impatiens</strong></span> <span class='ocrx_word' id='word_1_18' title='bbox 3220 513 3273 568; x_wconf 92' lang='lat' dir='ltr'><strong>in</strong></span> <span class='ocrx_word' id='word_1_19' title='bbox 3300 516 3502 571; x_wconf 66' lang='lat' dir='ltr'><strong>caelesti</strong></span> <span class='ocrx_word' id='word_1_20' title='bbox 3526 520 3721 588; x_wconf 87' lang='lat' dir='ltr'><strong>gaudio</strong></span> <span class='ocrx_word' id='word_1_21' title='bbox 3752 526 3845 578; x_wconf 85' lang='lat' dir='ltr'><strong>de-</strong></span> 
     </span>
    </p>
   </div>
   <div class='ocr_carea' id='block_1_3' title="bbox 598 586 2169 659">
    <p class='ocr_par' dir='ltr' id='par_1_3' title="bbox 598 586 2169 659">
     <span class='ocr_line' id='line_1_3' title="bbox 598 586 2169 659; baseline -0.006 -11"><span class='ocrx_word' id='word_1_22' title='bbox 598 594 745 648; x_wconf 90' lang='lat' dir='ltr'><strong>nullo</strong></span> <span class='ocrx_word' id='word_1_23' title='bbox 774 593 933 645; x_wconf 90' lang='lat' dir='ltr'><strong>modo</strong></span> <span class='ocrx_word' id='word_1_24' title='bbox 962 591 1065 646; x_wconf 89' lang='lat' dir='ltr'><strong>dici</strong></span> <span class='ocrx_word' id='word_1_25' title='bbox 1095 600 1266 659; x_wconf 88' lang='lat' dir='ltr'><strong>potest</strong></span> <span class='ocrx_word' id='word_1_26' title='bbox 1295 589 1522 657; x_wconf 91' lang='lat' dir='ltr'><strong>Spiritus</strong></span> <span class='ocrx_word' id='word_1_27' title='bbox 1556 595 1792 641; x_wconf 85' lang='lat' dir='ltr'><strong>sanctus.</strong></span> <span class='ocrx_word' id='word_1_28' title='bbox 1829 586 1967 656; x_wconf 84' lang='lat' dir='ltr'><strong>Ergo</strong></span> <span class='ocrx_word' id='word_1_29' title='bbox 1993 586 2169 639; x_wconf 91' lang='lat' dir='ltr'><strong>diver-</strong></span> 
     </span>
    </p>
   </div>
   <div class='ocr_carea' id='block_1_4' title="bbox 598 677 2167 749">
    <p class='ocr_par' dir='ltr' id='par_1_4' title="bbox 598 677 2167 749">
     <span class='ocr_line' id='line_1_4' title="bbox 598 677 2167 749; baseline -0.005 -11"><span class='ocrx_word' id='word_1_30' title='bbox 598 687 729 739; x_wconf 83' lang='lat' dir='ltr'><strong>sitas</strong></span> <span class='ocrx_word' id='word_1_31' title='bbox 776 693 858 738; x_wconf 88' lang='lat' dir='ltr'><strong>est</strong></span> <span class='ocrx_word' id='word_1_32' title='bbox 915 697 1173 749; x_wconf 89' lang='lat' dir='ltr'><strong>operum,</strong></span> <span class='ocrx_word' id='word_1_33' title='bbox 1222 696 1325 734; x_wconf 90' lang='lat' dir='ltr'><strong>non</strong></span> <span class='ocrx_word' id='word_1_34' title='bbox 1376 678 1662 734; x_wconf 82' lang='lat' dir='ltr'><strong>diversitas</strong></span> <span class='ocrx_word' id='word_1_35' title='bbox 1725 677 2167 731; x_wconf 86' lang='lat' dir='ltr'><strong>substantiarum.</strong></span> 
     </span>
    </p>
   </div>
   <div class='ocr_carea' id='block_1_5' title="bbox 596 767 2168 838">
    <p class='ocr_par' dir='ltr' id='par_1_5' title="bbox 596 767 2168 838">
     <span class='ocr_line' id='line_1_5' title="bbox 596 767 2168 838; baseline -0.011 -6"><span class='ocrx_word' id='word_1_36' title='bbox 596 776 729 832; x_wconf 80' lang='lat' dir='ltr'><strong>Nam</strong></span> <span class='ocrx_word' id='word_1_37' title='bbox 761 776 899 829; x_wconf 85' lang='lat' dir='ltr'><strong>sicut</strong></span> <span class='ocrx_word' id='word_1_38' title='bbox 925 773 1106 827; x_wconf 85' lang='lat' dir='ltr'><strong>dicere</strong></span> <span class='ocrx_word' id='word_1_39' title='bbox 1133 787 1235 824; x_wconf 90' lang='lat' dir='ltr'><strong>non</strong></span> <span class='ocrx_word' id='word_1_40' title='bbox 1262 784 1563 838; x_wconf 78' lang='lat' dir='ltr'><strong>possumus,</strong></span> <span class='ocrx_word' id='word_1_41' title='bbox 1602 767 1742 837; x_wconf 91' lang='lat' dir='ltr'><strong>quod</strong></span> <span class='ocrx_word' id='word_1_42' title='bbox 1768 767 1850 821; x_wconf 90' lang='lat' dir='ltr'><strong>vel</strong></span> <span class='ocrx_word' id='word_1_43' title='bbox 1884 767 2044 820; x_wconf 80' lang='lat' dir='ltr'><strong>Pater</strong></span> <span class='ocrx_word' id='word_1_44' title='bbox 2070 768 2168 820; x_wconf 88' lang='lat' dir='ltr'><strong>de.</strong></span> 
     </span>
    </p>
   </div>
   <div class='ocr_carea' id='block_1_6' title="bbox 597 859 2169 933">
    <p class='ocr_par' dir='ltr' id='par_1_6' title="bbox 597 859 2169 933">
     <span class='ocr_line' id='line_1_6' title="bbox 597 859 2169 933; baseline -0.006 -10"><span class='ocrx_word' id='word_1_45' title='bbox 597 868 866 923; x_wconf 88' lang='lat' dir='ltr'><strong>scenderit</strong></span> <span class='ocrx_word' id='word_1_46' title='bbox 902 867 952 921; x_wconf 91' lang='lat' dir='ltr'><strong>in</strong></span> <span class='ocrx_word' id='word_1_47' title='bbox 983 866 1162 933; x_wconf 85' lang='lat' dir='ltr'><strong>specie</strong></span> <span class='ocrx_word' id='word_1_48' title='bbox 1198 864 1481 929; x_wconf 64' lang='lat' dir='ltr'><strong>columbae,</strong></span> <span class='ocrx_word' id='word_1_49' title='bbox 1515 863 1598 917; x_wconf 87' lang='lat' dir='ltr'><strong>vel</strong></span> <span class='ocrx_word' id='word_1_50' title='bbox 1640 863 1689 914; x_wconf 91' lang='lat' dir='ltr'><strong>in</strong></span> <span class='ocrx_word' id='word_1_51' title='bbox 1722 862 1891 914; x_wconf 82' lang='lat' dir='ltr'><strong>Patris</strong></span> <span class='ocrx_word' id='word_1_52' title='bbox 1928 876 2057 914; x_wconf 88' lang='lat' dir='ltr'><strong>voce</strong></span> <span class='ocrx_word' id='word_1_53' title='bbox 2085 859 2169 913; x_wconf 83' lang='lat' dir='ltr'><strong>Fi-</strong></span> 
     </span>
    </p>
   </div>
   <div class='ocr_carea' id='block_1_7' title="bbox 598 955 2168 1029">
    <p class='ocr_par' dir='ltr' id='par_1_7' title="bbox 598 955 2168 1029">
     <span class='ocr_line' id='line_1_7' title="bbox 598 955 2168 1029; baseline -0.006 -11"><span class='ocrx_word' id='word_1_54' title='bbox 598 965 702 1019; x_wconf 89' lang='lat' dir='ltr'><strong>lius</strong></span> <span class='ocrx_word' id='word_1_55' title='bbox 744 965 813 1019; x_wconf 90' lang='lat' dir='ltr'><strong>sit</strong></span> <span class='ocrx_word' id='word_1_56' title='bbox 842 965 1071 1027; x_wconf 70' lang='lat' dir='ltr'><strong>loeutus,</strong></span> <span class='ocrx_word' id='word_1_57' title='bbox 1105 961 1315 1029; x_wconf 77' lang='lat' dir='ltr'><strong>quando</strong></span> <span class='ocrx_word' id='word_1_58' title='bbox 1357 958 1488 1013; x_wconf 81' lang='lat' dir='ltr'><strong>dixit</strong></span> <span class='ocrx_word' id='word_1_59' title='bbox 1518 975 1531 1012; x_wconf 93' lang='lat'>:</span> <span class='ocrx_word' id='word_1_60' title='bbox 1567 957 1667 1011; x_wconf 83' lang='lat' dir='ltr'><strong>Hic</strong></span> <span class='ocrx_word' id='word_1_61' title='bbox 1715 968 1786 1009; x_wconf 88' lang='lat' dir='ltr'><strong>est</strong></span> <span class='ocrx_word' id='word_1_62' title='bbox 1818 955 1989 1009; x_wconf 75' lang='lat' dir='ltr'><strong>Filius</strong></span> <span class='ocrx_word' id='word_1_63' title='bbox 2030 971 2168 1008; x_wconf 87' lang='lat' dir='ltr'><strong>meus</strong></span> 
     </span>
    </p>
   </div>
   <div class='ocr_carea' id='block_1_8' title="bbox 598 1052 2166 1125">
    <p class='ocr_par' dir='ltr' id='par_1_8' title="bbox 598 1052 2166 1125">
     <span class='ocr_line' id='line_1_8' title="bbox 598 1052 2166 1125; baseline -0.004 -19"><span class='ocrx_word' id='word_1_64' title='bbox 598 1055 811 1125; x_wconf 80' lang='lat' dir='ltr'><strong>(.llattlt.</strong></span> <span class='ocrx_word' id='word_1_65' title='bbox 840 1061 941 1118; x_wconf 84' lang='lat' dir='ltr'><strong>tu),</strong></span> <span class='ocrx_word' id='word_1_66' title='bbox 975 1052 1043 1105; x_wconf 85' lang='lat' dir='ltr'><strong>ita</strong></span> <span class='ocrx_word' id='word_1_67' title='bbox 1089 1052 1343 1119; x_wconf 84' lang='lat' dir='ltr'><strong>Spiritum</strong></span> <span class='ocrx_word' id='word_1_68' title='bbox 1385 1057 1627 1103; x_wconf 87' lang='lat' dir='ltr'><strong>sanctum</strong></span> <span class='ocrx_word' id='word_1_69' title='bbox 1663 1061 1908 1100; x_wconf 88' lang='lat' dir='ltr'><strong>asserere</strong></span> <span class='ocrx_word' id='word_1_70' title='bbox 1937 1060 2042 1099; x_wconf 90' lang='lat' dir='ltr'><strong>non</strong></span> <span class='ocrx_word' id='word_1_71' title='bbox 2073 1060 2166 1111; x_wconf 88' lang='lat' dir='ltr'><strong>po-</strong></span> 
     </span>
    </p>
   </div>
   <div class='ocr_carea' id='block_1_9' title="bbox 595 1136 2168 1207">
    <p class='ocr_par' dir='ltr' id='par_1_9' title="bbox 595 1136 2168 1207">
     <span class='ocr_line' id='line_1_9' title="bbox 595 1136 2168 1207; baseline -0.003 -13"><span class='ocrx_word' id='word_1_72' title='bbox 595 1152 698 1206; x_wconf 85' lang='lat' dir='ltr'><strong>tes,</strong></span> <span class='ocrx_word' id='word_1_73' title='bbox 722 1142 806 1195; x_wconf 87' lang='lat' dir='ltr'><strong>vcl</strong></span> <span class='ocrx_word' id='word_1_74' title='bbox 832 1150 1009 1194; x_wconf 88' lang='lat' dir='ltr'><strong>natum</strong></span> <span class='ocrx_word' id='word_1_75' title='bbox 1041 1156 1106 1194; x_wconf 80' lang='lat' dir='ltr'><strong>ex</strong></span> <span class='ocrx_word' id='word_1_76' title='bbox 1130 1139 1383 1207; x_wconf 39' lang='lat' dir='ltr'><strong>,Virgine,</strong></span> <span class='ocrx_word' id='word_1_77' title='bbox 1417 1139 1497 1192; x_wconf 89' lang='lat' dir='ltr'><strong>vel</strong></span> <span class='ocrx_word' id='word_1_78' title='bbox 1522 1138 1578 1191; x_wconf 93' lang='lat' dir='ltr'><strong>in</strong></span> <span class='ocrx_word' id='word_1_79' title='bbox 1610 1152 1771 1191; x_wconf 86' lang='lat' dir='ltr'><strong>carne</strong></span> <span class='ocrx_word' id='word_1_80' title='bbox 1808 1136 2168 1201; x_wconf 82' lang='lat' dir='ltr'><strong>redemptoris</strong></span> 
     </span>
    </p>
   </div>
   <div class='ocr_carea' id='block_1_10' title="bbox 596 1226 2168 1301">
    <p class='ocr_par' dir='ltr' id='par_1_10' title="bbox 596 1226 2168 1301">
     <span class='ocr_line' id='line_1_10' title="bbox 596 1226 2168 1301; baseline -0.004 -18"><span class='ocrx_word' id='word_1_81' title='bbox 596 1232 899 1301; x_wconf 78' lang='lat' dir='ltr'><strong>specialiter</strong></span> <span class='ocrx_word' id='word_1_82' title='bbox 936 1237 1336 1293; x_wconf 89' lang='lat' dir='ltr'><strong>conversatum,</strong></span> <span class='ocrx_word' id='word_1_83' title='bbox 1363 1228 1448 1281; x_wconf 89' lang='lat' dir='ltr'><strong>vel</strong></span> <span class='ocrx_word' id='word_1_84' title='bbox 1491 1227 1543 1280; x_wconf 89' lang='lat' dir='ltr'><strong>in</strong></span> <span class='ocrx_word' id='word_1_85' title='bbox 1577 1228 1743 1294; x_wconf 90' lang='lat' dir='ltr'><strong>ipsius</strong></span> <span class='ocrx_word' id='word_1_86' title='bbox 1768 1226 2019 1294; x_wconf 84' lang='lat' dir='ltr'><strong>passione</strong></span> <span class='ocrx_word' id='word_1_87' title='bbox 2049 1239 2168 1278; x_wconf 81' lang='lat' dir='ltr'><strong>cru-</strong></span> 
     </span>
    </p>
   </div>
   <div class='ocr_carea' id='block_1_11' title="bbox 596 1302 2165 1384">
    <p class='ocr_par' dir='ltr' id='par_1_11' title="bbox 596 1302 2165 1384">
     <span class='ocr_line' id='line_1_11' title="bbox 596 1302 2165 1384; baseline -0.006 -7"><span class='ocrx_word' id='word_1_88' title='bbox 596 1323 829 1383; x_wconf 71' lang='lat' dir='ltr'><strong>citixum,</strong></span> <span class='ocrx_word' id='word_1_89' title='bbox 870 1320 953 1375; x_wconf 88' lang='lat' dir='ltr'><strong>vel</strong></span> <span class='ocrx_word' id='word_1_90' title='bbox 995 1302 1397 1373; x_wconf 86' lang='lat' dir='ltr'><strong>resurrectione</strong></span> <span class='ocrx_word' id='word_1_91' title='bbox 1440 1317 1490 1370; x_wconf 94' lang='lat' dir='ltr'><strong>in</strong></span> <span class='ocrx_word' id='word_1_92' title='bbox 1533 1332 1726 1384; x_wconf 89' lang='lat' dir='ltr'><strong>corpus</strong></span> <span class='ocrx_word' id='word_1_93' title='bbox 1756 1315 2047 1380; x_wconf 89' lang='lat' dir='ltr'><strong>redditum,</strong></span> <span class='ocrx_word' id='word_1_94' title='bbox 2083 1316 2165 1370; x_wconf 85' lang='lat' dir='ltr'><strong>vel</strong></span> 
     </span>
    </p>
   </div>
   <div class='ocr_carea' id='block_1_12' title="bbox 595 1408 2167 1477">
    <p class='ocr_par' dir='ltr' id='par_1_12' title="bbox 595 1408 2167 1477">
     <span class='ocr_line' id='line_1_12' title="bbox 595 1408 2167 1477; baseline -0.003 -11"><span class='ocrx_word' id='word_1_95' title='bbox 595 1413 910 1467; x_wconf 53' lang='lat' dir='ltr'><strong>ascensione</strong></span> <span class='ocrx_word' id='word_1_96' title='bbox 940 1412 1005 1464; x_wconf 92' lang='lat' dir='ltr'><strong>ad</strong></span> <span class='ocrx_word' id='word_1_97' title='bbox 1043 1410 1285 1466; x_wconf 58' lang='lat' dir='ltr'><strong>caelestia</strong></span> <span class='ocrx_word' id='word_1_98' title='bbox 1329 1409 1692 1464; x_wconf 86' lang='lat' dir='ltr'><strong>sublimatum.</strong></span> <span class='ocrx_word' id='word_1_99' title='bbox 1721 1408 1880 1477; x_wconf 86' lang='lat' dir='ltr'><strong>Operi</strong></span> <span class='ocrx_word' id='word_1_100' title='bbox 1903 1418 1955 1462; x_wconf 90' lang='lat' dir='ltr'><strong>et</strong></span> <span class='ocrx_word' id='word_1_101' title='bbox 1984 1421 2167 1476; x_wconf 84' lang='lat' dir='ltr'><strong>perso-</strong></span> 
     </span>
    </p>
   </div>
   <div class='ocr_carea' id='block_1_13' title="bbox 594 1497 2167 1570">
    <p class='ocr_par' dir='ltr' id='par_1_13' title="bbox 594 1497 2167 1570">
     <span class='ocr_line' id='line_1_13' title="bbox 594 1497 2167 1570; baseline -0.004 -13"><span class='ocrx_word' id='word_1_102' title='bbox 594 1518 677 1557; x_wconf 70' lang='lat' dir='ltr'><strong>nae</strong></span> <span class='ocrx_word' id='word_1_103' title='bbox 709 1502 797 1555; x_wconf 85' lang='lat' dir='ltr'><strong>lilii</strong></span> <span class='ocrx_word' id='word_1_104' title='bbox 840 1501 1099 1570; x_wconf 84' lang='lat' dir='ltr'><strong>assignari</strong></span> <span class='ocrx_word' id='word_1_105' title='bbox 1144 1502 1243 1553; x_wconf 89' lang='lat' dir='ltr'><strong>ista</strong></span> <span class='ocrx_word' id='word_1_106' title='bbox 1297 1499 1599 1553; x_wconf 84' lang='lat' dir='ltr'><strong>necessario</strong></span> <span class='ocrx_word' id='word_1_107' title='bbox 1646 1497 1931 1566; x_wconf 86' lang='lat' dir='ltr'><strong>convenit,</strong></span> <span class='ocrx_word' id='word_1_108' title='bbox 1973 1497 2167 1550; x_wconf 84' lang='lat' dir='ltr'><strong>ascribi</strong></span> 
     </span>
    </p>
   </div>
   <div class='ocr_carea' id='block_1_14' title="bbox 594 1588 2171 1661">
    <p class='ocr_par' dir='ltr' id='par_1_14' title="bbox 594 1588 2171 1661">
     <span class='ocr_line' id='line_1_14' title="bbox 594 1588 2171 1661; baseline -0.003 -14"><span class='ocrx_word' id='word_1_109' title='bbox 594 1608 723 1647; x_wconf 91' lang='lat' dir='ltr'><strong>vero</strong></span> <span class='ocrx_word' id='word_1_110' title='bbox 773 1592 994 1661; x_wconf 89' lang='lat' dir='ltr'><strong>Spiritui</strong></span> <span class='ocrx_word' id='word_1_111' title='bbox 1046 1600 1232 1646; x_wconf 87' lang='lat' dir='ltr'><strong>sancto</strong></span> <span class='ocrx_word' id='word_1_112' title='bbox 1275 1591 1419 1645; x_wconf 90' lang='lat' dir='ltr'><strong>salva</strong></span> <span class='ocrx_word' id='word_1_113' title='bbox 1460 1590 1584 1644; x_wconf 38' lang='lat' dir='ltr'><strong>licet</strong></span> <span class='ocrx_word' id='word_1_114' title='bbox 1634 1590 1922 1643; x_wconf 87' lang='lat' dir='ltr'><strong>voluntatis</strong></span> <span class='ocrx_word' id='word_1_115' title='bbox 1971 1588 2171 1643; x_wconf 88' lang='lat' dir='ltr'><strong>unitate</strong></span> 
     </span>
    </p>
   </div>
   <div class='ocr_carea' id='block_1_15' title="bbox 593 1680 2167 1741">
    <p class='ocr_par' dir='ltr' id='par_1_15' title="bbox 593 1680 2167 1741">
     <span class='ocr_line' id='line_1_15' title="bbox 593 1680 2167 1741; baseline -0.005 -3"><span class='ocrx_word' id='word_1_116' title='bbox 593 1699 703 1738; x_wconf 89' lang='lat' dir='ltr'><strong>non</strong></span> <span class='ocrx_word' id='word_1_117' title='bbox 734 1683 1004 1737; x_wconf 87' lang='lat' dir='ltr'><strong>convenit.</strong></span> <span class='ocrx_word' id='word_1_118' title='bbox 1040 1680 1183 1735; x_wconf 85' lang='lat' dir='ltr'><strong>Inter</strong></span> <span class='ocrx_word' id='word_1_119' title='bbox 1208 1681 1321 1734; x_wconf 72' lang='lat' dir='ltr'><strong>hmc</strong></span> <span class='ocrx_word' id='word_1_120' title='bbox 1343 1682 1537 1734; x_wconf 88' lang='lat' dir='ltr'><strong>asserit</strong></span> <span class='ocrx_word' id='word_1_121' title='bbox 1563 1680 1924 1741; x_wconf 81' lang='lat' dir='ltr'><strong>Macedonius,</strong></span> <span class='ocrx_word' id='word_1_122' title='bbox 1955 1688 2167 1731; x_wconf 65' lang='lat' dir='ltr'><strong>creatu-</strong></span> 
     </span>
    </p>
   </div>
   <div class='ocr_carea' id='block_1_16' title="bbox 593 1768 2166 1840">
    <p class='ocr_par' dir='ltr' id='par_1_16' title="bbox 593 1768 2166 1840">
     <span class='ocr_line' id='line_1_16' title="bbox 593 1768 2166 1840; baseline -0.004 -12"><span class='ocrx_word' id='word_1_123' title='bbox 593 1789 707 1828; x_wconf 88' lang='lat' dir='ltr'><strong>ram</strong></span> <span class='ocrx_word' id='word_1_124' title='bbox 739 1787 860 1827; x_wconf 89' lang='lat' dir='ltr'><strong>esse</strong></span> <span class='ocrx_word' id='word_1_125' title='bbox 894 1771 1151 1840; x_wconf 89' lang='lat' dir='ltr'><strong>Spiritum</strong></span> <span class='ocrx_word' id='word_1_126' title='bbox 1181 1778 1447 1825; x_wconf 87' lang='lat' dir='ltr'><strong>sanctum.</strong></span> <span class='ocrx_word' id='word_1_127' title='bbox 1489 1768 1642 1824; x_wconf 90' lang='lat' dir='ltr'><strong>Unde</strong></span> <span class='ocrx_word' id='word_1_128' title='bbox 1682 1768 1895 1822; x_wconf 83' lang='lat' dir='ltr'><strong>videtur</strong></span> <span class='ocrx_word' id='word_1_129' title='bbox 1925 1768 2166 1836; x_wconf 81' lang='lat' dir='ltr'><strong>incipiat,</strong></span> 
     </span>
    </p>
   </div>
   <div class='ocr_carea' id='block_1_17' title="bbox 2276 592 3844 679">
    <p class='ocr_par' dir='ltr' id='par_1_17' title="bbox 2276 592 3844 679">
     <span class='ocr_line' id='line_1_17' title="bbox 2276 592 3844 679; baseline 0.015 -34"><span class='ocrx_word' id='word_1_130' title='bbox 2276 592 2665 661; x_wconf 86' lang='lat' dir='ltr'><strong>prehendisset,</strong></span> <span class='ocrx_word' id='word_1_131' title='bbox 2711 597 2785 651; x_wconf 90' lang='lat' dir='ltr'><strong>illi</strong></span> <span class='ocrx_word' id='word_1_132' title='bbox 2835 614 2895 654; x_wconf 89' lang='lat' dir='ltr'><strong>se</strong></span> <span class='ocrx_word' id='word_1_133' title='bbox 2946 603 3112 670; x_wconf 90' lang='lat' dir='ltr'><strong>magis</strong></span> <span class='ocrx_word' id='word_1_134' title='bbox 3166 605 3409 661; x_wconf 89' lang='lat' dir='ltr'><strong>conferre</strong></span> <span class='ocrx_word' id='word_1_135' title='bbox 3452 610 3537 663; x_wconf 92' lang='lat' dir='ltr'><strong>vel</strong></span> <span class='ocrx_word' id='word_1_136' title='bbox 3590 613 3844 679; x_wconf 68' lang='lat' dir='ltr'><strong>praeferre</strong></span> 
     </span>
    </p>
   </div>
   <div class='ocr_carea' id='block_1_18' title="bbox 2273 686 3843 771">
    <p class='ocr_par' dir='ltr' id='par_1_18' title="bbox 2273 686 3843 771">
     <span class='ocr_line' id='line_1_18' title="bbox 2273 686 3843 771; baseline 0.015 -38"><span class='ocrx_word' id='word_1_137' title='bbox 2273 691 2552 738; x_wconf 90' lang='lat' dir='ltr'><strong>tentasset.</strong></span> <span class='ocrx_word' id='word_1_138' title='bbox 2589 686 2701 739; x_wconf 90' lang='lat' dir='ltr'><strong>Duo</strong></span> <span class='ocrx_word' id='word_1_139' title='bbox 2742 700 2865 742; x_wconf 85' lang='lat' dir='ltr'><strong>sunt</strong></span> <span class='ocrx_word' id='word_1_140' title='bbox 2895 690 2945 742; x_wconf 92' lang='lat' dir='ltr'><strong>in</strong></span> <span class='ocrx_word' id='word_1_141' title='bbox 2991 692 3323 763; x_wconf 71' lang='lat' dir='ltr'><strong>coelestibus,</strong></span> <span class='ocrx_word' id='word_1_142' title='bbox 3353 697 3442 763; x_wconf 88' lang='lat' dir='ltr'><strong>qui</strong></span> <span class='ocrx_word' id='word_1_143' title='bbox 3482 701 3637 767; x_wconf 86' lang='lat' dir='ltr'><strong>regit,</strong></span> <span class='ocrx_word' id='word_1_144' title='bbox 3668 710 3719 755; x_wconf 90' lang='lat' dir='ltr'><strong>et</strong></span> <span class='ocrx_word' id='word_1_145' title='bbox 3751 704 3843 771; x_wconf 89' lang='lat' dir='ltr'><strong>qui</strong></span> 
     </span>
    </p>
   </div>
   <div class='ocr_carea' id='block_1_19' title="bbox 2270 778 3842 862">
    <p class='ocr_par' dir='ltr' id='par_1_19' title="bbox 2270 778 3842 862">
     <span class='ocr_line' id='line_1_19' title="bbox 2270 778 3842 862; baseline 0.015 -36"><span class='ocrx_word' id='word_1_146' title='bbox 2270 784 2547 841; x_wconf 89' lang='lat' dir='ltr'><strong>reguntur,</strong></span> <span class='ocrx_word' id='word_1_147' title='bbox 2583 778 2727 831; x_wconf 90' lang='lat' dir='ltr'><strong>nullo</strong></span> <span class='ocrx_word' id='word_1_148' title='bbox 2760 780 2809 832; x_wconf 90' lang='lat' dir='ltr'><strong>in</strong></span> <span class='ocrx_word' id='word_1_149' title='bbox 2848 780 3025 835; x_wconf 91' lang='lat' dir='ltr'><strong>medio</strong></span> <span class='ocrx_word' id='word_1_150' title='bbox 3048 782 3242 838; x_wconf 88' lang='lat' dir='ltr'><strong>horum</strong></span> <span class='ocrx_word' id='word_1_151' title='bbox 3271 788 3486 841; x_wconf 89' lang='lat' dir='ltr'><strong>tertium</strong></span> <span class='ocrx_word' id='word_1_152' title='bbox 3518 793 3719 845; x_wconf 78' lang='lat' dir='ltr'><strong>exstitit</strong></span> <span class='ocrx_word' id='word_1_153' title='bbox 3748 809 3842 862; x_wconf 79' lang='lat' dir='ltr'><strong>ge-</strong></span> 
     </span>
    </p>
   </div>
   <div class='ocr_carea' id='block_1_20' title="bbox 2271 867 3837 939">
    <p class='ocr_par' dir='ltr' id='par_1_20' title="bbox 2271 867 3837 939">
     <span class='ocr_line' id='line_1_20' title="bbox 2271 867 3837 939; baseline 0.012 -23"><span class='ocrx_word' id='word_1_154' title='bbox 2271 879 2391 928; x_wconf 91' lang='lat' dir='ltr'><strong>nus,</strong></span> <span class='ocrx_word' id='word_1_155' title='bbox 2422 867 2562 934; x_wconf 91' lang='lat' dir='ltr'><strong>quod</strong></span> <span class='ocrx_word' id='word_1_156' title='bbox 2585 869 2833 922; x_wconf 90' lang='lat' dir='ltr'><strong>secundis</strong></span> <span class='ocrx_word' id='word_1_157' title='bbox 2857 872 3048 939; x_wconf 76' lang='lat' dir='ltr'><strong>mrtjus,</strong></span> <span class='ocrx_word' id='word_1_158' title='bbox 3078 883 3128 926; x_wconf 89' lang='lat' dir='ltr'><strong>et</strong></span> <span class='ocrx_word' id='word_1_159' title='bbox 3164 875 3390 929; x_wconf 89' lang='lat' dir='ltr'><strong>summis</strong></span> <span class='ocrx_word' id='word_1_160' title='bbox 3422 888 3563 933; x_wconf 91' lang='lat' dir='ltr'><strong>esset</strong></span> <span class='ocrx_word' id='word_1_161' title='bbox 3594 880 3837 937; x_wconf 90' lang='lat' dir='ltr'><strong>inferius.</strong></span> 
     </span>
    </p>
   </div>
   <div class='ocr_carea' id='block_1_21' title="bbox 2270 955 3843 1034">
    <p class='ocr_par' dir='ltr' id='par_1_21' title="bbox 2270 955 3843 1034">
     <span class='ocr_line' id='line_1_21' title="bbox 2270 955 3843 1034; baseline 0.013 -26"><span class='ocrx_word' id='word_1_162' title='bbox 2270 955 2630 1012; x_wconf 77' lang='lat' dir='ltr'><strong>Excellentior</strong></span> <span class='ocrx_word' id='word_1_163' title='bbox 2674 970 2917 1015; x_wconf 87' lang='lat' dir='ltr'><strong>creatura</strong></span> <span class='ocrx_word' id='word_1_164' title='bbox 2948 964 3013 1017; x_wconf 93' lang='lat' dir='ltr'><strong>de</strong></span> <span class='ocrx_word' id='word_1_165' title='bbox 3043 966 3377 1034; x_wconf 88' lang='lat' dir='ltr'><strong>archangelis</strong></span> <span class='ocrx_word' id='word_1_166' title='bbox 3410 968 3631 1023; x_wconf 76' lang='lat' dir='ltr'><strong>forsitan</strong></span> <span class='ocrx_word' id='word_1_167' title='bbox 3663 972 3843 1028; x_wconf 82' lang='lat' dir='ltr'><strong>dicere</strong></span> 
     </span>
    </p>
   </div>
   <div class='ocr_carea' id='block_1_22' title="bbox 2270 1048 3841 1132">
    <p class='ocr_par' dir='ltr' id='par_1_22' title="bbox 2270 1048 3841 1132">
     <span class='ocr_line' id='line_1_22' title="bbox 2270 1048 3841 1132; baseline 0.01 -31"><span class='ocrx_word' id='word_1_168' title='bbox 2270 1056 2442 1115; x_wconf 90' lang='lat' dir='ltr'><strong>potes,</strong></span> <span class='ocrx_word' id='word_1_169' title='bbox 2472 1048 2595 1104; x_wconf 84' lang='lat' dir='ltr'><strong>licet</strong></span> <span class='ocrx_word' id='word_1_170' title='bbox 2615 1053 2822 1106; x_wconf 62' lang='lat' dir='ltr'><strong>ceteris</strong></span> <span class='ocrx_word' id='word_1_171' title='bbox 2852 1054 3040 1108; x_wconf 91' lang='lat' dir='ltr'><strong>ordine</strong></span> <span class='ocrx_word' id='word_1_172' title='bbox 3063 1058 3230 1124; x_wconf 91' lang='lat' dir='ltr'><strong>magis</strong></span> <span class='ocrx_word' id='word_1_173' title='bbox 3252 1061 3651 1126; x_wconf 65' lang='lat' dir='ltr'><strong>praecmineant,</strong></span> <span class='ocrx_word' id='word_1_174' title='bbox 3679 1079 3841 1132; x_wconf 89' lang='lat' dir='ltr'><strong>quam</strong></span> 
     </span>
    </p>
   </div>
   <div class='ocr_carea' id='block_1_23' title="bbox 2269 1139 3840 1223">
    <p class='ocr_par' dir='ltr' id='par_1_23' title="bbox 2269 1139 3840 1223">
     <span class='ocr_line' id='line_1_23' title="bbox 2269 1139 3840 1223; baseline 0.012 -33"><span class='ocrx_word' id='word_1_175' title='bbox 2269 1148 2477 1193; x_wconf 84' lang='lat' dir='ltr'><strong>natura.</strong></span> <span class='ocrx_word' id='word_1_176' title='bbox 2519 1139 2627 1194; x_wconf 85' lang='lat' dir='ltr'><strong>Sed</strong></span> <span class='ocrx_word' id='word_1_177' title='bbox 2658 1141 2876 1210; x_wconf 91' lang='lat' dir='ltr'><strong>Spiritui</strong></span> <span class='ocrx_word' id='word_1_178' title='bbox 2919 1154 3103 1199; x_wconf 91' lang='lat' dir='ltr'><strong>sancto</strong></span> <span class='ocrx_word' id='word_1_179' title='bbox 3142 1158 3194 1200; x_wconf 90' lang='lat' dir='ltr'><strong>et</strong></span> <span class='ocrx_word' id='word_1_180' title='bbox 3225 1148 3529 1219; x_wconf 83' lang='lat' dir='ltr'><strong>archangeli</strong></span> <span class='ocrx_word' id='word_1_181' title='bbox 3576 1158 3840 1223; x_wconf 87' lang='lat' dir='ltr'><strong>serviunt,</strong></span> 
     </span>
    </p>
   </div>
   <div class='ocr_carea' id='block_1_24' title="bbox 2271 1230 3843 1310">
    <p class='ocr_par' dir='ltr' id='par_1_24' title="bbox 2271 1230 3843 1310">
     <span class='ocr_line' id='line_1_24' title="bbox 2271 1230 3843 1310; baseline 0.014 -31"><span class='ocrx_word' id='word_1_182' title='bbox 2271 1242 2335 1281; x_wconf 77' lang='lat' dir='ltr'><strong>ex</strong></span> <span class='ocrx_word' id='word_1_183' title='bbox 2367 1230 2559 1296; x_wconf 86' lang='lat' dir='ltr'><strong>quibus</strong></span> <span class='ocrx_word' id='word_1_184' title='bbox 2590 1247 2727 1286; x_wconf 85' lang='lat' dir='ltr'><strong>unus</strong></span> <span class='ocrx_word' id='word_1_185' title='bbox 2755 1230 3185 1302; x_wconf 28' lang='lat' dir='ltr'><strong>quasi‘minister</strong></span> <span class='ocrx_word' id='word_1_186' title='bbox 3211 1238 3494 1295; x_wconf 86' lang='lat' dir='ltr'><strong>adventum</strong></span> <span class='ocrx_word' id='word_1_187' title='bbox 3526 1243 3639 1310; x_wconf 91' lang='lat' dir='ltr'><strong>ejus</strong></span> <span class='ocrx_word' id='word_1_188' title='bbox 3672 1246 3843 1301; x_wconf 74' lang='lat' dir='ltr'><strong>beatae</strong></span> 
     </span>
    </p>
   </div>
   <div class='ocr_carea' id='block_1_25' title="bbox 2269 1316 3844 1400">
    <p class='ocr_par' dir='ltr' id='par_1_25' title="bbox 2269 1316 3844 1400">
     <span class='ocr_line' id='line_1_25' title="bbox 2269 1316 3844 1400; baseline 0.013 -28"><span class='ocrx_word' id='word_1_189' title='bbox 2269 1316 2445 1372; x_wconf 73' lang='lat' dir='ltr'><strong>Maria:</strong></span> <span class='ocrx_word' id='word_1_190' title='bbox 2475 1322 2757 1376; x_wconf 88' lang='lat' dir='ltr'><strong>nuntiavit.</strong></span> <span class='ocrx_word' id='word_1_191' title='bbox 2789 1324 2894 1379; x_wconf 91' lang='lat' dir='ltr'><strong>Sed</strong></span> <span class='ocrx_word' id='word_1_192' title='bbox 2929 1327 3063 1380; x_wconf 89' lang='lat' dir='ltr'><strong>dicis</strong></span> <span class='ocrx_word' id='word_1_193' title='bbox 3094 1343 3108 1380; x_wconf 86' lang='lat'><strong>:</strong></span> <span class='ocrx_word' id='word_1_194' title='bbox 3145 1329 3282 1384; x_wconf 87' lang='lat' dir='ltr'><strong>Ecce</strong></span> <span class='ocrx_word' id='word_1_195' title='bbox 3323 1331 3409 1385; x_wconf 90' lang='lat' dir='ltr'><strong>ubi</strong></span> <span class='ocrx_word' id='word_1_196' title='bbox 3434 1332 3686 1400; x_wconf 90' lang='lat' dir='ltr'><strong>Spiritum</strong></span> <span class='ocrx_word' id='word_1_197' title='bbox 3717 1352 3844 1392; x_wconf 88' lang='lat' dir='ltr'><strong>san-</strong></span> 
     </span>
    </p>
   </div>
   <div class='ocr_carea' id='block_1_26' title="bbox 2269 1413 3842 1497">
    <p class='ocr_par' dir='ltr' id='par_1_26' title="bbox 2269 1413 3842 1497">
     <span class='ocr_line' id='line_1_26' title="bbox 2269 1413 3842 1497; baseline 0.012 -33"><span class='ocrx_word' id='word_1_198' title='bbox 2269 1419 2409 1465; x_wconf 90' lang='lat' dir='ltr'><strong>ctum</strong></span> <span class='ocrx_word' id='word_1_199' title='bbox 2460 1413 2624 1467; x_wconf 86' lang='lat' dir='ltr'><strong>Amos</strong></span> <span class='ocrx_word' id='word_1_200' title='bbox 2666 1417 2927 1485; x_wconf 83' lang='lat' dir='ltr'><strong>propheta</strong></span> <span class='ocrx_word' id='word_1_201' title='bbox 2968 1428 3269 1475; x_wconf 89' lang='lat' dir='ltr'><strong>creaturam</strong></span> <span class='ocrx_word' id='word_1_202' title='bbox 3300 1424 3578 1479; x_wconf 89' lang='lat' dir='ltr'><strong>evidenter</strong></span> <span class='ocrx_word' id='word_1_203' title='bbox 3608 1429 3842 1497; x_wconf 78' lang='lat' dir='ltr'><strong>assignat</strong></span> 
     </span>
    </p>
   </div>
   <div class='ocr_carea' id='block_1_27' title="bbox 2269 1502 3841 1580">
    <p class='ocr_par' dir='ltr' id='par_1_27' title="bbox 2269 1502 3841 1580">
     <span class='ocr_line' id='line_1_27' title="bbox 2269 1502 3841 1580; baseline 0.013 -26"><span class='ocrx_word' id='word_1_204' title='bbox 2269 1502 2341 1555; x_wconf 89' lang='lat' dir='ltr'><strong>ita</strong></span> <span class='ocrx_word' id='word_1_205' title='bbox 2389 1502 2572 1557; x_wconf 87' lang='lat' dir='ltr'><strong>dicens</strong></span> <span class='ocrx_word' id='word_1_206' title='bbox 2609 1504 2786 1559; x_wconf 84' lang='lat' dir='ltr'><strong>:Ecce</strong></span> <span class='ocrx_word' id='word_1_207' title='bbox 2848 1524 2938 1578; x_wconf 85' lang='lat' dir='ltr'><strong>ego</strong></span> <span class='ocrx_word' id='word_1_208' title='bbox 2983 1510 3191 1577; x_wconf 82' lang='lat' dir='ltr'><strong>ﬁrmans</strong></span> <span class='ocrx_word' id='word_1_209' title='bbox 3232 1513 3533 1580; x_wconf 88' lang='lat' dir='ltr'><strong>tonitruum,</strong></span> <span class='ocrx_word' id='word_1_210' title='bbox 3582 1526 3629 1569; x_wconf 89' lang='lat' dir='ltr'><strong>et</strong></span> <span class='ocrx_word' id='word_1_211' title='bbox 3664 1534 3841 1574; x_wconf 80' lang='lat' dir='ltr'><strong>creans</strong></span> 
     </span>
    </p>
   </div>
   <div class='ocr_carea' id='block_1_28' title="bbox 2268 1594 3842 1677">
    <p class='ocr_par' dir='ltr' id='par_1_28' title="bbox 2268 1594 3842 1677">
     <span class='ocr_line' id='line_1_28' title="bbox 2268 1594 3842 1677; baseline 0.013 -33"><span class='ocrx_word' id='word_1_212' title='bbox 2268 1594 2508 1662; x_wconf 77' lang='lat' dir='ltr'><strong>spiritum</strong></span> <span class='ocrx_word' id='word_1_213' title='bbox 2537 1596 2712 1663; x_wconf 81' lang='lat' dir='ltr'><strong>(Amos</strong></span> <span class='ocrx_word' id='word_1_214' title='bbox 2744 1598 2840 1663; x_wconf 87' lang='lat' dir='ltr'><strong>tv).</strong></span> <span class='ocrx_word' id='word_1_215' title='bbox 2876 1599 3111 1653; x_wconf 77' lang='lat' dir='ltr'><strong>Primum</strong></span> <span class='ocrx_word' id='word_1_216' title='bbox 3152 1612 3232 1655; x_wconf 90' lang='lat' dir='ltr'><strong>est</strong></span> <span class='ocrx_word' id='word_1_217' title='bbox 3261 1604 3400 1671; x_wconf 91' lang='lat' dir='ltr'><strong>quod</strong></span> <span class='ocrx_word' id='word_1_218' title='bbox 3432 1603 3699 1660; x_wconf 88' lang='lat' dir='ltr'><strong>interdum</strong></span> <span class='ocrx_word' id='word_1_219' title='bbox 3727 1609 3842 1677; x_wconf 87' lang='lat' dir='ltr'><strong>spi-</strong></span> 
     </span>
    </p>
   </div>
   <div class='ocr_carea' id='block_1_29' title="bbox 2270 1686 3839 1761">
    <p class='ocr_par' dir='ltr' id='par_1_29' title="bbox 2270 1686 3839 1761">
     <span class='ocr_line' id='line_1_29' title="bbox 2270 1686 3839 1761; baseline 0.012 -25"><span class='ocrx_word' id='word_1_220' title='bbox 2270 1686 2405 1738; x_wconf 90' lang='lat' dir='ltr'><strong>ritus</strong></span> <span class='ocrx_word' id='word_1_221' title='bbox 2438 1700 2629 1740; x_wconf 91' lang='lat' dir='ltr'><strong>nomen</strong></span> <span class='ocrx_word' id='word_1_222' title='bbox 2671 1701 3002 1757; x_wconf 88' lang='lat' dir='ltr'><strong>nequaquam</strong></span> <span class='ocrx_word' id='word_1_223' title='bbox 3042 1691 3106 1743; x_wconf 91' lang='lat' dir='ltr'><strong>ad</strong></span> <span class='ocrx_word' id='word_1_224' title='bbox 3138 1707 3418 1761; x_wconf 74' lang='lat' dir='ltr'><strong>personam</strong></span> <span class='ocrx_word' id='word_1_225' title='bbox 3459 1698 3839 1756; x_wconf 85' lang='lat' dir='ltr'><strong>sanetilicantis</strong></span> 
     </span>
    </p>
   </div>
   <div class='ocr_carea' id='block_1_30' title="bbox 2271 1775 3839 1857">
    <p class='ocr_par' dir='ltr' id='par_1_30' title="bbox 2271 1775 3839 1857">
     <span class='ocr_line' id='line_1_30' title="bbox 2271 1775 3839 1857; baseline 0.013 -31"><span class='ocrx_word' id='word_1_226' title='bbox 2271 1775 2493 1843; x_wconf 86' lang='lat' dir='ltr'><strong>spiritus</strong></span> <span class='ocrx_word' id='word_1_227' title='bbox 2536 1777 2725 1832; x_wconf 85' lang='lat' dir='ltr'><strong>referri</strong></span> <span class='ocrx_word' id='word_1_228' title='bbox 2772 1789 2968 1849; x_wconf 85' lang='lat' dir='ltr'><strong>potest,</strong></span> <span class='ocrx_word' id='word_1_229' title='bbox 3017 1783 3116 1836; x_wconf 92' lang='lat' dir='ltr'><strong>nisi</strong></span> <span class='ocrx_word' id='word_1_230' title='bbox 3154 1784 3417 1853; x_wconf 89' lang='lat' dir='ltr'><strong>adjeceris</strong></span> <span class='ocrx_word' id='word_1_231' title='bbox 3465 1797 3555 1843; x_wconf 88' lang='lat' dir='ltr'><strong>aut</strong></span> <span class='ocrx_word' id='word_1_232' title='bbox 3595 1791 3839 1857; x_wconf 83' lang='lat' dir='ltr'><strong>Spiritu-tn</strong></span> 
     </span>
    </p>
   </div>
   <div class='ocr_carea' id='block_1_31' title="bbox 594 1846 3839 1955">
    <p class='ocr_par' dir='ltr' id='par_1_31' title="bbox 594 1846 3839 1955">
     <span class='ocr_line' id='line_1_31' title="bbox 594 1846 3839 1955; baseline 0.006 -37"><span class='ocrx_word' id='word_1_233' title='bbox 594 1864 755 1918; x_wconf 90' lang='lat' dir='ltr'><strong>modo</strong></span> <span class='ocrx_word' id='word_1_234' title='bbox 790 1863 924 1916; x_wconf 88' lang='lat' dir='ltr'><strong>nihil</strong></span> <span class='ocrx_word' id='word_1_235' title='bbox 955 1862 1130 1916; x_wconf 82' lang='lat' dir='ltr'><strong>verbis</strong></span> <span class='ocrx_word' id='word_1_236' title='bbox 1168 1858 1475 1930; x_wconf 73' lang='lat' dir='ltr'><strong>suis&#39;agere</strong></span> <span class='ocrx_word' id='word_1_237' title='bbox 1505 1868 1817 1928; x_wconf 71' lang='lat' dir='ltr'><strong>prccsumat,</strong></span> <span class='ocrx_word' id='word_1_238' title='bbox 1852 1874 1949 1935; x_wconf 85' lang='lat' dir='ltr'><strong>nec</strong></span> <span class='ocrx_word' id='word_1_239' title='bbox 1977 1873 2005 1912; x_wconf 92' lang='lat' dir='ltr'><strong>a</strong></span> <span class='ocrx_word' id='word_1_240' title='bbox 2046 1873 2167 1913; x_wconf 80' lang='lat' dir='ltr'><strong>san-</strong></span> <span class='ocrx_word' id='word_1_241' title='bbox 2200 1846 2246 1907; x_wconf 84' lang='grc' dir='ltr'>Β</span> <span class='ocrx_word' id='word_1_242' title='bbox 2281 1866 2397 1935; x_wconf 87' lang='lat' dir='ltr'><strong>Dei,</strong></span> <span class='ocrx_word' id='word_1_243' title='bbox 2431 1878 2521 1923; x_wconf 90' lang='lat' dir='ltr'><strong>aut</strong></span> <span class='ocrx_word' id='word_1_244' title='bbox 2552 1846 2804 1940; x_wconf 82' lang='lat' dir='ltr'><strong>Spiritum</strong></span> <span class='ocrx_word' id='word_1_245' title='bbox 2838 1883 3101 1941; x_wconf 90' lang='lat' dir='ltr'><strong>sanctum,</strong></span> <span class='ocrx_word' id='word_1_246' title='bbox 3135 1846 3237 1930; x_wconf 68' lang='lat' dir='ltr'><strong>aut</strong></span> <span class='ocrx_word' id='word_1_247' title='bbox 3252 1880 3458 1949; x_wconf 84' lang='lat' dir='ltr'><strong>spiritus</strong></span> <span class='ocrx_word' id='word_1_248' title='bbox 3487 1881 3572 1935; x_wconf 82' lang='lat' dir='ltr'><strong>ubi</strong></span> <span class='ocrx_word' id='word_1_249' title='bbox 3600 1846 3707 1935; x_wconf 71' lang='lat' dir='ltr'><strong>vult</strong></span> <span class='ocrx_word' id='word_1_250' title='bbox 3732 1888 3839 1955; x_wconf 79' lang='lat' dir='ltr'><strong>spi-</strong></span> 
     </span>
    </p>
   </div>
   <div class='ocr_carea' id='block_1_32' title="bbox 595 1952 2169 2023">
    <p class='ocr_par' dir='ltr' id='par_1_32' title="bbox 595 1952 2169 2023">
     <span class='ocr_line' id='line_1_32' title="bbox 595 1952 2169 2023; baseline -0.003 -13"><span class='ocrx_word' id='word_1_251' title='bbox 595 1956 700 2010; x_wconf 89' lang='lat' dir='ltr'><strong>ctis</strong></span> <span class='ocrx_word' id='word_1_252' title='bbox 732 1954 936 2023; x_wconf 79' lang='lat' dir='ltr'><strong>paginis</strong></span> <span class='ocrx_word' id='word_1_253' title='bbox 966 1954 1323 2023; x_wconf 86' lang='lat' dir='ltr'><strong>disputatione</strong></span> <span class='ocrx_word' id='word_1_254' title='bbox 1355 1952 1713 2016; x_wconf 74' lang='lat' dir='ltr'><strong>transcendat,</strong></span> <span class='ocrx_word' id='word_1_255' title='bbox 1750 1952 1841 2007; x_wconf 90' lang='lat' dir='ltr'><strong>sed</strong></span> <span class='ocrx_word' id='word_1_256' title='bbox 1879 1955 2169 2006; x_wconf 87' lang='lat' dir='ltr'><strong>auctorita-</strong></span> 
     </span>
    </p>
   </div>
   <div class='ocr_carea' id='block_1_33' title="bbox 596 2044 2169 2116">
    <p class='ocr_par' dir='ltr' id='par_1_33' title="bbox 596 2044 2169 2116">
     <span class='ocr_line' id='line_1_33' title="bbox 596 2044 2169 2116; baseline -0.001 -16"><span class='ocrx_word' id='word_1_257' title='bbox 596 2056 704 2101; x_wconf 87' lang='lat' dir='ltr'><strong>tem</strong></span> <span class='ocrx_word' id='word_1_258' title='bbox 729 2063 823 2116; x_wconf 89' lang='lat' dir='ltr'><strong>per</strong></span> <span class='ocrx_word' id='word_1_259' title='bbox 854 2047 1029 2101; x_wconf 89' lang='lat' dir='ltr'><strong>omnia</strong></span> <span class='ocrx_word' id='word_1_260' title='bbox 1049 2049 1113 2100; x_wconf 91' lang='lat' dir='ltr'><strong>de</strong></span> <span class='ocrx_word' id='word_1_261' title='bbox 1145 2046 1467 2101; x_wconf 90' lang='lat' dir='ltr'><strong>testimoniis</strong></span> <span class='ocrx_word' id='word_1_262' title='bbox 1496 2046 1541 2099; x_wconf 92' lang='lat' dir='ltr'><strong>si</strong></span> <span class='ocrx_word' id='word_1_263' title='bbox 1571 2045 1731 2109; x_wconf 86' lang='lat' dir='ltr'><strong>valet,</strong></span> <span class='ocrx_word' id='word_1_264' title='bbox 1766 2044 2022 2113; x_wconf 88' lang='lat' dir='ltr'><strong>proferat,</strong></span> <span class='ocrx_word' id='word_1_265' title='bbox 2051 2060 2169 2114; x_wconf 73' lang='lat' dir='ltr'><strong>qua:</strong></span> 
     </span>
    </p>
   </div>
   <div class='ocr_carea' id='block_1_34' title="bbox 594 2136 2169 2205">
    <p class='ocr_par' dir='ltr' id='par_1_34' title="bbox 594 2136 2169 2205">
     <span class='ocr_line' id='line_1_34' title="bbox 594 2136 2169 2205; baseline 0.001 -15"><span class='ocrx_word' id='word_1_266' title='bbox 594 2147 783 2192; x_wconf 89' lang='lat' dir='ltr'><strong>contra</strong></span> <span class='ocrx_word' id='word_1_267' title='bbox 833 2139 998 2191; x_wconf 76' lang='lat' dir='ltr'><strong>totius</strong></span> <span class='ocrx_word' id='word_1_268' title='bbox 1047 2136 1227 2191; x_wconf 84' lang='lat' dir='ltr'><strong>mundi</strong></span> <span class='ocrx_word' id='word_1_269' title='bbox 1270 2137 1445 2200; x_wconf 83' lang='lat' dir='ltr'><strong>tidem,</strong></span> <span class='ocrx_word' id='word_1_270' title='bbox 1489 2143 1546 2191; x_wconf 91' lang='lat' dir='ltr'><strong>et</strong></span> <span class='ocrx_word' id='word_1_271' title='bbox 1596 2152 1841 2205; x_wconf 90' lang='lat' dir='ltr'><strong>numero,</strong></span> <span class='ocrx_word' id='word_1_272' title='bbox 1884 2145 1937 2191; x_wconf 91' lang='lat' dir='ltr'><strong>et</strong></span> <span class='ocrx_word' id='word_1_273' title='bbox 1974 2138 2169 2193; x_wconf 83' lang='lat' dir='ltr'><strong>virtute</strong></span> 
     </span>
    </p>
   </div>
   <div class='ocr_carea' id='block_1_35' title="bbox 595 2227 2168 2298">
    <p class='ocr_par' dir='ltr' id='par_1_35' title="bbox 595 2227 2168 2298">
     <span class='ocr_line' id='line_1_35' title="bbox 595 2227 2168 2298; baseline 0.001 -17"><span class='ocrx_word' id='word_1_274' title='bbox 595 2230 939 2298; x_wconf 81' lang='lat' dir='ltr'><strong>praevaleant.</strong></span> <span class='ocrx_word' id='word_1_275' title='bbox 973 2228 1177 2297; x_wconf 85' lang='lat' dir='ltr'><strong>Magnis</strong></span> <span class='ocrx_word' id='word_1_276' title='bbox 1203 2229 1319 2282; x_wconf 91' lang='lat' dir='ltr'><strong>sine</strong></span> <span class='ocrx_word' id='word_1_277' title='bbox 1346 2227 1509 2281; x_wconf 91' lang='lat' dir='ltr'><strong>dubio</strong></span> <span class='ocrx_word' id='word_1_278' title='bbox 1536 2227 1943 2295; x_wconf 79' lang='lat' dir='ltr'><strong>allegationibus</strong></span> <span class='ocrx_word' id='word_1_279' title='bbox 1984 2237 2040 2282; x_wconf 89' lang='lat' dir='ltr'><strong>ct</strong></span> <span class='ocrx_word' id='word_1_280' title='bbox 2078 2245 2168 2282; x_wconf 90' lang='lat' dir='ltr'><strong>co-</strong></span> 
     </span>
    </p>
   </div>
   <div class='ocr_carea' id='block_1_36' title="bbox 594 2317 2170 2388">
    <p class='ocr_par' dir='ltr' id='par_1_36' title="bbox 594 2317 2170 2388">
     <span class='ocr_line' id='line_1_36' title="bbox 594 2317 2170 2388; baseline 0.002 -17"><span class='ocrx_word' id='word_1_281' title='bbox 594 2318 760 2387; x_wconf 78' lang='lat' dir='ltr'><strong>piusis</strong></span> <span class='ocrx_word' id='word_1_282' title='bbox 796 2327 850 2372; x_wconf 89' lang='lat' dir='ltr'><strong>et</strong></span> <span class='ocrx_word' id='word_1_283' title='bbox 880 2318 1033 2371; x_wconf 87' lang='lat' dir='ltr'><strong>valde</strong></span> <span class='ocrx_word' id='word_1_284' title='bbox 1063 2318 1401 2373; x_wconf 82' lang='lat' dir='ltr'><strong>evidentibus</strong></span> <span class='ocrx_word' id='word_1_285' title='bbox 1434 2331 1567 2386; x_wconf 88' lang='lat' dir='ltr'><strong>opus</strong></span> <span class='ocrx_word' id='word_1_286' title='bbox 1598 2327 1680 2371; x_wconf 91' lang='lat' dir='ltr'><strong>est</strong></span> <span class='ocrx_word' id='word_1_287' title='bbox 1710 2317 2066 2388; x_wconf 77' lang='lat' dir='ltr'><strong>documentis,</strong></span> <span class='ocrx_word' id='word_1_288' title='bbox 2113 2328 2170 2374; x_wconf 91' lang='lat' dir='ltr'><strong>ut</strong></span> 
     </span>
    </p>
   </div>
   <div class='ocr_carea' id='block_1_37' title="bbox 593 2409 2168 2480">
    <p class='ocr_par' dir='ltr' id='par_1_37' title="bbox 593 2409 2168 2480">
     <span class='ocr_line' id='line_1_37' title="bbox 593 2409 2168 2480; baseline 0.003 -19"><span class='ocrx_word' id='word_1_289' title='bbox 593 2409 814 2480; x_wconf 80' lang='lat' dir='ltr'><strong>quisque</strong></span> <span class='ocrx_word' id='word_1_290' title='bbox 856 2411 1003 2463; x_wconf 91' lang='lat' dir='ltr'><strong>illum</strong></span> <span class='ocrx_word' id='word_1_291' title='bbox 1047 2425 1110 2463; x_wconf 82' lang='lat' dir='ltr'><strong>ex</strong></span> <span class='ocrx_word' id='word_1_292' title='bbox 1160 2424 1386 2463; x_wconf 89' lang='lat' dir='ltr'><strong>numero</strong></span> <span class='ocrx_word' id='word_1_293' title='bbox 1433 2419 1800 2463; x_wconf 79' lang='lat' dir='ltr'><strong>creaturarum</strong></span> <span class='ocrx_word' id='word_1_294' title='bbox 1845 2425 2005 2463; x_wconf 91' lang='lat' dir='ltr'><strong>unum</strong></span> <span class='ocrx_word' id='word_1_295' title='bbox 2048 2425 2168 2466; x_wconf 86' lang='lat' dir='ltr'><strong>esse</strong></span> 
     </span>
    </p>
   </div>
   <div class='ocr_carea' id='block_1_38' title="bbox 592 2497 2165 2571">
    <p class='ocr_par' dir='ltr' id='par_1_38' title="bbox 592 2497 2165 2571">
     <span class='ocr_line' id='line_1_38' title="bbox 592 2497 2165 2571; baseline 0 -17"><span class='ocrx_word' id='word_1_296' title='bbox 592 2502 894 2564; x_wconf 84' lang='lat' dir='ltr'><strong>convincat,</strong></span> <span class='ocrx_word' id='word_1_297' title='bbox 921 2515 1077 2571; x_wconf 89' lang='lat' dir='ltr'><strong>quem</strong></span> <span class='ocrx_word' id='word_1_298' title='bbox 1103 2515 1221 2553; x_wconf 93' lang='lat' dir='ltr'><strong>cum</strong></span> <span class='ocrx_word' id='word_1_299' title='bbox 1254 2500 1408 2553; x_wconf 85' lang='lat' dir='ltr'><strong>Patre</strong></span> <span class='ocrx_word' id='word_1_300' title='bbox 1436 2509 1488 2552; x_wconf 87' lang='lat' dir='ltr'><strong>et</strong></span> <span class='ocrx_word' id='word_1_301' title='bbox 1517 2497 1650 2552; x_wconf 84' lang='lat' dir='ltr'><strong>Filio</strong></span> <span class='ocrx_word' id='word_1_302' title='bbox 1674 2497 1915 2566; x_wconf 63' lang='lat' dir='ltr'><strong>ejusdem</strong></span> <span class='ocrx_word' id='word_1_303' title='bbox 1949 2500 2165 2555; x_wconf 90' lang='lat' dir='ltr'><strong>honoris</strong></span> 
     </span>
    </p>
   </div>
   <div class='ocr_carea' id='block_1_39' title="bbox 590 2576 2161 2659">
    <p class='ocr_par' dir='ltr' id='par_1_39' title="bbox 590 2576 2161 2659">
     <span class='ocr_line' id='line_1_39' title="bbox 590 2576 2161 2659; baseline -0.002 -14"><span class='ocrx_word' id='word_1_304' title='bbox 590 2600 641 2645; x_wconf 87' lang='lat' dir='ltr'><strong>et</strong></span> <span class='ocrx_word' id='word_1_305' title='bbox 692 2591 874 2659; x_wconf 82' lang='lat' dir='ltr'><strong>gloriae</strong></span> <span class='ocrx_word' id='word_1_306' title='bbox 923 2590 1171 2644; x_wconf 90' lang='lat' dir='ltr'><strong>universa</strong></span> <span class='ocrx_word' id='word_1_307' title='bbox 1218 2600 1479 2644; x_wconf 89' lang='lat' dir='ltr'><strong>terrarum</strong></span> <span class='ocrx_word' id='word_1_308' title='bbox 1538 2603 1701 2658; x_wconf 83' lang='lat' dir='ltr'><strong>regna</strong></span> <span class='ocrx_word' id='word_1_309' title='bbox 1733 2576 2161 2655; x_wconf 67' lang='lat' dir='ltr'><strong>concelebrant;</strong></span> 
     </span>
    </p>
   </div>
   <div class='ocr_carea' id='block_1_40' title="bbox 590 2679 2196 2751">
    <p class='ocr_par' dir='ltr' id='par_1_40' title="bbox 590 2679 2196 2751">
     <span class='ocr_line' id='line_1_40' title="bbox 590 2679 2196 2751; baseline -0.003 -16"><span class='ocrx_word' id='word_1_310' title='bbox 590 2696 748 2751; x_wconf 89' lang='lat' dir='ltr'><strong>quem</strong></span> <span class='ocrx_word' id='word_1_311' title='bbox 784 2681 1043 2734; x_wconf 77' lang='lat' dir='ltr'><strong>catholica</strong></span> <span class='ocrx_word' id='word_1_312' title='bbox 1080 2680 1317 2734; x_wconf 78' lang='lat' dir='ltr'><strong>Ecclesia</strong></span> <span class='ocrx_word' id='word_1_313' title='bbox 1349 2691 1649 2733; x_wconf 89' lang='lat' dir='ltr'><strong>creatorem</strong></span> <span class='ocrx_word' id='word_1_314' title='bbox 1682 2693 1835 2732; x_wconf 90' lang='lat' dir='ltr'><strong>suum</strong></span> <span class='ocrx_word' id='word_1_315' title='bbox 1876 2679 1930 2733; x_wconf 91' lang='lat' dir='ltr'><strong>in</strong></span> <span class='ocrx_word' id='word_1_316' title='bbox 1973 2681 2196 2735; x_wconf 90' lang='lat' dir='ltr'><strong>eodem.</strong></span> 
     </span>
    </p>
   </div>
   <div class='ocr_carea' id='block_1_41' title="bbox 590 2772 2162 2842">
    <p class='ocr_par' dir='ltr' id='par_1_41' title="bbox 590 2772 2162 2842">
     <span class='ocr_line' id='line_1_41' title="bbox 590 2772 2162 2842; baseline 0.001 -17"><span class='ocrx_word' id='word_1_317' title='bbox 590 2782 903 2841; x_wconf 75' lang='lat' dir='ltr'><strong>regent-rata</strong></span> <span class='ocrx_word' id='word_1_318' title='bbox 957 2772 1253 2842; x_wconf 86' lang='lat' dir='ltr'><strong>cognoscit.</strong></span> <span class='ocrx_word' id='word_1_319' title='bbox 1298 2774 1361 2826; x_wconf 82' lang='lat' dir='ltr'><strong>Et</strong></span> <span class='ocrx_word' id='word_1_320' title='bbox 1410 2782 1553 2825; x_wconf 90' lang='lat' dir='ltr'><strong>recte</strong></span> <span class='ocrx_word' id='word_1_321' title='bbox 1593 2787 1750 2842; x_wconf 87' lang='lat' dir='ltr'><strong>quem</strong></span> <span class='ocrx_word' id='word_1_322' title='bbox 1801 2783 2162 2842; x_wconf 83' lang='lat' dir='ltr'><strong>reparatorem</strong></span> 
     </span>
    </p>
   </div>
   <div class='ocr_carea' id='block_1_42' title="bbox 591 2863 1886 2932">
    <p class='ocr_par' dir='ltr' id='par_1_42' title="bbox 591 2863 1886 2932">
     <span class='ocr_line' id='line_1_42' title="bbox 591 2863 1886 2932; baseline 0.001 -18"><span class='ocrx_word' id='word_1_323' title='bbox 591 2863 865 2932; x_wconf 86' lang='lat' dir='ltr'><strong>perspicit,</strong></span> <span class='ocrx_word' id='word_1_324' title='bbox 896 2865 1120 2919; x_wconf 86' lang='lat' dir='ltr'><strong>credere</strong></span> <span class='ocrx_word' id='word_1_325' title='bbox 1150 2879 1255 2918; x_wconf 90' lang='lat' dir='ltr'><strong>non</strong></span> <span class='ocrx_word' id='word_1_326' title='bbox 1286 2872 1565 2917; x_wconf 87' lang='lat' dir='ltr'><strong>cunctatur</strong></span> <span class='ocrx_word' id='word_1_327' title='bbox 1593 2872 1886 2917; x_wconf 87' lang='lat' dir='ltr'><strong>auctorem.</strong></span> 
     </span>
    </p>
   </div>
   <div class='ocr_carea' id='block_1_43' title="bbox 1201 3022 1553 3080">
    <p class='ocr_par' dir='ltr' id='par_1_43' title="bbox 1201 3022 1553 3080">
     <span class='ocr_line' id='line_1_43' title="bbox 1201 3022 1553 3080; baseline -0.003 -1"><span class='ocrx_word' id='word_1_328' title='bbox 1201 3022 1427 3080; x_wconf 83' lang='lat' dir='ltr'><strong>CAPUT</strong></span> <span class='ocrx_word' id='word_1_329' title='bbox 1466 3024 1553 3078; x_wconf 87' lang='lat' dir='ltr'><strong>lll.</strong></span> 
     </span>
    </p>
   </div>
   <div class='ocr_carea' id='block_1_44' title="bbox 593 3108 2164 3187">
    <p class='ocr_par' dir='ltr' id='par_1_44' title="bbox 593 3108 2164 3187">
     <span class='ocr_line' id='line_1_44' title="bbox 593 3108 2164 3187; baseline 0.001 -19"><span class='ocrx_word' id='word_1_330' title='bbox 593 3115 823 3181; x_wconf 81' lang='lat' dir='ltr'><strong>Obiectio</strong></span> <span class='ocrx_word' id='word_1_331' title='bbox 868 3115 1179 3181; x_wconf 78' lang='lat' dir='ltr'><strong>Macedonii,</strong></span> <span class='ocrx_word' id='word_1_332' title='bbox 1210 3133 1315 3187; x_wconf 89' lang='lat' dir='ltr'><strong>qua</strong></span> <span class='ocrx_word' id='word_1_333' title='bbox 1350 3118 1503 3183; x_wconf 89' lang='lat' dir='ltr'><strong>impie</strong></span> <span class='ocrx_word' id='word_1_334' title='bbox 1533 3116 1786 3183; x_wconf 85' lang='lat' dir='ltr'><strong>Spiritum</strong></span> <span class='ocrx_word' id='word_1_335' title='bbox 1818 3108 2047 3169; x_wconf 76' lang='lat' dir='ltr'><strong>sanctum</strong></span> <span class='ocrx_word' id='word_1_336' title='bbox 2078 3131 2164 3169; x_wconf 73' lang='lat' dir='ltr'><strong>ex-</strong></span> 
     </span>
    </p>
   </div>
   <div class='ocr_carea' id='block_1_45' title="bbox 929 3188 1810 3240">
    <p class='ocr_par' dir='ltr' id='par_1_45' title="bbox 929 3188 1810 3240">
     <span class='ocr_line' id='line_1_45' title="bbox 929 3188 1810 3240; baseline 0 -1"><span class='ocrx_word' id='word_1_337' title='bbox 929 3188 1269 3240; x_wconf 83' lang='lat' dir='ltr'><strong>cellentiorem</strong></span> <span class='ocrx_word' id='word_1_338' title='bbox 1293 3189 1471 3240; x_wconf 75' lang='lat' dir='ltr'><strong>asserit</strong></span> <span class='ocrx_word' id='word_1_339' title='bbox 1500 3197 1810 3239; x_wconf 85' lang='lat' dir='ltr'><strong>creaturam.</strong></span> 
     </span>
    </p>
   </div>
   <div class='ocr_carea' id='block_1_46' title="bbox 657 3298 2161 3370">
    <p class='ocr_par' dir='ltr' id='par_1_46' title="bbox 657 3298 2161 3370">
     <span class='ocr_line' id='line_1_46' title="bbox 657 3298 2161 3370; baseline 0 -17"><span class='ocrx_word' id='word_1_340' title='bbox 657 3298 992 3367; x_wconf 72' lang='lat' dir='ltr'><strong>Creaturam,</strong></span> <span class='ocrx_word' id='word_1_341' title='bbox 1033 3301 1224 3370; x_wconf 88' lang='lat' dir='ltr'><strong>inquit,</strong></span> <span class='ocrx_word' id='word_1_342' title='bbox 1263 3302 1405 3366; x_wconf 87' lang='lat' dir='ltr'><strong>dico,</strong></span> <span class='ocrx_word' id='word_1_343' title='bbox 1451 3301 1544 3354; x_wconf 91' lang='lat' dir='ltr'><strong>sed</strong></span> <span class='ocrx_word' id='word_1_344' title='bbox 1576 3300 2013 3355; x_wconf 79' lang='lat' dir='ltr'><strong>excellentiorem</strong></span> <span class='ocrx_word' id='word_1_345' title='bbox 2046 3314 2161 3353; x_wconf 86' lang='lat' dir='ltr'><strong>om-</strong></span> 
     </span>
    </p>
   </div>
   <div class='ocr_carea' id='block_1_47' title="bbox 590 3391 2163 3457">
    <p class='ocr_par' dir='ltr' id='par_1_47' title="bbox 590 3391 2163 3457">
     <span class='ocr_line' id='line_1_47' title="bbox 590 3391 2163 3457; baseline -0.002 -12"><span class='ocrx_word' id='word_1_346' title='bbox 590 3391 746 3445; x_wconf 90' lang='lat' dir='ltr'><strong>nibus</strong></span> <span class='ocrx_word' id='word_1_347' title='bbox 788 3392 1073 3445; x_wconf 88' lang='lat' dir='ltr'><strong>creaturis.</strong></span> <span class='ocrx_word' id='word_1_348' title='bbox 1113 3392 1393 3445; x_wconf 79' lang='lat' dir='ltr'><strong>Praelocuti</strong></span> <span class='ocrx_word' id='word_1_349' title='bbox 1428 3405 1631 3457; x_wconf 87' lang='lat' dir='ltr'><strong>sumus,</strong></span> <span class='ocrx_word' id='word_1_350' title='bbox 1666 3399 1722 3444; x_wconf 91' lang='lat' dir='ltr'><strong>ut</strong></span> <span class='ocrx_word' id='word_1_351' title='bbox 1760 3391 2025 3443; x_wconf 90' lang='lat' dir='ltr'><strong>actionem</strong></span> <span class='ocrx_word' id='word_1_352' title='bbox 2068 3404 2163 3442; x_wconf 90' lang='lat' dir='ltr'><strong>no-</strong></span> 
     </span>
    </p>
   </div>
   <div class='ocr_carea' id='block_1_48' title="bbox 589 3481 2161 3550">
    <p class='ocr_par' dir='ltr' id='par_1_48' title="bbox 589 3481 2161 3550">
     <span class='ocr_line' id='line_1_48' title="bbox 589 3481 2161 3550; baseline 0.001 -17"><span class='ocrx_word' id='word_1_353' title='bbox 589 3490 752 3534; x_wconf 87' lang='lat' dir='ltr'><strong>stram</strong></span> <span class='ocrx_word' id='word_1_354' title='bbox 784 3495 886 3534; x_wconf 90' lang='lat' dir='ltr'><strong>non</strong></span> <span class='ocrx_word' id='word_1_355' title='bbox 914 3482 1349 3549; x_wconf 76' lang='lat' dir='ltr'><strong>persuasionibus</strong></span> <span class='ocrx_word' id='word_1_356' title='bbox 1375 3482 1622 3550; x_wconf 84' lang='lat' dir='ltr'><strong>propriis,</strong></span> <span class='ocrx_word' id='word_1_357' title='bbox 1650 3481 1742 3535; x_wconf 89' lang='lat' dir='ltr'><strong>sed</strong></span> <span class='ocrx_word' id='word_1_358' title='bbox 1771 3481 2047 3536; x_wconf 67' lang='lat' dir='ltr'><strong>catholicis</strong></span> <span class='ocrx_word' id='word_1_359' title='bbox 2070 3482 2161 3535; x_wconf 92' lang='lat' dir='ltr'><strong>dc-</strong></span> 
     </span>
    </p>
   </div>
   <div class='ocr_carea' id='block_1_49' title="bbox 587 3571 2158 3642">
    <p class='ocr_par' dir='ltr' id='par_1_49' title="bbox 587 3571 2158 3642">
     <span class='ocr_line' id='line_1_49' title="bbox 587 3571 2158 3642; baseline 0 -18"><span class='ocrx_word' id='word_1_360' title='bbox 587 3587 847 3641; x_wconf 83' lang='lat' dir='ltr'><strong>ponamus</strong></span> <span class='ocrx_word' id='word_1_361' title='bbox 876 3574 1125 3626; x_wconf 90' lang='lat' dir='ltr'><strong>oraculis.</strong></span> <span class='ocrx_word' id='word_1_362' title='bbox 1166 3573 1237 3628; x_wconf 91' lang='lat' dir='ltr'><strong>De</strong></span> <span class='ocrx_word' id='word_1_363' title='bbox 1275 3574 1379 3627; x_wconf 87' lang='lat' dir='ltr'><strong>Deo</strong></span> <span class='ocrx_word' id='word_1_364' title='bbox 1409 3574 1566 3642; x_wconf 88' lang='lat' dir='ltr'><strong>igitur</strong></span> <span class='ocrx_word' id='word_1_365' title='bbox 1593 3572 1946 3627; x_wconf 85' lang='lat' dir='ltr'><strong>tractantibus</strong></span> <span class='ocrx_word' id='word_1_366' title='bbox 1981 3571 2158 3639; x_wconf 84' lang='lat' dir='ltr'><strong>nobis,</strong></span> 
     </span>
    </p>
   </div>
   <div class='ocr_carea' id='block_1_50' title="bbox 588 3648 2157 3733">
    <p class='ocr_par' dir='ltr' id='par_1_50' title="bbox 588 3648 2157 3733">
     <span class='ocr_line' id='line_1_50' title="bbox 588 3648 2157 3733; baseline 0.001 -17"><span class='ocrx_word' id='word_1_367' title='bbox 588 3665 871 3732; x_wconf 86' lang='lat' dir='ltr'><strong>prepheta,</strong></span> <span class='ocrx_word' id='word_1_368' title='bbox 919 3665 1213 3733; x_wconf 89' lang='lat' dir='ltr'><strong>apostolus,</strong></span> <span class='ocrx_word' id='word_1_369' title='bbox 1266 3666 1587 3733; x_wconf 81' lang='lat' dir='ltr'><strong>evangelista</strong></span> <span class='ocrx_word' id='word_1_370' title='bbox 1623 3648 1961 3733; x_wconf 77' lang='lat' dir='ltr'><strong>respondeat.</strong></span> <span class='ocrx_word' id='word_1_371' title='bbox 1996 3663 2157 3718; x_wconf 89' lang='lat' dir='ltr'><strong>Crea-</strong></span> 
     </span>
    </p>
   </div>
   <div class='ocr_carea' id='block_1_51' title="bbox 587 3753 2159 3809">
    <p class='ocr_par' dir='ltr' id='par_1_51' title="bbox 587 3753 2159 3809">
     <span class='ocr_line' id='line_1_51' title="bbox 587 3753 2159 3809; baseline 0.002 -3"><span class='ocrx_word' id='word_1_372' title='bbox 587 3762 760 3807; x_wconf 88' lang='lat' dir='ltr'><strong>turam</strong></span> <span class='ocrx_word' id='word_1_373' title='bbox 775 3753 906 3808; x_wconf 91' lang='lat' dir='ltr'><strong>dicis</strong></span> <span class='ocrx_word' id='word_1_374' title='bbox 918 3754 1350 3809; x_wconf 83' lang='lat' dir='ltr'><strong>excellentiorem</strong></span> <span class='ocrx_word' id='word_1_375' title='bbox 1368 3756 1581 3809; x_wconf 72' lang='lat' dir='ltr'><strong>omnibu</strong></span> <span class='ocrx_word' id='word_1_376' title='bbox 1595 3772 1611 3807; x_wconf 69' lang='grc' dir='ltr'><strong>ς</strong></span> <span class='ocrx_word' id='word_1_377' title='bbox 1627 3755 1907 3808; x_wconf 89' lang='lat' dir='ltr'><strong>creaturis.</strong></span> <span class='ocrx_word' id='word_1_378' title='bbox 1926 3754 2159 3809; x_wconf 83' lang='lat' dir='ltr'><strong>Ostende</strong></span> 
     </span>
    </p>
   </div>
   <div class='ocr_carea' id='block_1_52' title="bbox 588 3843 2149 3914">
    <p class='ocr_par' dir='ltr' id='par_1_52' title="bbox 588 3843 2149 3914">
     <span class='ocr_line' id='line_1_52' title="bbox 588 3843 2149 3914; baseline 0.001 -18"><span class='ocrx_word' id='word_1_379' title='bbox 588 3843 640 3896; x_wconf 88' lang='lat' dir='ltr'><strong>in</strong></span> <span class='ocrx_word' id='word_1_380' title='bbox 669 3844 858 3913; x_wconf 87' lang='lat' dir='ltr'><strong>quibus</strong></span> <span class='ocrx_word' id='word_1_381' title='bbox 887 3844 1035 3899; x_wconf 86' lang='lat' dir='ltr'><strong>libris</strong></span> <span class='ocrx_word' id='word_1_382' title='bbox 1071 3845 1136 3899; x_wconf 90' lang='lat' dir='ltr'><strong>de</strong></span> <span class='ocrx_word' id='word_1_383' title='bbox 1161 3846 1361 3914; x_wconf 89' lang='lat' dir='ltr'><strong>Spiritu</strong></span> <span class='ocrx_word' id='word_1_384' title='bbox 1393 3855 1579 3900; x_wconf 87' lang='lat' dir='ltr'><strong>sancto</strong></span> <span class='ocrx_word' id='word_1_385' title='bbox 1604 3846 1764 3900; x_wconf 89' lang='lat' dir='ltr'><strong>verba</strong></span> <span class='ocrx_word' id='word_1_386' title='bbox 1798 3846 2006 3913; x_wconf 81' lang='lat' dir='ltr'><strong>legeris.</strong></span> <span class='ocrx_word' id='word_1_387' title='bbox 2040 3846 2149 3899; x_wconf 74' lang='lat' dir='ltr'><strong>Non</strong></span> 
     </span>
    </p>
   </div>
   <div class='ocr_carea' id='block_1_53' title="bbox 588 3934 2161 4003">
    <p class='ocr_par' dir='ltr' id='par_1_53' title="bbox 588 3934 2161 4003">
     <span class='ocr_line' id='line_1_53' title="bbox 588 3934 2161 4003; baseline 0.001 -16"><span class='ocrx_word' id='word_1_388' title='bbox 588 3934 776 4002; x_wconf 87' lang='lat' dir='ltr'><strong>opinor</strong></span> <span class='ocrx_word' id='word_1_389' title='bbox 803 3935 853 3988; x_wconf 89' lang='lat' dir='ltr'><strong>in</strong></span> <span class='ocrx_word' id='word_1_390' title='bbox 886 3936 1178 4002; x_wconf 83' lang='lat' dir='ltr'><strong>veteribus,</strong></span> <span class='ocrx_word' id='word_1_391' title='bbox 1213 3952 1314 3990; x_wconf 90' lang='lat' dir='ltr'><strong>non</strong></span> <span class='ocrx_word' id='word_1_392' title='bbox 1345 3937 1395 3989; x_wconf 90' lang='lat' dir='ltr'><strong>in</strong></span> <span class='ocrx_word' id='word_1_393' title='bbox 1427 3936 1575 3989; x_wconf 91' lang='lat' dir='ltr'><strong>novis</strong></span> <span class='ocrx_word' id='word_1_394' title='bbox 1603 3935 1856 3990; x_wconf 77' lang='lat' dir='ltr'><strong>docebis?</strong></span> <span class='ocrx_word' id='word_1_395' title='bbox 1878 3937 2009 3989; x_wconf 83' lang='lat' dir='ltr'><strong>Cum</strong></span> <span class='ocrx_word' id='word_1_396' title='bbox 2034 3950 2161 4003; x_wconf 85' lang='lat' dir='ltr'><strong>ergo</strong></span> 
     </span>
    </p>
   </div>
   <div class='ocr_carea' id='block_1_54' title="bbox 587 4024 2158 4094">
    <p class='ocr_par' dir='ltr' id='par_1_54' title="bbox 587 4024 2158 4094">
     <span class='ocr_line' id='line_1_54' title="bbox 587 4024 2158 4094; baseline 0.001 -16"><span class='ocrx_word' id='word_1_397' title='bbox 587 4024 827 4094; x_wconf 89' lang='lat' dir='ltr'><strong>proferre</strong></span> <span class='ocrx_word' id='word_1_398' title='bbox 863 4040 965 4079; x_wconf 88' lang='lat' dir='ltr'><strong>non</strong></span> <span class='ocrx_word' id='word_1_399' title='bbox 997 4026 1195 4089; x_wconf 83' lang='lat' dir='ltr'><strong>valeas,</strong></span> <span class='ocrx_word' id='word_1_400' title='bbox 1242 4026 1367 4079; x_wconf 86' lang='lat' dir='ltr'><strong>dum</strong></span> <span class='ocrx_word' id='word_1_401' title='bbox 1402 4036 1487 4079; x_wconf 91' lang='lat' dir='ltr'><strong>tua</strong></span> <span class='ocrx_word' id='word_1_402' title='bbox 1534 4041 1637 4079; x_wconf 92' lang='lat' dir='ltr'><strong>non</strong></span> <span class='ocrx_word' id='word_1_403' title='bbox 1681 4025 1943 4094; x_wconf 81' lang='lat' dir='ltr'><strong>explicas,</strong></span> <span class='ocrx_word' id='word_1_404' title='bbox 1978 4036 2158 4080; x_wconf 90' lang='lat' dir='ltr'><strong>nostra</strong></span> 
     </span>
    </p>
   </div>
   <div class='ocr_carea' id='block_1_55' title="bbox 584 4116 2157 4184">
    <p class='ocr_par' dir='ltr' id='par_1_55' title="bbox 584 4116 2157 4184">
     <span class='ocr_line' id='line_1_55' title="bbox 584 4116 2157 4184; baseline -0.001 -12"><span class='ocrx_word' id='word_1_405' title='bbox 584 4116 983 4173; x_wconf 81' lang='lat' dir='ltr'><strong>confirmamus.</strong></span> <span class='ocrx_word' id='word_1_406' title='bbox 1018 4116 1159 4169; x_wconf 34' lang='lat' dir='ltr'><strong>Dum.</strong></span> <span class='ocrx_word' id='word_1_407' title='bbox 1185 4127 1483 4171; x_wconf 89' lang='lat' dir='ltr'><strong>creaturam</strong></span> <span class='ocrx_word' id='word_1_408' title='bbox 1522 4131 1627 4170; x_wconf 91' lang='lat' dir='ltr'><strong>non</strong></span> <span class='ocrx_word' id='word_1_409' title='bbox 1672 4116 1960 4184; x_wconf 90' lang='lat' dir='ltr'><strong>approbas,</strong></span> <span class='ocrx_word' id='word_1_410' title='bbox 1996 4117 2157 4170; x_wconf 92' lang='lat' dir='ltr'><strong>etiam</strong></span> 
     </span>
    </p>
   </div>
   <div class='ocr_carea' id='block_1_56' title="bbox 586 4203 2160 4277">
    <p class='ocr_par' dir='ltr' id='par_1_56' title="bbox 586 4203 2160 4277">
     <span class='ocr_line' id='line_1_56' title="bbox 586 4203 2160 4277; baseline 0.001 -16"><span class='ocrx_word' id='word_1_411' title='bbox 586 4203 739 4261; x_wconf 92' lang='lat' dir='ltr'><strong>nobis</strong></span> <span class='ocrx_word' id='word_1_412' title='bbox 767 4207 1064 4263; x_wconf 88' lang='lat' dir='ltr'><strong>tacentibus</strong></span> <span class='ocrx_word' id='word_1_413' title='bbox 1094 4216 1389 4261; x_wconf 81' lang='lat' dir='ltr'><strong>creatorem</strong></span> <span class='ocrx_word' id='word_1_414' title='bbox 1430 4222 1550 4261; x_wconf 88' lang='lat' dir='ltr'><strong>esse</strong></span> <span class='ocrx_word' id='word_1_415' title='bbox 1592 4206 1949 4261; x_wconf 89' lang='lat' dir='ltr'><strong>demonstras.</strong></span> <span class='ocrx_word' id='word_1_416' title='bbox 1980 4206 2160 4277; x_wconf 88' lang='lat' dir='ltr'><strong>Itaque</strong></span> 
     </span>
    </p>
   </div>
   <div class='ocr_carea' id='block_1_57' title="bbox 585 4296 2153 4362">
    <p class='ocr_par' dir='ltr' id='par_1_57' title="bbox 585 4296 2153 4362">
     <span class='ocr_line' id='line_1_57' title="bbox 585 4296 2153 4362; baseline -0.001 -9"><span class='ocrx_word' id='word_1_417' title='bbox 585 4313 704 4353; x_wconf 93' lang='lat' dir='ltr'><strong>cum</strong></span> <span class='ocrx_word' id='word_1_418' title='bbox 750 4298 850 4352; x_wconf 92' lang='lat' dir='ltr'><strong>hoc</strong></span> <span class='ocrx_word' id='word_1_419' title='bbox 898 4299 1127 4351; x_wconf 88' lang='lat' dir='ltr'><strong>assertio</strong></span> <span class='ocrx_word' id='word_1_420' title='bbox 1159 4307 1244 4351; x_wconf 88' lang='lat' dir='ltr'><strong>tua</strong></span> <span class='ocrx_word' id='word_1_421' title='bbox 1288 4297 1351 4349; x_wconf 94' lang='lat' dir='ltr'><strong>ad</strong></span> <span class='ocrx_word' id='word_1_422' title='bbox 1385 4296 1705 4351; x_wconf 90' lang='lat' dir='ltr'><strong>catholicum</strong></span> <span class='ocrx_word' id='word_1_423' title='bbox 1755 4311 1993 4362; x_wconf 88' lang='lat' dir='ltr'><strong>sensum,</strong></span> <span class='ocrx_word' id='word_1_424' title='bbox 2035 4313 2153 4351; x_wconf 90' lang='lat' dir='ltr'><strong>cum</strong></span> 
     </span>
    </p>
   </div>
   <div class='ocr_carea' id='block_1_58' title="bbox 584 4385 2155 4455">
    <p class='ocr_par' dir='ltr' id='par_1_58' title="bbox 584 4385 2155 4455">
     <span class='ocr_line' id='line_1_58' title="bbox 584 4385 2155 4455; baseline -0.002 -12"><span class='ocrx_word' id='word_1_425' title='bbox 584 4390 802 4443; x_wconf 90' lang='lat' dir='ltr'><strong>omnino</strong></span> <span class='ocrx_word' id='word_1_426' title='bbox 841 4387 907 4440; x_wconf 90' lang='lat' dir='ltr'><strong>ad</strong></span> <span class='ocrx_word' id='word_1_427' title='bbox 958 4385 1322 4440; x_wconf 87' lang='lat' dir='ltr'><strong>Christianum</strong></span> <span class='ocrx_word' id='word_1_428' title='bbox 1354 4401 1463 4439; x_wconf 89' lang='lat' dir='ltr'><strong>non</strong></span> <span class='ocrx_word' id='word_1_429' title='bbox 1512 4386 1780 4453; x_wconf 86' lang='lat' dir='ltr'><strong>pertineat</strong></span> <span class='ocrx_word' id='word_1_430' title='bbox 1829 4386 2155 4455; x_wconf 90' lang='lat' dir='ltr'><strong>institutum,</strong></span> 
     </span>
    </p>
   </div>
   <div class='ocr_carea' id='block_1_59' title="bbox 584 4477 2157 4547">
    <p class='ocr_par' dir='ltr' id='par_1_59' title="bbox 584 4477 2157 4547">
     <span class='ocr_line' id='line_1_59' title="bbox 584 4477 2157 4547; baseline -0.001 -14"><span class='ocrx_word' id='word_1_431' title='bbox 584 4479 779 4533; x_wconf 89' lang='lat' dir='ltr'><strong>diaboli</strong></span> <span class='ocrx_word' id='word_1_432' title='bbox 810 4491 1038 4547; x_wconf 82' lang='lat' dir='ltr'><strong>agnosce</strong></span> <span class='ocrx_word' id='word_1_433' title='bbox 1061 4485 1443 4542; x_wconf 90' lang='lat' dir='ltr'><strong>commentum,</strong></span> <span class='ocrx_word' id='word_1_434' title='bbox 1478 4478 1565 4545; x_wconf 89' lang='lat' dir='ltr'><strong>qui</strong></span> <span class='ocrx_word' id='word_1_435' title='bbox 1602 4477 1794 4531; x_wconf 70' lang='lat' dir='ltr'><strong>anima:</strong></span> <span class='ocrx_word' id='word_1_436' title='bbox 1818 4477 2037 4541; x_wconf 88' lang='lat' dir='ltr'><strong>donum,</strong></span> <span class='ocrx_word' id='word_1_437' title='bbox 2068 4479 2157 4532; x_wconf 90' lang='lat' dir='ltr'><strong>ubi</strong></span> 
     </span>
    </p>
   </div>
   <div class='ocr_carea' id='block_1_60' title="bbox 2272 1958 3838 2041">
    <p class='ocr_par' dir='ltr' id='par_1_60' title="bbox 2272 1958 3838 2041">
     <span class='ocr_line' id='line_1_60' title="bbox 2272 1958 3838 2041; baseline 0.013 -32"><span class='ocrx_word' id='word_1_438' title='bbox 2272 1966 2372 2021; x_wconf 83' lang='lat' dir='ltr'><strong>rat,</strong></span> <span class='ocrx_word' id='word_1_439' title='bbox 2406 1958 2456 2012; x_wconf 88' lang='lat' dir='ltr'><strong>id</strong></span> <span class='ocrx_word' id='word_1_440' title='bbox 2482 1969 2565 2014; x_wconf 88' lang='lat' dir='ltr'><strong>est</strong></span> <span class='ocrx_word' id='word_1_441' title='bbox 2594 1961 2694 2014; x_wconf 90' lang='lat' dir='ltr'><strong>nisi</strong></span> <span class='ocrx_word' id='word_1_442' title='bbox 2723 1962 2982 2031; x_wconf 90' lang='lat' dir='ltr'><strong>adjeceris</strong></span> <span class='ocrx_word' id='word_1_443' title='bbox 3011 1975 3101 2019; x_wconf 90' lang='lat' dir='ltr'><strong>aut</strong></span> <span class='ocrx_word' id='word_1_444' title='bbox 3130 1970 3309 2036; x_wconf 85' lang='lat' dir='ltr'><strong>operis</strong></span> <span class='ocrx_word' id='word_1_445' title='bbox 3337 1980 3427 2023; x_wconf 92' lang='lat' dir='ltr'><strong>aut</strong></span> <span class='ocrx_word' id='word_1_446' title='bbox 3449 1974 3647 2041; x_wconf 90' lang='lat' dir='ltr'><strong>proprii</strong></span> <span class='ocrx_word' id='word_1_447' title='bbox 3672 1976 3838 2029; x_wconf 81' lang='lat' dir='ltr'><strong>nomi-</strong></span> 
     </span>
    </p>
   </div>
   <div class='ocr_carea' id='block_1_61' title="bbox 2271 2052 3836 2135">
    <p class='ocr_par' dir='ltr' id='par_1_61' title="bbox 2271 2052 3836 2135">
     <span class='ocr_line' id='line_1_61' title="bbox 2271 2052 3836 2135; baseline 0.013 -30"><span class='ocrx_word' id='word_1_448' title='bbox 2271 2052 2352 2106; x_wconf 92' lang='lat' dir='ltr'><strong>nis</strong></span> <span class='ocrx_word' id='word_1_449' title='bbox 2377 2052 2711 2122; x_wconf 89' lang='lat' dir='ltr'><strong>dignitatem.</strong></span> <span class='ocrx_word' id='word_1_450' title='bbox 2751 2058 2950 2112; x_wconf 87' lang='lat' dir='ltr'><strong>Deinde</strong></span> <span class='ocrx_word' id='word_1_451' title='bbox 2996 2060 3040 2113; x_wconf 91' lang='lat' dir='ltr'><strong>si</strong></span> <span class='ocrx_word' id='word_1_452' title='bbox 3081 2061 3147 2115; x_wconf 90' lang='lat' dir='ltr'><strong>ad</strong></span> <span class='ocrx_word' id='word_1_453' title='bbox 3191 2063 3434 2119; x_wconf 88' lang='lat' dir='ltr'><strong>ordinem</strong></span> <span class='ocrx_word' id='word_1_454' title='bbox 3476 2069 3733 2135; x_wconf 90' lang='lat' dir='ltr'><strong>respicias</strong></span> <span class='ocrx_word' id='word_1_455' title='bbox 3765 2071 3836 2127; x_wconf 84' lang='lat' dir='ltr'><strong>Ie-</strong></span> 
     </span>
    </p>
   </div>
   <div class='ocr_carea' id='block_1_62' title="bbox 2272 2144 3836 2229">
    <p class='ocr_par' dir='ltr' id='par_1_62' title="bbox 2272 2144 3836 2229">
     <span class='ocr_line' id='line_1_62' title="bbox 2272 2144 3836 2229; baseline 0.01 -30"><span class='ocrx_word' id='word_1_456' title='bbox 2272 2144 2486 2211; x_wconf 92' lang='lat' dir='ltr'><strong>ctionis,</strong></span> <span class='ocrx_word' id='word_1_457' title='bbox 2522 2150 2677 2203; x_wconf 85' lang='lat' dir='ltr'><strong>istam</strong></span> <span class='ocrx_word' id='word_1_458' title='bbox 2720 2151 3155 2207; x_wconf 75' lang='lat' dir='ltr'><strong>excellentiorem</strong></span> <span class='ocrx_word' id='word_1_459' title='bbox 3204 2162 3263 2208; x_wconf 93' lang='lat' dir='ltr'><strong>ut</strong></span> <span class='ocrx_word' id='word_1_460' title='bbox 3299 2157 3493 2212; x_wconf 86' lang='lat' dir='ltr'><strong>asseris</strong></span> <span class='ocrx_word' id='word_1_461' title='bbox 3517 2170 3836 2229; x_wconf 89' lang='lat' dir='ltr'><strong>creaturam,</strong></span> 
     </span>
    </p>
   </div>
   <div class='ocr_carea' id='block_1_63' title="bbox 2271 2234 3836 2319">
    <p class='ocr_par' dir='ltr' id='par_1_63' title="bbox 2271 2234 3836 2319">
     <span class='ocr_line' id='line_1_63' title="bbox 2271 2234 3836 2319; baseline 0.012 -32"><span class='ocrx_word' id='word_1_462' title='bbox 2271 2234 2429 2288; x_wconf 69' lang='lat' dir='ltr'><strong>nimis</strong></span> <span class='ocrx_word' id='word_1_463' title='bbox 2453 2235 2760 2305; x_wconf 89' lang='lat' dir='ltr'><strong>de&#39;spectam</strong></span> <span class='ocrx_word' id='word_1_464' title='bbox 2789 2254 2911 2293; x_wconf 89' lang='lat' dir='ltr'><strong>esse</strong></span> <span class='ocrx_word' id='word_1_465' title='bbox 2935 2244 3270 2298; x_wconf 84' lang='lat' dir='ltr'><strong>monstravit.</strong></span> <span class='ocrx_word' id='word_1_466' title='bbox 3298 2244 3430 2300; x_wconf 89' lang='lat' dir='ltr'><strong>Nam</strong></span> <span class='ocrx_word' id='word_1_467' title='bbox 3465 2263 3582 2302; x_wconf 91' lang='lat' dir='ltr'><strong>eam</strong></span> <span class='ocrx_word' id='word_1_468' title='bbox 3616 2260 3735 2319; x_wconf 88' lang='lat' dir='ltr'><strong>post</strong></span> <span class='ocrx_word' id='word_1_469' title='bbox 3760 2262 3836 2306; x_wconf 70' lang='lat' dir='ltr'><strong>to~</strong></span> 
     </span>
    </p>
   </div>
   <div class='ocr_carea' id='block_1_64' title="bbox 2272 2325 3835 2412">
    <p class='ocr_par' dir='ltr' id='par_1_64' title="bbox 2272 2325 3835 2412">
     <span class='ocr_line' id='line_1_64' title="bbox 2272 2325 3835 2412; baseline 0.012 -33"><span class='ocrx_word' id='word_1_470' title='bbox 2272 2325 2434 2381; x_wconf 89' lang='lat' dir='ltr'><strong>nitrui</strong></span> <span class='ocrx_word' id='word_1_471' title='bbox 2452 2336 2753 2384; x_wconf 88' lang='lat' dir='ltr'><strong>creaturam</strong></span> <span class='ocrx_word' id='word_1_472' title='bbox 2785 2345 2906 2387; x_wconf 89' lang='lat' dir='ltr'><strong>esse</strong></span> <span class='ocrx_word' id='word_1_473' title='bbox 2934 2332 3243 2403; x_wconf 74' lang='lat' dir='ltr'><strong>descripsit.</strong></span> <span class='ocrx_word' id='word_1_474' title='bbox 3274 2337 3428 2392; x_wconf 88' lang='lat' dir='ltr'><strong>Unde</strong></span> <span class='ocrx_word' id='word_1_475' title='bbox 3454 2340 3835 2412; x_wconf 73' lang='lat' dir='ltr'><strong>inconsequens</strong></span> 
     </span>
    </p>
   </div>
   <div class='ocr_carea' id='block_1_65' title="bbox 2272 2416 3833 2502">
    <p class='ocr_par' dir='ltr' id='par_1_65' title="bbox 2272 2416 3833 2502">
     <span class='ocr_line' id='line_1_65' title="bbox 2272 2416 3833 2502; baseline 0.013 -33"><span class='ocrx_word' id='word_1_476' title='bbox 2272 2416 2387 2478; x_wconf 90' lang='lat' dir='ltr'><strong>fuit,</strong></span> <span class='ocrx_word' id='word_1_477' title='bbox 2424 2426 2482 2472; x_wconf 92' lang='lat' dir='ltr'><strong>ut</strong></span> <span class='ocrx_word' id='word_1_478' title='bbox 2506 2419 2658 2486; x_wconf 79' lang='lat' dir='ltr'><strong>juxta</strong></span> <span class='ocrx_word' id='word_1_479' title='bbox 2701 2435 2919 2476; x_wconf 90' lang='lat' dir='ltr'><strong>sensum</strong></span> <span class='ocrx_word' id='word_1_480' title='bbox 2953 2432 3097 2478; x_wconf 91' lang='lat' dir='ltr'><strong>tuum</strong></span> <span class='ocrx_word' id='word_1_481' title='bbox 3132 2428 3423 2497; x_wconf 88' lang='lat' dir='ltr'><strong>principale</strong></span> <span class='ocrx_word' id='word_1_482' title='bbox 3453 2430 3555 2486; x_wconf 93' lang='lat' dir='ltr'><strong>hoc</strong></span> <span class='ocrx_word' id='word_1_483' title='bbox 3585 2448 3715 2502; x_wconf 91' lang='lat' dir='ltr'><strong>opus</strong></span> <span class='ocrx_word' id='word_1_484' title='bbox 3745 2435 3833 2490; x_wconf 87' lang='lat' dir='ltr'><strong>Dei</strong></span> 
     </span>
    </p>
   </div>
   <div class='ocr_carea' id='block_1_66' title="bbox 2271 2508 3835 2581">
    <p class='ocr_par' dir='ltr' id='par_1_66' title="bbox 2271 2508 3835 2581">
     <span class='ocr_line' id='line_1_66' title="bbox 2271 2508 3835 2581; baseline 0.013 -20"><span class='ocrx_word' id='word_1_485' title='bbox 2271 2508 2626 2565; x_wconf 89' lang='lat' dir='ltr'><strong>irrationabili</strong></span> <span class='ocrx_word' id='word_1_486' title='bbox 2660 2522 3025 2581; x_wconf 88' lang='lat' dir='ltr'><strong>postponeret,</strong></span> <span class='ocrx_word' id='word_1_487' title='bbox 3072 2525 3165 2571; x_wconf 89' lang='lat' dir='ltr'><strong>aut</strong></span> <span class='ocrx_word' id='word_1_488' title='bbox 3195 2520 3427 2575; x_wconf 88' lang='lat' dir='ltr'><strong>sociaret</strong></span> <span class='ocrx_word' id='word_1_489' title='bbox 3452 2524 3733 2580; x_wconf 89' lang='lat' dir='ltr'><strong>elemento.</strong></span> <span class='ocrx_word' id='word_1_490' title='bbox 3765 2527 3835 2581; x_wconf 85' lang='lat' dir='ltr'><strong>De</strong></span> 
     </span>
    </p>
   </div>
   <div class='ocr_carea' id='block_1_67' title="bbox 2268 2603 3835 2681">
    <p class='ocr_par' dir='ltr' id='par_1_67' title="bbox 2268 2603 3835 2681">
     <span class='ocr_line' id='line_1_67' title="bbox 2268 2603 3835 2681; baseline 0.012 -31"><span class='ocrx_word' id='word_1_491' title='bbox 2268 2613 2499 2668; x_wconf 88' lang='lat' dir='ltr'><strong>persona</strong></span> <span class='ocrx_word' id='word_1_492' title='bbox 2545 2617 2652 2654; x_wconf 90' lang='lat' dir='ltr'><strong>non</strong></span> <span class='ocrx_word' id='word_1_493' title='bbox 2690 2603 2863 2659; x_wconf 84' lang='lat' dir='ltr'><strong>dicam</strong></span> <span class='ocrx_word' id='word_1_494' title='bbox 2896 2606 3091 2674; x_wconf 89' lang='lat' dir='ltr'><strong>angeli,</strong></span> <span class='ocrx_word' id='word_1_495' title='bbox 3122 2607 3215 2662; x_wconf 77' lang='lat' dir='ltr'><strong>sed</strong></span> <span class='ocrx_word' id='word_1_496' title='bbox 3250 2609 3532 2677; x_wconf 88' lang='lat' dir='ltr'><strong>cujuslibet</strong></span> <span class='ocrx_word' id='word_1_497' title='bbox 3555 2615 3677 2681; x_wconf 86' lang='lat' dir='ltr'><strong>justi</strong></span> <span class='ocrx_word' id='word_1_498' title='bbox 3706 2616 3835 2669; x_wconf 60' lang='lat' dir='ltr'><strong>indi.</strong></span> 
     </span>
    </p>
   </div>
   <div class='ocr_carea' id='block_1_68' title="bbox 2268 2691 3825 2769">
    <p class='ocr_par' dir='ltr' id='par_1_68' title="bbox 2268 2691 3825 2769">
     <span class='ocr_line' id='line_1_68' title="bbox 2268 2691 3825 2769; baseline 0.01 -27"><span class='ocrx_word' id='word_1_499' title='bbox 2268 2705 2429 2758; x_wconf 91' lang='lat' dir='ltr'><strong>gnum</strong></span> <span class='ocrx_word' id='word_1_500' title='bbox 2468 2691 2570 2746; x_wconf 94' lang='lat' dir='ltr'><strong>hoc</strong></span> <span class='ocrx_word' id='word_1_501' title='bbox 2597 2694 2763 2748; x_wconf 87' lang='lat' dir='ltr'><strong>credi.</strong></span> <span class='ocrx_word' id='word_1_502' title='bbox 2805 2695 2968 2763; x_wconf 84' lang='lat' dir='ltr'><strong>Magis</strong></span> <span class='ocrx_word' id='word_1_503' title='bbox 2999 2712 3126 2766; x_wconf 90' lang='lat' dir='ltr'><strong>ergo</strong></span> <span class='ocrx_word' id='word_1_504' title='bbox 3156 2698 3259 2755; x_wconf 89' lang='lat' dir='ltr'><strong>hoc</strong></span> <span class='ocrx_word' id='word_1_505' title='bbox 3290 2703 3585 2769; x_wconf 80' lang='lat' dir='ltr'><strong>proximum</strong></span> <span class='ocrx_word' id='word_1_506' title='bbox 3625 2716 3673 2759; x_wconf 93' lang='lat' dir='ltr'><strong>et</strong></span> <span class='ocrx_word' id='word_1_507' title='bbox 3700 2706 3825 2758; x_wconf 86' lang='lat' dir='ltr'><strong>ami-</strong></span> 
     </span>
    </p>
   </div>
   <div class='ocr_carea' id='block_1_69' title="bbox 2268 2784 3831 2860">
    <p class='ocr_par' dir='ltr' id='par_1_69' title="bbox 2268 2784 3831 2860">
     <span class='ocr_line' id='line_1_69' title="bbox 2268 2784 3831 2860; baseline 0.011 -25"><span class='ocrx_word' id='word_1_508' title='bbox 2268 2797 2389 2835; x_wconf 90' lang='lat' dir='ltr'><strong>cum</strong></span> <span class='ocrx_word' id='word_1_509' title='bbox 2422 2798 2541 2837; x_wconf 55' lang='lat' dir='ltr'><strong>esse</strong></span> <span class='ocrx_word' id='word_1_510' title='bbox 2570 2784 2892 2840; x_wconf 90' lang='lat' dir='ltr'><strong>arbitremur</strong></span> <span class='ocrx_word' id='word_1_511' title='bbox 2929 2789 3142 2855; x_wconf 89' lang='lat' dir='ltr'><strong>rationi,</strong></span> <span class='ocrx_word' id='word_1_512' title='bbox 3173 2792 3217 2845; x_wconf 91' lang='lat' dir='ltr'><strong>si</strong></span> <span class='ocrx_word' id='word_1_513' title='bbox 3251 2802 3370 2860; x_wconf 90' lang='lat' dir='ltr'><strong>post</strong></span> <span class='ocrx_word' id='word_1_514' title='bbox 3405 2797 3627 2850; x_wconf 88' lang='lat' dir='ltr'><strong>tonitrua</strong></span> <span class='ocrx_word' id='word_1_515' title='bbox 3662 2796 3831 2852; x_wconf 85' lang='lat' dir='ltr'><strong>ﬂabra</strong></span> 
     </span>
    </p>
   </div>
   <div class='ocr_carea' id='block_1_70' title="bbox 2268 2871 3830 2955">
    <p class='ocr_par' dir='ltr' id='par_1_70' title="bbox 2268 2871 3830 2955">
     <span class='ocr_line' id='line_1_70' title="bbox 2268 2871 3830 2955; baseline 0.01 -30"><span class='ocrx_word' id='word_1_516' title='bbox 2268 2871 2628 2941; x_wconf 88' lang='lat' dir='ltr'><strong>inte&#39;ligamus</strong></span> <span class='ocrx_word' id='word_1_517' title='bbox 2666 2875 2956 2944; x_wconf 80' lang='lat' dir='ltr'><strong>signiﬁcata</strong></span> <span class='ocrx_word' id='word_1_518' title='bbox 2994 2889 3296 2947; x_wconf 90' lang='lat' dir='ltr'><strong>ventorum,</strong></span> <span class='ocrx_word' id='word_1_519' title='bbox 3339 2891 3393 2938; x_wconf 92' lang='lat' dir='ltr'><strong>ut</strong></span> <span class='ocrx_word' id='word_1_520' title='bbox 3421 2884 3549 2938; x_wconf 87' lang='lat' dir='ltr'><strong>illud</strong></span> <span class='ocrx_word' id='word_1_521' title='bbox 3592 2886 3644 2939; x_wconf 91' lang='lat' dir='ltr'><strong>in</strong></span> <span class='ocrx_word' id='word_1_522' title='bbox 3694 2889 3830 2955; x_wconf 84' lang='lat' dir='ltr'><strong>psal-</strong></span> 
     </span>
    </p>
   </div>
   <div class='ocr_carea' id='block_1_71' title="bbox 2269 2963 3832 3049">
    <p class='ocr_par' dir='ltr' id='par_1_71' title="bbox 2269 2963 3832 3049">
     <span class='ocr_line' id='line_1_71' title="bbox 2269 2963 3832 3049; baseline 0.011 -34"><span class='ocrx_word' id='word_1_523' title='bbox 2269 2963 2368 3016; x_wconf 90' lang='lat' dir='ltr'><strong>mis</strong></span> <span class='ocrx_word' id='word_1_524' title='bbox 2411 2981 2423 3016; x_wconf 95' lang='lat'>:</span> <span class='ocrx_word' id='word_1_525' title='bbox 2458 2964 2681 3035; x_wconf 66' lang='lat' dir='ltr'><strong>Spiritus</strong></span> <span class='ocrx_word' id='word_1_526' title='bbox 2724 2968 3065 3038; x_wconf 84' lang='lat' dir='ltr'><strong>procellarum</strong></span> <span class='ocrx_word' id='word_1_527' title='bbox 3121 2974 3205 3041; x_wconf 87' lang='lat' dir='ltr'><strong>qui</strong></span> <span class='ocrx_word' id='word_1_528' title='bbox 3251 2975 3443 3042; x_wconf 83' lang='lat' dir='ltr'><strong>faciunt</strong></span> <span class='ocrx_word' id='word_1_529' title='bbox 3488 2980 3691 3030; x_wconf 84' lang='lat' dir='ltr'><strong>verbum</strong></span> <span class='ocrx_word' id='word_1_530' title='bbox 3729 2982 3832 3049; x_wconf 79' lang='lat' dir='ltr'><strong>ejus</strong></span> 
     </span>
    </p>
   </div>
   <div class='ocr_carea' id='block_1_72' title="bbox 2266 3051 3829 3136">
    <p class='ocr_par' dir='ltr' id='par_1_72' title="bbox 2266 3051 3829 3136">
     <span class='ocr_line' id='line_1_72' title="bbox 2266 3051 3829 3136; baseline 0.012 -33"><span class='ocrx_word' id='word_1_531' title='bbox 2266 3051 2436 3121; x_wconf 84' lang='lat' dir='ltr'><strong>(Psal.</strong></span> <span class='ocrx_word' id='word_1_532' title='bbox 2469 3057 2711 3123; x_wconf 68' lang='lat' dir='ltr'><strong>csum),</strong></span> <span class='ocrx_word' id='word_1_533' title='bbox 2753 3058 2832 3112; x_wconf 90' lang='lat' dir='ltr'><strong>vel</strong></span> <span class='ocrx_word' id='word_1_534' title='bbox 2865 3059 2991 3113; x_wconf 84' lang='lat' dir='ltr'><strong>illud</strong></span> <span class='ocrx_word' id='word_1_535' title='bbox 3021 3078 3033 3113; x_wconf 88' lang='lat'><strong>:</strong></span> <span class='ocrx_word' id='word_1_536' title='bbox 3060 3060 3294 3132; x_wconf 82' lang='lat' dir='ltr'><strong>Sulphur</strong></span> <span class='ocrx_word' id='word_1_537' title='bbox 3323 3065 3547 3134; x_wconf 82' lang='lat' dir='ltr'><strong>Spiritus</strong></span> <span class='ocrx_word' id='word_1_538' title='bbox 3588 3070 3829 3136; x_wconf 80' lang='lat' dir='ltr'><strong>procella-</strong></span> 
     </span>
    </p>
   </div>
   <div class='ocr_carea' id='block_1_73' title="bbox 2264 3144 3828 3218">
    <p class='ocr_par' dir='ltr' id='par_1_73' title="bbox 2264 3144 3828 3218">
     <span class='ocr_line' id='line_1_73' title="bbox 2264 3144 3828 3218; baseline 0.014 -24"><span class='ocrx_word' id='word_1_539' title='bbox 2264 3160 2378 3197; x_wconf 88' lang='lat' dir='ltr'><strong>rum</strong></span> <span class='ocrx_word' id='word_1_540' title='bbox 2416 3144 2588 3215; x_wconf 82' lang='lat' dir='ltr'><strong>(Psal.</strong></span> <span class='ocrx_word' id='word_1_541' title='bbox 2623 3146 2701 3216; x_wconf 69' lang='grc' dir='ltr'><strong>χ),</strong></span> <span class='ocrx_word' id='word_1_542' title='bbox 2732 3148 2816 3204; x_wconf 89' lang='lat' dir='ltr'><strong>vel</strong></span> <span class='ocrx_word' id='word_1_543' title='bbox 2849 3167 2861 3203; x_wconf 89' lang='lat'>:</span> <span class='ocrx_word' id='word_1_544' title='bbox 2890 3150 3091 3218; x_wconf 87' lang='lat' dir='ltr'><strong>Spiritu</strong></span> <span class='ocrx_word' id='word_1_545' title='bbox 3121 3154 3396 3209; x_wconf 83' lang='lat' dir='ltr'><strong>vehementi</strong></span> <span class='ocrx_word' id='word_1_546' title='bbox 3425 3169 3652 3213; x_wconf 83' lang='lat' dir='ltr'><strong>conteres</strong></span> <span class='ocrx_word' id='word_1_547' title='bbox 3695 3176 3828 3215; x_wconf 79' lang='lat' dir='ltr'><strong>naves</strong></span> 
     </span>
    </p>
   </div>
   <div class='ocr_carea' id='block_1_74' title="bbox 2185 3207 3826 3316">
    <p class='ocr_par' dir='ltr' id='par_1_74' title="bbox 2185 3207 3826 3316">
     <span class='ocr_line' id='line_1_74' title="bbox 2185 3207 3826 3316; baseline 0.013 -31"><span class='ocrx_word' id='word_1_548' title='bbox 2185 3207 2232 3271; x_wconf 70' lang='grc' dir='ltr'>ο</span> <span class='ocrx_word' id='word_1_549' title='bbox 2268 3207 2475 3289; x_wconf 77' lang='lat' dir='ltr'><strong>Tharsis</strong></span> <span class='ocrx_word' id='word_1_550' title='bbox 2506 3207 2893 3310; x_wconf 24' lang='lat' dir='ltr'><strong>(Psalrnvu).</strong></span> <span class='ocrx_word' id='word_1_551' title='bbox 2928 3207 3164 3297; x_wconf 77' lang='lat' dir='ltr'><strong>Diversis</strong></span> <span class='ocrx_word' id='word_1_552' title='bbox 3190 3207 3362 3301; x_wconf 91' lang='lat' dir='ltr'><strong>modis</strong></span> 
     </span>
    </p>
   </div>
   <div class='ocr_carea' id='block_1_75' title="bbox 2264 3324 3828 3405">
    <p class='ocr_par' dir='ltr' id='par_1_75' title="bbox 2264 3324 3828 3405">
     <span class='ocr_line' id='line_1_75' title="bbox 2264 3324 3828 3405; baseline 0.013 -29"><span class='ocrx_word' id='word_1_553' title='bbox 2264 3324 2424 3395; x_wconf 86' lang='lat' dir='ltr'><strong>gitur,</strong></span> <span class='ocrx_word' id='word_1_554' title='bbox 2457 3328 2670 3396; x_wconf 92' lang='lat' dir='ltr'><strong>quando</strong></span> <span class='ocrx_word' id='word_1_555' title='bbox 2694 3344 2798 3382; x_wconf 91' lang='lat' dir='ltr'><strong>non</strong></span> <span class='ocrx_word' id='word_1_556' title='bbox 2826 3345 2945 3384; x_wconf 93' lang='lat' dir='ltr'><strong>cum</strong></span> <span class='ocrx_word' id='word_1_557' title='bbox 2980 3333 3269 3401; x_wconf 74' lang='lat' dir='ltr'><strong>privilegiis</strong></span> <span class='ocrx_word' id='word_1_558' title='bbox 3295 3336 3404 3391; x_wconf 91' lang='lat' dir='ltr'><strong>suis</strong></span> <span class='ocrx_word' id='word_1_559' title='bbox 3428 3340 3733 3405; x_wconf 87' lang='lat' dir='ltr'><strong>specialiter</strong></span> <span class='ocrx_word' id='word_1_560' title='bbox 3753 3344 3828 3396; x_wconf 83' lang='lat' dir='ltr'><strong>de-</strong></span> 
     </span>
    </p>
   </div>
   <div class='ocr_carea' id='block_1_76' title="bbox 2264 3416 3829 3494">
    <p class='ocr_par' dir='ltr' id='par_1_76' title="bbox 2264 3416 3829 3494">
     <span class='ocr_line' id='line_1_76' title="bbox 2264 3416 3829 3494; baseline 0.012 -25"><span class='ocrx_word' id='word_1_561' title='bbox 2264 3416 2377 3484; x_wconf 86' lang='lat' dir='ltr'><strong>sign</strong></span> <span class='ocrx_word' id='word_1_562' title='bbox 2402 3425 2519 3471; x_wconf 90' lang='lat' dir='ltr'><strong>.tur.</strong></span> <span class='ocrx_word' id='word_1_563' title='bbox 2556 3417 2659 3473; x_wconf 87' lang='lat' dir='ltr'><strong>Sed</strong></span> <span class='ocrx_word' id='word_1_564' title='bbox 2688 3421 2900 3475; x_wconf 90' lang='lat' dir='ltr'><strong>omissis</strong></span> <span class='ocrx_word' id='word_1_565' title='bbox 2928 3420 3010 3475; x_wconf 93' lang='lat' dir='ltr'><strong>his</strong></span> <span class='ocrx_word' id='word_1_566' title='bbox 3039 3423 3307 3494; x_wconf 83' lang='lat' dir='ltr'><strong>interroga</strong></span> <span class='ocrx_word' id='word_1_567' title='bbox 3338 3428 3709 3485; x_wconf 84' lang='lat' dir='ltr'><strong>translationis</strong></span> <span class='ocrx_word' id='word_1_568' title='bbox 3735 3434 3829 3487; x_wconf 85' lang='lat' dir='ltr'><strong>lle-</strong></span> 
     </span>
    </p>
   </div>
   <div class='ocr_carea' id='block_1_77' title="bbox 2264 3504 3827 3587">
    <p class='ocr_par' dir='ltr' id='par_1_77' title="bbox 2264 3504 3827 3587">
     <span class='ocr_line' id='line_1_77' title="bbox 2264 3504 3827 3587; baseline 0.012 -28"><span class='ocrx_word' id='word_1_569' title='bbox 2264 3504 2460 3561; x_wconf 74' lang='lat' dir='ltr'><strong>braicte</strong></span> <span class='ocrx_word' id='word_1_570' title='bbox 2504 3509 2805 3577; x_wconf 86' lang='lat' dir='ltr'><strong>veritatem,</strong></span> <span class='ocrx_word' id='word_1_571' title='bbox 2851 3520 2903 3565; x_wconf 90' lang='lat' dir='ltr'><strong>et</strong></span> <span class='ocrx_word' id='word_1_572' title='bbox 2946 3512 3015 3566; x_wconf 89' lang='lat' dir='ltr'><strong>ibi</strong></span> <span class='ocrx_word' id='word_1_573' title='bbox 3056 3514 3429 3571; x_wconf 89' lang='lat' dir='ltr'><strong>confusibilem</strong></span> <span class='ocrx_word' id='word_1_574' title='bbox 3476 3520 3827 3587; x_wconf 74' lang='lat' dir='ltr'><strong>persuasionis</strong></span> 
     </span>
    </p>
   </div>
   <div class='ocr_carea' id='block_1_78' title="bbox 2266 3598 3827 3669">
    <p class='ocr_par' dir='ltr' id='par_1_78' title="bbox 2266 3598 3827 3669">
     <span class='ocr_line' id='line_1_78' title="bbox 2266 3598 3827 3669; baseline 0.012 -19"><span class='ocrx_word' id='word_1_575' title='bbox 2266 3604 2369 3651; x_wconf 85' lang='lat' dir='ltr'><strong>tuae</strong></span> <span class='ocrx_word' id='word_1_576' title='bbox 2400 3598 2767 3663; x_wconf 73' lang='lat' dir='ltr'><strong>deprehendes</strong></span> <span class='ocrx_word' id='word_1_577' title='bbox 2792 3617 3054 3660; x_wconf 89' lang='lat' dir='ltr'><strong>errorem.</strong></span> <span class='ocrx_word' id='word_1_578' title='bbox 3083 3604 3159 3659; x_wconf 85' lang='lat' dir='ltr'><strong>ita</strong></span> <span class='ocrx_word' id='word_1_579' title='bbox 3187 3607 3330 3661; x_wconf 86' lang='lat' dir='ltr'><strong>enim</strong></span> <span class='ocrx_word' id='word_1_580' title='bbox 3356 3608 3467 3664; x_wconf 90' lang='lat' dir='ltr'><strong>illic</strong></span> <span class='ocrx_word' id='word_1_581' title='bbox 3497 3610 3695 3667; x_wconf 90' lang='lat' dir='ltr'><strong>dictum</strong></span> <span class='ocrx_word' id='word_1_582' title='bbox 3719 3628 3827 3669; x_wconf 87' lang='lat' dir='ltr'><strong>esse</strong></span> 
     </span>
    </p>
   </div>
   <div class='ocr_carea' id='block_1_79' title="bbox 2266 3690 3828 3767">
    <p class='ocr_par' dir='ltr' id='par_1_79' title="bbox 2266 3690 3828 3767">
     <span class='ocr_line' id='line_1_79' title="bbox 2266 3690 3828 3767; baseline 0.013 -28"><span class='ocrx_word' id='word_1_583' title='bbox 2266 3690 2523 3756; x_wconf 72' lang='lat' dir='ltr'><strong>reperies,</strong></span> <span class='ocrx_word' id='word_1_584' title='bbox 2557 3692 2675 3759; x_wconf 87' lang='lat' dir='ltr'><strong>quia</strong></span> <span class='ocrx_word' id='word_1_585' title='bbox 2704 3708 2816 3745; x_wconf 85' lang='lat' dir='ltr'><strong>ecce</strong></span> <span class='ocrx_word' id='word_1_586' title='bbox 2836 3709 2927 3763; x_wconf 88' lang='lat' dir='ltr'><strong>ego</strong></span> <span class='ocrx_word' id='word_1_587' title='bbox 2954 3699 3178 3765; x_wconf 74' lang='lat' dir='ltr'><strong>formans</strong></span> <span class='ocrx_word' id='word_1_588' title='bbox 3200 3709 3409 3767; x_wconf 80' lang='lat' dir='ltr'><strong>montes,</strong></span> <span class='ocrx_word' id='word_1_589' title='bbox 3441 3712 3488 3755; x_wconf 84' lang='lat' dir='ltr'><strong>et</strong></span> <span class='ocrx_word' id='word_1_590' title='bbox 3514 3719 3695 3758; x_wconf 88' lang='lat' dir='ltr'><strong>creans</strong></span> <span class='ocrx_word' id='word_1_591' title='bbox 3724 3722 3828 3759; x_wconf 83' lang='lat' dir='ltr'><strong>ren-</strong></span> 
     </span>
    </p>
   </div>
   <div class='ocr_carea' id='block_1_80' title="bbox 2266 3779 3826 3862">
    <p class='ocr_par' dir='ltr' id='par_1_80' title="bbox 2266 3779 3826 3862">
     <span class='ocr_line' id='line_1_80' title="bbox 2266 3779 3826 3862; baseline 0.013 -33"><span class='ocrx_word' id='word_1_592' title='bbox 2266 3786 2392 3831; x_wconf 86' lang='lat' dir='ltr'><strong>tum.</strong></span> <span class='ocrx_word' id='word_1_593' title='bbox 2424 3779 2558 3834; x_wconf 74' lang='lat' dir='ltr'><strong>Vide</strong></span> <span class='ocrx_word' id='word_1_594' title='bbox 2590 3796 2745 3850; x_wconf 90' lang='lat' dir='ltr'><strong>quam</strong></span> <span class='ocrx_word' id='word_1_595' title='bbox 2776 3784 2950 3849; x_wconf 92' lang='lat' dir='ltr'><strong>nudis,</strong></span> <span class='ocrx_word' id='word_1_596' title='bbox 2983 3796 3165 3841; x_wconf 88' lang='lat' dir='ltr'><strong>contra</strong></span> <span class='ocrx_word' id='word_1_597' title='bbox 3198 3789 3362 3843; x_wconf 92' lang='lat' dir='ltr'><strong>Deum</strong></span> <span class='ocrx_word' id='word_1_598' title='bbox 3384 3792 3586 3857; x_wconf 85' lang='lat' dir='ltr'><strong>verbis,</strong></span> <span class='ocrx_word' id='word_1_599' title='bbox 3604 3804 3655 3848; x_wconf 92' lang='lat' dir='ltr'><strong>et</strong></span> <span class='ocrx_word' id='word_1_600' title='bbox 3677 3811 3826 3862; x_wconf 74' lang='lat' dir='ltr'><strong>quam</strong></span> 
     </span>
    </p>
   </div>
   <div class='ocr_carea' id='block_1_81' title="bbox 2265 3870 3828 3953">
    <p class='ocr_par' dir='ltr' id='par_1_81' title="bbox 2265 3870 3828 3953">
     <span class='ocr_line' id='line_1_81' title="bbox 2265 3870 3828 3953; baseline 0.012 -31"><span class='ocrx_word' id='word_1_601' title='bbox 2265 3870 2509 3925; x_wconf 66' lang='lat' dir='ltr'><strong>inanibus</strong></span> <span class='ocrx_word' id='word_1_602' title='bbox 2538 3874 2835 3931; x_wconf 88' lang='lat' dir='ltr'><strong>credidisti.</strong></span> <span class='ocrx_word' id='word_1_603' title='bbox 2870 3877 3003 3931; x_wconf 74' lang='lat' dir='ltr'><strong>Vide</strong></span> <span class='ocrx_word' id='word_1_604' title='bbox 3034 3894 3187 3947; x_wconf 86' lang='lat' dir='ltr'><strong>quam</strong></span> <span class='ocrx_word' id='word_1_605' title='bbox 3221 3897 3412 3951; x_wconf 88' lang='lat' dir='ltr'><strong>magno</strong></span> <span class='ocrx_word' id='word_1_606' title='bbox 3442 3892 3493 3938; x_wconf 91' lang='lat' dir='ltr'><strong>te</strong></span> <span class='ocrx_word' id='word_1_607' title='bbox 3514 3898 3828 3953; x_wconf 86' lang='lat' dir='ltr'><strong>argumento</strong></span> 
     </span>
    </p>
   </div>
   <div class='ocr_carea' id='block_1_82' title="bbox 2264 3964 3825 4043">
    <p class='ocr_par' dir='ltr' id='par_1_82' title="bbox 2264 3964 3825 4043">
     <span class='ocr_line' id='line_1_82' title="bbox 2264 3964 3825 4043; baseline 0.011 -30"><span class='ocrx_word' id='word_1_608' title='bbox 2264 3968 2445 4014; x_wconf 89' lang='lat' dir='ltr'><strong>contra</strong></span> <span class='ocrx_word' id='word_1_609' title='bbox 2471 3964 2759 4030; x_wconf 78' lang='lat' dir='ltr'><strong>poten&#39;iam</strong></span> <span class='ocrx_word' id='word_1_610' title='bbox 2785 3966 3081 4035; x_wconf 89' lang='lat' dir='ltr'><strong>majestatis</strong></span> <span class='ocrx_word' id='word_1_611' title='bbox 3107 3973 3347 4036; x_wconf 89' lang='lat' dir='ltr'><strong>armasti,</strong></span> <span class='ocrx_word' id='word_1_612' title='bbox 3380 3982 3430 4029; x_wconf 91' lang='lat' dir='ltr'><strong>et</strong></span> <span class='ocrx_word' id='word_1_613' title='bbox 3461 3985 3579 4043; x_wconf 89' lang='lat' dir='ltr'><strong>post</strong></span> <span class='ocrx_word' id='word_1_614' title='bbox 3613 3976 3699 4029; x_wconf 91' lang='lat' dir='ltr'><strong>illa</strong></span> <span class='ocrx_word' id='word_1_615' title='bbox 3726 3992 3825 4030; x_wconf 88' lang='lat' dir='ltr'><strong>non</strong></span> 
     </span>
    </p>
   </div>
   <div class='ocr_carea' id='block_1_83' title="bbox 2265 4055 3824 4138">
    <p class='ocr_par' dir='ltr' id='par_1_83' title="bbox 2265 4055 3824 4138">
     <span class='ocr_line' id='line_1_83' title="bbox 2265 4055 3824 4138; baseline 0.012 -32"><span class='ocrx_word' id='word_1_616' title='bbox 2265 4055 2459 4108; x_wconf 89' lang='lat' dir='ltr'><strong>metuis</strong></span> <span class='ocrx_word' id='word_1_617' title='bbox 2488 4055 2627 4109; x_wconf 90' lang='lat' dir='ltr'><strong>circa</strong></span> <span class='ocrx_word' id='word_1_618' title='bbox 2665 4066 2767 4109; x_wconf 90' lang='lat' dir='ltr'><strong>tam</strong></span> <span class='ocrx_word' id='word_1_619' title='bbox 2798 4058 3065 4113; x_wconf 88' lang='lat' dir='ltr'><strong>inlirmum</strong></span> <span class='ocrx_word' id='word_1_620' title='bbox 3096 4061 3298 4117; x_wconf 81' lang='lat' dir='ltr'><strong>luercre</strong></span> <span class='ocrx_word' id='word_1_621' title='bbox 3332 4066 3718 4135; x_wconf 86' lang='lat' dir='ltr'><strong>ramusculum,</strong></span> <span class='ocrx_word' id='word_1_622' title='bbox 3742 4068 3824 4138; x_wconf 78' lang='lat' dir='ltr'><strong>qui</strong></span> 
     </span>
    </p>
   </div>
   <div class='ocr_carea' id='block_1_84' title="bbox 2265 4143 3372 4222">
    <p class='ocr_par' dir='ltr' id='par_1_84' title="bbox 2265 4143 3372 4222">
     <span class='ocr_line' id='line_1_84' title="bbox 2265 4143 3372 4222; baseline 0.012 -25"><span class='ocrx_word' id='word_1_623' title='bbox 2265 4143 2315 4197; x_wconf 92' lang='lat' dir='ltr'><strong>in</strong></span> <span class='ocrx_word' id='word_1_624' title='bbox 2346 4152 2449 4197; x_wconf 88' lang='lat' dir='ltr'><strong>tam</strong></span> <span class='ocrx_word' id='word_1_625' title='bbox 2480 4146 2801 4201; x_wconf 89' lang='lat' dir='ltr'><strong>horrendum</strong></span> <span class='ocrx_word' id='word_1_626' title='bbox 2835 4151 3033 4217; x_wconf 88' lang='lat' dir='ltr'><strong>pendes</strong></span> <span class='ocrx_word' id='word_1_627' title='bbox 3063 4152 3372 4222; x_wconf 90' lang='lat' dir='ltr'><strong>abruptum.</strong></span> 
     </span>
    </p>
   </div>
   <div class='ocr_carea' id='block_1_85' title="bbox 2869 4311 3221 4372">
    <p class='ocr_par' dir='ltr' id='par_1_85' title="bbox 2869 4311 3221 4372">
     <span class='ocr_line' id='line_1_85' title="bbox 2869 4311 3221 4372; baseline 0.017 -7"><span class='ocrx_word' id='word_1_628' title='bbox 2869 4311 2951 4366; x_wconf 79' lang='lat' dir='ltr'><strong>CA</strong></span> <span class='ocrx_word' id='word_1_629' title='bbox 2966 4313 3094 4370; x_wconf 80' lang='lat' dir='ltr'><strong>PUT</strong></span> <span class='ocrx_word' id='word_1_630' title='bbox 3136 4316 3221 4372; x_wconf 83' lang='lat' dir='ltr'><strong>IV.</strong></span> 
     </span>
    </p>
   </div>
   <div class='ocr_carea' id='block_1_86' title="bbox 2271 4397 3822 4479">
    <p class='ocr_par' dir='ltr' id='par_1_86' title="bbox 2271 4397 3822 4479">
     <span class='ocr_line' id='line_1_86' title="bbox 2271 4397 3822 4479; baseline 0.008 -28"><span class='ocrx_word' id='word_1_631' title='bbox 2271 4397 2603 4455; x_wconf 80' lang='lat' dir='ltr'><strong>Macedonius</strong></span> <span class='ocrx_word' id='word_1_632' title='bbox 2650 4401 2948 4479; x_wconf 77' lang='lat' dir='ltr'><strong>dualitatem</strong></span> <span class='ocrx_word' id='word_1_633' title='bbox 2999 4424 3243 4479; x_wconf 71' lang='lat' dir='ltr'><strong>asserens,</strong></span> <span class='ocrx_word' id='word_1_634' title='bbox 3301 4408 3552 4479; x_wconf 85' lang='lat' dir='ltr'><strong>Spiritum</strong></span> <span class='ocrx_word' id='word_1_635' title='bbox 3601 4420 3822 4467; x_wconf 83' lang='lat' dir='ltr'><strong>sanctum</strong></span> 
     </span>
    </p>
   </div>
   <div class='ocr_carea' id='block_1_87' title="bbox 2549 4477 3543 4548">
    <p class='ocr_par' dir='ltr' id='par_1_87' title="bbox 2549 4477 3543 4548">
     <span class='ocr_line' id='line_1_87' title="bbox 2549 4477 3543 4548; baseline 0.014 -27"><span class='ocrx_word' id='word_1_636' title='bbox 2549 4482 2697 4541; x_wconf 76' lang='lat' dir='ltr'><strong>negat</strong></span> <span class='ocrx_word' id='word_1_637' title='bbox 2738 4477 2996 4543; x_wconf 86' lang='lat' dir='ltr'><strong>propriam</strong></span> <span class='ocrx_word' id='word_1_638' title='bbox 3036 4477 3218 4532; x_wconf 83' lang='lat' dir='ltr'><strong>habere</strong></span> <span class='ocrx_word' id='word_1_639' title='bbox 3258 4477 3543 4548; x_wconf 78' lang='lat' dir='ltr'><strong>personam.</strong></span> 
     </span>
    </p>
   </div>
   <div class='ocr_carea' id='block_1_88' title="bbox 583 4571 3821 4663">
    <p class='ocr_par' dir='ltr' id='par_1_88' title="bbox 583 4571 3821 4663">
     <span class='ocr_line' id='line_1_88' title="bbox 583 4571 3821 4663; baseline 0.006 -34"><span class='ocrx_word' id='word_1_640' title='bbox 583 4576 783 4643; x_wconf 87' lang='lat' dir='ltr'><strong>Spiritu</strong></span> <span class='ocrx_word' id='word_1_641' title='bbox 814 4582 996 4628; x_wconf 90' lang='lat' dir='ltr'><strong>sancto</strong></span> <span class='ocrx_word' id='word_1_642' title='bbox 1042 4588 1258 4626; x_wconf 89' lang='lat' dir='ltr'><strong>vacuam</strong></span> <span class='ocrx_word' id='word_1_643' title='bbox 1302 4571 1512 4638; x_wconf 91' lang='lat' dir='ltr'><strong>viderit,</strong></span> <span class='ocrx_word' id='word_1_644' title='bbox 1546 4574 1697 4642; x_wconf 88' lang='lat' dir='ltr'><strong>quasi</strong></span> <span class='ocrx_word' id='word_1_645' title='bbox 1729 4575 2012 4628; x_wconf 80' lang='lat' dir='ltr'><strong>contrariis</strong></span> <span class='ocrx_word' id='word_1_646' title='bbox 2057 4575 2154 4627; x_wconf 89' lang='lat' dir='ltr'><strong>ho-</strong></span> <span class='ocrx_word' id='word_1_647' title='bbox 2191 4575 2237 4632; x_wconf 93' lang='lat' dir='ltr'><strong>D</strong></span> <span class='ocrx_word' id='word_1_648' title='bbox 2340 4578 2538 4635; x_wconf 91' lang='lat' dir='ltr'><strong>Deinde</strong></span> <span class='ocrx_word' id='word_1_649' title='bbox 2565 4582 2872 4640; x_wconf 82' lang='lat' dir='ltr'><strong>dualitatem</strong></span> <span class='ocrx_word' id='word_1_650' title='bbox 2927 4588 3253 4656; x_wconf 88' lang='lat' dir='ltr'><strong>intromittis,</strong></span> <span class='ocrx_word' id='word_1_651' title='bbox 3301 4600 3355 4647; x_wconf 88' lang='lat' dir='ltr'><strong>et</strong></span> <span class='ocrx_word' id='word_1_652' title='bbox 3392 4591 3528 4647; x_wconf 92' lang='lat' dir='ltr'><strong>dicis</strong></span> <span class='ocrx_word' id='word_1_653' title='bbox 3574 4594 3821 4663; x_wconf 74' lang='lat' dir='ltr'><strong>Spiritum</strong></span> 
     </span>
    </p>
   </div>
   <div class='ocr_carea' id='block_1_89' title="bbox 582 4663 2153 4736">
    <p class='ocr_par' dir='ltr' id='par_1_89' title="bbox 582 4663 2153 4736">
     <span class='ocr_line' id='line_1_89' title="bbox 582 4663 2153 4736; baseline 0.001 -16"><span class='ocrx_word' id='word_1_654' title='bbox 582 4666 806 4736; x_wconf 81' lang='lat' dir='ltr'><strong>spitibus</strong></span> <span class='ocrx_word' id='word_1_655' title='bbox 836 4666 1083 4734; x_wconf 83' lang='lat' dir='ltr'><strong>nequitiae</strong></span> <span class='ocrx_word' id='word_1_656' title='bbox 1106 4663 1431 4733; x_wconf 87' lang='lat' dir='ltr'><strong>septiformis</strong></span> <span class='ocrx_word' id='word_1_657' title='bbox 1462 4665 1672 4719; x_wconf 81' lang='lat' dir='ltr'><strong>invidit.</strong></span> <span class='ocrx_word' id='word_1_658' title='bbox 1700 4665 1802 4731; x_wconf 86' lang='lat' dir='ltr'><strong>Qui</strong></span> <span class='ocrx_word' id='word_1_659' title='bbox 1829 4666 1972 4719; x_wconf 91' lang='lat' dir='ltr'><strong>enim</strong></span> <span class='ocrx_word' id='word_1_660' title='bbox 2006 4666 2153 4721; x_wconf 89' lang='lat' dir='ltr'><strong>illum</strong></span> 
     </span>
    </p>
   </div>
   <div class='ocr_carea' id='block_1_90' title="bbox 585 4758 2155 4826">
    <p class='ocr_par' dir='ltr' id='par_1_90' title="bbox 585 4758 2155 4826">
     <span class='ocr_line' id='line_1_90' title="bbox 585 4758 2155 4826; baseline 0.001 -14"><span class='ocrx_word' id='word_1_661' title='bbox 585 4759 833 4821; x_wconf 81' lang='lat' dir='ltr'><strong>excludit,</strong></span> <span class='ocrx_word' id='word_1_662' title='bbox 878 4759 1016 4811; x_wconf 89' lang='lat' dir='ltr'><strong>hunc</strong></span> <span class='ocrx_word' id='word_1_663' title='bbox 1058 4758 1267 4826; x_wconf 91' lang='lat' dir='ltr'><strong>recipit.</strong></span> <span class='ocrx_word' id='word_1_664' title='bbox 1300 4758 1354 4810; x_wconf 90' lang='lat' dir='ltr'><strong>lu</strong></span> <span class='ocrx_word' id='word_1_665' title='bbox 1398 4758 1491 4811; x_wconf 91' lang='lat' dir='ltr'><strong>illo</strong></span> <span class='ocrx_word' id='word_1_666' title='bbox 1524 4758 1621 4812; x_wconf 84' lang='lat' dir='ltr'><strong>fuit</strong></span> <span class='ocrx_word' id='word_1_667' title='bbox 1664 4758 1763 4811; x_wconf 92' lang='lat' dir='ltr'><strong>ista</strong></span> <span class='ocrx_word' id='word_1_668' title='bbox 1807 4759 2155 4813; x_wconf 79' lang='lat' dir='ltr'><strong>excellentior</strong></span> 
     </span>
    </p>
   </div>
   <div class='ocr_carea' id='block_1_91' title="bbox 583 4849 2150 4918">
    <p class='ocr_par' dir='ltr' id='par_1_91' title="bbox 583 4849 2150 4918">
     <span class='ocr_line' id='line_1_91' title="bbox 583 4849 2150 4918; baseline 0.002 -15"><span class='ocrx_word' id='word_1_669' title='bbox 583 4857 847 4915; x_wconf 88' lang='lat' dir='ltr'><strong>creatura,</strong></span> <span class='ocrx_word' id='word_1_670' title='bbox 880 4850 967 4916; x_wconf 89' lang='lat' dir='ltr'><strong>qui</strong></span> <span class='ocrx_word' id='word_1_671' title='bbox 1003 4850 1053 4903; x_wconf 91' lang='lat' dir='ltr'><strong>in</strong></span> <span class='ocrx_word' id='word_1_672' title='bbox 1085 4849 1288 4904; x_wconf 67' lang='lat' dir='ltr'><strong>caelesti</strong></span> <span class='ocrx_word' id='word_1_673' title='bbox 1318 4850 1559 4903; x_wconf 75' lang='lat' dir='ltr'><strong>claritate</strong></span> <span class='ocrx_word' id='word_1_674' title='bbox 1591 4849 1933 4918; x_wconf 71' lang='lat' dir='ltr'><strong>prtefulgens,</strong></span> <span class='ocrx_word' id='word_1_675' title='bbox 1963 4866 2150 4906; x_wconf 88' lang='lat' dir='ltr'><strong>nume-</strong></span> 
     </span>
    </p>
   </div>
   <div class='ocr_carea' id='block_1_92' title="bbox 584 4941 2152 5010">
    <p class='ocr_par' dir='ltr' id='par_1_92' title="bbox 584 4941 2152 5010">
     <span class='ocr_line' id='line_1_92' title="bbox 584 4941 2152 5010; baseline 0.002 -16"><span class='ocrx_word' id='word_1_676' title='bbox 584 4942 658 4994; x_wconf 89' lang='lat' dir='ltr'><strong>ris</strong></span> <span class='ocrx_word' id='word_1_677' title='bbox 688 4941 967 5005; x_wconf 90' lang='lat' dir='ltr'><strong>conscius,</strong></span> <span class='ocrx_word' id='word_1_678' title='bbox 999 4943 1233 4995; x_wconf 90' lang='lat' dir='ltr'><strong>auctoris</strong></span> <span class='ocrx_word' id='word_1_679' title='bbox 1258 4941 1490 5010; x_wconf 90' lang='lat' dir='ltr'><strong>ignarus,</strong></span> <span class='ocrx_word' id='word_1_680' title='bbox 1518 4941 1714 4994; x_wconf 87' lang='lat' dir='ltr'><strong>habere</strong></span> <span class='ocrx_word' id='word_1_681' title='bbox 1743 4956 1800 4995; x_wconf 90' lang='lat' dir='ltr'><strong>se</strong></span> <span class='ocrx_word' id='word_1_682' title='bbox 1829 4942 1974 5007; x_wconf 87' lang='lat' dir='ltr'><strong>vidit,</strong></span> <span class='ocrx_word' id='word_1_683' title='bbox 2001 4958 2152 4997; x_wconf 89' lang='lat' dir='ltr'><strong>acce-</strong></span> 
     </span>
    </p>
   </div>
   <div class='ocr_carea' id='block_1_93' title="bbox 584 5033 2152 5102">
    <p class='ocr_par' dir='ltr' id='par_1_93' title="bbox 584 5033 2152 5102">
     <span class='ocr_line' id='line_1_93' title="bbox 584 5033 2152 5102; baseline 0.001 -15"><span class='ocrx_word' id='word_1_684' title='bbox 584 5035 726 5102; x_wconf 86' lang='lat' dir='ltr'><strong>pisse</strong></span> <span class='ocrx_word' id='word_1_685' title='bbox 756 5034 998 5097; x_wconf 87' lang='lat' dir='ltr'><strong>nescivit,</strong></span> <span class='ocrx_word' id='word_1_686' title='bbox 1028 5042 1081 5087; x_wconf 92' lang='lat' dir='ltr'><strong>et</strong></span> <span class='ocrx_word' id='word_1_687' title='bbox 1114 5033 1235 5087; x_wconf 91' lang='lat' dir='ltr'><strong>ideo</strong></span> <span class='ocrx_word' id='word_1_688' title='bbox 1261 5034 1483 5102; x_wconf 89' lang='lat' dir='ltr'><strong>gloriam</strong></span> <span class='ocrx_word' id='word_1_689' title='bbox 1516 5047 1671 5102; x_wconf 85' lang='lat' dir='ltr'><strong>quam</strong></span> <span class='ocrx_word' id='word_1_690' title='bbox 1714 5034 1904 5090; x_wconf 87' lang='lat' dir='ltr'><strong>beatus</strong></span> <span class='ocrx_word' id='word_1_691' title='bbox 1932 5049 2033 5089; x_wconf 92' lang='lat' dir='ltr'><strong>non</strong></span> <span class='ocrx_word' id='word_1_692' title='bbox 2067 5037 2152 5089; x_wconf 89' lang='lat' dir='ltr'><strong>in-</strong></span> 
     </span>
    </p>
   </div>
   <div class='ocr_carea' id='block_1_94' title="bbox 584 5127 2152 5195">
    <p class='ocr_par' dir='ltr' id='par_1_94' title="bbox 584 5127 2152 5195">
     <span class='ocr_line' id='line_1_94' title="bbox 584 5127 2152 5195; baseline 0.001 -15"><span class='ocrx_word' id='word_1_693' title='bbox 584 5127 808 5189; x_wconf 76' lang='lat' dir='ltr'><strong>tellexit,</strong></span> <span class='ocrx_word' id='word_1_694' title='bbox 858 5128 1029 5181; x_wconf 86' lang='lat' dir='ltr'><strong>elatus</strong></span> <span class='ocrx_word' id='word_1_695' title='bbox 1070 5127 1265 5189; x_wconf 84' lang='lat' dir='ltr'><strong>amisit,</strong></span> <span class='ocrx_word' id='word_1_696' title='bbox 1299 5127 1369 5180; x_wconf 83' lang='lat' dir='ltr'><strong>ita</strong></span> <span class='ocrx_word' id='word_1_697' title='bbox 1422 5127 1606 5181; x_wconf 86' lang='lat' dir='ltr'><strong>dicens</strong></span> <span class='ocrx_word' id='word_1_698' title='bbox 1636 5144 1649 5180; x_wconf 90' lang='lat'><strong>:</strong></span> <span class='ocrx_word' id='word_1_699' title='bbox 1684 5129 1965 5182; x_wconf 82' lang='lat' dir='ltr'><strong>Ascendant</strong></span> <span class='ocrx_word' id='word_1_700' title='bbox 1996 5145 2152 5195; x_wconf 85' lang='lat' dir='ltr'><strong>supra</strong></span> 
     </span>
    </p>
   </div>
   <div class='ocr_carea' id='block_1_95' title="bbox 584 5217 2151 5284">
    <p class='ocr_par' dir='ltr' id='par_1_95' title="bbox 584 5217 2151 5284">
     <span class='ocr_line' id='line_1_95' title="bbox 584 5217 2151 5284; baseline 0.002 -15"><span class='ocrx_word' id='word_1_701' title='bbox 584 5227 727 5269; x_wconf 85' lang='lat' dir='ltr'><strong>astra</strong></span> <span class='ocrx_word' id='word_1_702' title='bbox 757 5218 982 5281; x_wconf 83' lang='lat' dir='ltr'><strong>nubium,</strong></span> <span class='ocrx_word' id='word_1_703' title='bbox 1016 5233 1199 5284; x_wconf 85' lang='lat' dir='ltr'><strong>ponam</strong></span> <span class='ocrx_word' id='word_1_704' title='bbox 1229 5233 1379 5283; x_wconf 85' lang='lat' dir='ltr'><strong>super</strong></span> <span class='ocrx_word' id='word_1_705' title='bbox 1417 5217 1652 5271; x_wconf 80' lang='lat' dir='ltr'><strong>thronum</strong></span> <span class='ocrx_word' id='word_1_706' title='bbox 1677 5219 1861 5271; x_wconf 84' lang='lat' dir='ltr'><strong>solium</strong></span> <span class='ocrx_word' id='word_1_707' title='bbox 1894 5235 2076 5283; x_wconf 88' lang='lat' dir='ltr'><strong>meum,</strong></span> <span class='ocrx_word' id='word_1_708' title='bbox 2104 5230 2151 5272; x_wconf 85' lang='lat' dir='ltr'><strong>et</strong></span> 
     </span>
    </p>
   </div>
   <div class='ocr_carea' id='block_1_96' title="bbox 583 5308 2146 5379">
    <p class='ocr_par' dir='ltr' id='par_1_96' title="bbox 583 5308 2146 5379">
     <span class='ocr_line' id='line_1_96' title="bbox 583 5308 2146 5379; baseline 0 -15"><span class='ocrx_word' id='word_1_709' title='bbox 583 5326 669 5364; x_wconf 82' lang='lat' dir='ltr'><strong>ero</strong></span> <span class='ocrx_word' id='word_1_710' title='bbox 698 5310 877 5363; x_wconf 83' lang='lat' dir='ltr'><strong>similis</strong></span> <span class='ocrx_word' id='word_1_711' title='bbox 900 5310 1181 5376; x_wconf 82' lang='lat' dir='ltr'><strong>Altissimo,</strong></span> <span class='ocrx_word' id='word_1_712' title='bbox 1212 5308 1295 5363; x_wconf 89' lang='lat' dir='ltr'><strong>hic</strong></span> <span class='ocrx_word' id='word_1_713' title='bbox 1315 5324 1439 5379; x_wconf 84' lang='lat' dir='ltr'><strong>ergo</strong></span> <span class='ocrx_word' id='word_1_714' title='bbox 1468 5309 1665 5363; x_wconf 89' lang='lat' dir='ltr'><strong>nullum</strong></span> <span class='ocrx_word' id='word_1_715' title='bbox 1697 5310 1747 5363; x_wconf 89' lang='lat' dir='ltr'><strong>in</strong></span> <span class='ocrx_word' id='word_1_716' title='bbox 1779 5311 2039 5363; x_wconf 83' lang='lat' dir='ltr'><strong>creaturis</strong></span> <span class='ocrx_word' id='word_1_717' title='bbox 2059 5325 2146 5364; x_wconf 84' lang='lat' dir='ltr'><strong>su-</strong></span> 
     </span>
    </p>
   </div>
   <div class='ocr_carea' id='block_1_97' title="bbox 584 5399 2148 5468">
    <p class='ocr_par' dir='ltr' id='par_1_97' title="bbox 584 5399 2148 5468">
     <span class='ocr_line' id='line_1_97' title="bbox 584 5399 2148 5468; baseline 0.003 -17"><span class='ocrx_word' id='word_1_718' title='bbox 584 5400 843 5468; x_wconf 88' lang='lat' dir='ltr'><strong>periorem</strong></span> <span class='ocrx_word' id='word_1_719' title='bbox 866 5413 926 5453; x_wconf 91' lang='lat' dir='ltr'><strong>se</strong></span> <span class='ocrx_word' id='word_1_720' title='bbox 952 5408 1008 5451; x_wconf 91' lang='lat' dir='ltr'><strong>ut</strong></span> <span class='ocrx_word' id='word_1_721' title='bbox 1038 5413 1159 5453; x_wconf 91' lang='lat' dir='ltr'><strong>reor</strong></span> <span class='ocrx_word' id='word_1_722' title='bbox 1186 5399 1385 5466; x_wconf 91' lang='lat' dir='ltr'><strong>habuit,</strong></span> <span class='ocrx_word' id='word_1_723' title='bbox 1428 5399 1626 5454; x_wconf 91' lang='lat' dir='ltr'><strong>nullum</strong></span> <span class='ocrx_word' id='word_1_724' title='bbox 1660 5401 1895 5454; x_wconf 87' lang='lat' dir='ltr'><strong>medium</strong></span> <span class='ocrx_word' id='word_1_725' title='bbox 1929 5400 2071 5455; x_wconf 91' lang='lat' dir='ltr'><strong>inter</strong></span> <span class='ocrx_word' id='word_1_726' title='bbox 2091 5416 2148 5456; x_wconf 90' lang='lat' dir='ltr'><strong>se</strong></span> 
     </span>
    </p>
   </div>
   <div class='ocr_carea' id='block_1_98' title="bbox 581 5490 2151 5562">
    <p class='ocr_par' dir='ltr' id='par_1_98' title="bbox 581 5490 2151 5562">
     <span class='ocr_line' id='line_1_98' title="bbox 581 5490 2151 5562; baseline 0.001 -17"><span class='ocrx_word' id='word_1_727' title='bbox 581 5500 637 5545; x_wconf 91' lang='lat' dir='ltr'><strong>et</strong></span> <span class='ocrx_word' id='word_1_728' title='bbox 668 5492 829 5544; x_wconf 83' lang='lat' dir='ltr'><strong>Deum</strong></span> <span class='ocrx_word' id='word_1_729' title='bbox 852 5491 1001 5554; x_wconf 90' lang='lat' dir='ltr'><strong>vidit,</strong></span> <span class='ocrx_word' id='word_1_730' title='bbox 1032 5490 1083 5544; x_wconf 90' lang='lat' dir='ltr'><strong>in</strong></span> <span class='ocrx_word' id='word_1_731' title='bbox 1106 5492 1256 5559; x_wconf 90' lang='lat' dir='ltr'><strong>cujus</strong></span> <span class='ocrx_word' id='word_1_732' title='bbox 1282 5492 1620 5547; x_wconf 78' lang='lat' dir='ltr'><strong>:emulationc</strong></span> <span class='ocrx_word' id='word_1_733' title='bbox 1646 5493 1913 5562; x_wconf 77' lang='lat' dir='ltr'><strong>superbia:</strong></span> <span class='ocrx_word' id='word_1_734' title='bbox 1934 5494 2151 5548; x_wconf 91' lang='lat' dir='ltr'><strong>stimulo</strong></span> 
     </span>
    </p>
   </div>
   <div class='ocr_carea' id='block_1_99' title="bbox 580 5582 2149 5652">
    <p class='ocr_par' dir='ltr' id='par_1_99' title="bbox 580 5582 2149 5652">
     <span class='ocr_line' id='line_1_99' title="bbox 580 5582 2149 5652; baseline 0.003 -17"><span class='ocrx_word' id='word_1_735' title='bbox 580 5583 876 5636; x_wconf 85' lang='lat' dir='ltr'><strong>concitatus</strong></span> <span class='ocrx_word' id='word_1_736' title='bbox 916 5592 1238 5652; x_wconf 89' lang='lat' dir='ltr'><strong>assurgeret,</strong></span> <span class='ocrx_word' id='word_1_737' title='bbox 1280 5593 1334 5636; x_wconf 84' lang='lat' dir='ltr'><strong>et</strong></span> <span class='ocrx_word' id='word_1_738' title='bbox 1361 5582 1481 5637; x_wconf 77' lang='lat' dir='ltr'><strong>ideo</strong></span> <span class='ocrx_word' id='word_1_739' title='bbox 1512 5584 1714 5637; x_wconf 91' lang='lat' dir='ltr'><strong>nullum</strong></span> <span class='ocrx_word' id='word_1_740' title='bbox 1758 5591 1883 5638; x_wconf 88' lang='lat' dir='ltr'><strong>ante</strong></span> <span class='ocrx_word' id='word_1_741' title='bbox 1921 5598 1979 5638; x_wconf 93' lang='lat' dir='ltr'><strong>se</strong></span> <span class='ocrx_word' id='word_1_742' title='bbox 2008 5594 2149 5639; x_wconf 89' lang='lat' dir='ltr'><strong>stare</strong></span> 
     </span>
    </p>
   </div>
   <div class='ocr_carea' id='block_1_100' title="bbox 580 5672 2150 5743">
    <p class='ocr_par' dir='ltr' id='par_1_100' title="bbox 580 5672 2150 5743">
     <span class='ocr_line' id='line_1_100' title="bbox 580 5672 2150 5743; baseline 0 -16"><span class='ocrx_word' id='word_1_743' title='bbox 580 5674 632 5727; x_wconf 87' lang='lat' dir='ltr'><strong>in</strong></span> <span class='ocrx_word' id='word_1_744' title='bbox 665 5672 850 5727; x_wconf 89' lang='lat' dir='ltr'><strong>ordine</strong></span> <span class='ocrx_word' id='word_1_745' title='bbox 877 5673 1078 5728; x_wconf 75' lang='lat' dir='ltr'><strong>militia:</strong></span> <span class='ocrx_word' id='word_1_746' title='bbox 1109 5675 1345 5729; x_wconf 77' lang='lat' dir='ltr'><strong>cmlcstis</strong></span> <span class='ocrx_word' id='word_1_747' title='bbox 1381 5673 1666 5743; x_wconf 87' lang='lat' dir='ltr'><strong>aspiciens,</strong></span> <span class='ocrx_word' id='word_1_748' title='bbox 1707 5673 1807 5742; x_wconf 86' lang='lat' dir='ltr'><strong>ipsi</strong></span> <span class='ocrx_word' id='word_1_749' title='bbox 1843 5688 2017 5728; x_wconf 91' lang='lat' dir='ltr'><strong>rerum</strong></span> <span class='ocrx_word' id='word_1_750' title='bbox 2048 5673 2150 5727; x_wconf 91' lang='lat' dir='ltr'><strong>Do-</strong></span> 
     </span>
    </p>
   </div>
   <div class='ocr_carea' id='block_1_101' title="bbox 578 5767 2147 5837">
    <p class='ocr_par' dir='ltr' id='par_1_101' title="bbox 578 5767 2147 5837">
     <span class='ocr_line' id='line_1_101' title="bbox 578 5767 2147 5837; baseline 0.004 -20"><span class='ocrx_word' id='word_1_751' title='bbox 578 5767 721 5820; x_wconf 84' lang='lat' dir='ltr'><strong>mino</strong></span> <span class='ocrx_word' id='word_1_752' title='bbox 750 5781 807 5823; x_wconf 82' lang='lat' dir='ltr'><strong>se</strong></span> <span class='ocrx_word' id='word_1_753' title='bbox 851 5783 1057 5835; x_wconf 69' lang='lat' dir='ltr'><strong>a&#39;quare</strong></span> <span class='ocrx_word' id='word_1_754' title='bbox 1088 5768 1444 5837; x_wconf 82' lang='lat' dir='ltr'><strong>pr.esumpsit.</strong></span> <span class='ocrx_word' id='word_1_755' title='bbox 1490 5768 1640 5832; x_wconf 78' lang='lat' dir='ltr'><strong>Quod</strong></span> <span class='ocrx_word' id='word_1_756' title='bbox 1686 5767 1728 5821; x_wconf 89' lang='lat' dir='ltr'><strong>si</strong></span> <span class='ocrx_word' id='word_1_757' title='bbox 1765 5768 1927 5821; x_wconf 88' lang='lat' dir='ltr'><strong>ullum</strong></span> <span class='ocrx_word' id='word_1_758' title='bbox 1969 5771 2147 5823; x_wconf 78' lang='lat' dir='ltr'><strong>cxrel-</strong></span> 
     </span>
    </p>
   </div>
   <div class='ocr_carea' id='block_1_102' title="bbox 2260 4677 3823 4751">
    <p class='ocr_par' dir='ltr' id='par_1_102' title="bbox 2260 4677 3823 4751">
     <span class='ocr_line' id='line_1_102' title="bbox 2260 4677 3823 4751; baseline 0.01 -27"><span class='ocrx_word' id='word_1_759' title='bbox 2260 4681 2502 4727; x_wconf 88' lang='lat' dir='ltr'><strong>sanctum</strong></span> <span class='ocrx_word' id='word_1_760' title='bbox 2534 4677 2798 4743; x_wconf 85' lang='lat' dir='ltr'><strong>propriam</strong></span> <span class='ocrx_word' id='word_1_761' title='bbox 2851 4693 2954 4730; x_wconf 89' lang='lat' dir='ltr'><strong>non</strong></span> <span class='ocrx_word' id='word_1_762' title='bbox 2989 4679 3185 4735; x_wconf 85' lang='lat' dir='ltr'><strong>habere</strong></span> <span class='ocrx_word' id='word_1_763' title='bbox 3214 4698 3527 4751; x_wconf 87' lang='lat' dir='ltr'><strong>personam,</strong></span> <span class='ocrx_word' id='word_1_764' title='bbox 3561 4701 3659 4739; x_wconf 90' lang='lat' dir='ltr'><strong>nec</strong></span> <span class='ocrx_word' id='word_1_765' title='bbox 3700 4687 3823 4739; x_wconf 87' lang='lat' dir='ltr'><strong>ami-</strong></span> 
     </span>
    </p>
   </div>
   <div class='ocr_carea' id='block_1_103' title="bbox 2258 4765 3813 4846">
    <p class='ocr_par' dir='ltr' id='par_1_103' title="bbox 2258 4765 3813 4846">
     <span class='ocr_line' id='line_1_103' title="bbox 2258 4765 3813 4846; baseline 0.007 -28"><span class='ocrx_word' id='word_1_766' title='bbox 2258 4765 2393 4820; x_wconf 87' lang='lat' dir='ltr'><strong>sisse</strong></span> <span class='ocrx_word' id='word_1_767' title='bbox 2427 4776 2476 4821; x_wconf 89' lang='lat' dir='ltr'><strong>te</strong></span> <span class='ocrx_word' id='word_1_768' title='bbox 2507 4768 2675 4824; x_wconf 88' lang='lat' dir='ltr'><strong>sentis</strong></span> <span class='ocrx_word' id='word_1_769' title='bbox 2700 4771 3113 4839; x_wconf 81' lang='lat' dir='ltr'><strong>regenerationis</strong></span> <span class='ocrx_word' id='word_1_770' title='bbox 3142 4775 3386 4842; x_wconf 86' lang='lat' dir='ltr'><strong>gratiam,</strong></span> <span class='ocrx_word' id='word_1_771' title='bbox 3419 4777 3505 4844; x_wconf 89' lang='lat' dir='ltr'><strong>qui</strong></span> <span class='ocrx_word' id='word_1_772' title='bbox 3533 4778 3581 4829; x_wconf 91' lang='lat' dir='ltr'><strong>in</strong></span> <span class='ocrx_word' id='word_1_773' title='bbox 3613 4792 3813 4846; x_wconf 88' lang='lat' dir='ltr'><strong>regene-</strong></span> 
     </span>
    </p>
   </div>
   <div class='ocr_carea' id='block_1_104' title="bbox 2256 4859 3825 4932">
    <p class='ocr_par' dir='ltr' id='par_1_104' title="bbox 2256 4859 3825 4932">
     <span class='ocr_line' id='line_1_104' title="bbox 2256 4859 3825 4932; baseline 0.006 -21"><span class='ocrx_word' id='word_1_774' title='bbox 2256 4859 2479 4911; x_wconf 88' lang='lat' dir='ltr'><strong>rationis</strong></span> <span class='ocrx_word' id='word_1_775' title='bbox 2510 4859 2686 4914; x_wconf 89' lang='lat' dir='ltr'><strong>tendis</strong></span> <span class='ocrx_word' id='word_1_776' title='bbox 2714 4862 2993 4930; x_wconf 79' lang='lat' dir='ltr'><strong>offensam,</strong></span> <span class='ocrx_word' id='word_1_777' title='bbox 3020 4880 3176 4932; x_wconf 90' lang='lat' dir='ltr'><strong>quem</strong></span> <span class='ocrx_word' id='word_1_778' title='bbox 3200 4867 3301 4920; x_wconf 84' lang='lat' dir='ltr'><strong>sibi</strong></span> <span class='ocrx_word' id='word_1_779' title='bbox 3332 4869 3381 4919; x_wconf 88' lang='lat' dir='ltr'><strong>iu</strong></span> <span class='ocrx_word' id='word_1_780' title='bbox 3407 4879 3691 4923; x_wconf 79' lang='lat' dir='ltr'><strong>commune</strong></span> <span class='ocrx_word' id='word_1_781' title='bbox 3719 4887 3825 4922; x_wconf 83' lang='lat' dir='ltr'><strong>tua-</strong></span> 
     </span>
    </p>
   </div>
   <div class='ocr_carea' id='block_1_105' title="bbox 2258 4948 3825 5027">
    <p class='ocr_par' dir='ltr' id='par_1_105' title="bbox 2258 4948 3825 5027">
     <span class='ocr_line' id='line_1_105' title="bbox 2258 4948 3825 5027; baseline 0.009 -27"><span class='ocrx_word' id='word_1_782' title='bbox 2258 4948 2465 5016; x_wconf 88' lang='lat' dir='ltr'><strong>jestatis</strong></span> <span class='ocrx_word' id='word_1_783' title='bbox 2493 4960 2543 5002; x_wconf 87' lang='lat' dir='ltr'><strong>et</strong></span> <span class='ocrx_word' id='word_1_784' title='bbox 2578 4952 2790 5005; x_wconf 84' lang='lat' dir='ltr'><strong>virtutis</strong></span> <span class='ocrx_word' id='word_1_785' title='bbox 2823 4956 3028 5008; x_wconf 91' lang='lat' dir='ltr'><strong>unitum</strong></span> <span class='ocrx_word' id='word_1_786' title='bbox 3071 4957 3246 5011; x_wconf 89' lang='lat' dir='ltr'><strong>divina</strong></span> <span class='ocrx_word' id='word_1_787' title='bbox 3271 4959 3466 5012; x_wconf 86' lang='lat' dir='ltr'><strong>veritas</strong></span> <span class='ocrx_word' id='word_1_788' title='bbox 3511 4972 3825 5027; x_wconf 72' lang='lat' dir='ltr'><strong>protestalttr</strong></span> 
     </span>
    </p>
   </div>
   <div class='ocr_carea' id='block_1_106' title="bbox 2262 5040 3826 5120">
    <p class='ocr_par' dir='ltr' id='par_1_106' title="bbox 2262 5040 3826 5120">
     <span class='ocr_line' id='line_1_106' title="bbox 2262 5040 3826 5120; baseline 0.008 -27"><span class='ocrx_word' id='word_1_789' title='bbox 2262 5040 2332 5094; x_wconf 87' lang='lat' dir='ltr'><strong>ita</strong></span> <span class='ocrx_word' id='word_1_790' title='bbox 2366 5041 2555 5096; x_wconf 89' lang='lat' dir='ltr'><strong>dicens</strong></span> <span class='ocrx_word' id='word_1_791' title='bbox 2584 5060 2595 5095; x_wconf 91' lang='lat'>:</span> <span class='ocrx_word' id='word_1_792' title='bbox 2623 5041 2724 5106; x_wconf 87' lang='lat' dir='ltr'><strong>Ile,</strong></span> <span class='ocrx_word' id='word_1_793' title='bbox 2749 5044 2938 5114; x_wconf 89' lang='lat' dir='ltr'><strong>inquit,</strong></span> <span class='ocrx_word' id='word_1_794' title='bbox 2972 5047 3221 5115; x_wconf 82' lang='lat' dir='ltr'><strong>baptizate</strong></span> <span class='ocrx_word' id='word_1_795' title='bbox 3254 5066 3425 5105; x_wconf 86' lang='lat' dir='ltr'><strong>omnes</strong></span> <span class='ocrx_word' id='word_1_796' title='bbox 3463 5062 3633 5120; x_wconf 83' lang='lat' dir='ltr'><strong>gentes</strong></span> <span class='ocrx_word' id='word_1_797' title='bbox 3665 5056 3714 5106; x_wconf 90' lang='lat' dir='ltr'><strong>in</strong></span> <span class='ocrx_word' id='word_1_798' title='bbox 3744 5071 3826 5105; x_wconf 86' lang='lat' dir='ltr'><strong>no-</strong></span> 
     </span>
    </p>
   </div>
   <div class='ocr_carea' id='block_1_107' title="bbox 2261 5130 3826 5207">
    <p class='ocr_par' dir='ltr' id='par_1_107' title="bbox 2261 5130 3826 5207">
     <span class='ocr_line' id='line_1_107' title="bbox 2261 5130 3826 5207; baseline 0.006 -25"><span class='ocrx_word' id='word_1_799' title='bbox 2261 5131 2397 5184; x_wconf 86' lang='lat' dir='ltr'><strong>mine</strong></span> <span class='ocrx_word' id='word_1_800' title='bbox 2427 5130 2602 5187; x_wconf 84' lang='lat' dir='ltr'><strong>Patris</strong></span> <span class='ocrx_word' id='word_1_801' title='bbox 2632 5143 2679 5187; x_wconf 86' lang='lat' dir='ltr'><strong>et</strong></span> <span class='ocrx_word' id='word_1_802' title='bbox 2712 5133 2834 5188; x_wconf 85' lang='lat' dir='ltr'><strong>Filii</strong></span> <span class='ocrx_word' id='word_1_803' title='bbox 2858 5146 2903 5188; x_wconf 87' lang='lat' dir='ltr'><strong>et</strong></span> <span class='ocrx_word' id='word_1_804' title='bbox 2936 5136 3160 5207; x_wconf 85' lang='lat' dir='ltr'><strong>Spiritus</strong></span> <span class='ocrx_word' id='word_1_805' title='bbox 3189 5141 3369 5195; x_wconf 82' lang='lat' dir='ltr'><strong>sancti.</strong></span> <span class='ocrx_word' id='word_1_806' title='bbox 3406 5140 3469 5194; x_wconf 87' lang='lat' dir='ltr'><strong>In</strong></span> <span class='ocrx_word' id='word_1_807' title='bbox 3498 5144 3715 5206; x_wconf 69' lang='lat' dir='ltr'><strong>nomine,</strong></span> <span class='ocrx_word' id='word_1_808' title='bbox 3749 5144 3826 5196; x_wconf 85' lang='lat' dir='ltr'><strong>in-</strong></span> 
     </span>
    </p>
   </div>
   <div class='ocr_carea' id='block_1_108' title="bbox 2257 5223 3825 5302">
    <p class='ocr_par' dir='ltr' id='par_1_108' title="bbox 2257 5223 3825 5302">
     <span class='ocr_line' id='line_1_108' title="bbox 2257 5223 3825 5302; baseline 0.007 -28"><span class='ocrx_word' id='word_1_809' title='bbox 2257 5224 2395 5291; x_wconf 86' lang='lat' dir='ltr'><strong>quit,</strong></span> <span class='ocrx_word' id='word_1_810' title='bbox 2432 5223 2605 5279; x_wconf 87' lang='lat' dir='ltr'><strong>Patris</strong></span> <span class='ocrx_word' id='word_1_811' title='bbox 2640 5236 2685 5278; x_wconf 89' lang='lat' dir='ltr'><strong>et</strong></span> <span class='ocrx_word' id='word_1_812' title='bbox 2728 5225 2855 5281; x_wconf 85' lang='lat' dir='ltr'><strong>Filii</strong></span> <span class='ocrx_word' id='word_1_813' title='bbox 2888 5238 2935 5282; x_wconf 90' lang='lat' dir='ltr'><strong>et</strong></span> <span class='ocrx_word' id='word_1_814' title='bbox 2978 5229 3204 5297; x_wconf 84' lang='lat' dir='ltr'><strong>Spiritus</strong></span> <span class='ocrx_word' id='word_1_815' title='bbox 3251 5234 3415 5286; x_wconf 84' lang='lat' dir='ltr'><strong>sancti</strong></span> <span class='ocrx_word' id='word_1_816' title='bbox 3452 5232 3669 5302; x_wconf 79' lang='lat' dir='ltr'><strong>(Matth.</strong></span> <span class='ocrx_word' id='word_1_817' title='bbox 3709 5232 3825 5293; x_wconf 82' lang='lat' dir='ltr'><strong>ult.)</strong></span> 
     </span>
    </p>
   </div>
   <div class='ocr_carea' id='block_1_109' title="bbox 2260 5311 3823 5392">
    <p class='ocr_par' dir='ltr' id='par_1_109' title="bbox 2260 5311 3823 5392">
     <span class='ocr_line' id='line_1_109' title="bbox 2260 5311 3823 5392; baseline 0.008 -27"><span class='ocrx_word' id='word_1_818' title='bbox 2260 5311 2501 5367; x_wconf 90' lang='lat' dir='ltr'><strong>Nominis</strong></span> <span class='ocrx_word' id='word_1_819' title='bbox 2532 5315 2873 5384; x_wconf 88' lang='lat' dir='ltr'><strong>singularitas</strong></span> <span class='ocrx_word' id='word_1_820' title='bbox 2915 5320 3170 5374; x_wconf 89' lang='lat' dir='ltr'><strong>unitatem</strong></span> <span class='ocrx_word' id='word_1_821' title='bbox 3207 5322 3467 5389; x_wconf 61' lang='lat' dir='ltr'><strong>loluitur,</strong></span> <span class='ocrx_word' id='word_1_822' title='bbox 3514 5325 3823 5392; x_wconf 88' lang='lat' dir='ltr'><strong>appellatio-</strong></span> 
     </span>
    </p>
   </div>
   <div class='ocr_carea' id='block_1_110' title="bbox 2258 5407 3820 5485">
    <p class='ocr_par' dir='ltr' id='par_1_110' title="bbox 2258 5407 3820 5485">
     <span class='ocr_line' id='line_1_110' title="bbox 2258 5407 3820 5485; baseline 0.008 -27"><span class='ocrx_word' id='word_1_823' title='bbox 2258 5422 2379 5458; x_wconf 88' lang='lat' dir='ltr'><strong>num</strong></span> <span class='ocrx_word' id='word_1_824' title='bbox 2435 5407 2715 5467; x_wconf 82' lang='lat' dir='ltr'><strong>diversitas</strong></span> <span class='ocrx_word' id='word_1_825' title='bbox 2763 5410 3096 5467; x_wconf 85' lang='lat' dir='ltr'><strong>Trinitatem.</strong></span> <span class='ocrx_word' id='word_1_826' title='bbox 3129 5412 3185 5468; x_wconf 84' lang='lat' dir='ltr'><strong>In</strong></span> <span class='ocrx_word' id='word_1_827' title='bbox 3214 5415 3433 5470; x_wconf 86' lang='lat' dir='ltr'><strong>nomine</strong></span> <span class='ocrx_word' id='word_1_828' title='bbox 3477 5430 3604 5485; x_wconf 87' lang='lat' dir='ltr'><strong>ergo</strong></span> <span class='ocrx_word' id='word_1_829' title='bbox 3656 5432 3820 5477; x_wconf 62' lang='lat' dir='ltr'><strong>unus.</strong></span> 
     </span>
    </p>
   </div>
   <div class='ocr_carea' id='block_1_111' title="bbox 2251 5497 3825 5574">
    <p class='ocr_par' dir='ltr' id='par_1_111' title="bbox 2251 5497 3825 5574">
     <span class='ocr_line' id='line_1_111' title="bbox 2251 5497 3825 5574; baseline 0.004 -23"><span class='ocrx_word' id='word_1_830' title='bbox 2251 5497 2343 5553; x_wconf 89' lang='lat' dir='ltr'><strong>sed</strong></span> <span class='ocrx_word' id='word_1_831' title='bbox 2388 5500 2439 5551; x_wconf 91' lang='lat' dir='ltr'><strong>in</strong></span> <span class='ocrx_word' id='word_1_832' title='bbox 2468 5514 2813 5567; x_wconf 86' lang='lat' dir='ltr'><strong>personarum</strong></span> <span class='ocrx_word' id='word_1_833' title='bbox 2852 5502 3211 5574; x_wconf 89' lang='lat' dir='ltr'><strong>distinctione,</strong></span> <span class='ocrx_word' id='word_1_834' title='bbox 3247 5521 3350 5559; x_wconf 92' lang='lat' dir='ltr'><strong>non</strong></span> <span class='ocrx_word' id='word_1_835' title='bbox 3379 5521 3535 5560; x_wconf 91' lang='lat' dir='ltr'><strong>unus.</strong></span> <span class='ocrx_word' id='word_1_836' title='bbox 3576 5506 3713 5574; x_wconf 81' lang='lat' dir='ltr'><strong>Quid</strong></span> <span class='ocrx_word' id='word_1_837' title='bbox 3744 5516 3825 5559; x_wconf 89' lang='lat' dir='ltr'><strong>est</strong></span> 
     </span>
    </p>
   </div>
   <div class='ocr_carea' id='block_1_112' title="bbox 2254 5588 3822 5665">
    <p class='ocr_par' dir='ltr' id='par_1_112' title="bbox 2254 5588 3822 5665">
     <span class='ocr_line' id='line_1_112' title="bbox 2254 5588 3822 5665; baseline 0.006 -23"><span class='ocrx_word' id='word_1_838' title='bbox 2254 5588 2304 5643; x_wconf 92' lang='lat' dir='ltr'><strong>in</strong></span> <span class='ocrx_word' id='word_1_839' title='bbox 2328 5590 2499 5645; x_wconf 90' lang='lat' dir='ltr'><strong>tribus</strong></span> <span class='ocrx_word' id='word_1_840' title='bbox 2522 5592 2677 5646; x_wconf 90' lang='lat' dir='ltr'><strong>unius</strong></span> <span class='ocrx_word' id='word_1_841' title='bbox 2706 5594 2938 5647; x_wconf 91' lang='lat' dir='ltr'><strong>nominis</strong></span> <span class='ocrx_word' id='word_1_842' title='bbox 2965 5598 3334 5665; x_wconf 71' lang='lat' dir='ltr'><strong>prmrogativa,</strong></span> <span class='ocrx_word' id='word_1_843' title='bbox 3369 5597 3473 5651; x_wconf 84' lang='lat' dir='ltr'><strong>nisi</strong></span> <span class='ocrx_word' id='word_1_844' title='bbox 3503 5596 3718 5652; x_wconf 87' lang='lat' dir='ltr'><strong>deitatis</strong></span> <span class='ocrx_word' id='word_1_845' title='bbox 3742 5600 3822 5650; x_wconf 83' lang='lat' dir='ltr'><strong>in-</strong></span> 
     </span>
    </p>
   </div>
   <div class='ocr_carea' id='block_1_113' title="bbox 2248 5676 3826 5756">
    <p class='ocr_par' dir='ltr' id='par_1_113' title="bbox 2248 5676 3826 5756">
     <span class='ocr_line' id='line_1_113' title="bbox 2248 5676 3826 5756; baseline 0.006 -25"><span class='ocrx_word' id='word_1_846' title='bbox 2248 5676 2481 5732; x_wconf 85' lang='lat' dir='ltr'><strong>discreta</strong></span> <span class='ocrx_word' id='word_1_847' title='bbox 2511 5681 2793 5736; x_wconf 90' lang='lat' dir='ltr'><strong>concordia</strong></span> <span class='ocrx_word' id='word_1_848' title='bbox 2824 5701 2833 5735; x_wconf 94' lang='lat'>:</span> <span class='ocrx_word' id='word_1_849' title='bbox 2863 5683 2941 5737; x_wconf 86' lang='lat' dir='ltr'><strong>fac</strong></span> <span class='ocrx_word' id='word_1_850' title='bbox 2970 5685 3189 5753; x_wconf 88' lang='lat' dir='ltr'><strong>gradum</strong></span> <span class='ocrx_word' id='word_1_851' title='bbox 3217 5687 3258 5740; x_wconf 79' lang='lat' dir='ltr'><strong>si</strong></span> <span class='ocrx_word' id='word_1_852' title='bbox 3290 5696 3469 5756; x_wconf 73' lang='lat' dir='ltr'><strong>potes,</strong></span> <span class='ocrx_word' id='word_1_853' title='bbox 3511 5688 3597 5740; x_wconf 92' lang='lat' dir='ltr'><strong>ubi</strong></span> <span class='ocrx_word' id='word_1_854' title='bbox 3631 5699 3826 5754; x_wconf 73' lang='lat' dir='ltr'><strong>pra-ter</strong></span> 
     </span>
    </p>
   </div>
   <div class='ocr_carea' id='block_1_114' title="bbox 2254 5770 3826 5841">
    <p class='ocr_par' dir='ltr' id='par_1_114' title="bbox 2254 5770 3826 5841">
     <span class='ocr_line' id='line_1_114' title="bbox 2254 5770 3826 5841; baseline 0.004 -18"><span class='ocrx_word' id='word_1_855' title='bbox 2254 5784 2413 5823; x_wconf 90' lang='lat' dir='ltr'><strong>unum</strong></span> <span class='ocrx_word' id='word_1_856' title='bbox 2446 5770 2552 5825; x_wconf 89' lang='lat' dir='ltr'><strong>Deo</strong></span> <span class='ocrx_word' id='word_1_857' title='bbox 2583 5771 2683 5827; x_wconf 93' lang='lat' dir='ltr'><strong>hoc</strong></span> <span class='ocrx_word' id='word_1_858' title='bbox 2715 5772 2888 5841; x_wconf 64' lang='lat' dir='ltr'><strong>ipsum</strong></span> <span class='ocrx_word' id='word_1_859' title='bbox 2939 5784 3224 5831; x_wconf 80' lang='lat' dir='ltr'><strong>attestante</strong></span> <span class='ocrx_word' id='word_1_860' title='bbox 3276 5776 3657 5831; x_wconf 84' lang='lat' dir='ltr'><strong>nihil-invenis.</strong></span> <span class='ocrx_word' id='word_1_861' title='bbox 3692 5779 3826 5832; x_wconf 83' lang='lat' dir='ltr'><strong>Tres</strong></span> 
     </span>
    </p>
   </div>
  </div>
