3990 6390
128 394 191 449 ὶ9
1271 389 1355 444 DE
1392 387 1654 444 SPiRITU
1694 386 1957 443 SANC'I'O
1996 388 2121 442 LIB.
2166 390 2226 445 11.
3309 393 3383 448 50

129 505 305 569 audis,
324 517 389 557 ne
414 504 668 556 unitatem
699 501 993 557 Sabelliana
1024 501 1347 569 permisceat
1375 509 1429 555 et
1467 498 1689 553 confun-
1721 502 1772 559 Α
1800 500 2001 555 Esurivi
2026 505 2179 567 enim,
2200 513 2251 558 et
2276 503 2485 557 dedistis
2508 504 2631 557 mihi
2657 504 2985 559 manducare.
3014 504 3191 575 Sitivi,
3211 518 3257 560 et
3287 512 3378 562 de-

129 599 218 652 dat
251 596 516 665 impietas.
564 594 731 648 Unum
791 594 963 658 audis,
1013 608 1078 646 ne
1127 592 1440 644 Trinitatem
1492 590 1696 642 dividat

129 690 317 744 Ariana
341 686 678 756 perversitas.
708 683 961 752 Spiritum
980 692 1219 735 sanctum
1252 682 1496 743 audis,ut
1521 681 1701 733 Mace-

130 778 343 832 donium
367 776 635 829 confodiat
664 775 895 827 distincti
925 773 1153 826 nominis
1177 784 1429 839 expressa
1461 770 1700 837 proprie-

132 880 227 923 tas.
251 859 429 935 Itaque
449 882 553 920 non
577 882 665 919 cre
684 877 851 929 ,ιω-ιιι,
878 864 969 919 setl
985 864 1241 918 creatoris
1264 862 1700 916 incommutabile

132 980 261 1030 opus
302 965 474 1031 agitur
500 1001 515 1025 ,
547 960 634 1013 ubi
668 971 1003 1029 peccaturum
1051 956 1272 1010 abolitio
1301 966 1353 1009 et
1400 956 1704 1008 immunitas

132 1062 396 1123 erogatur.
435 1053 489 1106 In
524 1051 622 1104 hoc
652 1060 826 1105 tamen
859 1046 1220 1101 indissecabili
1249 1044 1544 1113 ntajestatis
1587 1059 1701 1095 am-

136 1143 319 1211 plexu,
352 1143 404 1195 in
432 1141 756 1210 preprietate
806 1153 1042 1206 personze
1072 1136 1208 1190 alter
1233 1145 1314 1189 est
1358 1134 1545 1197 Pater,
1573 1134 1705 1186 alter

134 1244 210 1285 est
250 1232 438 1296 Filius,
470 1232 605 1283 alter
633 1240 711 1283 est
739 1228 967 1298 Spiritus
1006 1236 1244 1291 sanctus,
1277 1224 1369 1280 sed
1420 1227 1472 1278 in
1505 1224 1705 1277 unitate

136 1340 239 1377 non
266 1323 429 1377 aliud.
463 1323 560 1387 Qui
593 1323 771 1391 utique
802 1322 846 1373 si
887 1321 1025 1374 Deus
1068 1336 1174 1375 non
1202 1329 1369 1387 esset,
1412 1318 1563 1387 juxta
1601 1318 1703 1370 Pa-

138 1425 271 1468 trem
302 1424 351 1468 et
378 1414 567 1467 Filium
597 1425 878 1481 personam
914 1412 1181 1479 propriam
1211 1410 1412 1464 habere
1454 1425 1557 1462 non
1586 1422 1705 1476 pos-

136 1513 243 1568 set;
276 1505 503 1573 denique
528 1505 739 1572 quando
784 1503 1016 1556 Verbum
1065 1502 1251 1555 transit
1282 1502 1335 1555 in
1367 1516 1585 1555 carnem
1610 1540 1625 1566 ,
1652 1509 1707 1555 et

141 1595 616 1649 hominishabitum
635 1595 773 1648 Deus
799 1594 1049 1655 induit,et
1073 1594 1115 1646 si
1135 1592 1184 1645 in
1213 1592 1440 1647 circuitu
1474 1592 1588 1660 ejus
1621 1600 1703 1644 ta-

141 1686 483 1739 bernaculum
498 1688 627 1753 ejus,
654 1695 703 1739 et
725 1684 1060 1753 splendorem
1081 1698 1231 1737 suum
1256 1683 1491 1738 tenebris
1509 1692 1705 1737 nostra:

141 1776 438 1845 fragilitatis
457 1776 694 1840 involvit,
718 1786 773 1830 et
794 1777 941 1842 ponit
959 1775 1202 1830 tenebras
1223 1774 1497 1829 latibulum
1524 1789 1701 1840 suum,

139 1865 230 1918 Dei
258 1865 466 1933 quidem
495 1875 545 1919 et
577 1866 805 1919 hominis
828 1866 1018 1933 duplex
1041 1865 1333 1919 substantia
1365 1876 1469 1930 est,
1503 1865 1597 1918 sed
1630 1874 1707 1917 ta-
1736 1849 1781 1908 Β

141 1970 259 2009 men
289 1971 387 2008 una
417 1971 661 2024 persona.
693 1956 861 2022 Quam
886 1955 957 2009 ob
986 1955 1136 2010 rem?
1160 1956 1292 2022 Quia
1323 1955 1449 2008 dum
1482 1954 1705 2008 formam

144 2048 277 2102 servi
299 2048 589 2117 accipiens,
614 2048 809 2102 famulo
836 2048 976 2102 Deus
996 2048 1255 2118 jungitur,
1284 2048 1506 2102 minoris
1538 2048 1709 2101 burni-

140 2139 257 2193 litas
284 2141 418 2193 intra
451 2144 805 2196 reverentiam
840 2144 1054 2211 majoris
1080 2143 1444 2207 absconditur,
1477 2154 1527 2197 et
1551 2156 1709 2211 supe-

137 2230 295 2283 rioris
318 2230 518 2286 lumine
547 2234 799 2287 esinaniti
830 2235 1178 2299 consumitur,
1208 2249 1271 2288 ae
1300 2236 1375 2288 sic
1405 2234 1705 2303 proprie'a-

137 2331 242 2375 tem
278 2338 518 2390 personae
565 2322 869 2379 humanitas
915 2326 1189 2379 divinitate
1231 2326 1585 2380 obumbrante
1626 2326 1707 2380 vel

136 2416 410 2467 eminente
456 2429 560 2468 non
590 2416 815 2469 obtine'.
842 2415 915 2467 lbi
962 2431 1087 2485 ergo
1117 2424 1292 2484 potest
1318 2430 1436 2470 esse
1459 2430 1711 2484 persona-

134 2519 259 2557 rum
293 2504 552 2572 parilitas,
585 2506 673 2557 ubi
700 2506 1007 2558 meritorum
1031 2521 1092 2558 ac
1119 2506 1437 2572 dignitatum
1468 2506 1715 2559 consistit

135 2593 440 2660 aequalitas.
488 2594 553 2646 Et
594 2594 713 2647 ideo
752 2595 1005 2661 Spiritum
1058 2607 1299 2648 sanctum
1332 2611 1449 2649 cum
1483 2595 1639 2647 Patre
1663 2604 1715 2648 et

133 2682 305 2749 Filio,
334 2699 492 2736 unum
518 2684 809 2752 majestatis
834 2685 1044 2738 noveris
1062 2664 1335 2753 possidere
1356 2686 1713 2753 privilegium,

134 2788 299 2841 quem
333 2788 575 2843 persona:
607 2775 755 2828 vides
779 2776 1027 2829 obtinere
1049 2777 1137 2844 jus
1167 2777 1458 2845 pr0prium.
1491 2779 1641 2844 Quod
1670 2779 1713 2831 si

133 2866 332 2933 aliquis
376 2875 608 2934 Opponat
635 2876 689 2920 et
718 2866 861 2921 dicat
891 2885 904 2920 :
936 2867 991 2922 Si
1025 2870 1075 2921 in
1105 2869 1317 2922 Christo
1371 2869 1480 2923 Deo
1512 2872 1714 2936 pariter

135 2965 193 3010 et
220 2956 438 3011 homine
467 2958 598 3010 duas
628 2957 954 3012 substantias
985 2960 1234 3024 dicimus,
1266 2975 1429 3029 quare
1453 2976 1554 3015 non
1579 2962 1711 3015 duas

134 3049 301 3102 simili
327 3050 531 3103 ratione
560 3049 841 3103 credamus
869 3052 1167 3119 personas?
1195 3050 1309 3104 Non
1335 3052 1402 3104 ita
1432 3062 1531 3106 est.
1578 3051 1709 3105 Nam

135 3142 224 3210 qtti
250 3142 384 3194 duas
428 3155 680 3209 personas
715 3142 765 3194 in
799 3142 1012 3197 Christo
1039 3142 1191 3212 facit,
1224 3143 1546 3214 impietatem
1576 3160 1707 3214 qua-

138 3234 412 3287 ternitatis
434 3234 737 3300 introducit,
766 3249 923 3303 quam
951 3235 1160 3304 penitus
1186 3252 1362 3290 rerum
1396 3241 1584 3291 natura
1608 3252 1712 3291 non

136 3324 355 3393 recipit.
388 3324 459 3378 De
482 3324 705 3385 duabus
730 3326 1076 3381 rationalibus
1117 3328 1447 3397 diversisque
1476 3330 1716 3385 substan-

138 3417 259 3479 tiis,
323 3415 614 3483 praesertim
642 3417 710 3471 de
742 3417 831 3472 Dei
863 3426 917 3472 et
960 3417 1223 3483 hominis,
1256 3420 1325 3473 de
1374 3421 1633 3475 creatoris
1662 3429 1718 3476 et

135 3519 402 3562 creaturae
433 3524 534 3561 una
559 3509 670 3563 fieri
703 3524 808 3563 non
840 3520 1034 3579 potest,
1060 3512 1126 3565 de
1149 3511 1352 3565 duabus
1376 3527 1502 3567 vero
1534 3527 1717 3581 perso-

135 3601 239 3664 nis,
275 3614 382 3652 una
413 3600 525 3653 fieri
561 3610 760 3668 potest,
811 3602 947 3655 sicut
976 3602 1197 3673 legimus
1223 3614 1377 3671 caput
1410 3613 1463 3660 et
1484 3620 1677 3673 corpus
1697 3647 1712 3673 ,

134 3690 415 3745 Christum
446 3702 493 3744 et
523 3692 809 3747 Ecclesiam
830 3709 984 3747 unam
1008 3705 1187 3750 tenere
1221 3711 1528 3765 personam.
1550 3698 1715 3752 Erunt

133 3781 293 3845 enim,
349 3780 537 3849 inquit,
572 3784 674 3835 duo
723 3783 775 3835 in
804 3800 955 3837 carne
993 3801 1112 3839 una.
1150 3786 1215 3840 Et
1245 3789 1380 3841 sicut
1433 3789 1570 3857 apud
1618 3804 1715 3843 nos

134 3870 392 3925 homines
420 3870 581 3924 Filius
610 3873 778 3927 Patris
808 3873 1034 3929 familias
1058 3876 1211 3945 juxta
1242 3876 1453 3932 Patrem
1496 3880 1579 3933 vel
1603 3896 1717 3935 ser-

133 3961 403 4029 vusjuxta
436 3964 740 4028 Dominum,
764 3981 1005 4033 personze
1030 3972 1256 4038 propria:
1285 3970 1458 4023 locum
1490 3985 1594 4025 non
1622 3973 1716 4026 ha-

132 4052 249 4114 bet,
278 4053 353 4106 ita
384 4053 434 4107 in
459 4054 566 4109 Deo
591 4064 644 4108 et
666 4056 899 4120 homine,
924 4060 1135 4127 gemina
1157 4060 1371 4129 quidem
1397 4062 1714 4127 substantia,

129 4142 233 4197 sed
259 4157 371 4195 non
399 4147 605 4211 gemina
637 4162 860 4214 persona
888 4160 990 4214 est,
1016 4153 1138 4217 quia
1180 4168 1401 4219 persona
1433 4168 1715 4221 personam

126 4248 464 4288 consumere
495 4246 687 4303 potest,
719 4238 1011 4291 substantia
1035 4255 1163 4294 vero
1210 4244 1559 4295 substantiam
1594 4260 1721 4297 con-

127 4337 362 4378 sumere
393 4338 496 4374 non
530 4334 723 4391 potest.
749 4326 803 4379 Si
832 4328 1041 4393 quidem
1075 4344 1303 4397 persona
1339 4346 1423 4385 res
1448 4333 1584 4399 juris
1615 4343 1717 4399 est,

129 4417 446 4474 substantia
476 4432 561 4470 res
585 4426 807 4471 naturae.
835 4419 944 4473 Hoc
966 4420 1084 4475 loco
1108 4424 1467 4477 necessarium
1491 4425 1717 4491 videtur,

130 4519 189 4563 ut
214 4511 268 4562 in
295 4506 514 4561 Christo
544 4506 769 4563 Domino
798 4511 997 4578 pariter
1021 4520 1073 4566 et
1099 4513 1329 4566 hominis
1352 4530 1508 4567 unam
1536 4530 1720 4583 perso-

132 4617 285 4665 nant,
320 4608 377 4653 et
402 4601 533 4655 duas
569 4602 891 4658 substantias
939 4607 1260 4661 testimoniis
1290 4622 1608 4664 asseramus.
1642 4610 1717 4664 Da

132 4707 297 4745 unam
331 4692 685 4761 redemptoris
720 4695 811 4749 Dei
856 4696 1192 4765 hominisque
1236 4713 1537 4767 personam.
1574 4702 1717 4770 Apo-

133 4786 311 4839 stolus
359 4784 489 4839 dicit
523 4803 534 4839 :
581 4786 641 4839 Si
674 4788 809 4840 enim
840 4790 1183 4857 cognovissent
1233 4793 1533 4860 sapientiam
1586 4793 1718 4857 Dei,

135 4891 410 4944 nunquam
462 4875 732 4929 Damnum
759 4880 935 4947 gloria:
962 4882 1350 4947 cruciﬁxissent.
1394 4885 1446 4939 Si
1489 4884 1721 4953 requiris

134 4967 416 5036 quomodo
440 4967 762 5023 inviolabilis
810 4973 1037 5037 potuerit
1069 4976 1197 5042 pati,
1228 4984 1280 5028 et
1308 4978 1717 5045 incomprehen-

136 5059 312 5112 sibilis
342 5058 601 5127 cruciﬁgi,
631 5075 874 5127 persona:
905 5064 1078 5117 unitas
1120 5065 1265 5127 facit,
1300 5077 1353 5117 nt
1386 5067 1525 5134 quod
1560 5068 1718 5120 homo

139 5151 382 5217 pertulit,
422 5150 561 5204 Deus
587 5152 867 5219 pertulisse
893 5154 1158 5207 credatur.
1186 5155 1311 5208 Item
1340 5172 1457 5208 cum
1496 5172 1719 5223 evange-

137 5242 259 5295 [ista
293 5252 724 5296 commemorat:
760 5241 926 5295 Nemo
954 5246 1177 5297 ascendit
1208 5248 1304 5299 nisi
1349 5247 1435 5315 qui
1463 5248 1719 5300 descendit

135 5335 199 5388 de
227 5335 381 5397 cielo,
411 5334 551 5401 [ilius
588 5335 825 5402 hominis,
850 5338 937 5406 qui
962 5347 1036 5390 est
1060 5338 1112 5391 in
1152 5315 1316 5392 mlo."
1342 5340 1610 5409 quomodo
1636 5339 1721 5394 hic

138 5425 307 5478 hlium
341 5424 581 5477 hominis
605 5436 728 5481 ante
772 5427 1035 5494 passionis
1062 5428 1142 5481 vel
1175 5430 1581 5483 resurrectionis
1606 5431 1719 5485 sive

136 5514 481 5569 ascensionis
496 5515 634 5568 diem
657 5519 802 5583 dicit,
829 5529 879 5572 et
900 5518 965 5573 de
986 5520 1125 5573 cmlo
1142 5520 1333 5575 asserit
1351 5520 1716 5588 descendisse,

138 5614 191 5659 et
240 5607 291 5659 in
324 5604 636 5661 coelestibus
668 5624 1011 5677 permanere,
1044 5611 1144 5665 nisi
1187 5616 1286 5666 hoc
1315 5628 1410 5679 per
1458 5614 1716 5668 unitatem

140 5712 388 5767 personae
440 5700 573 5752 ratio
610 5701 844 5756 veritatis
892 5702 1174 5756 absolvat?
1204 5704 1353 5759 Sicut
1399 5706 1503 5759 alio
1560 5706 1711 5774 loco,

139 5793 253 5859 capi
286 5794 331 5847 is
364 5799 420 5844 ct
449 5794 686 5861 corporis
740 5796 972 5850 sociatur
1021 5812 1267 5865 persona,
1316 5814 1434 5855 cum
1485 5800 1716 5866 legitur:

1744 4557 1798 4617 D

1806 592 1952 645 distis
1982 594 2107 646 mihi
2153 595 2339 648 bibere.
2389 594 2523 660 Quid
2554 596 2628 648 ait
2680 610 2920 663 persona:
2965 597 3179 651 unitas?
3211 599 3379 653 llomo

1807 683 2043 750 pascitur
2072 692 2128 737 et
2158 685 2295 738 Deus
2322 687 2577 739 relicitur.
2628 685 2727 740 Pes
2754 688 3089 755 componitur
3130 697 3183 742 et
3220 699 3379 757 caput

1808 772 2102 827 fomentum
2129 788 2188 827 se
2224 776 2422 829 sentire
2452 784 2695 830 testatur.
2727 776 2866 830 Dicit
2906 792 3031 846 ergo
3057 795 3070 831 :
3100 777 3379 846 Nunquam

1807 862 2084 917 Dominum
2115 866 2294 933 gloriae
2341 868 2732 933 cruci/ixissent.
2779 869 2843 921 Et
2872 884 2901 922 e
2930 868 3143 923 diverso
3164 884 3191 922 ί.
3213 868 3380 923 Nemo

1806 958 2029 1011 ascendit
2058 958 2109 1009 in
2136 958 2335 1023 cazlum,
2360 958 2456 1010 nisi
2484 960 2571 1025 qui
2598 960 2851 1013 descendit
2876 961 2935 1013 de
2954 959 3095 1023 cado,
3118 960 3258 1027 [ilius
3286 962 3379 1015 ho-

1806 1049 1957 1101 minis
1987 1048 2075 1116 qui
2122 1058 2195 1101 est
2246 1047 2297 1099 in
2343 1049 2487 1100 calo.
2516 1047 2650 1103 Vide
2696 1050 2962 1117 quomodo
2993 1064 3086 1117 per
3125 1050 3376 1104 unitatem

1810 1154 2052 1207 persona:
2079 1139 2305 1191 humana
2336 1138 2549 1202 divinis,
2569 1149 2623 1191 et
2647 1139 2891 1195 humanis
2912 1142 3086 1196 divina
3120 1142 3377 1196 misceano

1809 1239 1914 1283 tur.
1948 1228 2084 1282 Deos
2113 1229 2459 1297 cruciﬁgitur,
2501 1236 2555 1281 et
2580 1228 2741 1282 homo
2770 1229 2837 1283 de
2865 1230 3005 1285 cmlo
3034 1230 3377 1294 descendere,

1808 1330 1861 1373 et
1888 1319 1936 1371 in
1968 1318 2103 1372 caalo
2137 1333 2450 1386 permanere
2486 1308 2978 1384 memoratur.Qu:n
2998 1336 3116 1375 cum
3153 1322 3221 1375 ita
3250 1322 3376 1384 sint,

1810 1410 2203 1480 per~piciamus
2228 1410 2295 1464 de
2313 1410 2481 1464 sacris
2509 1410 2865 1465 voluminibus
2893 1414 3117 1479 geminat
3139 1413 3380 1467 substan-

1808 1501 1896 1555 tia:
1925 1500 2346 1554 distinctionem.
2379 1500 2469 1553 Ait
2513 1501 2690 1568 itaque
2720 1500 2906 1556 beatus
2942 1504 3186 1571 Moyses:
3223 1506 3381 1572 Caput

1809 1607 1921 1644 cunt
1971 1592 2179 1660 pedibus
2234 1591 2525 1655 comedetis,
2569 1601 2615 1643 et
2660 1592 2896 1643 intestina
2927 1595 3037 1661 ejus
3080 1591 3380 1644 dcuorabitis

1810 1684 2003 1754 (Exod.
2056 1684 2173 1753 xu).
2207 1684 2261 1737 In
2311 1684 2529 1752 pedibus
2558 1682 2971 1747 humanitatem,
3001 1693 3055 1737 et
3104 1684 3155 1736 iu
3204 1682 3378 1751 capite

1812 1778 2093 1831 credamus
2119 1778 2471 1845 majestatem.
2499 1776 2572 1831 Ita
2604 1777 2659 1829 fit
2684 1786 2739 1830 ut
2770 1776 2893 1830 dum
2924 1778 3038 1832 haec
3067 1780 3201 1830 intra
3244 1778 3382 1831 litte-

1811 1884 1922 1925 ram
1953 1870 2191 1933 latentia,
2219 1869 2320 1923 title
2348 1876 2715 1937 perscrutante
2733 1871 3123 1938 cognoscimus,
3148 1868 3282 1934 ignis
3310 1868 3383 1921 iu-

1811 1970 2024 2029 testina.
2061 1969 2110 2022 id
2143 1978 2223 2023 est
2246 1968 2619 2037 mysteriorum
2652 1966 2857 2019 occulta
2888 1980 3179 2019 sumamus.
3212 1964 3378 2019 Scru-

1822 2062 1965 2116 tandi
1992 2063 2133 2114 enim
2165 2061 2398 2114 studium
2419 2100 2433 2123 ,
2467 2059 2691 2113 aviditas
2732 2058 3038 2127 intelligitur
3067 2055 3380 2110 devorandi.

1809 2152 1960 2207 Sicut
1989 2163 2039 2207 et
2068 2152 2177 2206 alio
2204 2152 2323 2206 loco
2356 2151 2585 2220 duplicis
2613 2151 2923 2204 substantia:
2957 2149 3344 2203 absolutionem
3363 2186 3377 2211 ,

1810 2246 1950 2301 idem
2008 2252 2466 2298 sacramentorum
2525 2245 2788 2298 revelatir
2836 2242 3105 2305 insinuat,
3159 2240 3377 2293 dicens:

1820 2334 2010 2403 Vulpes
2042 2335 2211 2402 foveas
2234 2333 2444 2395 habent,
2476 2344 2521 2386 et
2546 2332 2770 2385 volucres
2800 2333 2910 2384 caeli
2936 2330 3101 2393 nidos,
3126 2330 3265 2396 ﬁlius
3284 2344 3381 2380 au-

1814 2436 1910 2479 tem
1936 2426 2152 2477 hominis
2178 2440 2279 2476 non
2308 2424 2455 2475 habet
2488 2424 2569 2476 ubi
2594 2434 2740 2493 caput
2762 2440 2908 2476 suum
2934 2421 3138 2475 reclinet
3169 2420 3381 2489 (Matth.

1814 2530 1927 2579 vin,
1946 2513 2070 2566 Luc.
2095 2515 2190 2582 ix).
2208 2514 2315 2566 lloc
2341 2521 2423 2566 est
2443 2513 2642 2565 dolosae
2670 2514 2902 2566 haereses
2922 2512 3281 2566 ettcnebrosa:
3304 2512 3386 2564 vel

1816 2619 1991 2658 aerea:
2026 2611 2318 2671 potestates
2339 2602 2520 2655 sedem
2568 2603 2667 2655 sibi
2710 2603 2762 2655 in
2811 2602 3111 2669 pectoribus
3138 2601 3386 2655 humanis

1818 2696 2075 2765 profunda
2108 2695 2449 2749 damnatione
2475 2702 2781 2762 posuerunt,
2809 2708 2895 2747 me
2921 2706 3047 2747 vero
3072 2691 3123 2745 in
3151 2691 3383 2745 lidelium

1815 2789 1977 2843 corda
1998 2788 2086 2857 qui
2118 2788 2388 2840 hominem
2415 2789 2464 2840 in
2495 2778 2659 2840 carne
2681 2786 3035 2851 coaspiciunt,
3064 2785 3225 2838 Deum
3250 2784 3384 2837 intra

1816 2881 2081 2935 hominem
2115 2880 2285 2934 latere
2317 2895 2419 2932 non
2454 2878 2677 2933 credunt
2703 2878 2736 2941 ;‘
2765 2878 2944 2932 foveas
2981 2877 3121 2931 enim
3151 2886 3206 2930 et
3234 2874 3387 2931 nidos

1817 2991 1921 3030 non
1956 2974 2262 3028 transitoria
2291 2982 2340 3027 et
2373 2980 2743 3026 tuomentanea
2775 2970 3015 3040 designat
3049 2967 3343 3022 habitacula
3369 3010 3383 3026 .

1816 3067 1908 3122 sed
1935 3066 2184 3120 diuturna
2210 3074 2263 3119 et
2292 3080 2481 3118 secura
2510 3062 2847 3132 possessione
2870 3060 3103 3126 fundata,
3128 3074 3244 3129 qua:
3270 3072 3387 3111 ser-

1822 3155 2035 3223 pentina
2065 3154 2318 3207 vitiorum
2352 3153 2704 3221 multiplicent
2732 3151 3072 3205 nutrimenta.
3105 3148 3388 3217 Apostolus

1819 3246 1959 3300 enim
1992 3245 2125 3299 duas
2164 3246 2487 3317 substantias
2538 3243 2811 3298 evidenter
2840 3250 3040 3296 remota
3070 3239 3389 3295 sacramenti

1819 3336 2146 3390 obscuritate
2169 3334 2381 3402 adjecit,
2398 3335 2464 3386 ita
2482 3334 2690 3387 dicens:
2716 3330 2898 3386 Patres
2925 3331 3163 3384 nostrisa:
3180 3329 3391 3382 nubibus

1818 3425 2051 3479 Christus
2082 3426 2357 3477 secundum
2388 3438 2619 3487 cantem,
2649 3424 2733 3488 qui
2772 3431 2842 3474 est
2872 3437 3025 3489 super
3055 3420 3225 3473 omnia
3256 3418 3390 3471 Deus

1820 3516 2107 3571 benedictus
2142 3517 2195 3568 in
2219 3516 2430 3568 srrcula.
2472 3515 2573 3569 Sed
2604 3515 2773 3568 d.cis:
2816 3512 3100 3582 Apostolus
3126 3512 3257 3565 duas
3281 3520 3392 3563 tan-

1821 3617 1928 3661 tum
1968 3621 2225 3676 personas
2259 3608 2309 3657 in
2353 3620 2572 3672 aperum
2622 3618 2839 3658 suorum
2870 3602 3139 3656 volumine
3175 3601 3393 3653 conhte-

1819 3707 1936 3761 tur,
1982 3698 2118 3750 sicut
2166 3696 2229 3748 ad
2278 3694 2581 3748 Corinthios
2632 3693 2865 3762 loquitur
2902 3710 2913 3743 :
2952 3690 3143 3744 Paulus
3188 3696 3394 3742 iocatus

1817 3787 2089 3854 Apostolus
2117 3784 2238 3839 Jesu
2269 3786 2458 3837 Christi
2484 3800 2575 3853 per
2603 3784 2911 3836 voluntatem
2951 3781 3065 3833 Dei.
3099 3780 3160 3833 Et
3190 3778 3253 3833 ad
3285 3778 3393 3832 Ga-

1818 3879 1952 3933 latas
1980 3877 2177 3930 Paulus
2216 3875 2522 3943 apostolus,
2550 3891 2648 3926 non
2684 3873 2748 3925 ab
2780 3873 3063 3925 hominibus
3108 3885 3264 3938 neque
3303 3884 3392 3937 per

1817 3971 2104 4032 hominem,
2136 3968 2225 4020 scd
2258 3984 2344 4035 per
2371 3964 2549 4019 Jesum
2595 3965 2851 4019 Christum
2877 3973 2921 4017 et
2952 3963 3114 4014 Deum
3144 3960 3350 4013 Putrem
3376 3999 3393 4024 ,

1816 4062 1903 4130 qui
1950 4061 2208 4114 suscitavit
2245 4075 2358 4110 eum
2384 4074 2415 4109 a
2456 4059 2689 4109 mortuis.
2722 4056 2789 4108 Et
2827 4056 3047 4116 iterum,
3082 4068 3214 4104 unus
3255 4053 3393 4102 Deus

1826 4150 1986 4203 Pater
2017 4166 2081 4202 ex
2111 4166 2209 4217 quo
2250 4149 2421 4199 omnia
2451 4156 2495 4198 et
2528 4163 2616 4198 nos
2666 4146 2717 4196 in
2750 4145 2879 4213 ipso,
2910 4152 2955 4194 et
2986 4157 3116 4193 unus
3148 4139 3396 4191 Dominus

1820 4238 1972 4292 Iesus
2004 4239 2256 4301 Christus,
2282 4252 2369 4303 per
2390 4250 2538 4303 quem
2578 4234 2747 4285 omnia
2772 4240 2817 4283 et
2845 4246 2936 4283 nos
2969 4245 3057 4299 per
3087 4229 3272 4298 ipsum.
3300 4228 3393 4280 Se-

1820 4332 2053 4387 cundum
2081 4331 2193 4385 haec
2217 4330 2349 4384 dicis
2368 4329 2559 4383 nullam
2589 4327 2655 4382 de
2673 4326 2870 4395 Spiritu
2897 4342 3007 4380 sani
3026 4334 3079 4377 to
3105 4324 3215 4379 ﬁeri
3248 4340 3399 4377 men-

1827 4426 2044 4479 tionem.
2080 4421 2145 4476 Ut
2186 4420 2421 4475 breviter
2450 4420 2710 4485 dicamus,
2741 4417 2936 4472 oblitus
2975 4431 3032 4471 es
3064 4416 3202 4484 quod
3256 4418 3397 4485 Apo-

1823 4518 1988 4570 stolus
2016 4514 2216 4585 Spiritu
2256 4522 2441 4568 sancto
2471 4515 2655 4583 plenas
2680 4555 2695 4578 ,
2728 4513 2841 4568 hzrc
2864 4511 3123 4581 apostolis
3158 4513 3275 4579 ipso
3320 4510 3394 4564 in-

1822 4608 2092 4675 stiirante,
2145 4607 2211 4661 de
2257 4606 2414 4661 Patre
2464 4604 2704 4676 Filioque
2744 4605 3085 4674 prmdiCabat.
3139 4604 3396 4672 Loquenti

1821 4700 1982 4768 igitur
2003 4700 2068 4752 de
2102 4700 2276 4753 Patris
2297 4715 2359 4752 ac
2382 4698 2497 4753 Filii
2537 4700 2848 4767 Operatione
2874 4708 2926 4751 et
2958 4698 3047 4750 i.lc
3070 4712 3171 4749 non
3195 4697 3397 4762 deerat,

1823 4792 1911 4860 qui
1945 4791 2204 4859 loquenda
2251 4791 2504 4852 dictabat,
2536 4790 2825 4843 secundum
2860 4790 2984 4842 illud
3017 4808 3027 4841 :
3076 4788 3239 4841 Nemo
3278 4790 3399 4840 ditit

1826 4881 2073 4935 Dominus
2088 4880 2264 4946 Jesus,
2291 4884 2386 4935 nisi
2408 4884 2461 4934 in
2490 4881 2685 4951 Spiritu
2713 4891 2907 4936 sancto.
2940 4881 3035 4947 Qui
3064 4894 3195 4948 ergo
3226 4879 3399 4932 credi-

1825 4982 1975 5026 turus
2004 4972 2084 5025 vel
2113 4973 2455 5025 confessurus
2478 4972 2561 5026 vel
2593 4972 2969 5039 praedicaturus
2991 4983 3073 5025 est
3101 4970 3397 5035 Christum,

1826 5064 1973 5118 vides
2004 5064 2143 5133 quod
2178 5074 2300 5118 ante
2343 5066 2393 5117 in
2424 5078 2483 5118 se
2535 5064 2810 5117 habiturus
2854 5071 2939 5117 est
2988 5062 3241 5130 Spititum
3272 5077 3398 5115 sau-

1824 5166 1992 5209 ctunt.
2023 5156 2134 5210 Non
2167 5171 2293 5225 ergo
2323 5156 2553 5211 honores
2577 5155 2733 5209 Iidem
2766 5164 2929 5218 tuam,
2961 5154 3101 5223 quod
3132 5154 3397 5207 interdum

1823 5252 1939 5301 sine
1959 5251 2469 5301 commemoratione
2502 5248 2732 5311 Spiritus
2762 5247 2965 5310 sancti,
2995 5245 3163 5300 l’atris
3196 5246 3398 5300 mentio

1824 5338 2047 5393 habetur
2072 5354 2134 5394 ac
2168 5337 2453 5393 Filii.Natn
2482 5354 2623 5407 sa‘pe
2647 5352 2935 5406 suppresso
2965 5338 3134 5391 Patris
3163 5336 3397 5395 nomine,

1824 5431 1943 5486 Filii
1968 5442 2023 5487 et
2042 5433 2267 5500 Spiritus
2284 5432 2449 5483 sancti
2468 5433 2705 5498 operatio
2723 5430 3063 5499 praedicatur.
3081 5426 3163 5481 Ait
3180 5426 3236 5479 S.
3260 5427 3399 5475 Ana-

1824 5527 1939 5579 nias
1969 5525 2033 5579 ad
2064 5525 2282 5578 Paulum
2308 5539 2321 5577 :
2359 5522 2517 5575 Suule
2546 5522 2725 5589 frater,
2756 5519 3005 5573 Dominus
3038 5518 3171 5570 misit
3200 5530 3279 5565 me
3310 5512 3388 5566 Je-

1822 5632 1930 5680 σαι,
1962 5616 2047 5686 qui
2076 5615 2314 5683 apparuit
2345 5613 2433 5665 tibi
2461 5614 2512 5665 in
2562 5614 2641 5665 via
2685 5629 2788 5682 qua
2815 5610 3042 5665 veniebas
3071 5616 3122 5659 ut
3153 5606 3322 5658 videas
3356 5619 3399 5657 et

1821 5712 2064 5781 replearis
2095 5711 2292 5779 Spiritu
2330 5721 2526 5766 sancto.
2563 5711 2759 5779 Aperte
2792 5709 2877 5761 hic
2904 5708 3128 5759 duarum
3161 5713 3239 5757 est
3272 5719 3371 5757 con

1822 5806 1981 5859 nexio
2020 5816 2392 5867 personarum.
2449 5800 2584 5856 Ecce
2633 5797 2827 5853 Paulus
2855 5795 3118 5851 aCltiisto
3170 5800 3405 5847 curatus
