3990 6390
641 410 703 465 3|
1913 413 2255 471 PASCHASII
2295 417 2563 476 DHCONI
3830 433 3898 487 32

640 521 900 593 arguitur,
925 519 1124 592 Spiritu
1140 527 1324 576 sancto
1352 520 1676 576 illuminatus
1697 524 1965 592 impletur,
1989 536 2043 581 et
2064 528 2203 581 nulla
2239 532 2281 589 Α
2312 546 2373 585 ac
2402 533 2573 585 virtus
2602 534 2877 602 asscritur,
2912 535 3045 590 sicut
3079 538 3302 608 legimus
3334 540 3383 593 in
3418 540 3633 599 Actibus
3665 558 3894 614 aposto-

641 614 729 668 hic
753 614 922 667 Patris
945 613 1421 669 mentioinseritur.
1450 613 1574 666 Item
1599 630 1716 668 cum
1744 615 1933 670 Paulus
1950 619 2205 688 quosdam

638 720 704 759 ex
723 703 1011 774 -discipu‘-is
1058 703 1441 771 interrogaret,
1492 703 1543 756 in
1591 720 1696 773 quo
1746 707 1995 775 baptizati
2041 711 2204 777 estis,

636 808 773 862 quos
800 803 922 862 post
948 793 1312 847 ascensionem
1339 792 1544 847 Domini
1574 796 1626 849 in
1642 795 1960 866 baptismate
1988 798 2206 856 Joannis

637 884 936 953 baptizatos
966 898 1085 939 esse
1102 883 1394 948 constabat,
1423 893 1543 950 post
1567 886 1906 956 prmdicatum
1938 889 2204 956 Baptisma

635 975 869 1029 Trinitas
890 1017 905 1041 ,
937 988 1057 1028 cum
1101 974 1262 1027 e.iam
1316 974 1447 1029 illud
1498 976 1808 1046 mysterium
1840 993 1944 1047 quo
1972 978 2206 1036 Joannes

636 1066 909 1135 baptizare
953 1074 1342 1130 consueverat,
1373 1065 1423 1119 ill
1453 1077 1534 1121 est
1565 1068 1617 1121 in
1663 1083 1783 1122 eum
1815 1070 1903 1139 qui
1950 1079 2206 1128 venturus

633 1166 736 1221 est,
767 1157 817 1210 in
840 1171 1022 1211 eorum
1051 1157 1317 1225 baptismo
1340 1159 1658 1227 probaretur
1683 1161 1955 1228 omissum,
1990 1164 2201 1219 dicente

633 1248 798 1303 Paulo
840 1248 1083 1318 apostolo
1100 1266 1120 1315 γε
1149 1247 1376 1303 Joannes
1405 1251 1608 1320 quidem
1651 1252 1954 1323 baptizavit,
2007 1254 2098 1309 sed
2144 1256 2198 1309 in

631 1357 745 1396 eum
764 1341 850 1411 qui
870 1352 1108 1395 venturus
1130 1351 1201 1395 est
1227 1342 1362 1411 (Act.
1390 1341 1522 1413 six),
1551 1343 1650 1397 hoc
1670 1352 1753 1399 est
1774 1344 1949 1400 dicere
1969 1363 1982 1410 ;
2000 1361 2102 1400 noa
2128 1348 2197 1401 ita

630 1430 876 1500 baptizati
906 1432 1055 1486 estis.
1083 1432 1190 1487 Hos
1219 1448 1340 1487 cum
1365 1434 1715 1503 interrogaret
1747 1435 1939 1489 Paulus
1964 1454 1975 1487 :
2002 1435 2062 1491 Si
2080 1436 2202 1506 Spi-

627 1524 781 1576 ritum
824 1533 1058 1577 sanctum
1105 1526 1371 1593 accepistis
1414 1526 1687 1592 credentes,
1722 1527 1810 1597 qui
1855 1529 2037 1597 utique
2082 1537 2202 1598 post

626 1613 951 1679 baptismum
978 1614 1274 1669 Salvatoris
1300 1631 1392 1683 per
1409 1616 1798 1685 itnpositionem
1825 1633 2076 1672 manuum
2101 1620 2201 1675 rite

625 1703 877 1773 baptizati
908 1704 1143 1772 fuerant,
1178 1709 1521 1762 confitentur.
1574 1712 1639 1764 At
1666 1710 1741 1764 illi
1772 1712 2197 1775 responderunt:

627 1791 809 1861 Neque
836 1794 881 1846 si
904 1795 1116 1865 spiritus
1147 1805 1221 1850 est
1257 1800 1563 1853 audivimus.
1595 1800 1691 1854 llis
1720 1802 1910 1856 auditis
1956 1804 2201 1873 baptizati

625 1895 745 1938 sunt
770 1887 821 1938 in
845 1888 1048 1940 nomine
1076 1888 1281 1942 Domini
1308 1889 1455 1947 Jesu.
1503 1892 1567 1945 Et
1596 1909 1708 1945 cum
1745 1895 2062 1960 imposuisset
2091 1898 2196 1952 illis
2226 1884 2274 1944 Β

626 1992 808 2031 manus
837 1977 1052 2046 Paulus,
1084 1981 1215 2034 venit
1245 1999 1399 2049 super
1427 2000 1509 2037 eos
1542 1984 1768 2053 Spiritus
1793 1997 2018 2053 sanctus,
2049 1999 2094 2043 ct
2124 1991 2200 2044 lo-

624 2066 905 2135 quebantur
930 2069 1140 2137 linguis,
1162 2080 1211 2124 et
1244 2073 1631 2140 pi'Opltetabattt.
1681 2076 1913 2131 Advorte
1950 2079 2041 2147 qui
2079 2093 2198 2134 cum

630 2156 966 2225 baptizantur
984 2158 1037 2213 in
1068 2161 1285 2225 nomine
1314 2162 1525 2216 Domini
1545 2164 1693 2230 Jesu,
1721 2176 1902 2235 postea
1934 2171 2201 2239 accipiunt

624 2248 882 2319 Spiritum
914 2260 1156 2305 sanctum
1184 2293 1199 2317 ,
1233 2263 1285 2306 et
1316 2256 1679 2323 propheticum
1726 2272 1791 2313 ex
1819 2259 2081 2315 Paracleti
2116 2264 2197 2316 ?n-

622 2341 902 2396 vocatione
922 2342 1192 2404 virtutem.
1213 2344 1349 2399 Vere
1376 2346 1512 2400 Deus
1534 2356 1613 2401 est
1634 2348 1722 2416 qui
1743 2359 1863 2418 post
1886 2350 1974 2405 Dei
1998 2352 2195 2407 donum

621 2430 941 2499 plenitudini
975 2432 1203 2501 imponit
1230 2444 1621 2501 argumentum.
1655 2437 1793 2493 Ecce
1833 2438 2038 2495 duabus
2078 2457 2201 2511 per-

618 2525 766 2579 sonis
796 2526 847 2578 in
878 2525 1146 2596 baptismo
1186 2528 1527 2597 signiﬁcati<,
1574 2530 1732 2587 Pater
1759 2533 2032 2590 invocatus
2074 2552 2194 2593 esse

617 2630 724 2670 non
758 2617 973 2685 legitur,
1010 2617 1102 2672 sed
1135 2628 1357 2685 tantum,
1390 2630 1447 2675 ut
1475 2623 1619 2676 credi
1644 2634 1875 2693 oportet,
1901 2642 2022 2682 cum
2054 2628 2192 2685 Filio

620 2716 673 2760 et
693 2707 897 2775 Spiritu
928 2716 1113 2762 sancto
1138 2710 1341 2765 unitate
1372 2715 1647 2779 potestatis
1673 2725 1726 2770 et
1761 2716 1974 2772 deitatis
2005 2736 2192 2788 opera-

617 2807 722 2862 tur,
753 2812 908 2865 quem
942 2797 1173 2853 abl‘uisse
1194 2815 1346 2854 sacra
1380 2802 1536 2856 lectio
1559 2819 1663 2858 non
1701 2808 1930 2875 negavit.
1956 2807 2083 2862 Cum
2110 2828 2192 2865 ve-

614 2886 768 2939 nisset
796 2885 1025 2955 Spiritus
1054 2899 1260 2943 sanctus
1288 2906 1439 2961 super
1459 2908 1563 2962 eos,
1590 2903 1707 2949 tunc
1736 2896 2074 2967 loquebantur
2093 2904 2193 2956 lin-

613 2977 727 3047 guis
750 2985 795 3031 et
822 2978 1214 3048 prophetabaut.
1245 2981 1373 3035 Vide
1391 2992 1585 3052 quanta
1618 2989 1849 3055 potentia
1866 2991 1935 3044 sit
1957 2991 2189 3061 Spiritus

615 3071 807 3124 sancti.
837 3072 889 3123 In
923 3071 1187 3147 baptismo
1214 3084 1550 3141 peccatorum
1582 3077 1874 3136 abrcmissa
1900 3082 2184 3150 donantur,

612 3160 665 3214 in
689 3160 918 3215 adventu
943 3152 1171 3229 Spiritus
1192 3167 1358 3219 sancti
1381 3166 1629 3222 virtutum
1659 3185 1878 3226 munera
1902 3174 2189 3231 c0nferun-

2312 620 2512 673 lorum:
2544 621 2647 676 Vos
2675 624 3053 689 baptizabimini
3078 628 3277 698 Spiritu
3301 642 3473 684 sancto
3495 650 3595 686 non
3617 645 3731 703 post
3753 640 3894 691 mul-

2309 716 2386 762 tos
2417 710 2506 763 hos
2528 710 2561 763 d
2583 728 2633 765 es
2656 712 2866 781 (τίσω).
2895 714 3043 769 Sicut
3064 728 3113 770 ct
3144 717 3194 771 in
3227 719 3512 790 Evangelia
3534 722 3600 778 de
3628 726 3892 795 singulari

2308 813 2533 867 persona
2562 801 2790 870 Spiritus
2819 805 2987 858 sancti
3016 808 3319 863 continetur
3345 828 3355 863 :
3391 812 3509 865 Nisi
3537 816 3652 883 quis
3679 827 3890 872 renatus

2308 890 2462 959 fuerit
2487 907 2550 944 ea:
2576 907 2710 961 aqua
2731 903 2776 947 et
2805 893 3004 965 Spiritu
3032 910 3206 951 sanrto
3227 942 3241 961 ,
3271 916 3374 952 non
3416 914 3576 971 patest
3608 906 3808 960 intrare
3837 910 3889 962 in

2310 996 2524 1051 regnum
2564 980 2658 1035 Dei
2704 982 2894 1051 (Joan.
2928 984 3039 1055 Ill).
3065 987 3308 1054 Nunjuid
3357 990 3456 1045 hoc
3484 993 3603 1047 loco
3647 995 3808 1051 Pater
3836 1009 3889 1053 et

2314 1071 2499 1136 Fil'us,
2532 1076 2652 1144 quia
2676 1077 2889 1131 minime
2916 1080 3283 1147 nominantur,
3313 1090 3463 1138 tanto
3483 1100 3545 1139 ac
3570 1095 3677 1140 tam
3700 1089 3887 1146 divino

2306 1166 2511 1219 muneri
2536 1166 2769 1223 defuisse
2798 1170 3120 1225 credentur?
3147 1171 3260 1227 Non
3285 1173 3355 1226 ita
3385 1183 3487 1229 est.
3522 1176 3652 1231 Nam
3681 1180 3887 1248 absque

2305 1253 2467 1308 dubio
2494 1255 2618 1309 dum
2646 1266 2832 1313 sancto
2864 1259 3088 1329 Spiritui
3115 1276 3234 1315 cum
3258 1278 3362 1329 quo
3392 1264 3471 1319 eis
3499 1282 3599 1320 una
3632 1268 3885 1323 Substan-

2306 1343 2374 1397 tia
2398 1353 2486 1399 est
2511 1388 2525 1412 ,
2557 1347 2830 1416 mysteriis
2863 1349 3241 1419 beneficiisque
3270 1352 3592 1422 junguntur,
3641 1360 3743 1413 etsi
3777 1376 3882 1415 non

2302 1440 2829 1505 commemoratione,
2860 1440 3064 1497 unitate
3094 1450 3268 1498 tamen
3286 1444 3493 1513 pietatis
3517 1458 3678 1516 atque
3699 1453 3881 1521 operis

2304 1539 2510 1594 prtesen
2520 1536 2718 1586 tantur.

2913 1620 3137 1678 CAPUT
3176 1624 3237 1679 γ.

2305 1705 2533 1792 Objectio
2557 1710 2691 1792 quod
2727 1727 2889 1765 sermo
2916 1704 3001 1766 ille
3028 1731 3180 1792 quem
3206 1717 3414 1786 legimus
3449 1736 3467 1773 :
3504 1721 3621 1775 Nisi
3649 1725 3767 1792 quis
3797 1743 3875 1778 re-

2372 1781 2700 1862 natpsjperit
2723 1797 2785 1833 ex
2812 1798 2945 1847 aqua
2966 1794 3013 1837 et
3036 1785 3237 1851 Spiritu
3253 1781 3455 1849 sancto,
3478 1781 3673 1860 aquam.
3687 1797 3876 1862 pariter

2370 1859 2416 1899 et
2442 1849 2703 1916 Spiritum
2728 1862 2955 1905 sanctum
2985 1849 3266 1909 creaturam
3294 1874 3399 1911 csse
3427 1849 3659 1916 testatur.

2371 1956 2479 2012 Sed
2511 1958 2671 2012 dicis:
2703 1959 2757 2013 in
2781 1970 2984 2017 tantum
3009 1974 3251 2021 creatura
3277 1978 3360 2023 Cal
3379 1968 3610 2037 Spiritus
3634 1984 3871 2043 sanctus,

2301 2057 2357 2101 ut
2385 2063 2536 2116 aqua:
2562 2049 2831 2105 elemento
2853 2092 2867 2115 ,
2901 2069 3020 2122 qua:
3051 2054 3136 2109 hic
3163 2056 3335 2125 primo
3365 2059 3482 2114 loco
3504 2071 3662 2132 atque
3685 2065 3872 2120 ordine

2301 2140 2535 2209 ponitur,
2564 2142 2803 2197 videatur
2825 2145 3107 2214 adjunctus
3138 2151 3428 2205 secundum
3477 2156 3865 2224 evangelicam,

2297 2244 2416 2299 qua:
2444 2233 2691 2299 superius
2737 2249 3155 2292 commemorata
3199 2248 3298 2304 est,
3356 2246 3718 2300 sententiam:
3752 2247 3869 2301 Nisi

2298 2321 2411 2387 quis
2439 2330 2644 2375 renatus
2679 2324 2832 2392 fuerit
2857 2343 2920 2379 ea:
2947 2344 3080 2390 aqua
3109 2339 3157 2382 et
3188 2329 3386 2398 Spiritu
3416 2345 3619 2401 sancto,
3652 2353 3750 2393 non
3779 2356 3869 2406 po-

2296 2418 2390 2464 test
2438 2412 2629 2471 iutrare
2672 2416 2722 2467 in
2770 2433 2982 2486 regnum
3030 2418 3122 2473 Dei
3167 2419 3381 2494 (Ibid.).
3412 2425 3744 2482 Manifestum
3787 2442 3867 2484 est

2294 2502 2459 2566 enim,
2494 2506 2581 2571 qui
2607 2504 2722 2560 iure
2757 2507 2989 2576 loquitur
3014 2525 3116 2564 non
3144 2512 3315 2566 solum
3338 2514 3568 2569 divinam
3596 2519 3645 2572 in
3665 2519 3865 2586 Spi:itu

2295 2605 2483 2647 sancto
2505 2603 2843 2662 potestatem,
2874 2600 2966 2652 sed
2995 2600 3162 2665 ipsam
3195 2602 3441 2673 baptismi
3472 2608 3672 2663 nescire
3702 2611 3865 2664 ratio-

2295 2698 2437 2737 nem.
2456 2686 2759 2751 Apostolus
2781 2697 2957 2742 autem
2999 2691 3129 2745 dicit
3157 2710 3169 2743 :
3198 2692 3257 2747 Si
3286 2706 3452 2749 autem
3479 2699 3659 2749 mortui
3682 2715 3864 2751 sumus

2292 2789 2407 2826 cum
2433 2772 2656 2839 Christo,
2688 2779 2941 2833 credimus
2970 2782 3089 2851 quia
3118 2784 3274 2837 simul
3313 2790 3455 2839 etiam
3490 2788 3704 2841 vivemus
3737 2805 3862 2843 cum

2294 2863 2495 2917 Christo
2543 2866 2721 2935 (Rom.
2765 2870 2860 2935 vi).
2892 2871 3171 2936 Quomodo
3221 2890 3394 2932 autem
3439 2880 3703 2946 possimus
3734 2895 3861 2935 cum

2292 2954 2506 3009 Christo
2537 2960 2672 3012 mori
2697 2962 2779 3015 vel
2812 2976 3112 3032 resurgere,
3142 2968 3184 3021 si
3214 2972 3451 3038 requ‘ras
3475 2972 3714 3026 adverte.
3741 2974 3859 3027 Om-

2294 3062 2387 3101 nes
2417 3048 2720 3118 quicunque
2747 3043 2902 3109 sacro
2934 3055 3081 3112 fonte
3107 3058 3519 3128 submergimur,
3551 3072 3774 3117 mortem
3806 3072 3857 3118 et

2290 3141 2613 3206 sepulturam
2631 3141 3005 3212 Redemptoris
3020 3147 3307 3214 imitamur,
3328 3153 3458 3205 sicut
3479 3154 3615 3206 idem
3636 3157 3671 3207 Α
3685 3164 3856 3223 posto-

612 3261 788 3319 tur,ct
808 3267 834 3304 a
861 3252 1210 3319 confirmatis,
1235 3258 1506 3325 signorum
1539 3261 1794 3315 miracula
1822 3263 2181 3325 celebrantur.
2211 3244 2256 3306 ί)
2290 3226 2372 3282 lus
2396 3238 2465 3284 ﬂ"
2488 3248 2502 3284 ³
2532 3233 2612 3325 η
2636 3250 2840 3303 ignoras
2863 3254 2982 3306 qum
3002 3257 3285 3310 quumque
3314 3262 3366 3297 ἠ
3397 3245 3599 3300 arma
3627 3249 3856 3317 “puum

609 3346 793 3403 Solent
812 3349 952 3402 enim
982 3351 1224 3405 veritatis
1256 3353 1431 3420 alieni,
1465 3356 1621 3409 ctiam
1640 3356 1706 3411 de
1732 3359 1951 3429 syllabis
1979 3362 2183 3416 calum-

610 3440 766 3493 niari.
800 3439 931 3495 Nam
963 3457 1085 3497 cum
1112 3443 1177 3497 de
1201 3444 1462 3500 Trinitate
1481 3447 1676 3503 dictum
1706 3450 1947 3506 absolute
1969 3455 2182 3509 noveri-

607 3543 746 3597 mus,
779 3532 1021 3599 quoniam
1068 3549 1132 3587 ea:
1175 3535 1288 3603 ipso
1313 3544 1359 3588 et
1388 3552 1477 3606 per
1503 3538 1669 3608 ipum
1692 3582 1706 3607 ,
1751 3553 1795 3595 et
1831 3543 1882 3595 iu
1929 3544 2038 3611 ipso
2064 3555 2182 3599 sunt

605 3624 777 3675 omnia
808 3622 981 3691 (Rom.
1013 3623 1148 3693 vni),
1175 3627 1289 3694 p'ns
1322 3641 1440 3682 esse
1466 3630 1662 3698 exipso
1693 3647 1848 3701 quam
1876 3636 2178 3705 peripsum,

605 3720 660 3766 ct
691 3711 815 3766 item
838 3716 1266 3781 prtepositionem
1293 3718 1448 3783 lianc,
1469 3719 1520 3773 id
1549 3730 1631 3774 est
1662 3739 1770 3790 per,
1797 3725 2016 3794 majoris
2041 3742 2178 3795 prte-
2228 3742 2239 3751 ‘

606 3802 858 3871 rogativaa
887 3819 1003 3857 esse
1033 3815 1276 3859 asserunt
1304 3823 1460 3876 quum
1489 3810 1540 3863 in
1588 3811 1724 3879 ipso.
1758 3813 1863 3867 Sed
1897 3816 1940 3869 si
1970 3816 2021 3869 in
2065 3818 2178 3884 ipso

604 3891 671 3945 de
700 3893 898 3961 Spiritu
928 3905 1113 3948 sancto
1136 3912 1257 3950 cum
1288 3898 1641 3955 diminutione
1671 3906 1949 3972 potestatis
1976 3907 2173 3963 dictum

602 3984 953 4050 arbitrantur,
978 3987 1198 4043 audiant
1226 3993 1617 4059 prmposit'onis
1647 3995 1803 4063 hujus
1829 4000 2173 4069 magnificen-

601 4075 752 4143 tiam,
787 4086 840 4130 et
862 4078 1123 4147 accipiant
1152 4082 1274 4150 quia
1304 4083 1464 4136 ctiam
1495 4086 1788 4140 secundum
1821 4089 2053 4157 ipsorum
2084 4106 2169 4145 as-

597 4169 883 4223 sertionem
909 4167 974 4224 de
987 4169 1188 4240 Spiritu
1212 4174 1810 4247 sanctointelligendum
1835 4189 1933 4234 est.
1955 4180 2021 4234 In
2040 4183 2169 4253 ipso,

597 4261 811 4329 inquit,
843 4263 1086 4327 vivimus,
1119 4280 1404 4332 movemur,
1437 4277 1484 4321 et
1527 4285 1701 4323 sumus
1730 4269 1873 4341 (Act.
1906 4273 2070 4340 xvn).
2106 4276 2171 4329 Et

599 4350 794 4403 merito
824 4350 874 4404 in
906 4351 1020 4419 ipso
1052 4354 1311 4421 vivimus,
1343 4373 1621 4414 movemur
1649 4369 1703 4415 et
1742 4376 1948 4429 sumus,
1982 4365 2034 4420 in
2061 4382 2169 4435 quo

601 4442 833 4510 reparati
859 4452 913 4497 et
935 4448 1229 4511 rcgenerati
1257 4462 1464 4501 sumus.
1484 4449 1589 4504 Sed
1614 4460 1668 4506 et
1696 4469 1789 4521 per
1815 4454 1984 4524 ipsmn
2008 4458 2164 4512 etiam

595 4532 659 4586 ad
692 4532 949 4601 Spiritum
981 4545 1223 4588 sanctum
1277 4536 1618 4605 referendum
1662 4555 1781 4595 esse
1831 4546 2164 4613 agnoscimus

2286 3334 2491 3386 sumus,
2526 3323 2577 3375 in
2619 3335 2779 3380 morte
2827 3328 2986 3397 ipsius
3032 3332 3277 3400 baptizati
3320 3338 3542 3390 sumus?
3571 3337 3855 3408 Consepnlti

2284 3411 2416 3466 enim
2447 3429 2620 3468 sumus
2642 3431 2755 3469 cum
2785 3418 2877 3472 illo
2907 3436 2997 3488 per
3026 3422 3332 3491 baptismum
3363 3427 3415 3479 in
3443 3437 3659 3481 mortem
3685 3429 3849 3498 (Rom.

2284 3502 2382 3572 ix).
2412 3504 2563 3559 Sicut
2588 3508 2729 3561 enim
2760 3509 2848 3563 ille
2876 3511 3116 3569 triduana
3140 3526 3309 3572 morte
3334 3519 3583 3587 sepulcro
3613 3522 3853 3576 c0nditus

2281 3591 2398 3659 fuit,
2435 3594 2506 3648 ita
2528 3605 2581 3650 et
2609 3612 2704 3651 nos
2730 3599 2863 3653 intra
2893 3615 3070 3670 aqum,
3098 3604 3149 3658 id
3172 3618 3255 3662 est
3288 3607 3429 3662 inter
3448 3621 3691 3677 cognatm.
3712 3626 3851 3666 crea-

2283 3692 2416 3739 tura:
2460 3688 2811 3743 substantiam
2848 3693 2983 3747 trina
3021 3695 3392 3754 submersione
3434 3701 3701 3770 depositi,
3729 3703 3849 3756 dum

2279 3773 2654 3834 descendimus
2672 3781 2984 3850 sepelimnr,
3011 3786 3134 3841 dum
3167 3791 3491 3859 emergimus
3506 3794 3846 3847 suscitantur.

2280 3866 2383 3923 Per
2406 3884 2598 3939 aquam
2631 3874 2809 3942 itaque
2835 3878 3137 3933 celebratur
3161 3881 3385 3937 imitatio
3415 3886 3728 3953 sepultum,
3760 3902 3849 3955 per

2279 3957 2533 4027 Spiritum
2558 3976 2798 4017 sanctum
2827 3967 3099 4023 confertur
3127 3972 3327 4026 veritas
3372 3972 3493 4027 vitae
3521 3983 3577 4028 ct
3617 3990 3743 4045 spes
3770 3992 3849 4029 sa-

2278 4048 2402 4104 lutis
2439 4061 2672 4107 mtcrna'.
2731 4056 2965 4125 Denique
3012 4073 3353 4118 removeatur
3397 4066 3629 4135 Spiritus
3682 4071 3846 4124 sancti

2276 4140 2563 4212 invocatio,
2597 4155 2649 4199 et
2674 4148 2947 4205 videamus
2975 4154 3018 4207 si
3049 4154 3335 4225 quidquam
3385 4174 3535 4228 aqua:
3568 4160 3708 4215 illius
3733 4164 3843 4217 sola

2274 4234 2528 4301 prodesse
2560 4238 2726 4305 possit
2753 4241 2967 4297 infusio.
2996 4245 3252 4301 Creatnra
3283 4250 3462 4319 itaque
3496 4262 3731 4321 estvqua:
3766 4270 3846 4309 se-

2273 4327 2503 4393 peliendi
2534 4340 2751 4397 prtestat
2794 4334 3053 4401 olftcium,
3110 4338 3247 4393 Deus
3287 4350 3366 4394 est
3408 4342 3495 4410 qui
3528 4341 3846 4398 beneficium

2272 4416 2457 4471 tribuit
2482 4422 2815 4476 renascendi.
2847 4423 3013 4490 Quem
3043 4441 3173 4496 ergo
3203 4430 3465 4498 perspicis
3487 4434 3849 4499 reparationis

2269 4516 2562 4574 parentem,
2588 4509 2759 4578 ipsum
2778 4528 2897 4568 esse
2918 4530 3148 4584 agnosce
3165 4527 3217 4572 et
3237 4521 3645 4576 resurrectionis
3672 4533 3850 4579 aucto-

594 4600 937 4679 sicutihabes.
971 4626 1072 4678 Alii
1098 4604 1299 4694 quidem
1338 4644 1426 4696 per
1451 4631 1686 4697 spiritum
1712 4600 2058 4689 dalurvsermo
2079 4654 2162 4690 sa-
2198 4604 2244 4664 ο
2272 4613 2414 4697 rem:
2438 4600 2509 4655 De
2540 4617 2644 4697 (vi?
2674 4603 3012 4697 “minam”
3046 4618 3100 4661 el
3132 4609 3197 4663 ad
3230 4609 3437 4665 Patrem
3472 4613 3732 4680 prol'heu
3771 4616 3850 4670 Sic

594 4715 818 4780 pientite,
848 4716 938 4768 alii
967 4733 1129 4770 srrmo
1153 4718 1379 4773 scientia:
1403 4718 1455 4790 (I
1497 4721 1615 4775 Cor.
1647 4722 1766 4793 xu).
1811 4724 1937 4780 Item
1969 4728 2033 4781 ad
2070 4729 2163 4784 lle-

594 4803 767 4857 brtcos
792 4823 805 4856 :
839 4804 937 4868 Qui
960 4824 1049 4876 per
1078 4807 1332 4875 Spiritum
1363 4820 1593 4864 sanctum
1628 4816 1947 4884 semetipsum
1978 4820 2161 4873 obtulit

592 4895 971 4950 immaculatum
1000 4898 1139 4952 Deo:
1164 4899 1229 4953 Et
1253 4902 1471 4955 iterum:
1498 4902 1734 4960 Charitas
1761 4906 1853 4961 Dei
1876 4909 2065 4975 di/I'usa
2086 4920 2159 4965 est

591 4986 643 5038 in
686 4988 923 5039 cordibus
953 4992 1137 5042 nostris
1182 5007 1271 5059 per
1302 4992 1467 5059 ipsum
1506 5008 1740 5050 sanctum
1780 5000 1865 5068 qui
1908 5001 2059 5055 datus
2086 5011 2159 5057 est

590 5076 753 5131 nobis.
786 5077 913 5131 Nam
947 5081 989 5134 si
1020 5090 1071 5135 et
1097 5081 1165 5136 de
1194 5082 1347 5138 Patre
1368 5083 1756 5155 intelligamus,
1788 5106 1854 5146 ex
1877 5092 1990 5160 ipso
2012 5104 2066 5149 et
2095 5112 2158 5150 ex

588 5167 787 5235 Spiritu
834 5182 1018 5225 sancto
1050 5174 1250 5229 dictum
1278 5175 1525 5232 similiter
1564 5180 1885 5238 invenimus.
1919 5185 2070 5241 Sicut
2105 5187 2159 5242 in

588 5261 809 5318 Jonnnis
838 5264 1119 5332 Evangelio
1140 5267 1425 5324 habemus:
1451 5271 1600 5336 Quod
1620 5284 1791 5328 uatum
1807 5286 1879 5330 est
1902 5294 1964 5331 ea:
1986 5295 2160 5347 carne,

585 5370 705 5409 caro
734 5367 843 5421 est;
868 5366 915 5410 et
955 5359 1088 5425 quod
1128 5368 1300 5415 uatum
1338 5373 1500 5418 estea:
1544 5364 1777 5431 Spiritu,
1807 5368 2035 5440 Spiritus
2082 5360 2160 5427 ‘est

588 5446 767 5521 (Joan.
798 5449 899 5521 tu).
925 5449 990 5504 Et
1020 5450 1071 5504 in
1103 5453 1445 5511 conclusione
1490 5456 1706 5527 capituli
1734 5477 1745 5511 :
1780 5459 1870 5515 Sic
1898 5472 1969 5515 est
1994 5465 2158 5519 omnis

583 5543 670 5609 qui
691 5551 840 5596 natus
864 5550 936 5596 est
961 5560 1024 5597 ea:
1049 5538 1266 5614 Spiritu.
1291 5548 1380 5601 Sic
1407 5564 1533 5618 ergo
1555 5567 1661 5605 non
1692 5553 2001 5621 prtejudicat
2040 5556 2159 5627 Spi-

583 5631 704 5683 ritui
735 5644 943 5699 sancto,
975 5649 1095 5690 cum
1155 5651 1445 5707 suppresso
1475 5641 1590 5711 ejus
1622 5645 1837 5700 nomine
1884 5646 2057 5703 Patris
2096 5664 2159 5706 ac

583 5720 700 5775 Filii
730 5741 888 5794 opera
912 5744 1421 5800 commemorantur,
1450 5734 1585 5788 sicut
1610 5736 1765 5791 Pater
1782 5745 1835 5793 et
1858 5739 2021 5796 Filius
2051 5758 2154 5797 non

582 5825 863 5883 negantur,
896 5822 1105 5886 «pundo
1148 5825 1453 5898 specialiter
1503 5826 1733 5895 Spiritus
1765 5842 1977 5889 sanctus
2022 5850 2154 5904 opus

2271 4688 2510 4757 loquitur
2540 4709 2551 4744 :
2584 4691 2772 4747 Emitte
2805 4696 3059 4764 Spiritum
3078 4709 3125 4752 et
3158 4702 3482 4765 creabantur,
3507 4712 3552 4756 et
3581 4708 3852 4760 renouabis

2269 4780 2453 4850 faciem
2497 4792 2645 4837 terra:
2671 4784 2846 4852 (Psal.
2877 4787 3011 4858 cnt).
3046 4788 3181 4855 Quid
3216 4790 3379 4844 distat
3410 4793 3551 4846 inter
3590 4791 3750 4855 aquai
3800 4805 3851 4851 et

2267 4870 2496 4939 Spiritus
2522 4879 2690 4929 sancti
2721 4879 3131 4944 operationem?
3165 4882 3269 4936 Per
3296 4898 3488 4952 aquam
3532 4885 3730 4941 deduci
3772 4889 3851 4940 vi-

2268 4964 2455 5020 demur
2485 4968 2535 5021 in
2564 4970 2821 5024 tumulum
2848 4988 2860 5023 :
2887 4987 2981 5040 per
3001 4973 3255 5043 Spiritum
3278 4986 3522 5031 sanctum
3550 4980 3850 5047 pmparari

2269 5056 2511 5112 videmur
2541 5060 2607 5114 ad
2638 5076 2884 5131 regnum.

2880 5203 3108 5260 CAPUT
3148 5207 3231 5262 Vl.

2369 5288 2465 5343 Ubi
2497 5292 2740 5372 quaritur
2790 5302 2954 5347 utrum
3010 5297 3233 5366 Spiritus
3275 5301 3439 5352 sancti
3478 5302 3766 5372 appellatio

2497 5366 2508 5374 '
2646 5379 2920 5433 cognomen
2949 5377 3151 5436 putetur
3178 5385 3243 5422 an
3270 5386 3466 5424 nomen.

2338 5470 2441 5527 Sed
2473 5472 2612 5526 inter
2642 5472 2757 5527 haec
2789 5477 3170 5545 requirendum
3210 5479 3415 5544 credis,
3450 5494 3627 5535 utrum
3656 5486 3841 5553 appel-

2266 5561 2393 5615 latio
2415 5562 2643 5631 Spiritus
2669 5567 2858 5630 sancﬁ,
2887 5583 3043 5636 quem
3082 5569 3249 5624 Deum
3280 5587 3501 5643 necesse
3531 5583 3616 5627 est
3637 5592 3851 5629 nuncuo

2267 5655 2401 5723 pari,
2434 5671 2624 5710 nomen
2648 5672 2713 5710 an
2743 5658 2968 5714 fortaSsc
2989 5676 3285 5727 cognomen
3316 5665 3404 5717 sit.
3439 5664 3543 5719 Sed
3575 5682 3851 5735 cognosce

2265 5750 2386 5817 qu'a
2426 5748 2476 5803 id
2507 5750 2645 5817 quod
2691 5752 2828 5820 apud
2865 5753 3110 5808 homines
3144 5756 3346 5809 nomini
3377 5758 3618 5812 solemus
3647 5762 3849 5826 adjun-

2267 5855 2412 5909 gcrc,
2446 5840 2537 5896 Dei
2571 5857 2676 5896 non
2732 5842 2988 5899 condecet
3042 5846 3330 5918 majestati,
3382 5848 3432 5903 in
3480 5849 3597 5919 ejus
3630 5854 3854 5908 nomine

2728 6088 2757 6118 ἢ
