3990 6390
165 346 232 403 55
1327 329 1403 386 DE
1441 330 1708 386 SPIRITU
1751 328 2016 384 SANCTO
2059 329 2184 383 LIB.
2229 327 2288 382 ΙΙ.
3336 337 3437 403 ὃν

164 456 418 532 quidquid
449 465 534 509 est
564 465 894 523 nequaquam
932 448 1394 518 adjectivum,5ed
1425 448 1540 501 sine
1571 445 1733 499 dubio
1761 447 1813 504 Α
1839 453 1984 497 ctum
2014 444 2102 511 qui
2135 443 2420 512 prophetas
2449 429 2817 510 iuspiraverat,
2854 438 3132 496 Dominum
3164 453 3217 499 et
3246 442 3413 500 Deum

164 540 476 606 naturaliter
495 543 878 612 sempiternum
901 549 1006 594 est.
1029 538 1202 592 Etiam
1227 537 1278 590 in
1302 536 1541 592 doctrina
1564 550 1740 604 gram-

165 635 355 690 matica
383 633 487 685 alia
510 631 727 684 nomina
757 627 1080 690 communia,
1116 626 1166 679 id
1197 637 1277 680 est
1307 623 1618 692 appellativa
1642 638 1740 677 vo-

165 736 272 791 cat,
300 725 402 778 alia
434 720 710 790 specialia,
755 719 806 774 id
837 728 919 774 est
949 717 1161 788 propria
1210 724 1500 783 nuncupat.
1549 714 1738 768 Videa-

165 834 285 874 mus
314 817 358 871 si
406 815 458 871 in
487 814 684 867 nostris
728 812 973 867 hocloeo
1021 809 1222 880 aliquid
1277 809 1454 863 simile
1499 809 1739 864 invenire

166 907 454 978 possimus.
488 905 561 958 Da
592 905 643 956 in
677 903 788 956 Deo
827 916 1019 956 nomen
1069 901 1302 968 speciale
1330 899 1413 953 vel
1443 900 1739 968 proprium,

168 977 218 1051 id
236 977 330 1052 ἐει
358 995 516 1049 Pater
542 1003 595 1048 et
622 993 785 1047 Filius
827 1000 881 1046 et
908 991 1138 1059 Spiritus
1182 1000 1416 1043 sanctus.
1452 989 1504 1041 In
1536 997 1737 1042 tantum

168 1087 282 1142 hrec
313 1086 527 1155 propria
558 1092 705 1148 sunt,
740 1093 793 1137 ut
825 1098 923 1136 nec
955 1082 1019 1136 de
1050 1081 1187 1135 Filio
1233 1080 1388 1134 Pater
1418 1080 1520 1134 dici
1551 1080 1738 1148 possit,

170 1192 268 1232 nec
297 1177 364 1231 de
395 1176 552 1230 Patre
590 1173 749 1227 facile
780 1173 970 1241 legitur
997 1171 1228 1240 Spiritus
1249 1180 1484 1224 sanctus.
1520 1169 1646 1224 Item
1675 1169 1739 1223 da

170 1267 466 1338 proprium,
502 1264 788 1333 ingenitus,
823 1278 886 1316 ex
920 1273 1145 1331 utroque
1169 1262 1486 1330 procedens.
1510 1259 1739 1314 Rursum

172 1360 236 1414 da
268 1373 460 1413 nomen
505 1355 758 1425 generale
797 1364 956 1423 atque
987 1369 1292 1408 commune.
1347 1352 1614 1419 blajestas,
1645 1352 1743 1405 im-

173 1454 454 1517 mensitas,
499 1448 801 1519 plenitudo,
853 1462 1018 1510 unus,
1052 1447 1224 1510 solus,
1261 1447 1422 1500 Deus.
1479 1444 1582 1499 Sed
1621 1459 1740 1499 cum

175 1547 328 1599 audis
369 1559 527 1607 unus,
569 1556 674 1594 nou
716 1540 800 1593 hic
829 1554 1079 1593 numerus
1109 1539 1410 1602 inchoatur,
1448 1539 1540 1591 sed
1574 1538 1744 1604 perfo-

179 1637 282 1690 ctio
327 1635 526 1687 infinita
573 1632 854 1700 colligitur.
889 1630 1025 1697 Quid
1055 1640 1136 1683 est
1192 1644 1352 1687 unus,
1405 1629 1502 1682 nisi
1549 1643 1742 1682 nomen

179 1723 698 1787 incommunicabile,
731 1721 872 1788 quod
905 1735 1002 1774 nrc
1035 1720 1384 1787 posteriorem
1429 1720 1615 1786 recipit
1647 1731 1744 1772 nec

1845 534 2004 588 lsrael
2030 548 2170 599 esse,
2201 533 2508 602 evangelico
2533 532 2833 587 celebratur
2861 533 3093 587 oraculo.
3127 535 3190 587 lit
3220 535 3269 587 in
3293 535 3417 588 sub-

1843 626 2190 694 sequentibus
2218 625 2430 678 Simeon
2467 625 2665 693 Spiritu
2691 634 2876 679 sancto
2907 625 3095 693 plenus
3129 642 3144 679 :
3184 625 3414 693 Respon-
3457 612 3459 614 ’

1843 733 1955 771 sum
1976 755 1990 780 ,
2022 717 2222 784 inquit,
2255 719 2448 784 accepit
2478 734 2507 767 α
2537 715 2732 785 Spiritu
2761 725 2956 779 sancto,
2991 733 3091 769 non
3118 719 3339 770 eisin-nm
3366 734 3420 769 se

1844 818 2072 872 mortem,
2098 808 2195 861 nisi
2228 809 2371 874 prius
2403 807 2588 860 videret
2621 805 2874 860 Christum
2909 806 3111 858 Domini
3153 806 3302 873 (Luc.
3336 811 3414 872 n).

1842 898 1959 963 Quo
1993 898 2128 961 viso,
2163 907 2216 950 et
2247 898 2300 950 in
2328 898 2630 964 amplexum
2660 897 2902 950 manibus
2927 905 3220 964 assumpto,
3257 896 3417 948 Deum

1844 989 2114 1049 benedixit,
2138 988 2187 1041 id
2211 997 2291 1041 est
2312 1003 2339 1039 a
2362 1003 2464 1054 quo
2488 1002 2800 1055 responsum
2827 988 3096 1055 accepisse
3118 986 3415 1040 videbatur.

1846 1080 2116 1134 Benedixit
2151 1080 2331 1140 Deum,
2350 1088 2394 1131 et
2411 1080 2538 1131 dixit
2570 1094 2588 1131 :
2613 1078 2764 1130 Nunc
2786 1080 3020 1144 dimittis,
3047 1078 3280 1144 Domine,
3314 1095 3419 1131 sera

1845 1187 1960 1224 vum
1980 1179 2141 1236 tuum,
2161 1171 2436 1222 secundum
2462 1169 2665 1222 rerbum
2691 1178 2829 1222 tuum
2851 1173 2903 1223 in
2926 1188 3066 1240 pace.
3092 1171 3156 1225 Et
3175 1171 3418 1225 absolute

1847 1260 2128 1314 Dominum
2162 1261 2322 1314 Deum
2356 1269 2508 1314 vocat
2534 1259 2786 1328 Spiritum
2814 1271 3053 1316 sanctum
3083 1263 3231 1330 cujus
3258 1262 3418 1316 verbo

1846 1360 2004 1420 atque
2035 1365 2311 1419 responso,
2341 1351 2480 1419 quod
2504 1350 2774 1405 Christum
2802 1353 3008 1406 visurus
3033 1365 3172 1408 esset
3200 1368 3420 1421 accepe-

1850 1451 1948 1496 rat.
1975 1441 2136 1495 Vides
2157 1441 2462 1509 specialiter
2487 1441 2553 1497 de
2584 1441 2782 1509 Spiritu
2810 1455 2993 1498 sancto
3022 1445 3420 1514 intelligendum

1849 1548 1987 1595 esse,
2018 1549 2138 1586 cum
2169 1532 2358 1587 dicitur
2390 1535 2440 1587 in
2474 1533 2746 1603 prophetis
2779 1551 2791 1587 :
2824 1534 2961 1587 Deus
2989 1534 3211 1590 Deorum
3244 1536 3422 1589 Domi-

1850 1641 1945 1676 nus
1969 1625 2162 1677 locutus
2185 1635 2256 1678 est
2283 1641 2300 1678 :
2327 1624 2618 1678 Exaudiant
2643 1626 2766 1694 quid
2790 1627 3024 1694 loquatur
3055 1628 3104 1678 in
3138 1645 3215 1680 me
3245 1627 3421 1683 Domi-

1851 1731 1944 1767 nus
1978 1713 2115 1767 Deus
2156 1714 2328 1784 (Psal.
2362 1713 2528 1784 xux).
2570 1715 2664 1770 llic
2693 1732 2884 1770 nomen
2917 1717 3073 1782 istud,
3109 1717 3159 1770 id
3187 1727 3288 1782 est,
3319 1717 3422 1772 Do~

179 1814 599 1884 priorem?Quitl
623 1823 702 1866 est
733 1813 904 1866 unus?
930 1811 1290 1878 nisisimples,
1316 1809 1662 1876 incomposita
1693 1819 1745 1863 et
1781 1824 1822 1882 Β
1853 1807 2002 1872 mini,
2036 1807 2185 1875 cujus
2215 1807 2374 1861 verbo
2399 1816 2557 1876 atque
2587 1823 2844 1876 responso
2868 1810 3008 1879 quod
3039 1810 3306 1864 (‘ihristum
3337 1810 3420 1864 vi-

177 1905 396 1958 indivisa
428 1904 766 1958 substantia?
797 1901 932 1968 Quid
968 1910 1049 1955 est
1101 1916 1237 1954 unus
1263 1939 1276 1963 ,
1307 1899 1408 1954 nisi
1440 1899 1740 1953 incommu.

183 1996 425 2048 nieabilis
448 2004 500 2048 et
525 1994 820 2061 inmqualis,
841 2007 902 2047 ac
931 2007 1143 2060 semper
1165 1993 1328 2056 idem,
1359 1993 1446 2060 qui
1475 2007 1742 2061 nunquam

176 2101 202 2139 a
224 2102 280 2141 se
312 2087 478 2154 possit
501 2100 620 2140 esse
645 2085 922 2139 diversus?
946 2086 1020 2137 Ae
1041 2085 1118 2138 sic
1138 2084 1438 2138 communis
1459 2083 1743 2152 appellatio

175 2179 454 2232 unitatem.
482 2179 613 2231 Cum
641 2193 767 2246 ergo
788 2177 988 2230 dixeris
1022 2177 1200 2244 Pater,
1235 2178 1421 2238 Filius,
1443 2187 1498 2232 et
1518 2178 1746 2246 Spiritus

172 2278 412 2333 sanctus,
435 2269 762 2336 singulorum
793 2283 1047 2336 personas
1067 2269 1264 2337 pariter
1287 2269 1585 2337 explicasti.
1612 2269 1742 2322 Cum

171 2358 394 2424 dixeris,
424 2374 558 2411 unus
605 2359 776 2421 Deus,
806 2373 1147 2414 communem
1179 2360 1354 2414 Trinit
1391 2361 1458 2414 tis
1499 2361 1747 2414 substan-

173 2449 337 2512 tiam,
381 2465 723 2502 communem
762 2450 985 2518 gloriam
1039 2451 1439 2508 demonstrasti.
1477 2453 1572 2506 Hic
1621 2467 1747 2519 ergo

172 2538 276 2591 sibi
300 2539 565 2604 imperitia
595 2547 802 2592 noctem
832 2540 1032 2592 erroris
1059 2540 1286 2607 obtexit,
1311 2540 1436 2594 dum
1461 2555 1750 2608 suppresso

174 2628 443 2681 vocabulo
487 2627 782 2696 majestatis
805 2628 1062 2696 Spiritum
1104 2637 1345 2684 sanctum
1376 2633 1426 2682 in
1460 2645 1524 2682 eo
1549 2639 1748 2682 tantum

174 2717 411 2772 mstimat
436 2719 674 2782 nomine,
710 2717 848 2786 quod
877 2719 950 2782 ei,
976 2728 1030 2770 ut
1060 2720 1323 2784 diximus,
1352 2721 1622 2788 pr0prium
1649 2728 1748 2782 est,

169 2809 344 2876 magis
373 2823 530 2876 quam
560 2807 702 2876 quod
746 2808 795 2861 ei
837 2822 957 2862 cum
991 2807 1147 2861 Patre
1188 2808 1428 2877 Filioque
1467 2823 1750 2863 commune

168 2905 273 2949 est.

773 2964 996 3020 CAPUT
1037 2965 1145 3020 \'|l.

170 3057 325 3127 Quod
352 3056 575 3124 Spiritus
607 3067 808 3110 sanctus
832 3058 1106 3127 praphetas
1132 3059 1415 3125 specialiter
1441 3059 1670 3125 implere,
1702 3069 1747 3114 et

238 3125 381 3179 Deus
410 3132 595 3192 pariter
630 3130 767 3180 credi
795 3125 843 3180 et
873 3131 1062 3190 vorari,
1098 3130 1410 3183 evidentibus
1447 3132 1743 3183 testinmniis

236 3196 574 3266 approbatur.

233 3334 374 3390 Cum
427 3351 520 3404 per
551 3337 783 3406 Moysem
829 3351 890 3390 ac
939 3337 1102 3390 David
1135 3347 1189 3392 et
1231 3337 1453 3404 Isaiam,
1484 3339 1566 3394 vel
1615 3342 1749 3396 alios

163 3428 458 3497 prophetas
508 3430 812 3497 specialiter
851 3429 1079 3496 Spiritus
1119 3439 1334 3486 sanctus
1381 3432 1585 3488 locutus
1630 3450 1749 3490 esse

163 3520 460 3596 referatur,
496 3519 658 3572 Deum
692 3521 925 3574 locutum
948 3522 1121 3574 divina
1152 3523 1464 3591 profitentur
1497 3525 1705 3595 eloquia
1732 3567 1746 3590 ,

167 3611 314 3665 sicut
338 3612 388 3664 in
415 3611 810 3666 Pentateuchon
837 3613 1104 3666 volumine
1129 3614 1522 3683 frequentatur;
1544 3617 1748 3672 locutus

161 3709 269 3762 est,
310 3701 501 3770 inquit,
533 3701 789 3756 Dominus
832 3703 896 3756 ad
926 3703 1180 3773 Moysem,
1213 3705 1434 3760 dicens:
1461 3706 1749 3762 Sollicitius

161 3793 506 3861 requiramus
538 3795 580 3847 si
605 3795 908 3862 specialiter
935 3795 1162 3864 Spiritus
1185 3809 1402 3852 sanctus
1431 3799 1482 3852 iu
1515 3800 1747 3868 prophe-

165 3885 232 3936 tis
263 3885 546 3953 loquatur:
579 3885 835 3941 habemus
869 3896 926 3940 ut
954 3889 1157 3956 prmfati
1185 3905 1390 3954 sumus,
1438 3892 1489 3944 in
1522 3893 1745 3948 Actibus

173 3975 568 4042 apostolorum,
601 3976 763 4030 Paulo
795 3987 1051 4046 arguente
1074 3979 1287 4034 Juda-os
1313 3997 1326 4034 :
1351 3981 1506 4047 Bene,
1553 3985 1741 4052 inquit,

161 4063 398 4132 Spiritus
445 4076 652 4119 sanctus
696 4083 783 4133 per
809 4067 1005 4121 Isaiam
1033 4071 1229 4124 locutus
1270 4081 1340 4124 est
1367 4074 1434 4125 ad
1461 4086 1626 4142 patres
1651 4091 1758 4129 no-.

156 4164 297 4209 stros
324 4169 343 4207 :
371 4155 556 4208 Audita
578 4157 817 4223 audietis,
841 4170 888 4211 et
913 4175 1013 4212 non
1042 4161 1334 4232 intelligetis
1358 4163 1491 4233 (Act.
1527 4166 1644 4232 ult.)
1682 4167 1745 4220 Et

154 4241 212 4293 in
246 4239 438 4293 eadem
469 4243 691 4295 lcetione
723 4261 733 4294 :
771 4245 878 4297 Viri
919 4247 1123 4313 fratres,
1150 4259 1344 4312 Oportet
1389 4251 1590 4319 impleri
1614 4255 1744 4304 scri-

153 4342 374 4401 pturam
401 4349 553 4400 quam
601 4337 836 4402 praedixit
870 4338 1098 4404 Spiritus
1137 4350 1342 4394 sanctus
1380 4358 1469 4411 per
1495 4359 1549 4394 os
1583 4345 1745 4397 David

155 4424 302 4491 (Act.
340 4425 400 4492 ι).
432 4425 495 4477 Et
527 4426 576 4478 in
602 4427 828 4495 epistola
869 4428 1012 4483 Petri
1056 4431 1314 4498 legimus:
1350 4432 1472 4486 Non
1496 4437 1628 4487 enim
1660 4452 1746 4489 vo-

155 4513 361 4568 luntate
404 4513 627 4568 humana
674 4516 836 4570 allata
874 4530 947 4572 est
995 4521 1275 4590 aliquando
1322 4525 1610 4593 praplietia,
1656 4527 1746 4579 sed

158 4603 373 4672 Spiritu
398 4615 569 4658 sancto
589 4607 1046 4663 locutisuntsancti
1067 4611 1159 4664 Dei
1181 4614 1502 4683 homines“!
1525 4615 1661 4671 Petr.
1681 4620 1739 4688 t).

163 4694 542 4763 Agnoscamus
575 4698 942 4765 proplieticam
985 4703 1207 4770 gratiam
1255 4706 1530 4760 evidenter
1557 4710 1620 4760 ad
1651 4725 1742 4778 po-

159 4787 387 4839 tentiam
409 4789 580 4843 sancti
601 4790 827 4858 Spiritus
852 4797 1144 4861 pertinere.
1169 4796 1234 4848 Et
1255 4798 1320 4851 de
1350 4801 1554 4866 psalmo
1579 4803 1739 4856 David

154 4876 228 4930 ita
257 4878 326 4932 ad
355 4878 609 4933 Hebraeos
637 4882 878 4948 legimus.
901 4886 1235 4956 Quapropter
1255 4892 1390 4944 sicut
1416 4893 1546 4946 dicit
1576 4894 1744 4962 Spiri-

154 4977 239 5022 tus
284 4979 508 5024 sanctus
543 4988 556 5025 :
596 4973 759 5028 Hodie
793 4979 836 5029 si
875 4995 1042 5031 vocem
1084 4983 1194 5050 ejus
1237 4985 1501 5039 audieritis
1562 4987 1739 5054 (Psal.

157 5062 327 5126 χειν).
358 5061 426 5114 Et
448 5061 532 5116 hic
568 5067 899 5134 apertissime
921 5084 1015 5137 per
1039 5071 1200 5125 David
1223 5073 1476 5142 Spiritum
1500 5089 1739 5132 sanctum

159 5150 397 5206 locutum
427 5169 548 5209 esse
578 5166 819 5212 testatur.
867 5161 1154 5216 Videamus
1181 5176 1356 5220 autem
1401 5179 1574 5222 utrum
1604 5171 1741 5225 Deus

154 5242 227 5294 sit
250 5244 374 5308 iste,
405 5259 500 5312 per
523 5262 678 5314 quem
702 5251 874 5303 omzis
901 5254 1174 5319 pr0phetia
1204 5257 1452 5325 inSpirata
1479 5275 1743 5314 memora-

159 5343 266 5389 tur.
308 5336 482 5390 Lucas
512 5339 790 5394 Dominum
827 5344 986 5397 Dcmn
1017 5348 1208 5401 asserit
1233 5391 1246 5411 ,
1284 5352 1371 5417 qui
1417 5353 1621 5406 locutus
1661 5366 1743 5410 est

157 5439 254 5492 per
283 5429 602 5496 prOphetas,
630 5431 700 5484 ita
728 5434 827 5486 dic-
852 5450 913 5487 ns
947 5453 958 5487 :
995 5436 1293 5493 Benedictus
1329 5440 1574 5498 Dominus
1606 5446 1741 5501 Deus

158 5517 364 5584 Israel,
392 5523 514 5590 quia
545 5523 754 5577 eisitavit
787 5536 831 5577 et
860 5528 973 5596 (erit
1004 5530 1392 5599 redemptionem
1427 5536 1583 5597 pletis
1614 5555 1737 5590 sum.

158 5606 434 5676 Etadjccit
453 5629 464 5661 :
483 5610 626 5665 Sicut
651 5613 850 5667 locutus
878 5626 947 5667 est
971 5632 1058 5679 per
1074 5634 1126 5670 os
1139 5629 1452 5687 sanctorum,
1480 5626 1567 5692 qui
1592 5642 1624 5676 α
1650 5643 1745 5678 sa:-

159 5699 275 5752 sulo
309 5710 431 5754 sunt
461 5706 824 5769 praphetat'um
855 5707 983 5772 eius.
1037 5709 1291 5767 Absolufe
1320 5713 1574 5781 Spiritum
1617 5732 1743 5772 san-

1848 1913 2001 1952 surus
2050 1909 2193 1954 esset
2236 1911 2550 1968 acceperat,
2580 1902 2728 1956 vides
2774 1902 3077 1968 specialiter
3117 1902 3182 1955 de
3221 1901 3420 1969 Spiritu

1849 1998 2034 2042 sancto
2062 1990 2464 2058 intelligendum
2491 2005 2630 2053 esse,
2654 2007 2772 2045 cum
2805 1991 2998 2045 dicitur
3029 1992 3080 2044 in
3106 1991 3376 2059 prophetis
3403 2007 3420 2045 :

1850 2079 1987 2133 Deus
2027 2079 2248 2133 Deorum
2279 2081 2527 2134 Dominus
2557 2083 2750 2135 locutus
2785 2090 2877 2136 est.
2922 2082 3016 2144 Et,
3048 2083 3262 2133 Audiam
3299 2082 3421 2150 quid

1850 2170 2089 2239 loquatur
2126 2172 2176 2224 in
2223 2187 2302 2224 me
2349 2170 2596 2224 Dominus
2630 2171 2785 2224 Deus.
2828 2172 2921 2225 llic
2950 2186 3141 2226 nomen
3174 2173 3334 2236 istud,
3368 2172 3421 2226 id

1849 2269 1932 2314 est
1960 2259 2205 2314 Dominus
2236 2261 2376 2314 Deus
2417 2262 2479 2314 ad
2512 2263 2740 2330 Spiritus
2778 2263 2944 2315 sancti
2972 2263 3060 2331 qui
3107 2263 3313 2316 locutus
3343 2269 3423 2317 est

1851 2353 1902 2406 in
1931 2352 2088 2404 David
2112 2353 2322 2406 noveris
2344 2351 2677 2407 referendum
2702 2367 2818 2406 esse
2844 2363 3147 2420 personam,
3165 2363 3256 2406 aut
3277 2361 3423 2406 certe

1854 2443 1904 2494 in
1935 2458 2037 2493 uno
2061 2443 2168 2496 Deo
2193 2444 2352 2496 trium
2377 2444 2721 2506 voluntatem,
2745 2444 2900 2495 trium
2926 2444 3234 2511 potentiam,
3260 2444 3420 2496 trium

1853 2547 2083 2600 agnosce
2132 2532 2479 2585 substantiam
2508 2571 2524 2596 ,
2564 2534 2682 2600 quia
2708 2547 2828 2584 eum
2867 2533 3086 2595 dixeris,
3131 2543 3275 2598 pater
3318 2547 3420 2585 una

1857 2638 2080 2690 persona
2108 2624 2441 2693 intelligitur,
2473 2639 2592 2676 eum
2631 2623 2850 2686 dixeris,
2887 2625 3023 2678 Deus
3055 2633 3161 2677 tota
3191 2624 3425 2678 Trinitas

1854 2717 2192 2786 designatur;
2232 2717 2525 2785 accipimus
2565 2727 2620 2770 et
2668 2718 2722 2770 in
2771 2716 2993 2771 Actibus
3041 2717 3425 2784 apostolorum,

1853 2809 1992 2877 quod
2043 2809 2402 2863 indubitanter
2453 2810 2590 2862 Deus
2639 2810 2743 2875 sit,
2777 2809 2864 2876 qui
2914 2810 3186 2876 passiones
3231 2809 3426 2863 Chriin

1853 2901 2226 2968 praenuntiavit
2257 2917 2351 2968 per
2379 2901 2663 2968 prophetas
2691 2916 2812 2955 cum
2852 2901 2980 2954 dicit
3020 2919 3031 2954 :
3078 2899 3216 2953 Deus
3260 2910 3426 2954 autem

1850 2989 1937 3058 qui
1988 2992 2332 3057 pronuntiavit
2376 3007 2462 3060 per
2509 3008 2564 3045 os
2613 2995 2839 3045 aniuium
2885 2993 3278 3062 prophetarum,
3321 2995 3425 3061 pati

1853 3079 2104 3133 Christum
2134 3097 2298 3146 suum,
2330 3082 2553 3150 implerit
2582 3083 2655 3135 sic
2684 3081 2941 3136 Christum
2965 3100 3113 3136 suum
3153 3085 3286 3154 (Act.
3315 3088 3422 3154 In);

1771 3185 1815 3247 (ς
1850 3173 1902 3228 id
1934 3185 2016 3229 est
2044 3175 2364 3229 charismate
2393 3191 2501 3229 sum
2526 3177 2790 3231 unctionis
2818 3177 3068 3231 infusum.
3103 3178 3167 3231 Et
3196 3179 3380 3232 iterum
3406 3194 3420 3232 :

1857 3266 1960 3332 Qui
1983 3269 2178 3320 locutus
2198 3277 2271 3320 est
2300 3267 2436 3320 Deus
2459 3285 2548 3334 per
2569 3284 2623 3320 os
2643 3277 2928 3321 sanrtorum
2950 3284 3157 3321 suorum
3189 3269 3336 3338 (Luc.
3364 3269 3422 3338 t).

1853 3355 1975 3409 ldeo
2004 3367 2311 3411 sanctorum
2337 3372 2578 3426 suorum,
2603 3361 2723 3427 quia
2751 3373 2877 3411 sane
2907 3360 3096 3414 ificatio
3123 3361 3333 3428 proprie
3359 3363 3424 3416 ad

1851 3449 2109 3516 Spiritum
2160 3460 2400 3504 sanetum
2454 3452 2703 3516 pertinet.
2755 3451 3000 3520 Legimus
3051 3453 3101 3506 in
3148 3452 3424 3507 Jeremia:

1853 3539 2041 3593 Nonne
2075 3542 2252 3593 calum
2303 3551 2349 3594 et
2394 3552 2580 3594 terram
2619 3559 2711 3613 ego
2757 3545 2940 3612 impleo
2965 3585 2977 3606 ,
3019 3545 3141 3596 dicit
3178 3543 3425 3598 Dominus

1855 3632 1985 3702 (Jer.
2013 3633 2198 3703 xxvi)?
2227 3634 2355 3700 Quis
2383 3642 2465 3688 est
2494 3635 2592 3689 iste
2621 3634 2875 3689 Dominus
2900 3635 2988 3705 qui
3019 3651 3112 3705 per
3139 3635 3424 3691 Jeremiam

1849 3725 2044 3779 emlum
2075 3735 2128 3779 et
2157 3736 2353 3780 terram
2385 3727 2604 3796 implere
2635 3741 2693 3782 se
2719 3728 2875 3791 dicit,
2917 3729 3015 3782 nisi
3047 3729 3275 3798 Spiritus
3305 3744 3425 3784 san-

1849 3826 1965 3868 ctus
1990 3856 2004 3880 ,
2039 3818 2125 3885 qui
2161 3827 2211 3870 et
2238 3818 2408 3886 ipsum
2437 3817 2722 3872 Jeremiam
2767 3822 2964 3873 virtute
3013 3821 3320 3888 prophetica
3372 3829 3425 3875 et

1849 3907 2039 3972 spiritu
2089 3909 2332 3962 veritatis
2374 3909 2603 3963 inludit?
2652 3910 2706 3965 Si
2753 3925 2881 3979 ergo
2928 3925 3023 3978 per
3059 3911 3424 3980 pr0pheticam

1847 3997 2324 4065 dispensationem,
2345 4000 2412 4053 ita
2433 4002 2591 4053 etiam
2614 4002 2861 4055 secunda:
2882 4001 3102 4070 gratiam
3136 4002 3424 4056 nativitatis

1846 4090 2068 4158 Spiritui
2093 4100 2277 4145 sancto
2310 4091 2393 4145 vel
2428 4093 2656 4144 maxime
2700 4092 2944 4143 voluntas
2984 4092 3260 4145 Trinitatis
3291 4093 3426 4145 assi-

1849 4189 1996 4248 gnat,
2030 4183 2167 4234 sicut
2198 4165 2325 4234 dicit
2356 4182 2407 4233 in
2439 4181 2642 4232 Joanne
2675 4198 2686 4230 :
2723 4181 2873 4244 Quod
2899 4189 3071 4230 natum
3100 4189 3173 4230 est
3205 4196 3231 4232 e
3257 4196 3426 4240 carne.

1849 4285 1968 4320 caro
1989 4277 2084 4332 est,
2107 4280 2154 4320 et
2184 4270 2316 4336 quod
2345 4277 2520 4320 natum
2551 4277 2623 4321 est
2652 4284 2713 4321 ea:
2736 4267 2955 4334 Spiritu,
2983 4268 3208 4336 Spiritus
3235 4279 3327 4322 est.
3365 4269 3426 4324 El

1851 4358 1901 4411 in
1933 4359 2035 4411 alio
2061 4359 2175 4412 loco
2206 4367 2441 4428 potestas
2474 4359 2765 4413 renovandi
2809 4359 3037 4413 hom'nis
3068 4374 3230 4428 penes
3260 4361 3428 4430 Spiri-

1849 4458 1958 4502 tum
1985 4458 2227 4502 sanctum
2253 4464 2370 4504 esse
2404 4451 2768 4518 perscribitur.
2820 4448 2917 4503 Vos
2947 4460 3117 4503 autem
3152 4452 3426 4522 baptizatu-

1775 4556 1823 4615 ι)
1850 4540 1975 4592 mini
1997 4539 2142 4608 Spiri
2165 4557 2195 4593 u
2218 4551 2394 4594 sancto
2416 4559 2516 4594 non
2541 4549 2652 4609 post
2675 4541 2860 4594 multos
2879 4541 2968 4594 hos
2992 4543 3099 4596 dies
3121 4542 3296 4613 (Joan.
3323 4547 3424 4612 ιιι).

1849 4628 1916 4683 Ει
1940 4631 2072 4684 sicut
2105 4633 2352 4699 superius
2381 4633 2579 4687 dictum
2611 4642 2691 4686 est
2726 4650 2738 4684 :
2776 4631 2893 4685 Nisi
2917 4636 3027 4701 quis
3050 4645 3251 4687 renatus
3275 4636 3426 4705 fuerit

1846 4737 1908 4774 ea:
1933 4739 2065 4790 aqua
2103 4732 2148 4776 et
2184 4723 2382 4790 Spiritu
2418 4734 2611 4777 saneto.
2656 4725 2719 4778 Et
2743 4725 2808 4778 ad
2835 4725 3011 4779 Titum
3045 4743 3058 4781 :
3092 4726 3308 4792 Salvos,
3344 4729 3427 4781 iu-

1847 4813 1983 4880 quit,
2015 4829 2104 4867 nos
2133 4814 2246 4882 fecit
2280 4830 2370 4883 per
2395 4815 2649 4868 lavacrum
2693 4819 3087 4886 regenerationis
3129 4827 3176 4870 et
3216 4835 3427 4872 renova-

1848 4905 1998 4957 tionis
2041 4905 2271 4974 Spiritus
2300 4908 2483 4960 sancti.
2534 4907 2821 4961 Videamus
2868 4908 2987 4976 quis
3031 4917 3112 4962 est
3152 4911 3249 4965 iste
3279 4913 3428 4979 cujus

1849 4994 1942 5048 filii
1976 5011 2070 5064 per
2093 4997 2315 5065 gratiam
2364 4998 2662 5066 adoptionis
2700 4998 2982 5053 efficimur.
3030 4999 3183 5053 Dedit
3222 5004 3312 5068 eis,
3345 5005 3426 5055 in-

1849 5085 1992 5153 quit,
2025 5096 2319 5154 potestatem
2357 5089 2490 5155 ﬁlios
2524 5089 2617 5141 Dei
2653 5090 2782 5156 ﬁeri.
2834 5091 2895 5144 Et
2926 5093 3112 5146 iterum
3149 5110 3162 5145 :
3197 5094 3296 5158 Qui
3328 5110 3425 5144 non

1849 5193 1910 5229 ea:
1933 5179 2291 5247 sanguinibus,
2333 5196 2493 5249 neque
2521 5196 2582 5233 ea:
2603 5180 2856 5234 voluntate
2884 5185 3080 5245 carnis,
3114 5187 3201 5236 sed
3230 5202 3291 5238 ea:
3319 5184 3426 5236 Deo

1849 5270 1956 5321 nati
1981 5279 2115 5322 sunt.
2162 5269 2324 5324 Vides
2372 5272 2710 5340 apertissime
2739 5272 2878 5340 quod
2922 5273 3020 5326 iste
3049 5274 3274 5342 Spiritus
3305 5289 3425 5326 sau-

1851 5371 1967 5413 ctus
2000 5361 2050 5412 in
2081 5376 2184 5428 quo
2215 5363 2566 5427 renaseimur,
2602 5363 2738 5417 Deus
2780 5375 2885 5426 e5t,
2929 5364 3080 5432 cujus
3108 5365 3424 5433 paternitate

1851 5451 2131 5504 donamur.
2177 5452 2291 5521 Ipse
2338 5453 2437 5506 hoc
2468 5455 2572 5505 alio
2624 5454 2742 5506 loco
2784 5455 2898 5508 luce
2925 5457 3118 5508 clarius
3145 5456 3375 5522 assignat
3405 5471 3418 5509 :

1853 5539 1957 5593 Ero
1979 5583 1992 5605 ,
2028 5543 2225 5610 inquit,
2258 5547 2330 5598 eis
2357 5545 2406 5595 in
2437 5555 2665 5611 patrem,
2699 5555 2742 5596 et
2773 5547 2872 5613 ipsi
2901 5555 3043 5597 erunt
3069 5545 3189 5596 mihi
3211 5548 3258 5596 in
3290 5546 3422 5606 ﬁlios

1851 5640 1898 5684 et
1941 5634 2112 5699 ﬁlias,
2149 5637 2267 5687 dicit
2317 5636 2562 5690 Dominus
2602 5640 2914 5705 omnipotens
2967 5635 3092 5701 (Tit.
3122 5635 3183 5704 t).
3234 5637 3421 5692 Merito

1851 5723 2212 5790 omnipotens,
2237 5725 2322 5793 qui
2348 5726 2546 5794 peccati
2575 5724 3161 5795 chirographumdelct,
3186 5726 3274 5794 qui
3297 5727 3417 5781 vin-
