3990 6390
593 327 662 382 35
1882 331 2235 391 PtStlilASll
2282 339 2543 396 DIACUM
3801 364 3871 423 τις

590 445 708 499 cula
737 444 1181 499 conscientiarum
1224 443 1425 499 relaxat
1450 486 1463 508 ,
1497 454 1548 499 et
1582 444 1847 499 hominem
1882 450 1931 499 in
1960 461 2019 501 se
2052 462 2170 502 cre-
2202 457 2243 513 Α
2278 454 2602 509 honorantes
2634 458 2819 524 Deum,
2850 460 2917 516 de
2945 464 3053 516 suis
3074 466 3232 535 justis
3261 469 3527 527 laboribus
3550 479 3867 539 vendebant

589 536 802 591 dentem
831 546 1095 604 corruptae
1148 550 1348 591 natura:
1382 537 1617 591 fmditate
1644 538 1913 606 dispoliat,
1938 549 1986 593 et
2016 541 2171 594 indu-

589 636 769 680 mento
799 626 1148 690 innocentia,
1178 628 1370 682 decore
1399 627 1650 694 justiti-.e,
1682 628 1818 681 stola
1854 628 2169 683 immortali-

586 717 716 771 tatis
741 727 996 781 exornat,
1033 726 1085 770 et
1118 717 1255 770 ﬁlios
1284 731 1407 769 suos
1444 718 1492 769 in
1534 699 1833 785 angelicunl
1858 727 2050 771 statum
2085 719 2169 787 pia

590 809 911 875 paternitate
934 808 1241 862 conscribit.
1275 806 1439 859 Nemo
1469 807 1723 874 Spiritum
1752 815 1994 860 sanctum
2020 822 2172 862 crea-

591 900 727 953 turis
766 899 1037 952 existimet
1065 898 1396 951 sociandum.
1444 898 1601 949 Extra
1634 896 1906 949 servitutis
1932 905 2013 950 est
2039 912 2169 951 cou-

589 992 847 1043 ditionem
900 990 987 1056 qui
1038 999 1292 1042 aeternam
1350 995 1525 1055 potest
1567 988 1799 1041 tr'.buere
1844 988 2167 1042 libertatem.

593 1078 712 1131 Non
738 1079 891 1143 enim,
923 1079 1091 1147 inqttit
1138 1078 1424 1146 Apostolus
1444 1118 1458 1143 ,
1491 1078 1755 1145 accepistis
1792 1078 2030 1143 spiritum
2054 1094 2167 1131 ser-

589 1168 759 1221 ritutis
788 1169 969 1221 iterum
1004 1169 1054 1221 in
1084 1168 1257 1220 timore
1279 1168 1410 1231 ,sed
1444 1168 1705 1233 accepistis
1750 1167 2001 1235 Spiritum
2043 1168 2169 1220 ado-

588 1263 775 1330 ptionis
821 1261 1047 1329 ﬁliorum
1070 1300 1085 1325 ,
1131 1270 1179 1313 et
1211 1261 1317 1330 ipse
1349 1258 1577 1328 Spiritus
1615 1258 1959 1311 testimonium
1998 1258 2168 1312 reddit

587 1352 788 1418 spiritui
817 1361 1013 1417 nostra,
1036 1352 1172 1420 quod
1203 1366 1378 1404 sumus
1424 1350 1521 1418 filii
1548 1348 1645 1402 Dei
1680 1349 1853 1418 (Rom.
1878 1352 1975 1417 v1).
2010 1349 2167 1404 ludu-

585 1445 814 1499 bitanter
865 1445 1003 1497 Deus
1047 1451 1130 1497 est
1174 1443 1261 1511 qui
1296 1458 1387 1510 per
1427 1442 1793 1496 remissionem
1823 1450 2164 1511 peccatorum

586 1536 723 1589 ﬁlios
752 1534 847 1589 Dei
884 1534 1027 1587 facit.
1078 1533 1384 1587 Universum
1421 1543 1716 1587 creaturam
1750 1534 1910 1587 etiam
1942 1534 2165 1602 angelo-

583 1639 702 1677 rum
747 1634 906 1692 atque
956 1622 1433 1692 areltangelorutu,
1482 1632 1697 1691 peccato
1743 1631 1949 1676 constat
1997 1624 2163 1679 fuisse

582 1716 908 1782 obnoxiam,
961 1730 1185 1783 quorutn
1237 1725 1411 1769 tamen
1464 1716 1513 1768 in
1564 1716 1726 1767 Detttn
1778 1716 2158 1781 obedientiam,

2274 544 2598 599 substantias
2616 562 2760 612 suas,
2778 558 2832 601 et
2848 554 3113 618 ponebant
3136 568 3259 611 ante
3280 560 3444 627 pedes
3464 569 3862 637 apostolorum,

2276 634 2383 687 Deo
2424 645 2601 689 votum
2650 641 2961 706 promisisse
3012 648 3353 714 agnoscitur,
3403 652 3621 722 Spiritui
3663 634 3863 717 sancto

2274 726 2526 779 mentitus
2549 729 2811 795 arguitur,
2830 733 2967 786 sicut
2986 733 3171 790 Petrus
3190 744 3463 807 apostolus
3487 746 3553 798 ait
3581 765 3593 799 :
3625 752 3857 817 Anania,

2272 831 2362 867 cur
2390 820 2591 871 lenlavit
2620 820 2843 875 Satanas
2872 834 3146 893 cor‘tuum,
3173 834 3372 886 mentiri
3398 844 3445 887 te
3474 837 3698 907 Spiritui
3726 860 3860 897 san-

2269 914 2349 956 cto
2376 908 2509 973 (Act.
2540 909 2655 977 ut)?
2680 910 2746 963 Et
2770 913 3086 970 subsecutus
3117 919 3311 987 adjecit
3342 939 3354 974 :
3386 923 3507 979 Non
3535 946 3587 982 es
3612 935 3859 989 mentitus

2272 995 2585 1061 hominibus,
2626 1002 2716 1052 sed
2747 1001 2874 1057 Deo.
2928 1004 3061 1070 Quid
3112 1017 3194 1062 est
3239 1010 3381 1065 hoc?
3431 1015 3485 1068 ln
3536 1016 3855 1077 Creatorem

2270 1098 2481 1157 peccat,
2524 1098 2579 1144 et
2619 1092 2688 1144 ita
2720 1093 2996 1162 Scriptura
3032 1110 3303 1163 peccatum
3343 1106 3457 1173 ejus
3485 1117 3761 1178 attenuat,
3801 1127 3857 1171 ut

2269 1195 2390 1235 eum
2430 1182 2577 1249 juxta
2608 1183 2896 1253 impietatis
2927 1202 3141 1244 sensum
3170 1232 3186 1258 ,
3231 1205 3488 1252 creatura!
3540 1217 3687 1257 reum
3730 1223 3855 1263 esse

2266 1273 2570 1339 constituat,
2603 1284 2655 1329 et
2686 1277 2877 1331 minori
2904 1280 3204 1337 debitorem
3232 1286 3298 1341 de
3326 1278 3646 1349 contumelia
3678 1300 3855 1367 majov

2267 1362 2340 1415 ris
2375 1363 2625 1419 addicat?
2668 1366 2782 1421 Non
2807 1370 2876 1422 ita
2904 1380 3005 1426 est.
3043 1373 3324 1433 Manifesta
3360 1384 3617 1448 prmditus
3639 1400 3731 1442 est
3768 1362 3854 1445 di-

2266 1454 2316 1507 vi
2360 1469 2387 1506 a
2414 1458 2669 1524 potentia,
2700 1458 2765 1513 ad
2788 1475 2947 1529 quem
2980 1466 3239 1535 sacrilegii
3274 1470 3501 1528 refertur
3530 1477 3755 1546 oﬁ’ensn,
3782 1483 3851 1537 de

2265 1559 2368 1612 quo
2397 1546 2503 1599 alio
2526 1547 2641 1601 loco
2664 1549 2798 1604 dicit
2829 1567 2843 1603 :
2875 1552 2976 1618 Qui
3004 1567 3175 1610 autem
3204 1560 3621 1627 blasphemaverit
3650 1571 3702 1622 iu
3730 1572 3849 1639 Spi‘

2263 1637 2414 1687 ritum
2445 1650 2694 1706 sanctum,
2725 1658 2822 1694 non
2857 1644 3056 1699 habebit
3091 1649 3455 1720 remissionem,
3482 1672 3640 1725 neque
3664 1661 3717 1712 in
3749 1637 3845 1715 Itoc

2261 1728 2467 1788 sweulo,
2501 1746 2657 1800 neque
2687 1733 2737 1785 in
2767 1734 2937 1802 futuro
2972 1736 3181 1806 (Matth.
3216 1741 3315 1808 ιι).
3344 1741 3474 1797 Cum
3504 1760 3631 1815 ergo
3663 1759 3839 1805 trans-

583 1804 995 1858 sollicitudinem
1021 1843 1035 1867 ,
1095 1805 1406 1859 cbatitatrm
1433 1846 1447 1868 ,
1496 1814 1950 1874 transgressurum
2004 1807 2154 1860 ruina
2187 1810 2231 1869 B
2259 1818 2536 1885 gressione
2559 1823 2840 1876 tentnverit
2865 1804 3030 1878 Deum
3052 1866 3065 1890 ,
3096 1804 3343 1884 fefellisse
3366 1804 3841 1905 diciturVSpiritum

584 1893 849 1958 fundavit;
883 1892 1153 1948 humilitas
1180 1895 1547 1963 subjccﬁonis,
1579 1896 1888 1951 stabilitatis
1906 1897 2049 1952 facta
2076 1908 2159 1953 est

568 1986 935 2052 conﬁrmatio,
964 1987 1259 2056 fragilitatis
1281 1989 1500 2053 agnitio,
1530 1989 1760 2058 Spiritus
1784 2002 2022 2045 sanctus.
2046 1990 2159 2046 Nisi

582 2089 695 2144 prae
725 2075 971 2130 onmibus
999 2077 1133 2131 liber
1161 2087 1324 2143 esset,
1349 2081 1415 2132 de
1441 2082 1611 2132 servis
1635 2079 1830 2133 liberos
1854 2080 2027 2135 facere
2053 2095 2159 2136 non

582 2174 779 2234 posset.
814 2165 943 2219 Nam
970 2166 1014 2219 si
1055 2176 1296 2221 creatura
1328 2176 1503 2234 esset,
1537 2170 1828 2236 quamlibet
1857 2172 1908 2225 in
1939 2186 2003 2225 eo
2032 2186 2162 2226 con-

582 2256 786 2310 lerente
811 2256 1032 2324 gratiam
1062 2256 1381 2320 sanctitatis,
1416 2260 1763 2314 remansisset
1811 2270 1985 2315 tamen
2030 2276 2160 2316 con-

581 2346 802 2401 scientia
830 2346 1105 2400 debitoris.
1137 2347 1203 2401 Et
1226 2346 1346 2401 ideo
1370 2347 1497 2402 dicit
1525 2366 1540 2401 :
1576 2348 1740 2402 Nemo
1771 2360 1929 2418 potest
1968 2352 2160 2406 donare

574 2446 787 2504 peccata
814 2437 911 2489 nisi
932 2437 1071 2489 solus
1098 2437 1231 2489 Deus
1265 2436 1454 2508 (Marc.
1480 2453 1551 2502 tt;
1585 2438 1711 2493 Luc.
1736 2442 1816 2509 v).
1849 2442 2158 2511 Quicunque

570 2527 672 2582 ille
700 2537 781 2582 est
806 2571 821 2597 ,
853 2529 1014 2597 eligat
1063 2537 1237 2582 utrum
1280 2528 1449 2596 velit,
1481 2538 1573 2583 aut
1613 2530 1867 2598 Spiritum
1915 2541 2155 2587 sanctum

578 2630 790 2690 peccata
823 2621 1107 2675 donantem
1132 2620 1452 2676 conﬁteatur
1492 2636 1586 2691 per
1613 2622 1787 2676 omnia
1828 2622 1996 2678 Deum
2022 2663 2037 2688 ,
2066 2633 2157 2678 aut

576 2714 628 2767 si
657 2729 752 2783 per
777 2728 896 2767 eum
926 2713 1108 2767 donari
1144 2728 1299 2782 posse
1326 2730 1431 2767 non
1460 2714 1630 2768 credit
1660 2714 1868 2769 veniam
1905 2724 2153 2783 peccato-

576 2820 733 2869 rum,
754 2806 1039 2858 evacuavit
1087 2804 1141 2857 in
1187 2818 1246 2859 se
1294 2805 1713 2872 regenerationis
1759 2807 2073 2860 beneﬁcium
2103 2818 2156 2863 et

576 2894 825 2962 baptismi
849 2906 1236 2949 sacramentum
1265 2913 1277 2947 :
1305 2895 1395 2949 Dei
1427 2911 1554 2965 ergo
1576 2897 1744 2949 solius
1770 2905 1852 2950 est
1875 2896 2156 2953 absolvere

579 2989 793 3053 innexa,
827 2986 1189 3055 redintegrare
1218 2995 1488 3055 corrupta,
1523 2986 1738 3054 expiare
1768 2988 2049 3041 maculata.
2093 2988 2156 3042 Et

580 3077 699 3131 ideo
729 3078 793 3130 ad
834 3092 954 3131 eum
985 3077 1186 3131 conscii
1218 3089 1416 3131 nostra:
1460 3077 1787 3132 inﬁrmitatis
1826 3089 1878 3132 et
1908 3093 2019 3133 suat
2045 3096 2156 3134 ma-

2259 1918 2521 1963 sanctum.
2574 1911 2906 1980 Quapropter
2949 1916 3177 1985 Spiritus
3219 1932 3435 1976 sanctus
3474 1938 3524 1979 et
3561 1928 3650 1980 Dei
3678 1946 3841 1985 unam

2260 2013 2497 2067 causam,
2524 2018 2681 2057 unam
2712 2006 2956 2074 gloriam,
2981 2024 3141 2064 unam
3170 2026 3431 2081 cognosce
3462 2022 3840 2076 reverentiam.

2262 2088 2327 2145 Et
2380 2091 2499 2145 ideo
2545 2094 2942 2152 evidentissime
2991 2100 3059 2154 de
3114 2100 3313 2171 Spiritu
3360 2117 3548 2162 sancto
3598 2114 3841 2179 sequenti

2259 2197 2511 2238 sermone
2539 2187 2811 2242 concludit
2851 2206 2864 2243 :
2913 2189 3034 2244 Non
3063 2208 3145 2257 es,
3184 2194 3383 2264 inquit,
3412 2202 3649 2254 mentitus
3676 2202 3841 2255 homi-

2260 2275 2430 2341 nibus,
2459 2277 2546 2329 sed
2571 2278 2697 2331 Deo.
2738 2279 2999 2350 Loquente
3028 2282 3187 2337 Petro
3214 2286 3279 2339 ad
3309 2286 3637 2355 Cornelium,
3664 2295 3839 2347 obstu-

2261 2376 2477 2433 puerunt
2493 2384 2555 2421 ex
2571 2370 2954 2426 circumcisione
2974 2375 3148 2442 ﬁdeles
3170 2379 3258 2444 qui
3278 2392 3517 2434 venerant
3534 2400 3645 2436 cum
3662 2384 3835 2448 Petro,

2259 2460 2377 2526 quia
2392 2462 2499 2513 etin
2514 2462 2740 2516 nationes
2756 2465 2922 2533 gratia
2938 2464 3162 2535 Spiritus
3175 2472 3335 2523 sancti
3350 2471 3515 2537 e/fusa
3531 2484 3601 2528 est
3614 2475 3836 2545 (Aen).

2258 2549 2421 2604 Vides
2451 2552 2707 2620 Spiritum
2738 2566 2981 2611 sanctum
3013 2573 3117 2613 non
3158 2560 3223 2615 de
3253 2564 3463 2626 alieno,
3495 2567 3585 2619 sed
3616 2567 3682 2620 de
3713 2582 3835 2635 pro-

2258 2642 2375 2710 prio
2398 2645 2709 2701 contulis-‘e.
2741 2646 2799 2702 Si
2830 2650 3068 2718 requiras
3117 2652 3235 2720 quis
3264 2652 3333 2706 sit
3366 2653 3466 2709 iste
3494 2656 3580 2723 qui
3609 2657 3833 2723 gratiam

2257 2732 2577 2801 dedit'illis,
2614 2737 2773 2793 Deus.
2818 2739 2978 2794 ~llunc
3005 2743 3188 2810 gratia:
3240 2744 3537 2813 largitorem
3582 2745 3825 2813 superius

2258 2824 2514 2895 Spiritum
2553 2838 2826 2896 sanctum,
2872 2833 2956 2886 bic
2990 2834 3150 2888 Deum
3187 2832 3477 2904 spe'cialiter
3514 2835 3830 2893 declaravit.

2258 2916 2372 2971 lllic
2408 2920 2647 2988 proprio,
2680 2922 2766 2977 h‘c
2806 2926 3074 2979 communi
3109 2929 3324 2982 nomine
3366 2928 3619 2998 probatur
3646 2929 3831 2985 iterata

2257 3009 2440 3063 confes
2470 3010 2544 3065 io.
2572 3010 2703 3066 Cum
2731 3024 2905 3070 autem
2931 3017 3115 3086 gratia,
3143 3018 3289 3083 dicit,
3316 3030 3363 3073 et
3386 3022 3437 3073 iu
3465 3022 3692 3075 nationes
3716 3021 3829 3091 Spi-

2256 3098 2384 3152 ritus
2403 3103 2563 3154 sancti
2584 3102 2745 3170 e/fttsa
2767 3114 2859 3169 est,
2887 3105 2998 3174 ipse
3022 3117 3224 3162 natura:
3252 3108 3391 3164 Deus
3410 3119 3514 3173 est,
3538 3112 3626 3179 qui
3653 3121 3829 3165 auctor

576 3170 815 3237 jestatis,
844 3183 962 3223 cum
992 3170 1188 3237 gt'mitu
1223 3170 1610 3238 proclamamus
1643 3185 1658 3226 :
1696 3169 1805 3224 Tibi
1832 3172 1928 3225 soli
1955 3173 2155 3241 peccavi

2263 3203 2342 3246 est
2372 3196 2575 3263 gratize.
2623 3196 2733 3250 Soli
2782 3198 2889 3251 Deo
2934 3200 3191 3268 competit
3220 3201 3286 3254 de
3330 3216 3430 3255 suo
3456 3202 3831 3258 charismatum

574 3257 752 3328 (Psal.
782 3260 860 3327 L),
889 3258 1129 3324 Domine,
1152 3260 1241 3328 qui
1268 3259 1414 3313 solus
1438 3275 1541 3313 non
1570 3261 1766 3315 teneris
1788 3261 1904 3330 lege
1932 3262 2154 3329 peccati,

568 3349 667 3417 qui
696 3350 839 3403 solus
863 3350 929 3404 ab
954 3364 1014 3404 ea
1038 3365 1141 3405 non
1166 3351 1461 3417 actualiter,
1485 3352 1579 3406 sed
1607 3354 1919 3408 naturaliter
1940 3354 2154 3409 alienus

574 3452 635 3492 es
658 3478 674 3502 ,
706 3448 758 3491 et
801 3439 919 3493 ideo
948 3441 1091 3495 solus
1130 3440 1408 3497 absolvere
1448 3442 1730 3497 debitores
1764 3454 1914 3513 potes
1939 3484 1953 3511 ,
1996 3447 2085 3515 qui
2123 3459 2155 3501 a

570 3530 769 3585 debitis
789 3532 935 3586 solus
958 3535 1206 3589 immunis
1226 3549 1286 3589 es
1308 3575 1323 3600 ,
1347 3535 1436 3604 qui
1462 3536 1600 3605 quod
1626 3536 1789 3593 habes
1813 3552 1917 3592 non
1940 3539 2153 3597 aliunde

570 3629 845 3675 mutuatus
885 3638 943 3677 es
967 3664 983 3689 ,
1023 3625 1115 3678 sed
1144 3625 1211 3679 de
1241 3635 1332 3679 tuo
1362 3626 1551 3694 plenus
1577 3643 1655 3682 es.
1689 3628 1806 3683 Non
1831 3630 1978 3684 enim
2009 3632 2155 3700 prior

572 3712 853 3779 quisquam
884 3712 1031 3767 dedit
1061 3714 1189 3778 tibi,
1216 3730 1322 3787 nec”
1344 3717 1559 3771 aliunde
1588 3718 1841 3774 derivatis
1871 3721 2151 3775 virtutibus

574 3802 831 3872 irrigaris,
854 3820 953 3859 nec
971 3820 1039 3860 ex
1070 3806 1173 3860 alio
1195 3807 1371 3876 aliquo
1401 3809 1452 3862 in
1486 3818 1536 3864 te
1566 3810 1701 3865 facta
1729 3812 2014 3867 transfusio
2035 3822 2147 3881 est;

571 3894 667 3947 sed
699 3894 813 3962 ipse
859 3894 980 3949 fons
1008 3911 1066 3950 es
1108 3897 1339 3952 (luminis
1370 3900 1474 3965 tui,
1503 3908 1557 3954 et
1582 3900 1746 3970 gloria
1776 3911 1864 3955 tua
1890 3944 1903 3967 ,
1939 3911 2026 3956 tua
2058 3921 2148 3958 na-

574 3994 689 4038 tura
741 3995 862 4054 est,
913 3987 1049 4042 sicut
1096 3988 1335 4042 nuntium
1385 3992 1590 4055 nescit,
1638 3991 1715 4045 sic
1746 3992 1875 4046 nihil
1914 4010 1942 4046 a
1975 3994 2150 4062 priore

568 4079 805 4149 suscepit
845 4077 1024 4149 (Joau.
1055 4097 1175 4147 Juv;
1210 4079 1367 4135 Rom.
1399 4098 1520 4148 vni;
1552 4082 1679 4137 Luc.
1712 4082 1861 4154 xvu).

1158 4243 1387 4299 CAPUT
1430 4246 1556 4301 Vill.

571 4329 669 4383 Ubi
696 4329 935 4400 templum
967 4329 1062 4383 Dei
1092 4333 1331 4401 templum
1359 4350 1463 4388 esse
1491 4337 1651 4389 sancti
1684 4335 1913 4406 Spiritus
1939 4338 2147 4392 demon-

1246 4412 1455 4456 stratur.

2263 3283 2399 3338 dona
2429 3286 2627 3354 largiri,
2662 3296 2717 3340 ut
2751 3295 2805 3342 et
2828 3286 2896 3342 de
2928 3302 2992 3342 eo
3026 3289 3313 3357 Apostolus
3342 3292 3547 3346 dixisse
3576 3293 3830 3356 videatur,

2264 3376 2618 3431 Abundantius
2639 3377 2743 3430 illis
2768 3379 2997 3433 omnibus
3019 3379 3263 3436 laborari.
3289 3382 3405 3435 Non
3423 3398 3513 3452 ego
3536 3393 3725 3449 autem,
3747 3386 3829 3437 sed

2260 3468 2427 3539 gratia
2450 3467 2546 3521 Dei
2567 3485 2756 3523 mecum
2788 3469 2840 3540 (I
2868 3469 2984 3524 Cor.
3018 3473 3132 3541 xv).
3154 3473 3341 3528 Merito
3359 3474 3496 3529 Deus
3526 3478 3828 3543 pronuntia-

2262 3566 2367 3620 tur,
2391 3557 2477 3625 qui
2501 3557 2840 3627 dispensator
2868 3568 2949 3615 est
2973 3562 3156 3631 gratiae
3180 3572 3235 3616 et
3262 3562 3448 3617 salutis
3475 3566 3740 3619 humanm.
3768 3565 3829 3618 Et

2258 3647 2461 3701 addidit
2490 3648 2675 3703 Petrus
2710 3668 2721 3702 :
2759 3651 2885 3717 Quis
2928 3669 3018 3721 ego
3056 3670 3191 3706 eram
3222 3655 3307 3723 qui
3346 3672 3543 3726 possem
3572 3658 3828 3725 prohibere

2254 3735 2417 3789 Deum
2447 3737 2581 3808 (Act.
2616 3740 2729 3808 x1)?
2772 3738 2922 3795 Illum
2956 3742 3136 3811 utique
3169 3743 3329 3798 Deum
3360 3746 3449 3814 qui
3474 3755 3557 3800 est
3585 3747 3637 3799 in
3667 3748 3828 3801 natio-

2258 3844 2388 3891 nes,
2426 3830 2509 3884 vel
2547 3831 2847 3888 Cornelium
2886 3835 3139 3905 impetum
3177 3838 3363 3906 gratiae
3408 3838 3717 3896 inundantis
3746 3837 3823 3893 ei-

2256 3917 2407 3973 fudit.

2868 3993 3092 4051 CA-PUT
3132 3997 3223 4051 IX.

2250 4081 2558 4161 Ubicontra
2587 4084 2915 4161 ‘lVovatianos
2943 4087 3076 4161 Deus
3116 4091 3345 4161 gentibus
3381 4092 3721 4161 paenitentiam
3758 4098 3825 4147 ad

2323 4154 2473 4233 vitum
2500 4154 2766 4233 dedit,qui
2789 4158 2955 4233 utique
2977 4154 3362 4233 Deus-Spiritus
3381 4154 3588 4217 sanctus
3608 4180 3715 4219 esse
3737 4181 3825 4233 per

2322 4226 2549 4276 ordinem
2585 4228 2749 4289 ipsum
2782 4230 3011 4281 lectionis
3044 4226 3343 4287 ostenditur.

2322 4337 2554 4391 Adverte
2584 4339 2849 4407 quomodo
2878 4340 2929 4394 in
2960 4356 3187 4411 persona
3232 4345 3401 4399 sancti
3444 4345 3706 4413 Spiritus,
3732 4348 3823 4415 qui

2252 4428 2428 4481 subito
2454 4428 2761 4483 Cornelium
2789 4440 2843 4484 et
2872 4434 3048 4487 socios
3064 4434 3186 4501 ejus
3218 4436 3474 4504 implevit,
3510 4436 3601 4490 Dei
3630 4452 3823 4491 nomen

647 4510 1009 4565 llabitatorem
1040 4511 1220 4565 cordis
1261 4512 1475 4567 humani
1520 4529 1669 4569 saera
1700 4518 1907 4587 eloquia
1938 4519 2149 4586 proprie
2179 4546 2223 4603 Β
2254 4520 2528 4587 multiplici
2548 4522 2890 4578 attestatione
2913 4526 3342 4581 concelebratur.
3364 4528 3462 4582 His
3496 4531 3709 4591 auditis,
3742 4530 3829 4583 iu-

566 4601 826 4671 Spiritum
869 4617 988 4657 esse.
1044 4603 1305 4658 deﬁniunt
1335 4623 1345 4656 :
1379 4604 1565 4670 Dabit,
1600 4604 1799 4676 inquit,
1835 4608 1972 4662 vobis
2002 4619 2148 4678 pater

568 4692 727 4744 alium
767 4691 1124 4761 Paraclctum,
1167 4704 1219 4747 ut
1257 4706 1458 4749 maneat
1500 4698 1752 4751 vobiscum
1804 4700 1855 4752 in
1901 4711 2145 4754 atternum

570 4783 620 4853 (1
654 4782 767 4837 Cor.
799 4800 882 4849 tu;
917 4782 944 4837 Ι
973 4785 1092 4839 Cor.
1128 4786 1220 4854 vt).
1255 4788 1319 4841 Et
1346 4788 1411 4842 ad
1441 4790 1746 4843 Romanos:
1787 4790 2067 4860 Viviﬁcabit
2090 4803 2146 4847 et

568 4876 805 4926 mortalia
834 4890 1046 4943 corpora
1076 4889 1239 4930 vestra
1266 4889 1468 4949 prapter
1497 4882 1859 4935 inltabitantem
1891 4885 2143 4952 Spiritum

568 4967 675 5035 ejus
714 4969 764 5019 in
796 4971 947 5021 vobis.
997 4970 1061 5023 lit
1092 4970 1211 5023 ideo
1240 4971 1306 5024 de
1333 4971 1532 5040 Spiritu
1564 4981 1750 5026 sancto
1780 4977 2141 5042 conscriptum

568 5066 709 5110 recte
738 5058 1078 5127 intelligimus
1106 5075 1121 5112 :
1153 5060 1382 5131 Regnum
1405 5061 1499 5114 Dei
1527 5064 1659 5116 intra
1688 5079 1773 5117 vos
1797 5074 1889 5118 est.
1926 5065 2016 5118 Dei
2046 5065 2146 5119 uti-

568 5165 671 5213 que
697 5166 912 5218 regnum
935 5162 1079 5221 sunt,
1102 5154 1191 5223 qui
1218 5155 1269 5208 ei
1300 5170 1488 5223 parere
1516 5167 1787 5211 tuerentur
1814 5159 1865 5211 in
1888 5160 2142 5226 templum

566 5241 660 5296 Dei
688 5246 890 5311 utique,
920 5261 1024 5298 non
1046 5256 1326 5302 creaturae.
1356 5249 1495 5303 Audi
1528 5264 1621 5318 per
1644 5251 1958 5317 Apostolum
1988 5252 2143 5311 habi-

565 5335 751 5387 tatoris
778 5338 942 5390 nostri
962 5352 1176 5392 vocem:
1208 5338 1303 5392 Vos
1320 5340 1662 5409 estis,inquit,
1688 5342 1928 5408 templum
1958 5340 2070 5408 Dei,
2098 5352 2144 5396 et

562 5424 788 5491 Spiritus
813 5426 906 5479 Dei
920 5428 1111 5481 habitat
1141 5432 1191 5484 in
1215 5432 1366 5484 vobis.
1397 5433 1459 5485 Et
1488 5434 1538 5485 in
1563 5433 1667 5485 alio
1693 5432 1829 5499 loco,
1862 5436 1997 5488 sicut
2017 5434 2142 5489 dicit

569 5518 706 5571 Deus
733 5535 745 5571 :
778 5518 1078 5574 luhabitabo
1102 5522 1154 5574 in
1172 5521 1294 5588 illis,
1321 5533 1365 5577 et
1387 5524 1729 5592 inambulabo,
1754 5534 1799 5578 et
1822 5541 1908 5578 ero
1936 5528 2142 5580 illorum

567 5605 726 5661 Deus.
761 5611 894 5691 Ecce
926 5612 1039 5682 ipse
1066 5615 1155 5683 qui
1199 5615 1450 5683 templum
1483 5616 1697 5669 humani
1730 5617 1907 5671 cordis
1935 5618 2140 5674 inhabi-

564 5704 659 5766 tat,
690 5699 853 5757 Deum
880 5718 936 5761 se
964 5720 1083 5761 esse
1121 5707 1451 5774 pronuntiat.
1493 5708 1726 5765 Auanias
1758 5708 1895 5765 inter
1913 5724 2013 5767 eos
2045 5712 2137 5779 qui

2252 4611 2692 4679 quit,tacuerunt,
2719 4623 2764 4667 et
2786 4616 3192 4683 gloriﬁcaverunt
3225 4618 3386 4671 Deum
3404 4621 3654 4673 dicentes:
3686 4620 3827 4689 Ergo

2252 4711 2296 4755 et
2314 4704 2542 4773 gentibus
2573 4704 2705 4757 Deus
2726 4707 3068 4775 pmnitentiam
3089 4708 3157 4759 ad
3183 4710 3337 4761 vitam
3377 4710 3515 4762 dedit
3544 4710 3681 4779 (Act.
3708 4712 3830 4778 XI)?

2250 4794 2366 4861 Quo
2413 4795 2530 4849 luco
2577 4808 2759 4850 contra
2790 4798 3116 4854 Novatianos
3158 4802 3541 4855 advertendum
3571 4812 3653 4857 est
3682 4806 3829 4872 quod

2253 4887 2618 4957 pceuitentiam
2639 4890 2769 4944 dare
2790 4891 3004 4957 dicitur,
3030 4907 3186 4958 quam
3210 4895 3388 4962 utique
3416 4909 3520 4947 non
3542 4894 3696 4947 aliter
3723 4895 3830 4949 ni~i

2251 4994 2525 5034 servorum
2547 4996 2766 5036 suorum
2789 4984 3248 5039 administratione
3270 4985 3488 5051 largitur
3511 5002 3522 5035 :
3547 4986 3673 5037 dum
3697 5001 3833 5049 ergo

2248 5070 2375 5124 dicit
2409 5088 2420 5122 :
2459 5070 2587 5137 Quis
2607 5088 2698 5141 ego
2719 5089 2856 5127 erant
2900 5074 2985 5141 qui
3016 5088 3212 5143 possem
3250 5074 3515 5143 prohibere
3538 5074 3738 5138 Deum;
3772 5088 3833 5130 et

2250 5163 2441 5217 iterum
2490 5180 2503 5214 :
2555 5162 2693 5233 Ergo
2734 5163 2871 5217 Deus
2910 5165 3138 5235 gentibus
3178 5168 3523 5236 ptrnitentiam
3563 5167 3631 5219 ad
3673 5168 3832 5219 citam

2248 5255 2384 5308 dedit
2410 5294 2426 5318 ,
2470 5271 2587 5323 qua:
2620 5257 2670 5309 in
2703 5257 2998 5310 manifestis
3028 5259 3190 5311 rebus
3219 5258 3607 5312 manifestanda
3634 5268 3716 5330 est
3744 5258 3831 5311 in-

2249 5349 2577 5413 terpretatio,
2608 5347 2690 5401 cui
2722 5350 2803 5401 vel
2836 5348 3018 5416 ignaro
3050 5362 3154 5402 non
3186 5348 3495 5414 satisfaciat,
3529 5350 3613 5403 vel
3655 5350 3830 5403 incre-

2250 5438 2374 5492 dulo
2404 5440 2455 5491 in
2484 5439 2653 5492 sancti
2686 5438 2917 5506 Spiritus
2942 5438 3207 5509 adventu,
3239 5440 3432 5496 totiens
3460 5439 3631 5495 divini
3652 5441 3827 5495 nomi-

2250 5529 2332 5584 nis
2360 5528 2585 5598 repetita
2609 5527 2894 5586 confessio.
