3990 6390
186 278 275 365 ‘s‘i
1362 307 1448 361 oc
1488 305 1753 363 SPIRITU
1794 304 2057 362 SANCTO
2093 306 2221 361 un.
2262 303 2327 361 tt.
3371 310 3445 364 ss

820 417 1044 474 CAPUT
1086 416 1151 471 X.

201 513 299 569 Ubi
318 514 385 566 ad
405 510 695 567 Corinthios
717 511 902 578 prima,
927 511 1152 578 Spiritus
1178 518 1382 562 sanctus
1406 525 1509 563 esse
1528 512 1770 562 virtutum

515 581 950 634 distributionibus
982 578 1117 632 Deus
1144 579 1453 633 declaratur.

271 691 466 759 Accipe
488 692 553 745 ad
579 691 886 745 Corinthios
912 708 923 742 :
949 689 1089 759 quod
1118 690 1289 744 solum
1315 690 1483 758 possit
1508 704 1603 758 pro
1629 703 1772 745 asse-

197 783 364 836 renda
396 782 626 851 Spiritus
664 781 833 834 sancti
872 779 1151 834 divinitate
1198 778 1469 833 sufﬁcere.
1519 778 1650 833 Dicit
1679 793 1773 848 per

200 872 493 941 Epistolam
519 870 584 924 ad
616 870 864 925 Hebraeos
896 886 908 921 :
944 868 1260 923 Contestante
1283 867 1388 921 Deo
1408 869 1562 937 signis
1584 876 1629 921 et
1657 884 1775 938 por-

194 963 344 1015 tentis
373 970 421 1015 et
448 961 602 1014 variis
624 960 883 1013 virtutibus
902 999 917 1022 ,
955 968 1000 1012 et
1024 959 1250 1025 Spiritus
1272 958 1434 1010 sancti
1464 958 1772 1011 distributio-

196 1054 343 1107 nibus
376 1053 653 1105 secundum
679 1067 823 1104 suam
852 1050 1159 1103 voluntatem
1199 1048 1382 1119 (llcbr.
1417 1052 1496 1117 ll).
1547 1048 1777 1103 Interro-

195 1157 383 1211 gemus
407 1140 581 1211 ipsum
613 1139 930 1209 apostolum,
964 1150 1136 1192 utrttrn
1165 1154 1298 1191 unus
1330 1154 1394 1192 ex
1416 1137 1680 1191 creaturis
1707 1138 1777 1190 sit

199 1232 303 1286 iste
332 1231 709 1285 charismatum
735 1229 1063 1283 distributor.
1094 1228 1357 1283 Habemus
1380 1228 1444 1281 ad
1469 1227 1777 1283 Corinthios

198 1321 368 1387 prima
402 1335 416 1371 :
452 1318 646 1371 Notum
676 1318 813 1371 vobis
844 1319 997 1387 facio,
1023 1319 1157 1387 quod
1191 1334 1335 1372 nemo
1368 1319 1420 1370 in
1453 1316 1650 1385 Spiritu
1685 1317 1777 1370 Dei

200 1411 427 1478 loquens,
470 1410 591 1461 dicit
632 1409 899 1461 anathema
938 1406 1083 1461 Jesu.
1131 1408 1195 1460 Et
1236 1424 1380 1462 nemo
1418 1417 1577 1477 potest
1612 1409 1777 1461 dicere

201 1500 447 1553 Dominus
470 1497 638 1562 Jesus,
664 1499 760 1551 nisi
784 1500 835 1550 in
869 1497 1069 1567 Spiritu
1098 1511 1270 1551 saneto
1304 1496 1352 1565 (Ι
1376 1497 1494 1551 Cor.
1527 1500 1645 1567 χιι).
1665 1496 1774 1552 Atl-

204 1601 355 1643 verte
384 1589 647 1657 quomodo
694 1588 782 1643 hic
819 1588 1073 1655 Spiritum
1122 1588 1214 1642 Dei
1246 1588 1499 1655 Spiritum
1528 1596 1773 1643 sanctum

203 1694 344 1746 esse,
377 1679 769 1734 absolutissime
798 1679 1120 1748 designavit,
1153 1680 1356 1748 Spiritu
1386 1690 1589 1747 sancto,
1620 1696 1775 1749 quem

1800 423 1851 479 Α
1880 419 2054 486 operis
2083 419 2372 488 potentiam
2414 416 2656 487 loquatur
2685 419 2946 483 auctoris,
2976 429 3150 474 tamen
3180 419 3246 477 de
3280 436 3343 474 eo
3372 424 3441 476 ita

1874 509 2136 563 conclusit
2168 527 2179 561 ε
2209 509 2335 563 [Itec
2356 520 2520 563 autent
2541 510 2708 563 omnia
2730 519 2968 578 operatur
2986 527 3115 565 unus
3138 522 3287 581 atque
3308 514 3327 564 i
3354 518 3443 565 ‘em

1875 598 2101 666 Spiritus
2122 601 2349 654 dividens
2375 601 2585 670 singulis
2608 611 2752 667 prout
2775 600 2898 653 vult.
2921 600 3071 655 Sicut
3092 612 3145 655 et
3163 602 3267 656 alio
3289 604 3403 657 loco
3425 620 3437 654 :

1875 688 2097 759 Spiritus
2122 691 2203 743 ubi
2227 692 2330 744 vult
2353 694 2533 761 spirat.
2580 691 2646 745 Et
2677 692 2867 746 itcrum
2896 708 2908 745 :
2945 691 3008 744 Et
3039 692 3258 763 Spiritus
3281 696 3441 748 sancti

1874 779 2310 833 distributionibus
2333 784 2610 836 secundum
2635 800 2776 837 suam
2795 784 3097 837 voluntatem
3120 776 3455 855 (1(,ὀι·.ι11).Δ

1874 868 1986 923 Νοιι
2015 868 2103 923 hic
2133 885 2260 938 ergo
2294 881 2375 924 est
2417 873 2669 941 subjectae
2701 873 3113 927 ministeriorum
3143 875 3435 940 servitutis,

1874 959 1966 1013 sed
1999 960 2178 1013 liberae
2206 960 2488 1016 arbitrium
2519 965 2793 1030 potestatis
2819 1002 2835 1029 ,
2872 976 3031 1032 atque
3063 964 3114 1017 in
3144 964 3439 1018 caelestium

1875 1051 2133 1103 bonorum
2173 1052 2635 1107 distributionibus
2674 1071 2892 1109 summa:
2928 1056 3182 1124 largitatis
3226 1066 3305 1108 cst
3346 1072 3440 1109 cx-

1878 1139 2061 1191 hausta
2091 1142 2275 1208 pietas.
2299 1141 2572 1207 Quomodo
2594 1142 2716 1195 dicit
2746 1155 2798 1198 et
2820 1144 3049 1212 Spiritus
3069 1146 3233 1198 sancti
3262 1145 3437 1198 distri-

1877 1231 2109 1284 butionis
2151 1239 2234 1285 est
2262 1232 2360 1286 iste
2408 1232 2721 1286 distr.hutor
2745 1272 2761 1298 ,
2796 1234 2846 1287 id
2874 1243 2955 1289 est
2980 1236 3183 1289 divisor
3204 1276 3220 1301 ,
3266 1246 3437 1289 utrum

1883 1321 2027 1375 Deus
2056 1322 2123 1375 sit
2152 1322 2217 1375 ad
2246 1320 2549 1376 Corinthios
2598 1323 2775 1376 docuit
2817 1324 2997 1378 dicens
3026 1343 3037 1378 :
3072 1326 3136 1379 Et
3175 1326 3440 1378 divisiones

1878 1412 2228 1476 operationum
2250 1419 2386 1478 sunt,
2410 1411 2541 1465 ident
2568 1422 2735 1464 autem
2762 1410 2914 1466 Deus.
2947 1414 3189 1483 Legimus
3220 1416 3272 1468 in
3300 1415 3441 1469 Acti-

1878 1500 1975 1555 bus
2005 1500 2399 1568 aposmlorum:
2432 1501 2714 1567 Aztendite,
2748 1502 2937 1571 inquit,
2969 1506 3104 1557 vobis
3132 1516 3175 1558 et
3209 1508 3436 1560 universo

1876 1591 2046 1659 gregi,
2080 1591 2129 1642 in
2157 1607 2257 1659 quo
2287 1608 2369 1643 vos
2398 1591 2473 1660 Sp
2496 1592 2620 1644 ritus
2655 1603 2858 1645 sanctus
2888 1595 3051 1658 posuit
3083 1596 3340 1665 episcopos
3364 1613 3441 1649 re-

1878 1694 1991 1746 grre
2014 1676 2294 1731 Ecclesium
2322 1678 2417 1732 Dei
2449 1682 2582 1750 (Act.
2608 1680 2724 1749 xx).
2755 1682 2901 1735 llunc
2924 1684 3009 1751 qui
3039 1685 3211 1751 posuit
3238 1691 3441 1754 episco—

201 1771 268 1824 de
295 1770 552 1837 superiori
579 1771 864 1834 sententia,
892 1770 1145 1839 Spiritum
1176 1770 1265 1824 Dei
1295 1771 1435 1839 loqui
1466 1773 1738 1839 proposuit
1791 1765 1837 1823 B
1865 1780 1961 1835 pos
1995 1764 2047 1819 in
2074 1766 2366 1821 Ecclesiam
2400 1767 2464 1821 ad
2497 1768 2799 1824 Corinthios
2832 1770 2933 1831 Vas
2966 1772 3247 1825 electionis
3276 1775 3440 1827 Deum

198 1859 482 1927 Perspicue
513 1868 827 1930 sequuntur,
859 1876 1014 1929 quam
1044 1860 1321 1915 manifeste
1354 1861 1499 1914 illum
1530 1862 1692 1915 Deum
1718 1869 1771 1915 et

200 1948 477 2002 Dominum
501 1963 619 2003 esse
646 1959 925 2003 testantur.
950 1946 1255 2014 Divisiones,
1282 1949 1467 2017 inquit,
1492 1950 1770 2018 gratiarum

199 2047 333 2103 sunt,
355 2040 486 2092 idem
507 2050 673 2093 autem
697 2039 923 2108 Spiritus
948 2054 965 2093 :
985 2050 1031 2093 et
1052 2040 1318 2094 divisiones
1344 2042 1768 2095 ministrationum

195 2140 339 2193 sunt,
363 2131 497 2184 idem
527 2141 698 2183 autem
730 2130 978 2185 Dominus
1002 2147 1020 2185 :
1044 2141 1088 2186 et
1121 2134 1389 2187 divisiones
1417 2134 1769 2202 Operationum

195 2230 329 2280 sunt,
359 2220 488 2273 idem
519 2232 689 2273 autent
720 2220 872 2273 Deus.
904 2221 1176 2289 Tanquam
1206 2224 1251 2277 si
1281 2223 1467 2277 beatus
1495 2223 1769 2290 apostolus

193 2309 261 2359 de
293 2306 520 2375 Spiritus
562 2308 732 2362 sancti
767 2308 1043 2365 divinitate
1074 2311 1260 2366 fuisset
1303 2312 1574 2367 consultus
1598 2354 1612 2378 ,
1653 2313 1767 2367 evi-

194 2394 381 2452 denter
409 2399 475 2452 de
504 2414 609 2467 quo
634 2399 874 2465 dixerat,
905 2400 1041 2453 idem
1082 2402 1311 2470 Spiritus
1341 2442 1354 2466 ,
1394 2403 1460 2456 de
1486 2417 1551 2457 eo
1579 2403 1727 2456 addit
1753 2420 1766 2457 :

194 2483 343 2540 Idem
386 2486 549 2551 Deus,
585 2489 673 2555 qui
706 2499 941 2555 operatur
970 2491 1137 2542 omnia
1173 2492 1224 2542 in
1255 2491 1506 2542 omnibus.
1549 2491 1770 2559 Operari

196 2577 378 2630 omnia
410 2591 513 2631 non
545 2586 758 2644 posset,
804 2579 850 2633 si
896 2591 1035 2633 esset
1081 2594 1214 2632 unus
1245 2594 1310 2633 ex
1349 2580 1595 2633 omnibus
1620 2620 1637 2646 ,
1686 2581 1773 2634 hic

194 2664 451 2733 Spiritum
478 2676 721 2722 sanctum
752 2676 856 2723 tam
886 2669 939 2722 in
978 2684 1073 2723 suo
1108 2670 1322 2723 nomine
1362 2685 1517 2739 quam
1548 2669 1772 2723 Domino

191 2766 249 2811 et
283 2757 392 2812 Deo
419 2797 437 2822 ,
473 2768 563 2812 aut
602 2768 749 2814 certe
786 2760 1058 2813 evidenter
1105 2775 1415 2829 expressum
1443 2800 1457 2824 ,
1496 2770 1587 2814 aut
1624 2771 1770 2815 certe

192 2844 444 2899 Trinitati
467 2859 694 2915 agnosce
718 2847 994 2901 sociatum.
1020 2847 1125 2901 Sed
1156 2849 1239 2901 hic
1267 2849 1316 2901 in
1344 2850 1605 2902 donorum
1635 2847 1769 2903 divi-

193 2936 477 3004 sionibus,
527 2937 693 3006 magis
741 2952 919 2993 sermo
967 2939 1178 2993 divinus
1228 2939 1479 3008 Spiritum
1524 2948 1765 2995 sanctum

193 3027 511 3095 intelligitur
531 3026 857 3096 designasse,
878 3030 997 3097 quia
1016 3032 1257 3099 superius
1277 3032 1566 3100 accipimus
1588 3033 1765 3087 distri-

1874 1874 1994 1912 esse
2031 1858 2295 1922 declarat,
2338 1862 2405 1913 ita
2449 1860 2630 1914 dicens
2682 1879 2693 1914 :
2742 1862 2997 1928 Quosdam
3038 1864 3237 1932 quidem
3276 1868 3442 1934 posuit

1877 1948 2015 2002 Deus
2056 1951 2105 2002 in
2137 1948 2435 2004 Ecclesium.
2485 1952 2618 2017 Quid
2660 1963 2779 2006 sunt
2808 1955 2909 2006 nisi
2944 1954 3169 2022 Spiritus
3198 1966 3438 2021 sanctus,

1872 2038 2023 2105 cujus
2047 2053 2181 2107 perst
2206 2056 2285 2093 na:
2303 2041 2531 2094 Ostendit
2556 2042 2784 2095 ofﬁcium
2810 2042 3108 2097 distributio
3130 2045 3439 2114 gratiarum,
3497 2086 3507 2095 .

1870 2130 2006 2182 sicut
2028 2131 2318 2185 continenti
2352 2146 2599 2185 scrnrone
2622 2134 2990 2201 subsequitur?
3022 2132 3219 2197 l’osuit,
3248 2136 3439 2202 intuit,

1876 2218 2015 2272 Deus
2044 2220 2095 2271 in
2130 2218 2411 2274 Ecclesium
2439 2223 2658 2287 primunt
2683 2222 2958 2286 apostolos,
2983 2224 3202 2276 secundo
3225 2223 3442 2290 prophe-

1870 2316 1967 2372 tas,
2002 2311 2146 2361 tertio
2176 2310 2429 2373 dcctores,
2464 2311 2646 2364 deinde
2670 2313 2896 2376 virtutes,
2926 2313 3104 2365 exinde
3131 2315 3320 2382 gratius
3355 2331 3443 2366 cu-

1870 2400 2157 2463 rationum,
2187 2401 2571 2469 Opitulationes.
2603 2401 3007 2471 qubernutiones,
3036 2419 3217 2470 genera
3243 2402 3442 2471 lingua-

1875 2505 2011 2541 rum.
2038 2490 2314 2550 Quosdam,
2338 2490 2525 2555 inqut,
2552 2488 2684 2540 Deus
2707 2491 2869 2557 posuit
2895 2491 2944 2542 in
2972 2488 3267 2543 Ecclesium.
3291 2490 3442 2555 Quod

1877 2576 1963 2629 hic
2009 2576 2175 2628 Deum
2216 2575 2281 2628 de
2325 2575 2522 2644 Spiritu
2555 2587 2739 2629 sancto
2768 2577 2997 2641 dixerit,
3051 2580 3163 2647 ipsa
3213 2594 3329 2645 qua:
3376 2579 3443 2635 ad

1879 2664 2135 2734 Spiritum
2170 2674 2409 2719 sanctum
2453 2666 2678 2732 pertinet
2709 2666 3033 2735 dispensatio
3073 2670 3445 2722 sanctiﬁcatio-

1876 2774 2000 2811 trum
2025 2757 2385 2824 virtutumque
2407 2757 2727 2811 manifestat.
2760 2757 2874 2824 Ipse
2906 2759 3043 2811 enim
3069 2759 3444 2828 prophetarum

1870 2862 1961 2899 ora
1982 2848 2285 2912 locnp'etat,
2312 2848 2647 2899 curationum
2669 2846 2900 2901 remedia
2923 2848 3209 2913 disltensat,
3239 2849 3443 2903 charis-

1870 2948 2067 2991 matum
2108 2945 2413 2990 ornamenta
2444 2938 2796 3005 multiplicat,
2846 2953 2952 3007 quo
2996 2940 3044 2992 in
3076 2942 3329 3008 apostolis
3362 2944 3441 2995 itt-

1871 3028 2091 3095 ﬁuente,
2120 3028 2280 3082 Deum
2310 3028 2457 3081 illum
2488 3028 2845 3082 universitatis
2872 3043 3012 3096 esse,
3042 3030 3311 3099 signorum
3346 3034 3440 3086 tui-

193 3116 469 3170 butionum
500 3118 721 3187 gratiam
763 3118 978 3187 Spiritui
1021 3132 1206 3175 sancto
1235 3123 1451 3189 speciali
1484 3123 1766 3193 dispensa-
1795 3113 1839 3175 C
1874 3117 2055 3173 racula
2079 3126 2133 3172 et
2164 3118 2460 3188 linguarum
2489 3119 2695 3173 diversa
2726 3133 2921 3187 genera
2952 3120 3280 3175 cecinerunt.

188 3208 341 3264 tione
378 3219 702 3277 competere.
742 3210 892 3276 Quod
928 3227 1059 3266 vero
1102 3212 1232 3266 dixit
1262 3230 1273 3265 :
1305 3212 1452 3267 Idem
1492 3214 1765 3279 Dominus,

188 3298 329 3349 idem
367 3306 536 3350 autem
573 3298 707 3351 Deus
731 3338 745 3362 ,
786 3298 839 3352 in
878 3302 1120 3369 sequenti
1152 3303 1384 3370 capitulo
1415 3304 1479 3356 ad
1510 3304 1765 3372 Spiritum

188 3397 437 3443 sanctum
474 3388 709 3443 Ostendit
738 3404 859 3445 esse
898 3392 1233 3447 referendum
1265 3394 1451 3448 dicens
1482 3412 1497 3447 :
1525 3396 1625 3447 Alii
1657 3396 1769 3463 qui-

189 3480 305 3533 dem
346 3497 435 3549 per
465 3481 717 3550 Spiritum
760 3483 909 3535 datur
944 3500 1107 3538 sermo
1146 3488 1433 3554 sapientice,
1476 3488 1567 3539 alii
1604 3504 1767 3542 sermo

188 3574 417 3627 scientia:
463 3573 514 3626 in
559 3575 788 3628 eumdem
834 3575 1109 3646 Spiritum,
1149 3579 1297 3631 alteri
1341 3579 1469 3646 ﬁdes
1509 3580 1561 3632 in
1594 3580 1769 3633 eodem

191 3665 425 3734 Spiritu,
444 3666 589 3719 alteri
609 3668 776 3735 gratia
796 3668 1072 3721 sanitatum
1090 3668 1146 3721 in
1165 3685 1265 3722 uno
1285 3668 1485 3739 Spiritu
1500 3710 1513 3733 ,
1539 3670 1628 3721 alii
1652 3686 1771 3737 ope-

189 3760 325 3810 ratio
340 3758 595 3825 virtutum,
612 3761 701 3813 alii
713 3760 993 3829 praphetia,
1009 3760 1097 3813 alii
1112 3762 1346 3815 discretio
1363 3761 1665 3829 Spirituum,
1681 3762 1771 3815 alii

188 3866 379 3918 genera
393 3851 678 3919 linguarum
688 3893 701 3915 ,
714 3852 803 3905 alii
815 3854 1157 3921 interpretatio
1170 3853 1593 3923 sermonum/nec
1605 3863 1688 3907 aut
1720 3870 1768 3906 nt

190 3941 365 3993 omnia
386 3950 620 4011 operatur
644 3960 769 3996 unus
799 3954 948 4011 atque
982 3946 1115 3998 idem
1151 3946 1377 4013 Spiritus
1403 3947 1629 3999 dividens
1657 3947 1767 4000 sin-

187 4033 326 4099 gulis
358 4041 505 4101 prout
534 4034 656 4085 t-ult.
696 4034 830 4087 Nulli
861 4034 1132 4100 subditur,
1165 4038 1257 4091 sed
1294 4036 1530 4091 ccelestis
1559 4046 1639 4091 est
1665 4037 1769 4089 Do-

189 4122 376 4174 minus
399 4163 414 4186 ,
446 4123 535 4190 qui
564 4123 697 4177 dona
742 4125 976 4179 cmlestia
1021 4128 1235 4196 propria
1276 4128 1547 4181 voluntate
1574 4167 1586 4191 ,
1621 4138 1673 4181 et
1702 4128 1769 4183 de

185 4210 453 4277 potentia:
477 4226 585 4264 sua:
605 4212 721 4279 jure
752 4215 988 4282 largitur.

804 4350 1028 4407 CAPUT
1070 4352 1157 4408 XI.

2467 3280 2696 3334 CAPUT
2736 3280 2849 3334 XII.

1872 3370 1971 3442 Ubi
2004 3388 2090 3425 eos
2126 3372 2213 3439 qui
2252 3371 2476 3442 Spiritus
2516 3374 2680 3425 sancti
2720 3374 2962 3441 templum
2990 3374 3157 3441 effecti
3182 3385 3332 3440 sunt;
3372 3379 3444 3431 ita

1939 3441 2061 3493 dicit
2092 3441 2336 3508 pro/icere
2374 3444 2550 3496 debere
2573 3482 2587 3508 ,
2628 3451 2683 3494 ut
2716 3442 2877 3495 Deum
2914 3458 3114 3512 portare
3150 3448 3199 3498 in
3236 3462 3443 3517 corpore

1940 3523 2246 3565 mereantur.

1942 3622 2032 3678 Ait
2061 3625 2238 3693 itaque
2266 3624 2556 3693 Apostolus
2592 3625 2655 3678 ad
2687 3623 2993 3680 Corinthios
3027 3643 3039 3678 :
3076 3624 3295 3681 Nescitis
3324 3629 3444 3697 quia

1869 3732 2082 3785 corpora
2106 3728 2269 3771 vestra
2301 3718 2540 3788 templum
2569 3728 2685 3772 sunt
2714 3718 2977 3785 Spiritus?
3021 3718 3298 3787 Templum
3325 3721 3445 3789 Spi-

1870 3810 2007 3865 ritus
2036 3811 2225 3874 sancti,
2263 3810 2516 3877 templum
2547 3826 2665 3865 esse
2697 3810 2789 3865 Dei
2821 3811 3175 3879 praecedentia
3205 3811 3443 3879 ejusdem

1870 3902 2123 3973 Epistula:
2147 3904 2423 3958 evidenter
2450 3905 2739 3969 insinuant,
2768 3920 2885 3958 cum
2914 3904 3111 3959 dicitur
3142 3926 3155 3960 :
3185 3907 3261 3957 An
3286 3907 3444 3957 nesci-

1868 3996 1955 4061 tis,
1980 3997 2102 4066 quia
2132 3997 2372 4062 templum
2401 3995 2493 4049 Dei
2516 3998 2672 4051 estis?
2698 4008 2744 4050 et
2767 3997 2994 4067 Spiritus
3018 4007 3219 4050 sanctus
3248 3998 3443 4049 habitat

1868 4088 1922 4141 in
1952 4088 2113 4153 vobis,
2140 4098 2183 4140 et
2212 4089 2459 4155 Spiritus.
2499 4090 2684 4155 inquit,
2718 4088 2808 4139 Dei
2836 4088 3027 4139 habitat
3057 4089 3107 4139 in
3131 4089 3284 4139 vobis.
3316 4089 3443 4153 Quis

1872 4176 1993 4229 illos
2021 4176 2229 4228 dubitet
2259 4176 2374 4243 ejus
2406 4174 2498 4227 Dei
2529 4190 2648 4228 esse
2685 4175 2963 4240 templum,
2991 4174 3143 4241 cujus
3169 4188 3287 4227 esse
3322 4189 3444 4240 pro-

1872 4265 2065 4319 bantur
2094 4264 2487 4317 habitaculum?
2530 4265 2595 4317 Et
2623 4278 2741 4317 cum
2770 4266 2989 4319 dixisset
3031 4281 3046 4318 :
3083 4264 3303 4319 Nescitis
3327 4267 3445 4333 quia

1873 4370 2091 4423 corpora
2126 4363 2287 4407 vestra
2322 4354 2561 4424 templum
2589 4365 2707 4408 sunt
2735 4354 2956 4422 Spiritus
2984 4356 3167 4419 sancti,
3200 4356 3267 4409 ita
3299 4356 3443 4423 capi-

189 4439 574 4531 Adgertendum
614 4444 751 4509 quod
786 4443 916 4497 sicut
936 4460 1110 4531 ‘tltttm't
1137 4444 1324 4531 Deum,
1362 4448 1431 4499 ita
1459 4461 1613 4531 unum
1651 4448 1771 4531 dicit
1800 4471 1849 4531 υ
1876 4446 2040 4501 illum
2066 4445 2330 4499 luculenta
2355 4447 2574 4504 veritate
2598 4445 2861 4503 conclusit
2880 4444 3222 4517 :Gloriﬁcate,
3249 4448 3437 4516 inquit,

261 4511 528 4586 Spiritum
539 4523 791 4586 sanctum,
812 4514 949 4581 quod
968 4516 1029 4586 de
1047 4515 1241 4583 plebeia
1262 4526 1512 4581 creatura,
1539 4516 1613 4569 vel
1632 4519 1768 4586 quod

258 4582 457 4633 ditidat
487 4582 700 4650 singulis
722 4594 871 4652 prout
902 4584 1024 4649 vult,
1048 4582 1146 4637 dici
1167 4586 1306 4638 nullo
1320 4589 1467 4639 modo
1481 4582 1658 4655 possit.

264 4695 430 4749 Vides
455 4697 592 4765 quod
623 4698 758 4752 sicut
784 4714 923 4753 unus
952 4699 1126 4766 Pater,
1158 4708 1211 4755 et
1241 4716 1373 4755 unus
1402 4701 1584 4766 Filius,
1617 4701 1687 4755 ita
1714 4710 1767 4756 et

190 4802 328 4839 unus
352 4788 583 4853 Spiritus
613 4800 861 4854 sanctus,
899 4791 1035 4844 sicut
1068 4800 1458 4864 consequenter
1485 4792 1719 4861 assignat
1751 4809 1763 4844 :

191 4874 400 4929 Etenim
433 4876 485 4929 in
526 4893 625 4929 uno
668 4877 867 4945 Spiritu
907 4880 1063 4945 potati
1094 4896 1286 4933 sumus.
1322 4880 1414 4934 llic
1441 4880 1485 4934 si
1516 4881 1583 4935 de
1612 4881 1767 4949 plebe

192 4970 273 5023 vel
302 4968 371 5024 de
404 4969 740 5025 multitudine
764 4982 1023 5026 creatura:
1052 4981 1215 5037 esset,
1257 4989 1392 5027 unus
1419 4975 1634 5028 omnino
1664 4976 1770 5030 dici

192 5074 296 5114 non
326 5069 534 5129 posset.
577 5060 642 5113 Et
673 5076 792 5116 cum
822 5062 907 5117 hic
940 5064 1136 5117 habeas
1162 5065 1309 5118 alteri
1332 5105 1348 5129 ,
1380 5065 1585 5132 inquit,
1616 5068 1769 5118 datur

193 5153 317 5219 ﬁdes
357 5155 414 5207 in
458 5154 631 5207 eodem
676 5154 874 5225 Spiritu
918 5156 1212 5227 (Ro'nr.xrr)
1240 5198 1255 5223 ,
1298 5158 1415 5226 quis
1448 5158 1582 5211 hanc
1609 5158 1764 5213 ﬁdem

195 5247 432 5311 tribuat;
483 5247 620 5300 idem
669 5248 733 5301 ad
775 5248 1079 5302 Corinthios
1122 5250 1407 5317 Apostolus
1445 5249 1763 5314 declaravit,

194 5335 377 5391 dicens
413 5352 427 5389 :
462 5334 527 5389 Et
550 5338 817 5408 unicuique
835 5340 962 5391 sicut
987 5337 1120 5392 Deus
1143 5340 1308 5392 divisit
1336 5355 1621 5392 mensuram
1644 5340 1765 5407 ﬁdei

195 5427 429 5497 (llebr.).
460 5428 613 5482 Vides
635 5432 775 5498 quod
798 5431 1157 5487 indubitanter
1180 5433 1317 5487 hunc
1341 5433 1457 5487 ﬁdei
1482 5433 1764 5488 divisorem

195 5520 361 5574 Deum
394 5524 873 5589 essepronuntiat.
914 5524 1063 5580 Licet
1096 5526 1146 5579 in
1178 5535 1282 5579 tam
1320 5527 1599 5595 multiplici
1647 5537 1765 5581 tan-

192 5619 369 5664 torum
402 5626 683 5667 munerum
716 5613 972 5683 largitate,
1008 5616 1119 5686 ipa
1151 5632 1241 5686 per
1278 5631 1335 5674 se
1376 5617 1765 5687 magniﬁcentia

1873 4545 1921 4590 et
1949 4543 2144 4603 portate
2171 4531 2330 4587 Deum
2373 4538 2424 4589 in
2460 4553 2672 4606 corpore
2710 4547 2891 4591 vestro.
2941 4537 3077 4605 Ergo
3106 4539 3194 4607 qui
3222 4539 3441 4607 Spiritui

1871 4636 2059 4679 sancto
2084 4624 2326 4679 studiose
2349 4627 2591 4693 puritatis
2614 4629 2861 4695 templum
2892 4638 3153 4696 praeparat
3174 4630 3224 4683 in
3255 4630 3436 4692 corde.

1874 4727 1968 4781 per
1992 4714 2287 4767 castitatem
2315 4724 2368 4768 et
2398 4716 2859 4771 mortiﬁcationem
2881 4717 3057 4772 carnis
3081 4718 3242 4771 Deum
3268 4729 3442 4786 portat

1875 4806 1927 4858 in
1959 4819 2204 4874 corpore.
2239 4806 2370 4860 Eum
2410 4822 2628 4862 necesse
2664 4818 2746 4861 est
2778 4809 3129 4875 corporaliter
3160 4821 3369 4876 portare
3410 4826 3439 4863 a

1873 4910 1980 4965 quo
2009 4897 2355 4965 spiritualiter
2386 4897 2737 4963 possidemur.
2771 4897 3101 4965 Quapropter
3127 4915 3283 4967 quem
3311 4910 3442 4955 tem-

1873 4986 1960 5054 plo
1989 4987 2250 5055 perspicis
2278 4990 2516 5055 dignum,
2542 4989 2734 5040 divinis
2764 4988 3051 5041 honoribus
3078 4992 3289 5043 nove-ris
3314 4994 3439 5044 ado-

1870 5076 2128 5141 randum,
2156 5077 2529 5130 celebrandum
2562 5078 2715 5139 votis,
2750 5078 3025 5133 sacriﬁciis
3066 5082 3437 5135 excolendum.

1869 5166 1948 5219 Ad
1982 5166 2335 5221 universalem
2376 5184 2502 5237 ergo
2530 5169 2765 5237 loquitur
2796 5172 3044 5238 magister
3074 5174 3305 5240 gentium
3345 5173 3443 5226 Ec-

1867 5259 2086 5313 clesium
2112 5276 2126 5312 :
2161 5258 2383 5313 Nescitis
2409 5262 2529 5329 quia
2557 5262 2796 5328 templum
2826 5260 2921 5314 Dei
2940 5264 3059 5315 estis
3078 5302 3090 5324 ,
3133 5273 3176 5315 et
3216 5263 3441 5329 Spiritus

1870 5359 2075 5403 sanctus
2109 5350 2303 5403 habitat
2342 5351 2393 5402 in
2420 5351 2574 5403 vobis.
2610 5352 2747 5405 Nulli
2777 5352 2877 5406 hoc
2908 5354 3158 5421 possibile
3184 5361 3441 5405 creatura:

1874 5450 1975 5505 est,
2010 5441 2104 5496 sed
2129 5441 2322 5496 divina:
2356 5442 2646 5509 majestatis
2679 5442 2884 5511 insigne
2922 5450 3025 5507 est,
3058 5454 3112 5495 ut
3138 5441 3439 5509 singulatim

1873 5548 1969 5602 per
1995 5543 2426 5602 unumquemque
2451 5533 2671 5602 populos
2699 5534 2935 5601 impleat,
2966 5542 3020 5588 et
3046 5542 3219 5585 tamen
3246 5532 3297 5584 in
3323 5532 3439 5600 ple-

1872 5622 2127 5679 nitudinis
2149 5635 2257 5677 sua:
2281 5622 2637 5679 immensitate
2662 5633 2985 5693 permaneat,
3009 5621 3225 5689 divinae,
3250 5621 3437 5693 inquit,
