3990 6390
608 286 609 289 “
639 292 708 348 39
1929 301 2342 361 SYMMACHUS
2381 305 2558 363 PAPA
3806 332 3866 388 ιο

608 405 907 477 singulare
944 408 1324 478 propriumque
1375 418 1578 466 naturae
1623 418 1742 477 est,
1783 411 1913 467 locis
1954 414 2204 469 omnibus
2235 420 2279 479 Α
2309 418 2504 472 debitis
2533 431 2729 473 exuere
2755 458 2770 483 ,
2819 419 3053 490 purgatis
3096 425 3439 485 conscientiis
3484 430 3745 491 innovare
3789 439 3869 494 Dei

638 502 833 561 praesto
867 500 1018 561 esse;
1050 498 1115 552 'in
1144 500 1323 553 omnia
1354 501 1574 563 intrare,
1609 508 1663 554 et
1700 502 1875 556 omnia
1907 503 2205 559 continere.

637 584 763 652 Dei,
798 587 999 656 inquit,
1032 589 1307 659 peculiare
1344 598 1425 645 est
1446 632 1461 658 ,
1496 589 1630 645 filios
1661 590 1977 661 perditionis
2008 604 2209 650 natum

2316 508 2453 563 filios
2478 508 2670 575 facere,
2696 517 2750 565 et
2773 510 2825 564 in
2847 513 3083 568 caelestis
3109 516 3256 585 regni
3281 519 3451 589 gloria
3474 522 3784 583 sublimare.

1311 822 1823 901 PASCHASII
1900 825 2385 902 EPISTOLA
2458 829 2589 903 AD
2664 831 3189 912 EUGIPIUM.

700 969 939 1028 Domino
962 982 1146 1029 sancto
1171 988 1487 1045 semperque
1507 978 1782 1032 carissimo
1808 978 2028 1049 Eugipio
2047 994 2198 1048 pres-

636 1064 822 1130 Itytero
853 1065 1166 1121 Paschasius
1197 1066 1454 1121 diaconus
1486 1070 1646 1123 frater
1686 1071 1738 1124 in
1792 1068 2007 1126 Christo
2036 1074 2199 1127 caris-

629 1156 817 1208 simus.

703 1246 831 1299 Dum
869 1254 1082 1303 sanctos
1123 1249 1324 1317 peritiae
1377 1259 1478 1304 tute
1522 1250 1764 1305 facundia
1816 1261 1869 1306 et
1908 1251 2001 1307 otii
2034 1251 2198 1307 felici-

617 1345 753 1399 tate,
780 1339 1114 1406 perpendens
1140 1340 1540 1405 amaritudines,
1564 1342 2041 1411 occupationesque
2063 1343 2196 1396 mul-

618 1427 839 1496 itiplices
868 1437 1228 1495 peccatorum,
1281 1437 1329 1482 te
1361 1438 1586 1483 tractare
1613 1430 1910 1484 contemnis
1938 1446 1951 1481 :
1978 1429 2193 1498 pudoris

623 1516 882 1582 jacturam
936 1516 1237 1570 dilectIOnis
1285 1518 1733 1587 contemplatione
1780 1518 2036 1572 sustineo.
2100 1518 2192 1571 Di-

622 1606 809 1660 rexisti
838 1608 1417 1671 commemoratorium,
1465 1609 1549 1662 cui
1596 1608 1725 1662 nihil
1768 1610 1931 1677 possit
1959 1608 2193 1677 adjicere

622 1696 863 1751 facundia
910 1698 1233 1766 peritonm;
1285 1705 1339 1752 et
1378 1713 1511 1767 opus
1554 1698 1693 1768 quod
1727 1699 1977 1754 Ecclesia:
2025 1699 2192 1767 possit

620 1785 944 1839 universitas
988 1793 1303 1851 recensere,
1363 1787 1509 1841 brevi
1556 1789 1803 1842 reserasti
1847 1788 2183 1858 compendio,

2302 990 2555 1049 qttantum
2590 982 2817 1041 fervoris
2856 989 3169 1057 attribuant,
3221 1005 3473 1063 quantum
3522 1002 3767 1068 puritatis
3795 1007 3856 1061 ine

2300 1072 2521 1129 fundant
2546 1092 2559 1128 :
2594 1076 2660 1132 de
2691 1078 2789 1133 hac
2810 1095 2866 1135 re
2893 1082 3196 1150 apostolicae
3220 1088 3363 1142 vocis
3394 1094 3688 1148 auctoritas
3716 1096 3856 1152 latius

2302 1161 2644 1256 innotescens
2675 1166 2728 1237 (Ι
2758 1166 2901 1224 Petr.
2933 1171 2989 1239 ν)
3015 1188 3029 1226 :
3056 1172 3269 1239 Forma,
3317 1176 3505 1246 inquit,
3536 1180 3664 1236 facti
3706 1188 3855 1256 gregi,

2299 1261 2352 1343 et
2394 1251 2577 1309 beatus
2616 1255 2807 1311 Paulus
2855 1258 3134 1315 Timotheo
3185 1266 3424 1333 praecipit
3459 1267 3566 1337 (11
3610 1251 3744 1327 Τὶηῖ.
3782 1251 3851 1343 ll),

2297 1340 2522 1396 formam
2556 1359 2674 1399 esse
2704 1345 2971 1404 fidelibus.
3019 1349 3167 1406 Unde
3212 1354 3350 1408 idem
3383 1359 3661 1424 apostolus
3686 1340 3852 1431 (Hebr.

2298 1433 2413 1498 xm)
2428 1434 2694 1501 justorum
2717 1437 3016 1508 catalogum
3040 1455 3247 1496 summa
3268 1444 3528 1505 brevitate
3548 1461 3850 1523 contexens,

2297 1522 2365 1577 ab
2394 1525 2531 1580 Abel
2562 1527 2841 1596 incipiens,
2870 1529 3149 1601 insignium
3180 1537 3414 1593 virorum
3453 1544 3622 1612 pergit
3654 1522 3849 1602 narrare

2297 1614 2537 1670 virtutes.
2585 1618 2675 1672 Sic
2722 1627 2778 1674 et
2823 1621 2914 1676 ille
2961 1622 3302 1681 ﬁdelissimus
3346 1628 3666 1689 Mathathias
3712 1639 3847 1693 morti

2293 1704 2685 1773 gloriosissima:
2707 1708 2816 1778 jam
2840 1713 3222 1781 propinquans,
3248 1717 3367 1771 filiis
3390 1720 3500 1773 suis
3524 1721 3845 1781 hereditario

2288 1793 2409 1862 jure
2430 1804 2734 1851 sanctorum
2758 1802 3004 1870 exempla
3027 1802 3294 1860 diSIribuit
3321 1826 3332 1859 :
3357 1825 3582 1877 quorum
3624 1819 3844 1869 certami~

620 1874 746 1926 dum
781 1874 918 1927 beati
962 1875 1196 1930 Severini
1242 1875 1491 1931 finitimas
1528 1877 1920 1932 Pannoniorum
1966 1878 2185 1946 provin-
2216 1883 2265 1943 B
2294 1884 2447 1939 nibus
2470 1885 2800 1943 admirandis
2827 1891 3092 1946 celebrius
3120 1897 3355 1963 excitati,
3374 1874 3595 1954 animas
3623 1917 3741 1958 suas
3761 1919 3843 1971 pro

616 1967 731 2019 cias
762 1967 1039 2022 incolentis
1070 1969 1229 2021 vitam
1263 1982 1547 2037 moresque
1588 1969 1765 2023 verius
1804 1969 2104 2038 explicasti,
2132 1979 2186 2025 et

614 2071 738 2125 qua:
768 2071 860 2125 per
887 2056 1032 2110 illum
1053 2058 1228 2111 divina
1253 2059 1417 2112 virtus
1442 2067 1522 2113 est
1551 2068 1765 2128 operata
1794 2058 2047 2113 miracula
2070 2060 2186 2114 diu-

618 2147 789 2201 turnis
810 2162 1055 2201 mansura
1080 2147 1404 2217 temporibus
1427 2148 1688 2203 tradidisti
1711 2150 1983 2203 memoria:
2004 2159 2184 2218 poste-

616 2251 820 2291 rorum.
850 2238 1104 2293 Nesciunt
1130 2239 1264 2293 facta
1292 2239 1499 2307 piorum
1528 2240 1699 2307 perire
1720 2253 1839 2293 cum
1868 2239 2065 2294 sarculo
2090 2258 2101 2292 :
2130 2248 2185 2295 ut

615 2341 801 2383 omnes
831 2337 1145 2398 praesentem
1180 2328 1429 2397 habeant,
1479 2341 1532 2383 et
1586 2343 1764 2383 secum
1794 2329 2183 2398 quodammodo

612 2420 847 2474 sentiant
875 2420 1215 2485 commorari,
1262 2420 1452 2488 quibus
1482 2434 1603 2473 eum
1644 2419 1834 2474 relatio
1875 2419 2183 2489 pervexerit

610 2509 872 2564 lectionis.
923 2511 986 2563 Et
1024 2510 1144 2564 ideo
1179 2509 1301 2579 quia
1333 2519 1386 2563 tu
1426 2510 1538 2564 haec
1574 2525 1691 2579 quae
1720 2525 1749 2563 a
1789 2524 1876 2565 me
1915 2510 2178 2565 narranda

606 2603 884 2672 poscebas,
913 2603 1154 2658 elocutus
1185 2616 1244 2656 es
1269 2601 1585 2671 simplicius,
1623 2601 1901 2671 explicasti
1937 2603 2173 2657 facilius:

606 2694 737 2748 nihil
764 2692 1119 2761 adjiciendum
1150 2692 1319 2747 labori
1347 2702 1546 2761 vestro,
1588 2693 1767 2746 studio
1794 2700 1976 2746 nostro
2004 2694 2177 2748 credi-

606 2781 803 2835 dimus.
840 2780 1113 2850 Siquidem
1157 2782 1309 2835 aliter
1345 2781 1523 2836 audita
1554 2796 1851 2847 narramus,
1902 2784 2056 2838 aliter
2083 2799 2176 2838 ex-

607 2882 754 2942 perta
785 2872 1164 2940 depromintus.
1190 2872 1421 2928 Facilius
1473 2874 1695 2928 virtutes
1741 2864 2113 2943 magistrorum
2143 2892 2174 2931 a

608 2961 879 3030 discipulis
940 2971 1277 3031 exponuntur
1324 2963 1464 3034 (quae
1522 2975 1875 3034 suggeruntur
1933 2967 2173 3023 crebrius

609 3052 1004 3109 conversatione
1019 3053 1344 3126 docentium)
1367 3054 1557 3109 divinis
1576 3055 1984 3111 charismatibus
2008 3057 2172 3128 inspi-

604 3143 734 3195 ratis
760 3143 956 3197 sanctis
983 3143 1243 3197 bonorum
1272 3144 1538 3199 mentibus
1565 3144 1896 3199 excolendis.

668 3231 937 3298 Quantum
976 3245 1126 3303 gesta
1174 3243 1479 3289 sanctorum
1549 3235 1792 3290 utilitatis
1843 3237 2166 3305 impertiant,
2195 3230 2241 3292 C

602 3353 1599 3394 m

2290 1975 2494 2044 legibus
2519 1978 2860 2047 sempiternis
2882 1983 3178 2038 sanctitatis
3201 1984 3411 2043 fervore
3435 1999 3839 2049 contemnerent.

2288 2063 2395 2121 Nec
2424 2077 2643 2135 paterna
2672 2069 2866 2126 liberos
2897 2071 3083 2127 fefellit
3126 2074 3425 2133 instructio.
3458 2080 3684 2137 Tantum
3714 2086 3839 2139 enim

2286 2155 2597 2224 profuerunt
2640 2162 2950 2216 memoratis
2980 2161 3116 2219 facta
3144 2166 3426 2235 majorum,
3458 2180 3515 2225 ut
3544 2184 3721 2242 aperta
3748 2175 3838 2229 ﬁde

2283 2261 2331 2300 a;
2348 2243 2523 2301 matus
2549 2250 2813 2319 principes
2830 2250 3190 2321 deterrerent,
3218 2266 3390 2313 castra
3419 2262 3673 2333 sacrilega
3698 2279 3838 2334 supe~

2288 2349 2490 2402 rarent,
2521 2340 2694 2394 cultus
2723 2356 2947 2413 arasque
2973 2345 3328 2403 dtemoniacas
3358 2350 3515 2421 longe
3541 2354 3743 2424 lateque
3768 2356 3836 2410 di-

2283 2440 2521 2494 ruerent,
2552 2431 2878 2502 civicamque
2902 2448 3174 2503 coronam,
3209 2440 3373 2507 gestis
3401 2441 3635 2499 decorati
3662 2461 3835 2514 peren-

2280 2517 2457 2585 nibus,
2505 2521 2805 2589 splendenti
2864 2526 3048 2593 patria:
3092 2529 3452 2596 providerent.
3498 2533 3643 2590 Unde
3668 2545 3720 2591 et
3744 2550 3833 2589 nos

2278 2612 2615 2665 ornamentis
2662 2627 2870 2680 sponsae
2896 2614 3095 2671 Christi
3138 2618 3389 2687 quiddam
3428 2622 3653 2679 fraterno
3680 2627 3831 2679 inini-

2277 2705 2444 2758 sterio
2475 2706 2742 2774 provideri
2770 2709 3097 2776 gaudemus:
3132 2727 3236 2766 non
3265 2728 3372 2783 quo
3415 2717 3550 2781 uilis,
3582 2726 3631 2771 ut
3651 2716 3822 2779 credo,

2276 2795 2606 2862 temporibus
2633 2794 2866 2852 defuerit
2893 2798 3086 2853 clarior
3114 2801 3218 2855 vita
3250 2804 3526 2872 majorum,
3574 2804 3661 2859 sed
3689 2806 3828 2873 quod

2274 2880 2491 2937 domum
2526 2884 2699 2952 magni
2722 2884 2880 2955 Regis
2917 2886 3261 2955 plurimorum
3304 2891 3489 2947 vexilla
3523 2903 3829 2962 tropaeorum

2276 2968 2473 3027 habere
2502 2975 2802 3027 conveniat.
2855 2974 2968 3029 Non
3000 2980 3143 3033 enim
3174 2995 3298 3035 vera
3344 2982 3512 3038 virtus
3548 2983 3828 3038 excluditur

2275 3060 2665 3116 numerositate
2692 3062 2970 3132 victorum,
3006 3067 3102 3122 sed
3124 3070 3319 3138 optatis
3342 3073 3675 3128 suctessibus
3700 3082 3826 3127 eate-

2278 3163 2382 3205 nus
2419 3151 2724 3221 ampliatur.

1605 3364 3814 3412 W

1681 3469 1844 3515 ANNO
1885 3470 2114 3516 DOMINI
2157 3473 2306 3518 CCCC
2315 3475 2392 3519 XC.
2403 3476 2731 3527 νιιι-ωιιν,

1094 3469 2180 3839 δΥΜῃῖῖξέ

2281 3475 3376 3844 ignium

1946 3864 2455 4011 NOTITtA.

1932 4052 2025 4118 (Ex
2051 4057 2174 4106 libro
2199 4057 2503 4123 Pontificali.)

661 4160 703 4216 Ι.
746 4160 826 4233 (α)
856 4161 1232 4235 Symmachus,
1278 4162 1493 4221 natione
1517 4169 1533 4187 '
1569 4163 1871 4229 Romanus,
1912 4179 1975 4219 ex
2015 4175 2168 4235 patre

589 4247 913 4320 Fortunato,
946 4256 1080 4309 sedit
1111 4270 1276 4310 annos
1308 4257 1393 4323 15,
1426 4266 1451 4293 ο
1498 4271 1711 4311 menses
1745 4264 1885 4323 octo,
1930 4255 2045 4311 dies
2070 4256 2161 4311 26.

591 4339 690 4397 Hic
717 4341 817 4396 fuit
865 4342 1190 4411 temporibus
1225 4345 1541 4400 Theodorici
1578 4347 1751 4414 regis,
1802 4356 1857 4399 et
1897 4345 2163 4400 Anastasii
2217 4333 2223 4341 ’

591 4432 812 4501 Augusti
850 4446 879 4485 a
918 4431 1004 4487 die
1049 4448 1083 4486 x
1111 4433 1453 4488 calendarum
1496 4434 1952 4498 Decembriarum,
1990 4450 2157 4499 usque

591 4523 646 4578 in
676 4522 815 4579 diem
846 4538 934 4577 xw
964 4523 1297 4578 calendarum
1337 4524 1714 4594 Augustarum.
1765 4524 1862 4577 Hic
1899 4524 1996 4578 sub
2036 4537 2163 4577 con-

590 4614 829 4669 tentione
867 4616 1141 4670 ordinatus
1164 4624 1247 4670 est
1275 4632 1380 4670 uno
1408 4617 1495 4672 die
1519 4632 1638 4671 cum
1671 4616 1975 4671 Laurentio.
2010 4616 2165 4686 Sym-

591 4706 812 4763 machus
827 4708 878 4761 in
901 4707 1118 4762 basilica
1140 4708 1594 4773 Constantiniana,
1620 4707 1935 4763 Laurentius
1957 4722 2085 4763 vero
2108 4707 2161 4761 in

589 4797 807 4853 basilica
847 4798 1016 4852 beatae
1060 4798 1256 4852 Mariae.
1306 4799 1385 4853 Ex
1426 4816 1527 4870 qua
1560 4813 1718 4854 causa
1761 4805 2037 4867 separatus
2081 4806 2162 4852 est

586 4888 763 4942 clerus
789 4890 832 4954 θ,
862 4896 918 4941 et
943 4886 1143 4940 divisus
1169 4897 1248 4941 cst
1275 4897 1329 4941 et
1358 4898 1593 4943 senatus.
1626 4888 1727 4942 Alii
1765 4902 1886 4942 cum
1917 4886 2162 4957 Symma-

587 4977 721 5042 cho,
766 4976 857 5031 alii
887 4991 1016 5033 vero
1044 4991 1161 5031 cum
1195 4977 1497 5032 Laurentio.
1543 4979 1609 5033 Et
1646 4980 1781 5033 facta
1824 4978 2163 5032 contentione

586 5067 691 5123 hoc
713 5071 736 5093 '
759 5069 1182 5133 constituerunt,
1205 5072 1223 5091 '
1254 5077 1460 5137 partes,
1488 5078 1545 5123 ut
1572 5070 1729 5124 ambo
1757 5070 1822 5124 ad
1855 5071 2155 5123 Ravennam
2182 5085 2236 5146 Ι)

584 5166 889 5228 pergerent,
906 5158 969 5212 ad
984 5157 1239 5227 judicium
1254 5159 1393 5227 regis
1408 5159 1745 5226 Theodorici,
1762 5161 1849 5228 qui
1862 5159 1985 5211 dum
2002 5156 2158 5211 ambo

584 5247 894 5303 introissent
926 5249 977 5301 in
1006 5249 1344 5314 Ravennam,
1379 5248 1478 5302 hoc
1508 5248 1758 5317 judicium
1788 5247 2048 5317 aequitatis
2077 5245 2158 5299 in-

583 5349 890 5397 venerunt:
923 5339 994 5395 Ut
1032 5342 1120 5410 qui
1167 5340 1335 5410 primo
1376 5341 1651 5395 ordinatus
1694 5340 1909 5406 fuisset,
1939 5339 2022 5395 vel
2066 5337 2154 5393 ubi

583 5446 708 5502 pars
750 5432 980 5488 maxima
1028 5444 1454 5502 cognosceretur,
1503 5434 1616 5502 ipse
1672 5433 1882 5488 sederet
1928 5432 1980 5488 in
2028 5430 2156 5488 sede

656 5591 733 5662 (α)
762 5593 819 5648 In
848 5594 988 5647 notis
1034 5591 1416 5662 marginalibus
1442 5589 1727 5662 Fabrottij
1759 5590 1958 5662 indicat
2000 5589 2151 5645 codi-

578 5660 926 5719 cem'Velseri
946 5660 1200 5719 collatum
1226 5676 1346 5730 cum
1375 5661 1658 5727 Vaticano;
1692 5660 1753 5730 Β,
1785 5661 2038 5719 lectiones
2076 5677 2145 5717 ex

2268 4167 2579 4235 apostolica.
2608 4169 2760 4237 Quod
2803 4173 3011 4229 tandem
3042 4178 3264 4246 aequitas
3308 4180 3361 4235 in
3404 4181 3727 4253 Symmacho
3753 4187 3818 4242 in-

2267 4257 2438 4326 venit,
2472 4262 2490 4282 ⁶
2530 4260 2885 4330 cognitionem
2914 4266 3173 4327 veritatis.
3219 4268 3284 4324 Et
3319 4270 3489 4328 factus
3527 4286 3614 4332 est
3646 4276 3817 4350 praesul

2265 4350 2634 4421 Symmachus.

2778 4446 2932 4487 ποτε
2974 4451 3318 4494 ΙΙΑῐὶϐΙΝΑιΕΒο

2335 4524 2354 4543 ⁹
2381 4516 2441 4598 0.
2462 4519 2532 4598 _B,
2567 4518 2787 4598 Sardus.
2811 4531 2931 4598 —_¢
2951 4523 3016 4598 ᾗ,
3048 4541 3120 4598 nt.
3157 4527 3209 4582 8.
3235 4530 3406 4598 minus
3433 4532 3484 4584 d.
3518 4530 3577 4598 4,
3631 4551 3663 4588 a
3699 4534 3821 4590 Cass.

2269 4587 2546 4659 Pauliniket
2580 4589 2811 4659 Scythaz,
2842 4592 2911 4645 ad
2942 4593 3017 4647 Μ.
3048 4595 3175 4651 Aur.
3211 4587 3576 4654 Cassiodorum'
3593 4587 3737 4659 coss:
3761 4629 3819 4641 —

2267 4661 2284 4682 ·
2320 4656 2669 4735 νίάεΔΒανοης
2697 4661 2765 4713 ad
2793 4656 2879 4715 an.
2913 4662 3118 4719 Domini
3140 4667 3262 4723 498.
3297 4698 3367 4709 -
3393 4676 3408 4693 ·
3430 4669 3495 4735 c,
3525 4656 3822 4730 construxe-

2264 4739 2404 4783 runt.
2439 4728 2458 4751 ⁴
2488 4739 2542 4784 ut
2568 4730 2736 4784 amba:
2769 4742 2965 4799 partes.
2995 4763 3064 4773 —
3095 4742 3112 4757 ‘
3135 4736 3194 4800 C,
3224 4748 3279 4792 et
3306 4728 3563 4809 cognitio.

2481 4836 2530 4875 ι..
2567 4834 2621 4876 ν.
2651 4836 2995 4878 FABROTTI'EK
3026 4838 3143 4878 COD.
3175 4842 3402 4883 FREHERI
3424 4845 3455 4882 Α
3482 4844 3551 4883 ΕΤ
3577 4848 3634 4887 Β.

2338 4896 2495 4952 Num.
2526 4899 2576 4965 Ι,
2607 4899 2702 4953 lin.
2734 4901 2784 4967 1,
2826 4900 2866 4953 Β
2893 4900 3110 4956 Sardus.
3142 4902 3259 4958 Lin.
3289 4906 3323 4959 2
3355 4908 3395 4959 A
3428 4920 3603 4961 mens.
3636 4910 3687 4963 7.
3717 4907 3756 4963 Β
3780 4906 3824 4961 (1.

2266 4966 2356 5039 27.
2392 4969 2509 5021 Lin.
2540 4970 2629 5029 i3,
2671 4966 2949 5024 consilium
2991 4972 3254 5039 aequitatis
3310 4975 3537 5031 invenit.
3579 4977 3705 5032 Lin.
3751 4976 3825 5037 16,

2275 5038 2421 5118 i7,_A
2437 5041 2576 5119 quod
2595 5040 2806 5094 tandem
2834 5038 3099 5109 aequitatis
3113 5042 3368 5112 judicium
3390 5046 3592 5102 invenit
3612 5047 3825 5119 cognitio

2264 5113 2515 5163 teritatis.

2640 5214 2708 5253 EX
2744 5214 2866 5254 COD.
2892 5216 3027 5256 ‘REG.
3068 5218 3190 5255 ΜΔΖ.
3228 5219 3295 5258 E‘l‘
3333 5220 3459 5259 THU.

2332 5284 2450 5340 Liu.
2480 5288 2528 5350 1,
2552 5284 2611 5341 S.
2636 5294 2745 5340 nat.
2774 5285 2995 5341 Sardus.
3022 5288 3137 5343 Lin.
3161 5291 3215 5355 2,
3241 5306 3412 5345 mens.
3443 5289 3494 5355 6,
3519 5290 3573 5345 d.
3598 5292 3691 5345 27.
3718 5290 3824 5346 Lin.

2261 5358 2313 5421 3,
2339 5356 2653 5427 Theoderici
2676 5356 2768 5427 (M.
2796 5356 3091 5427 Theudor.)
3116 5360 3206 5413 lin.
3232 5363 3285 5426 4,
3314 5364 3369 5427 5,
3392 5363 3493 5415 cal.
3529 5360 3825 5416 Decembris

2262 5427 2364 5498 (Μ.
2388 5425 2780 5497 Decembrium)
2800 5440 2966 5495 usque
2986 5428 3036 5482 in
3066 5425 3119 5482 ἃ.
3142 5425 3542 5501 xcal.Augusti.
3568 5432 3690 5489 Lin.
3705 5432 3757 5495 8,
3778 5428 3821 5481 9.

2258 5590 2379 5646 cod.
2402 5589 2549 5644 card.
2576 5588 2786 5643 Baronii
2813 5603 2825 5639 :
2851 5585 2915 5640 Β.
2939 5602 3002 5642 ex
3025 5587 3263 5655 ejusdem
3278 5590 3424 5647 card.
3450 5591 3718 5649 sententia
3738 5606 3753 5657 ;
3772 5587 3823 5653 (Ξ,

2259 5676 2326 5716 ex
2354 5661 2596 5716 conciliis
2623 5660 2778 5716 editis
2804 5673 2899 5727 per
2927 5657 3165 5713 Surium.
