3990 6390
540 337 609 392 47
1570 327 1980 389 δι’ΜιιΑοηυδ
2016 326 2213 381 PAPA.
2256 315 2822 385 vuucscousus.‘
3742 336 3815 390 is

974 464 1044 506 EX
1070 464 1188 506 COD.
1218 465 1417 504 THUAN.
1452 464 1684 503 Αιτειιο.

610 541 727 595 Lin.
756 539 814 607 8,
856 541 1118 609 pecnniis.
1154 541 1268 594 Lin.
1307 542 1392 606 13,
1425 537 1693 609 “7.7Lin.
1734 535 1818 600 Μ,
1856 537 1943 609 l5,
1976 537 2120 604 Apo-

539 612 658 664 stoli
680 626 789 664 xw.
812 607 914 664 cal.
944 611 1079 677 Aug.
1103 622 1156 665 et
1177 626 1314 665 cess.
1342 609 1504 676 episc.
1532 608 1586 661 d.
1613 607 1667 662 7.
1686 625 1739 676 q.
1772 622 1820 662 e.
1854 607 1891 660 i.
1916 624 1968 675 p.
1993 622 2043 661 e.
2063 622 2119 675 q.

538 681 811 750 depositus
835 682 936 735 sub
965 681 1054 735 die
1082 681 1148 736 19
1180 682 1378 735 mensis
1407 678 1557 732 Julii.

890 806 943 846 ν.
979 807 1027 845 L.
1060 806 1315 846 Ποιετεκ.
1347 804 1415 844 ΕΤ
1447 801 1770 843 εειιειεετιι.

614 884 713 939 Hie
742 883 1037 947 constituit,
1068 892 1124 937 ut
1152 883 1295 935 omni
1328 881 1415 937 die
1442 880 1735 946 dominico,
1760 879 1845 934 vel
1871 879 2123 934 natalitiis

542 962 836 1024 martyrum
869 954 1095 1024 hymnus
1125 954 1395 1024 diceretur
1423 952 1719 1024 angelicus,
1762 950 1816 1024 id
1843 958 1926 1004 est
1947 949 2126 1024 Gloria

541 1027 595 1078 in
617 1019 827 1077 excelsis
859 1019 985 1076 Deo.
1018 1022 1111 1076 Hic
1138 1022 1262 1076 fecit
1295 1019 1653 1077 ccemiterium
1678 1019 2030 1075 Jordanorum
2067 1022 2116 1072 in

538 1096 733 1149 melius
788 1104 1005 1161 propter
1027 1106 1222 1159 corpus
1263 1093 1432 1145 sancti
1478 1090 1793 1161 Alexandri.
1837 1090 1934 1144 llic
1978 1091 2125 1145 omni

539 1180 684 1219 anno
714 1158 807 1231 per
833 1158 1086 1225 Africam,
1119 1158 1203 1216 vel
1233 1162 1535 1217 Sardiniam
1578 1158 1646 1213 ad
1672 1161 1954 1229 episcopos
1976 1201 1992 1225 ,
2036 1161 2124 1228 qui

538 1236 597 1288 in
628 1230 814 1289 exSilio
853 1242 1005 1287 erant
1049 1233 1278 1296 retrusi,
1314 1232 1615 1300 pecuniam,
1646 1239 1701 1286 et
1744 1238 1924 1284 vestes
1969 1230 2126 1283 mini-

540 1306 761 1359 strabat.
799 1303 896 1357 Hic
924 1302 1165 1371 captivos
1194 1318 1286 1370 per
1320 1302 1617 1368 Liguriam,
1663 1308 1719 1356 et
1745 1314 1840 1368 per
1864 1300 2123 1371 Mediola-

540 1389 690 1439 num,
725 1380 777 1427 et
799 1387 892 1440 per
918 1370 1159 1427 diversas
1195 1373 1491 1441 provincias
1532 1371 1755 1439 pecunia
1780 1370 2038 1433 redemit,
2072 1378 2127 1424 et

540 1445 673 1497 dona
699 1444 1099 1511 multiplieavit,
1132 1450 1187 1497 et
1211 1441 1430 1496 dimisit.
1475 1441 1570 1495 Hic
1596 1440 1729 1511 fecit
1775 1441 2121 1511 ordinationes

539 1525 755 1581 quatuor
783 1514 835 1566 in
856 1508 983 1566 urbe
1013 1512 1175 1566 Roma
1206 1528 1292 1573 per
1319 1526 1538 1564 mensem
1582 1510 1910 1581 Decembrem
1939 1520 1993 1563 et
2020 1508 2125 1563 Fe-

539 1580 835 1649 bruarium,
865 1583 1176 1651 presbyteros
1205 1582 1220 1601 '
1247 1581 1336 1646 92,
1361 1582 1603 1635 diaconos
1635 1580 1722 1644 16,
1744 1581 2010 1651 episcopos
2033 1597 2124 1649 per

541 1654 749 1707 diversa
776 1655 891 1705 loca
924 1656 939 1675 ⁶
973 1650 1095 1714 107,
1136 1651 1224 1720 qui
1256 1653 1416 1705 etiam
1455 1651 1684 1718 sepultus
1709 1658 1781 1702 est
1814 1650 1868 1720 in
1900 1650 2119 1703 basilica

542 1723 678 1776 beati
704 1722 853 1776 Petri
877 1722 1127 1791 apostoli,
1145 1719 1162 1743 "
1183 1731 1235 1776 et
1261 1720 1468 1791 cessavit
1485 1721 1804 1790 episcopatus
1820 1719 1934 1774 dies
1952 1721 2005 1784 7,
2031 1720 2120 1788 qui

542 1795 703 1847 etiam
732 1793 785 1846 in
818 1790 946 1860 pace
982 1791 1256 1846 confessor
1286 1790 1507 1860 quievit.

1097 1914 1236 1950 ποτε
1268 1913 1575 1951 ωλιισιιυιεε.

610 1984 624 2003 ⁸
657 1983 742 2046 Ms.
758 1982 936 2046 Codd,
963 1982 1132 2033 22.—-‘
1151 1983 1299 2045 Flor.,
1322 1981 1580 2046 Episcopos
1600 1981 1811 2033 l27.-'
1836 1982 1981 2034 Addit
1998 1983 2125 2034 Flor.

558 2058 656 2092 λιι.
685 2044 780 2093 kal.
815 2046 1035 2108 Augusti.

900 2166 953 2205 ν.
989 2167 1039 2206 ι..
1071 2165 1245 2206 ΡΕΝῙΑΞ
1276 2165 1342 2206 EX
1374 2165 1497 2205 COD.
1529 2164 1774 2205 CAVENSI.

620 2246 739 2300 Lin.
774 2244 842 2299 12
875 2252 930 2299 et
962 2243 1049 2313 l5,
1078 2244 1362 2313 episc0pos
1392 2256 1487 2311 per
1514 2241 1724 2297 diversa
1751 2242 1864 2296 loca
1891 2255 2058 2296 cxvu.

750 2433 1227 2491 ruaoueuruu
1260 2434 1334 2504 (α)
1368 2434 1707 2492 amemus
1748 2435 1929 2492 VlT/E

695 2544 923 2583 EIUSDEM
979 2541 1273 2581 PONTIFICIS
1315 2544 1345 2580 Δ
1386 2542 1732 2584 εειιιειιλτιεο
1777 2543 1988 2592 οσοωιιί

1071 2611 1256 2652 ςοιενο
1296 2611 1619 2652 ῸΕΒΩΒΙΡΤᾸδ.

626 2710 974 2781 Symmachus
1022 2706 1162 2762 sedit
1207 2720 1376 2762 annos
1405 2706 1726 2778 quindecim,
1773 2720 1985 2762 menses
2014 2720 2133 2775 sep-

558 2809 688 2865 tem,
716 2800 830 2854 dies
856 2797 1036 2867 viginti
1086 2805 1141 2852 et
1184 2806 1389 2867 septem
1416 2813 1430 2851 :
1462 2810 1584 2851 eum
1616 2796 1718 2851 hoc
1760 2805 1936 2852 autem
1970 2795 2137 2851 fuerat

559 2892 880 2948 Laurentius
923 2891 1177 2946 Romamn
1232 2890 1486 2945 Ecclesiae
1538 2890 1818 2960 presbyter
1865 2888 2140 2943 ordinatus

562 2985 869 3055 episcopus;
902 2990 1153 3052 tantaque
1199 2980 1405 3036 clerum
1438 2994 1502 3036 ac
1536 2980 1789 3051 populum
1842 2980 2139 3034 Romanum

563 3075 826 3132 discordia
862 3074 1043 3129 feralis
1082 3072 1375 3137 invaserat,
1410 3081 1595 3127 utnec
1624 3070 1801 3125 divina
1829 3069 2139 3125 considera-

2150 442 2201 502 Α
2231 442 2451 513 praedia,
2476 452 2530 499 et
2556 458 2649 512 per
2672 444 2773 497 hoc
2800 442 3151 501 anatltematis
3171 458 3230 501 se
3258 444 3483 502 vinculis
3504 444 3811 504 irretissct:

2232 549 2331 604 pro
2359 535 2548 590 diebus
2589 545 2768 588 autem
2800 535 3137 603 paschalibus
3166 537 3236 592 ab
3266 537 3514 593 omnibus
3542 552 3683 608 pene
3726 542 3816 595 vir

2228 624 2545 711 venerabilis
2588 624 2779 679 Petrus
2807 625 3058 680 Altinatis
3088 627 3369 695 episc0pus
3406 641 3434 680 a
3463 642 3589 697 rege
3617 629 3811 683 visita-

2226 722 2312 770 tor
2349 715 2604 770 Ecclesiae
2650 715 2909 771 Romanae
2937 716 3273 785 deposcitur,
3321 727 3376 772 et
3412 726 3536 788 post
3563 730 3813 776 sanctam

2226 805 2587 872 festivitatem,
2613 806 2849 875 synodus
2875 808 2926 861 in
2948 808 3132 862 urbem
3165 808 3388 863 Romam
3412 824 3508 878 pro
3529 812 3815 868 voluntate

2227 890 2446 951 senatus
2472 905 2527 950 et
2556 896 2721 964 cleri,
2770 896 2992 966 jubeute
3045 912 3193 967 rege,
3224 898 3291 952 de
3334 899 3453 968 ejus
3499 903 3815 957 excessibus

2224 985 2525 1057 iudicaturo
2556 988 2822 1041 convenit.
2849 989 3021 1057 Atque
3061 988 3111 1042 id
3137 988 3308 1057 agitur
3333 1004 3362 1042 a
3394 991 3661 1045 nonnullis
3695 994 3817 1061 epi-

2234 1076 2413 1144 scopis
2432 1084 2487 1130 et
2509 1076 2847 1131 senatoribus
2875 1091 3056 1131 ne.....
3075 1076 3302 1132 1......m
3331 1079 3814 1150 Symmachus.....

2228 1168 2514 1223 audientiae
2542 1168 2880 1224 subderetur.
2940 1169 3052 1224 Hoc
3099 1170 3271 1239 palam
3316 1185 3415 1240 pro
3460 1172 3579 1241 ejus
3619 1173 3817 1226 defen-

2229 1263 2380 1317 sione
2429 1261 2809 1329 clamantibus,
2860 1261 3000 1332 quod
3042 1276 3072 1315 a
3121 1263 3268 1318 nullo
3314 1263 3486 1332 possit
3535 1263 3817 1318 Romanus

2229 1356 2490 1426 pontifex,
2534 1355 2695 1409 etiam
2736 1354 2781 1407 si
2811 1354 2933 1408 talis
2958 1355 3050 1420 sit,
3079 1354 3251 1423 qualis
3276 1364 3577 1421 accusatur,
3600 1355 3815 1422 audiri;

2227 1446 2324 1501 sed
2348 1445 2631 1501 electiores
2661 1445 2929 1499 antistites
2950 1483 2966 1509 ,
2993 1452 3098 1499 tam
3128 1459 3225 1514 pro
3261 1445 3535 1515 religionis
3576 1447 3776 1500 intuitu
3798 1482 3817 1512 ,

2229 1551 2386 1606 quam
2433 1550 2528 1604 pro
2557 1536 2703 1604 regia
2727 1536 2969 1604 jussione
3010 1535 3300 1591 censebant
3329 1545 3490 1591 tanta:
3527 1538 3605 1591 rei
3647 1552 3818 1607 nego-

2208 1629 2359 1687 tium
2383 1641 2521 1697 pene
2553 1626 2750 1695 ubique
2778 1626 3048 1696 vulgatum
3079 1628 3196 1681 sine
3223 1626 3471 1681 examine
3502 1626 3815 1682 nullatenus

2236 1719 2617 1776 deserendum.
2676 1717 2913 1787 Cumque
2958 1718 3193 1788 synodus
3222 1719 3323 1774 sub
3352 1717 3454 1773 hac
3480 1718 3815 1773 dissonantia

2170 1794 2219 1856 Β
2250 1815 2366 1884 plus
2417 1814 2553 1868 inter
2606 1820 2786 1882 partes
2834 1811 3164 1866 ministraret
3212 1812 3445 1866 fomenta
3493 1811 3813 1875 discordiae;

2230 1904 2441 1959 tandem
2488 1903 2767 1958 constituit
2798 1909 2855 1956 ut
2883 1901 3118 1967 libellus,
3143 1916 3298 1971 quem
3328 1902 3626 1957 offerebant
3650 1917 3815 1957 accu-

2228 2004 2437 2051 satores
2465 1992 2794 2065 Symmachi,
2826 2002 3110 2063 susceptus
3139 1993 3280 2048 inter
3324 2002 3473 2063 gesta
3501 1994 3817 2049 solemniter

2232 2084 2569 2155 panderetur.
2604 2083 2720 2151 Quo
2749 2082 2891 2137 facto
2915 2096 3037 2136 mox
3071 2097 3166 2152 per
3188 2083 3472 2153 episcopos
3494 2069 3633 2138 idem
3659 2084 3818 2155 Sym-

2232 2174 2485 2241 machus,
2517 2181 2576 2227 ut
2616 2181 2865 2227 occurrat
2892 2170 2959 2226 ad
2996 2171 3277 2240 judicium,
3308 2175 3655 2229 convenitur.
3706 2174 3817 2229 Sed

2232 2281 2353 2320 cum
2402 2279 2496 2335 per
2544 2264 2790 2326 clericos.
2838 2265 2931 2333 qui
2980 2264 3030 2318 ei
3060 2263 3442 2329 observabant,
3475 2264 3662 2321 fuisset
3690 2264 3811 2334 ejus

2234 2366 2422 2428 negata
2465 2356 2747 2426 praesentia
2774 2372 2789 2419 ;
2822 2355 3016 2411 iterum
3044 2363 3099 2411 et
3130 2355 3288 2410 tertio
3328 2356 3623 2410 secundum
3652 2370 3815 2425 regu-

2236 2451 2343 2514 las,
2372 2457 2431 2502 ut
2456 2448 2523 2502 ad
2566 2447 2876 2519 synodalem
2908 2447 3193 2502 conveniat
3222 2446 3547 2502 audientiam
3589 2462 3683 2518 per
3708 2462 3815 2501 an-

2134 2594 2142 2601 ,
2238 2540 2431 2595 tistites
2486 2538 2842 2602 admonetur;
2891 2538 3205 2607 nullumque
3252 2536 3500 2607 dignatus
3554 2546 3638 2591 est
3685 2537 3818 2593 dare

2236 2644 2566 2700 responsum.
2597 2628 2745 2683 Tunc
2783 2626 3038 2698 aliquanti
3064 2628 3301 2697 episcOpi
3330 2627 3571 2683 videntes
3597 2627 3728 2682 nihil
3750 2642 3820 2684 se

2240 2724 2295 2777 in
2336 2736 2494 2776 causa
2525 2719 2809 2791 prolicere,
2840 2720 3041 2775 clerum
3074 2720 3165 2789 qui
3195 2718 3514 2775 discesserat
3538 2733 3567 2771 a
3591 2732 3814 2772 consor-

2242 2816 2317 2870 tio
2349 2812 2681 2884 Symmachi,
2726 2814 2892 2869 semel
2939 2822 2993 2869 et
3039 2813 3231 2868 iterum
3272 2820 3629 2878 commonent,
3658 2822 3717 2867 ut
3745 2813 3822 2868 ad

2242 2920 2362 2961 eum
2407 2904 2766 2974 praetermisso
2793 2911 3092 2959 revertatur
3120 2904 3385 2959 etamine.
3405 2904 3502 2969 Qui
3529 2918 3589 2958 se
3616 2917 3823 2972 nequa-

2244 3010 2402 3065 quam
2436 2994 2540 3050 hoe
2581 2996 2753 3050 facere
2781 3008 2940 3064 posse
2967 2994 3268 3063 respondit,
3312 2994 3459 3063 prius
3483 3008 3641 3063 quam
3666 2994 3823 3048 tantis

2246 3087 2561 3141 criminibus
2604 3085 2876 3155 impetitus
2905 3085 3242 3141 discussione
3272 3085 3500 3155 regulari
3529 3085 3614 3140 vel
3651 3084 3823 3139 absold

562 3169 660 3232 tio,
712 3182 810 3221 nec
841 3174 1016 3220 metus
1048 3162 1225 3233 regius
1251 3171 1427 3233 partes
1456 3177 1484 3216 a
1518 3163 1726 3231 propria
1758 3161 2030 3216 collisione
2049 3175 2140 3215 co-

2255 3186 2438 3240 vatur,
2470 3178 2515 3231 si
2571 3177 2829 3232 innocens
2874 3176 3051 3243 fuerit,
3081 3177 3184 3243 vel,
3212 3177 3257 3231 si
3302 3192 3426 3232 reus
3468 3176 3750 3243 exstiterit,
3793 3190 3824 3230 ι

562 3260 793 3314 hibcrct.
832 3258 982 3312 Tunc
1011 3263 1276 3326 c0guntur
1306 3256 1537 3324 utrique,
1562 3254 1913 3325 Symmachus
1939 3252 2143 3308 scilicet

566 3362 617 3406 et
652 3350 997 3413 Laurentius,
1030 3348 1233 3417 regium
1265 3347 1488 3402 subituri
1516 3345 1769 3416 judicium
1792 3387 1805 3411 ,
1838 3355 2018 3414 petere
2046 3360 2141 3401 co-

567 3444 829 3496 mitatum.
879 3440 952 3495 lbi
987 3438 1341 3509 Symmachus
1388 3439 1570 3492 multis
1604 3437 1841 3507 pecuniis
1897 3437 2139 3491 obtinet:

570 3535 882 3587 Laurentius
926 3529 991 3584 ad
1038 3527 1435 3599 gubernandum
1468 3527 1760 3582 Ecclesiam
1805 3526 2141 3592 Nucerinam,

571 3625 879 3694 Campania:
907 3624 1203 3685 civitatem,
1230 3619 1467 3689 plurimis
1491 3628 1707 3674 coactus
1736 3618 1892 3672 minis
1914 3619 2144 3687 promis-

573 3716 921 3782 sionibusque
947 3713 1217 3783 dirigitur.
1250 3711 1380 3766 Post
1413 3711 1615 3781 aliquot
1641 3719 1818 3765 autem
1849 3726 2021 3765 annos
2051 3725 2146 3779 pro

574 3806 757 3860 multis
777 3803 1088 3859 criminibus
1108 3804 1244 3872 apud
1273 3817 1452 3872 regem
1476 3803 1828 3874 Symmachus
1845 3813 2144 3867 accusatur,

575 3911 734 3966 quem
789 3911 883 3950 rex
911 3895 1011 3951 sub
1053 3895 1335 3951 occasione
1382 3894 1654 3965 paschali,
1702 3895 1842 3963 quod
1874 3910 1979 3948 non
2026 3908 2147 3948 eum

578 3991 928 4046 universitate
971 3988 1365 4058 celebraverat,
1415 3992 1479 4044 ad
1529 3989 1836 4044 comitatum
1887 4002 2147 4043 convo....

573 4083 957 4141 rationem.....
1013 4079 1319 4137 festivitatis
1379 4080 1712 4136 dissonantia
1776 4079 2147 4143 redditurum;

575 4177 808 4248 fecitque
854 4174 997 4246 apud
1025 4173 1326 4230 Ariminum
1375 4174 1654 4238 resedere;
1694 4187 1925 4242 cumque
1954 4171 2147 4227 ibidem

575 4285 696 4327 cum
732 4269 846 4326 suis
872 4267 1083 4324 clericis
1110 4267 1395 4336 aliquantis
1434 4276 1803 4337 permoratur,
1848 4275 1966 4334 post
1994 4266 2154 4321 meri-

578 4360 754 4415 dianis
788 4358 935 4414 boris
965 4371 1126 4426 super
1162 4357 1310 4412 littus
1339 4358 1501 4412 maris
1546 4357 1843 4420 ambulans,
1877 4356 2010 4412 vidit
2036 4372 2154 4412 mu-

580 4450 742 4505 lieres
781 4446 906 4503 inde
936 4445 1182 4512 transire,
1212 4460 1333 4500 cum
1358 4446 1551 4513 quibus
1587 4447 1938 4501 accusabatur
1964 4446 2016 4500 in
2040 4462 2155 4500 sse-

2248 3271 2552 3327 sacerdotio
2601 3270 2928 3340 deponatur.
2984 3269 3092 3326 Sed
3150 3284 3328 3325 moras
3381 3268 3625 3338 episcopi
3674 3285 3822 3322 n.....

2263 3362 2437 3416 ...ntis
2465 3376 2582 3415 cum
2609 3360 2855 3415 viderent
2878 3360 3044 3429 magis
3072 3373 3134 3413 ac
3160 3360 3327 3428 magis
3356 3359 3531 3413 studia
3556 3358 3825 3413 divisionis

2246 3452 2449 3523 augeri,
2483 3450 2603 3521 quae
2629 3449 2732 3505 sibi
2763 3448 2921 3505 utilia
2948 3450 3059 3503 visa
3088 3458 3213 3503 sunt
3240 3463 3339 3518 pro
3360 3448 3672 3519 Symmachi
3710 3463 3825 3517 per-

2248 3559 2376 3601 sona
2425 3543 2793 3607 constituunt;
2834 3548 2888 3595 et
2934 3542 3012 3595 sic
3060 3540 3245 3594 urbem
3292 3541 3344 3594 in
3376 3554 3587 3595 summa
3639 3536 3822 3593 confu-

2248 3636 2400 3691 sione
2430 3634 2829 3704 derelinquunt.
2859 3630 3045 3687 Clerus
3075 3645 3204 3701 ergo
3224 3671 3239 3695 ,
3268 3637 3323 3685 et
3345 3640 3562 3687 senatus
3584 3628 3821 3693 eiectior,

2250 3730 2335 3799 qui
2365 3726 2694 3782 ecusortium
2731 3725 2990 3779 vitaverat
3019 3722 3348 3793 Symmachi,
3380 3722 3696 3793 petitionem
3722 3720 3827 3791 regi

2252 3834 2345 3888 pro
2376 3832 2602 3888 pers-tna
2653 3815 2925 3871 Laurentii
2973 3814 3185 3883 dirigit,
3217 3813 3306 3882 qui
3352 3827 3417 3866 eo
3452 3820 3697 3882 tempore
3726 3810 3825 3865 Ra-

2253 3924 2442 3964 venna:
2491 3907 2818 3973 morabatur,
2870 3904 3175 3976 Symmachi
3210 3904 3517 3958 violentiam
3542 3943 3556 3967 ,
3582 3901 3829 3972 ponetu-

2254 4001 2558 4068 tionemque
2595 3998 2894 4061 declinans,
2940 4007 2997 4051 ut
3050 3997 3165 4066 ipse
3204 3996 3459 4050 Romana:
3512 3995 3832 4066 praesedenet

2258 4090 2513 4144 Ecclesiae
2533 4130 2547 4157 ,
2573 4088 2662 4142 ubi
2710 4087 2909 4142 dudum
2940 4086 3115 4142 fuerat
3158 4100 3398 4142 summus
3429 4085 3667 4155 pomifer
3693 4085 3833 4141 ordi-

2257 4191 2431 4235 natus.
2493 4181 2626 4247 Quia
2684 4179 2787 4234 hoc
2833 4188 2889 4235 et
2934 4180 3229 4235 canonibus
3286 4188 3431 4235 esset
3486 4179 3741 4245 affixum,
3780 4188 3832 4234 ut

2258 4272 2627 4341 unusquisque
2684 4271 2795 4325 illic
2845 4279 3174 4340 permaneat,
3207 4270 3297 4326 ubi
3329 4271 3571 4340 primitus
3600 4281 3681 4327 est
3711 4286 3833 4326 con-

2202 4434 2203 4437 η
2259 4374 2498 4420 secratus
2528 4365 2753 4418 antistes
2770 4380 2785 4429 ;
2805 4363 2889 4418 vel
2909 4363 3283 4433 siquibusdam
3306 4364 3626 4419 commentis
3645 4364 3832 4418 exinde

2263 4468 2499 4510 remotus
2533 4454 2725 4522 fuerit,
2760 4472 2881 4512 eum
2929 4457 3101 4511 modis
3130 4458 3378 4512 omnibus
3409 4472 3531 4511 esse
3582 4461 3837 4513 revo'can-

584 4539 719 4604 lere,
745 4551 863 4608 quae
890 4536 1200 4593 comitatum
1234 4535 1503 4603 petebant,
1532 4536 1675 4604 regia
1695 4536 1958 4604 jussione.
1994 4535 2140 4591 Dissi-

2263 4547 2411 4601 dum.
2454 4546 2544 4601 Sic
2583 4546 2901 4602 Laurentius
2940 4547 3004 4601 ad
3052 4548 3237 4603 urbem
3283 4548 3503 4603 veniens
3548 4550 3645 4618 per
3674 4562 3836 4602 annos

584 4630 805 4687 mulaus
836 4644 965 4699 ergo
994 4643 1054 4684 se
1088 4628 1248 4698 scire,
1280 4626 1422 4698 quod
1469 4628 1711 4692 viderat,
1743 4638 1901 4683 nocte
1948 4628 2121 4684 media
2145 4670 2160 4694 ,

584 4722 982 4778 dormientibus
1007 4722 1238 4784 cunctis,
1271 4735 1396 4775 cum
1446 4734 1554 4774 uno
1599 4728 1800 4775 tantum
1827 4723 2047 4777 conscio
2077 4722 2160 4777 fn-

586 4813 767 4882 giens,
796 4811 1097 4882 regreditur
1146 4810 1394 4877 Romam,
1435 4825 1601 4881 seque
1632 4813 1769 4865 intra
1827 4812 1967 4867 beati
2016 4813 2158 4868 Petri

588 4904 815 4973 apostoli
846 4913 994 4973 septa
1029 4903 1317 4958 concludit.
1353 4902 1503 4957 Tune
1533 4903 1829 4974 presbyteri
1862 4903 2159 4974 etdiaconi,

588 5010 690 5049 nec
715 5010 821 5051 non
852 4994 1043 5064 reliqui
1070 4993 1410 5060 clericorum,
1454 5008 1587 5063 quos
1619 5009 1798 5050 secum
1830 4993 2160 5059 deduxerat,

589 5085 788 5140 adeunt
828 5100 1031 5155 regem,
1062 5095 1115 5140 et
1146 5086 1261 5141 sine
1304 5100 1399 5139 sua
1427 5086 1755 5141 conscientia
1787 5087 2165 5157 Symmachum

590 5177 794 5246 fugisse
836 5178 1115 5240 testantur,
1150 5192 1245 5246 per
1286 5190 1421 5247 quos
1470 5190 1565 5230 rex
1618 5186 1724 5229 tam
1755 5176 1819 5230 ad
1876 5188 2121 5233 senatum
2149 5219 2164 5243 ,

590 5282 749 5337 quam
781 5267 845 5321 ad
885 5267 1088 5322 clerum
1138 5274 1402 5337 praecepta
1430 5280 1589 5335 super
1615 5268 1730 5337 ejus
1769 5269 2165 5336 quodammodo

594 5359 937 5414 damnatione
993 5360 1324 5416 transmittit.
1381 5360 1679 5415 Accusatur
1729 5360 1889 5414 etiam
1935 5361 2001 5415 ab
2047 5363 2165 5417 uni-

596 5463 753 5504 verso
797 5449 942 5504 clero
976 5448 1236 5517 Romano,
1267 5449 1407 5519 quod
1450 5459 1638 5505 contra
1683 5450 1951 5506 decretum
1986 5469 2014 5507 a
2055 5460 2165 5511 suis

598 5538 964 5597 decessoribus
1010 5538 1347 5597 observatum
1398 5541 1762 5598 ecclesiastica
1816 5544 2163 5616 dilapidassct

2265 4637 2478 4692 circiter
2504 4646 2731 4707 quatuor
2763 4639 3053 4693 Romanam
3078 4639 3248 4694 tenuit
3271 4639 3589 4706 Ecclesium,
3609 4654 3703 4709 per
3723 4653 3837 4710 qua:

2268 4740 2530 4799 tempora,
2586 4744 2707 4799 quae
2757 4730 2900 4785 bella
2949 4731 3125 4785 civilia
3159 4741 3309 4799 gesta
3356 4732 3484 4797 sin't,
3511 4732 3599 4787 vel
3646 4741 3839 4801 quanta

2276 4821 2567 4877 homicidia
2625 4830 2947 4891 perpetrata,
2998 4837 3104 4877 non
3154 4829 3239 4877 est
3286 4823 3533 4891 praesenti
3585 4822 3842 4877 relatione

2271 4912 2628 4983 pandendum.
2659 4913 2902 4982 Dumque
2953 4922 3130 4981 partes
3172 4922 3351 4969 mutua
3404 4928 3463 4969 se
3511 4912 3843 4968 dissensione

2271 5005 2551 5073 collidunt,
2577 5018 2639 5059 ac
2679 5019 2775 5073 pro
2811 5005 2921 5060 suis
2950 5004 3141 5059 studiis
3166 5006 3347 5075 regale
3378 5004 3681 5074 praesidium
3704 4996 3847 5071 saepe

2270 5097 2586 5165 deposcunt,
2614 5096 2679 5151 ad
2710 5096 2954 5152 ultimum
2999 5096 3309 5165 petitionem
3351 5092 3707 5165 Symmachus
3739 5093 3846 5164 regi

2275 5204 2371 5257 per
2402 5188 2715 5242 Dioscorum
2754 5187 3170 5242 Alexandrinum
3203 5188 3485 5243 diaconum
3517 5188 3811 5243 destinavit
3832 5224 3847 5248 ,

2271 5292 2520 5334 asserens
2550 5277 2652 5332 sibi
2687 5292 2933 5348 magnum
2963 5278 3332 5348 przrjudicium
3365 5278 3499 5344 fieri,
3540 5286 3596 5332 et
3622 5278 3851 5331 maxime

2272 5370 2341 5426 de
2388 5371 2552 5425 titulis
2580 5367 2927 5425 ecclesiarum
2957 5384 3090 5440 quas
3137 5372 3276 5425 intra
3310 5371 3497 5426 urbem
3534 5369 3853 5425 Laurentius

2274 5461 2570 5515 obtinebat.
2605 5460 2685 5514 Ad
2726 5459 2865 5515 hanc
2894 5461 3307 5516 insinuationem
3338 5460 3485 5529 regis
3523 5462 3732 5514 animus
3762 5458 3858 5512 de-

2271 5550 2453 5605 linitus
2483 5549 2713 5607 Pati'cio
2940 5561 3203 5623 prmeepta
3229 5550 3445 5622 dirigit,
3477 5552 3774 5608 admonens
3801 5557 3859 5603 ut

672 5698 747 5769 (a)
782 5700 857 5755 Ex
883 5701 1000 5757 eod.
1034 5701 1226 5757 Veron.
1260 5700 1489 5771 vulgavit
1513 5699 1592 5757 Cl.
1617 5703 1831 5772 Joseph.
1869 5701 2147 5761 Blanehin.
2176 5706 2229 5759 in
2261 5705 2355 5761 lib.
2388 5707 2609 5775 inscrip.
2638 5705 2886 5764 Enarrat.
2920 5704 3418 5764 Pseudo-Atbanas.
