3990 6390
198 355 266 411 49
1080 346 1427 405 εΥΜΜΑΟΗΙ
1466 348 1667 421 ΡᾼΡΑΞ
1708 348 1771 404 El

1872 351 2057 405 I'OLAZ
2098 352 2185 405 ET
2221 352 2553 408 DECRETA.
3371 360 3440 414 50

198 480 384 523 omnes
441 463 695 519 Ecclesia:
748 461 886 516 tituli
935 459 1255 531 Symmacho
1303 460 1657 515 reformentur
1713 469 1767 513 et
1794 462 1842 520 Α
1869 460 1935 513 de
1963 461 2239 515 ordinibus
2264 461 2662 526 ecclesiasticis,
2694 475 2829 531 quos
2869 464 3103 532 acceptis
3134 464 3305 534 palam
3347 481 3437 534 pe-

197 571 361 612 unum
410 555 594 608 Romae
622 561 895 623 pateretur
945 564 1066 605 esse
1108 551 1451 620 pontificem:
1482 550 1624 619 quod
1672 550 1761 603 ubi

197 646 515 703 Laurentius
564 642 855 713 comperit,
911 641 1098 696 urbem
1138 642 1307 695 noluit
1352 641 1601 695 diuturna
1654 640 1765 694 col-

199 740 489 795 luctatione
513 738 715 802 vexari,
735 750 796 790 ac
827 749 920 788 sua
950 742 1139 802 sponte
1170 734 1221 787 in
1243 734 1456 802 praediis
1483 732 1766 786 memorati

200 830 409 887 Patricii
461 829 605 884 Festi
646 827 763 882 sine
800 826 1053 881 dilatione
1102 825 1389 888 concessit,
1443 824 1623 893 ibique
1670 823 1769 877 sub

200 919 397 990 ingenti
423 917 743 972 abstinentia
771 916 1052 971 terminum
1080 916 1200 970 vita:
1236 915 1452 969 sortitus
1478 921 1579 967 est.
1608 912 1770 982 Sym-

201 1012 447 1065 machum
472 1025 601 1065 vero
627 1008 1223 1078 postmodum-quamvis
1240 1008 1519 1069 victorem,
1541 1004 1609 1058 de
1632 1004 1769 1075 mul-

202 1102 266 1153 tis
297 1100 456 1153 rebus
481 1098 617 1152 fama
656 1097 1012 1161 decoloravit;
1047 1095 1330 1151 obscenior
1362 1102 1417 1148 et
1442 1093 1676 1157 maxime
1700 1091 1768 1146 de

201 1190 310 1253 illa,
350 1203 507 1256 quam
535 1186 690 1256 vulgo
717 1185 1065 1241 conditariam
1095 1184 1415 1240 vocitabant.
1448 1181 1556 1237 Nec:
1585 1197 1690 1234 non
1714 1188 1774 1234 et

1868 548 2040 601 cuniis
2071 548 2430 605 distrahebat:
2466 566 2560 620 pro
2580 550 2771 620 quibus
2802 552 2962 607 rebus
2989 568 3156 622 usque
3180 554 3246 607 ad
3281 554 3437 609 finem

1868 639 1993 691 vita:
2018 637 2135 704 ejus
2175 639 2407 693 Ecclesia
2440 640 2676 695 Romana
2704 642 2755 696 in
2787 642 3077 697 schismate
3104 646 3433 713 perduravit.

1874 725 1969 779 Hic
1994 725 2132 779 beati
2161 725 2367 779 Martini
2386 730 2664 785 ecclesiam
2683 730 2830 797 juxta
2854 740 3096 785 sanctum
3124 732 3435 787 Silvestrem

1873 815 2090 885 palatini
2123 814 2349 870 illustris
2374 816 2472 871 viri
2505 819 2741 886 pecuniis
2768 818 3027 874 fabricans
3052 830 3107 874 et
3139 835 3431 888 exornans,

1875 923 1941 964 eo
1975 908 2091 975 ipso
2129 908 2359 961 instante
2383 908 2679 973 dedicavit;
2715 911 2967 965 nonnulla
2993 913 3155 967 etiam
3181 921 3438 968 cmmete‘

1872 998 1948 1053 ria
1968 1037 1983 1063 ,
2007 1006 2062 1053 et
2090 998 2320 1051 maxime
2344 998 2512 1051 sancti
2541 998 2805 1055 Pancratii
2832 1015 3115 1067 renovans,
3148 1003 3298 1070 plura
3327 1003 3438 1058 illic

1870 1102 2081 1158 quoque
2111 1101 2245 1142 nova
2272 1089 2596 1142 construxit.

657 1501 722 1545 η.
1021 1413 2000 1591 simam
2064 1415 2603 1526 pum

874 1600 1645 1703 EPISTOL/E
1760 1600 1937 1699 ET
2047 1598 2774 1701 DECRETA.
2864 1628 2873 1635 ‘

530 1786 849 1843 EPISTULA
892 1784 1098 1840 PRIMA
1137 1783 1318 1853 (OLIM
1360 1783 1444 1850 ll).
1475 1786 1491 1835 le

447 1898 513 1936 ΔΙ)
549 1897 757 1935 ΑΕΟΝΙΕΜ
794 1892 1173 1933 ΑιιειΑτεΝεΕιι
1215 1892 1511 1931 EPISCOPUM.

206 1975 271 2030 Ut
298 1977 402 2043 ipse
425 1986 469 2027 et
497 1975 758 2043 episwpus
792 1970 1090 2023 Viennensis
1115 1969 1327 2043 Romam
1358 1976 1518 2043 certos
1538 1965 1767 2043 homines

268 2035 503 2105 mittunt,
526 2035 626 2111 'qui
662 2035 723 2092 de
745 2043 967 2106 ipsorum
996 2039 1341 2092 controversiis
1367 2038 1623 2101 instructi,
1659 2035 1766 2089 sedi

269 2110 564 2180 apostolica?
588 2110 858 2179 allegando
904 2116 1197 2179 suggerant.

270 2223 627 2276 DJectissimo
681 2219 827 2274 fratri
877 2218 1072 2273 Ennio
1108 2216 1479 2288 Symmachus.

271 2335 430 2388 Movit
454 2333 694 2402 equidem
736 2347 857 2397 nos,
904 2329 1045 2401 quod
1088 2329 1387 2384 dilectionis
1434 2340 1537 2383 tua:
1581 2328 1770 2383 relatio

198 2424 522 2479 declaravit:
556 2438 782 2492 namque
809 2423 940 2493 (aL,
973 2421 1195 2491 nempe)
1233 2428 1419 2476 contra
1453 2420 1663 2489 regulas
1685 2434 1773 2474 ec-

198 2515 486 2569 clesiastici
508 2514 800 2576 constituti,
832 2521 885 2565 et
906 2512 1162 2566 adversus
1182 2510 1593 2564 reverendorum
1616 2523 1775 2563 cano-

200 2619 334 2658 num
366 2612 668 2669 tractatum,
701 2617 794 2670 per
822 2601 1222 2669 subreptionem
1244 2601 1563 2655 Viennensis
1584 2600 1774 2655 Eccle-

199 2693 303 2747 sia:
331 2692 635 2760 pontificem
673 2692 739 2745 de
765 2691 1075 2759 apostolica,
1126 2689 1446 2759 prazsidente
1484 2690 1777 2758 praedeces-

194 2795 323 2836 sore
352 2792 555 2846 nostro,
585 2780 712 2836 sede
739 2781 1074 2849 culpabiliter
1102 2781 1277 2849 aliqua
1302 2782 1598 2846 meruisse;
1631 2797 1773 2848 cum,

193 2872 241 2927 si
273 2872 344 2926 sit
371 2887 493 2927 vera
521 2872 852 2941 conquestio,
875 2869 1119 2926 efl‘ectum
1139 2885 1243 2925 non
1268 2872 1469 2940 possint
1490 2871 1775 2941 impetrata

195 2964 394 3019 frivnle
450 2964 754 3033 possidere:
789 2977 887 3017 nec
916 2978 944 3017 a
971 2962 1123 3017 nobis
1170 2963 1367 3032 aliquid
1418 2964 1542 3018 novi
1579 2964 1775 3033 poterit

192 3054 462 3117 ordiniri,
520 3042 636 3106 nisi'
667 3067 785 3122 quae
826 3066 855 3104 a
899 3052 1138 3121 patribus
1185 3053 1774 3124 przedecessoribusque

194 3143 404 3198 nosrris
437 3144 532 3197 hac
561 3156 720 3196 causa
743 3149 935 3196 statuta
953 3142 1261 3197 claruerint.
1294 3142 1492 3198 Tamen
1520 3159 1589 3199 ne
1618 3144 1772 3197 facile

191 3231 427 3286 alterius
463 3231 626 3298 partis
660 3229 897 3285 absentia
949 3231 1445 3305 prmjudicabiliter.
1472 3234 1775 3289 videremur

190 3321 380 3390 aliqua
411 3318 731 3383 decrevisse,
758 3318 811 3373 id
838 3319 1007 3389 magis
1035 3319 1282 3374 duximus
1312 3321 1689 3385 ordinandum,
1719 3331 1776 3377 ut

190 3411 511 3466 fraternitas
543 3420 627 3464 tua
665 3413 986 3479 competenti
1033 3420 1272 3481 tempore
1302 3414 1368 3467 de
1407 3415 1775 3471 ecclesiastico

187 3500 391 3554 ordine
423 3500 737 3553 instruetum
766 3514 872 3553 non
901 3510 1136 3554 moretur
1160 3503 1227 3556 de
1259 3503 1403 3556 omni
1456 3517 1615 3558 causa
1646 3504 1778 3557 diri-

186 3607 347 3661 gere,
383 3591 470 3659 qui
511 3590 648 3658 apud
705 3604 801 3644 nos
855 3592 1131 3645 veritatem
1180 3606 1355 3646 causa:
1408 3602 1777 3662 competenter

185 3685 429 3753 alleget;
453 3693 713 3752 quatenus
736 3682 1073 3750 pertractatis
1094 3682 1362 3749 omnibus,
1382 3683 1521 3751 quod
1539 3694 1777 3739 statuen-

182 3777 323 3832 dum
358 3784 461 3839 est,
488 3775 584 3828 sub
610 3774 1012 3829 deliberationis
1054 3774 1247 3828 robore
1295 3775 1586 3829 sanciatur.
1642 3774 1773 3830 Illud

182 3866 360 3922 etiam
392 3865 728 3919 dilectionem
763 3874 906 3919 tuam
963 3866 1134 3920 facere
1164 3866 1361 3920 debere
1416 3867 1773 3935 prmcipimns,

183 3966 246 4011 ut
280 3957 506 4009 fratrem
528 3963 583 4010 et
606 3955 980 4024 coepiscopum
1013 3966 1254 4010 nostrum
1285 3955 1603 4011 Viennensis
1631 3957 1777 4011 urbis

174 4046 490 4101 antistitem
523 4046 686 4100 misso
716 4046 901 4099 nuntio
930 4055 982 4099 et
1017 4047 1281 4116 scriptura
1329 4057 1686 4112 commoneat,
1722 4056 1778 4100 ut

170 4135 501 4192 constitutis
527 4135 714 4189 diebus
736 4137 778 4188 is
800 4150 1010 4203 quoque
1047 4138 1314 4191 hominem
1350 4139 1620 4206 proprium
1649 4138 1776 4191 diri-

168 4235 303 4295 gat,
331 4224 427 4292 qui
452 4224 614 4290 p'ai'tis
633 4224 749 4290 ejus
770 4224 1113 4290 allegationes
1136 4236 1501 4292 competenter
1522 4228 1777 4291 insinuet,

169 4314 618 4383 ut'depromptis
658 4313 726 4367 ab
780 4324 999 4382 utraque
1045 4316 1495 4385 suggesnonibus,
1540 4317 1779 4372 securius

162 4422 306 4479 qua:
341 4406 398 4459 in
431 4413 745 4473 perpetuum
777 4404 1036 4473 servanda
1068 4406 1177 4459 sint
1220 4405 1594 4476 disponantur.
1644 4407 1775 4474 Quia

164 4509 413 4564 semper
439 4500 716 4562 suspectus
731 4492 956 4561 judicat,
981 4494 1067 4562 qui
1095 4495 1195 4548 sub
1218 4495 1371 4549 unius
1396 4496 1535 4565 quod
1564 4496 1771 4550 videtur

1872 1785 2133 1841 electione
2165 1784 2448 1854 pontificis,
2478 1794 2532 1840 et
2552 1784 2743 1840 divinis
2768 1785 2971 1840 initiata
3005 1785 3180 1855 lingua
3213 1786 3445 1843 cultibus

1798 1856 1843 1915 Β
1874 1878 2067 1933 militat
2090 1877 2474 1943 consecranda,
2515 1879 2568 1933 in
2616 1878 2777 1947 ignoti
2810 1893 2904 1931 nos
2929 1878 3203 1947 diligentia
3242 1893 3445 1933 sermo-

1871 1984 1997 2023 num
2032 1968 2242 2023 vincula
2294 1976 2611 2023 tenuerunt:
2643 1970 2764 2037 quia
2792 1968 2924 2021 nihil
2951 1976 3168 2037 superat
3205 1966 3443 2037 judiciis,

1868 2063 2079 2132 quoties
2105 2062 2301 2132 aliquid
2335 2063 2584 2131 probatus
2606 2061 2876 2117 extulerit.
2909 2062 3044 2128 Quid
3064 2064 3205 2117 enim
3232 2070 3447 2117 senten-

1870 2154 1955 2207 tice
1984 2152 2293 2222 sequacium
2325 2152 2683 2222 derelinquat,
2714 2151 2925 2220 quando
2945 2152 3164 2221 justitiae
3194 2151 3446 2221 obsequi-

1869 2252 1978 2307 tur,
2008 2243 2161 2311 cujus
2215 2242 2267 2296 in
2306 2257 2530 2297 examen
2578 2241 2815 2296 definitio
2845 2256 2950 2296 non
2976 2242 3239 2297 vocatur?
3279 2240 3445 2310 Agitis

1873 2334 2013 2389 bono
2037 2333 2396 2398 conscientiae,
2420 2332 2561 2402 quod
2579 2343 2759 2387 vestro
2784 2332 2869 2387 vix
2892 2334 3175 2403 negaretu‘r
3200 2332 3443 2402 imperio.

1876 2424 2128 2477 Exhibuit
2152 2425 2292 2478 inter
2323 2424 2555 2477 arbitros
2578 2422 2868 2477 Marcellini
2917 2409 3233 2477 vener'abilis
3280 2422 3446 2476 colle-

1875 2526 1995 2580 gam
2022 2510 2281 2564 Maximus
2311 2510 2585 2563 hominum
2618 2510 2915 2563 humilitate
2962 2510 3261 2576 sublimior,
3297 2518 3351 2564 et
3383 2527 3450 2563 ne

1879 2600 2124 2668 potestati
2156 2598 2303 2653 favor
2330 2614 2426 2668 per
2470 2598 2715 2668 obliquos
2764 2598 3158 2653 adscriberetur
3186 2598 3449 2667 interpre-

1878 2701 1979 2761 tes,
2004 2691 2142 2761 quod
2170 2691 2238 2747 de
2262 2692 2474 2761 pr0prio
2502 2690 2784 2759 descripsit
2809 2691 3044 2760 ingenio,
3063 2689 3261 2744 laudati
3276 2691 3451 2758 junxit

1876 2782 1941 2836 ad
1973 2782 2224 2852 pretium.
2256 2781 2450 2850 Egistis
2479 2779 2802 2834 mediocrem
2826 2822 2840 2848 ,
2873 2794 2940 2835 ne
2972 2777 3280 2850 praeexcelsi
3311 2790 3451 2834 esset

1874 2882 2122 2941 suspecta
2169 2872 2506 2940 praedicatio;
2562 2871 2981 2926 clarissimorum
3037 2871 3361 2938 testimonia,
3394 2881 3451 2925 ut

1876 2964 2017 3017 vires
2041 2964 2301 3031 accipiant
2331 2961 2586 3026 culmina,
2612 2963 2956 3032 castigantur.
3002 2961 3153 3016 Felix
3197 2962 3451 3017 sacerdo-

1878 3054 2026 3118 tium,
2057 3056 2143 3108 cui
2173 3056 2338 3109 facem
2380 3054 2608 3121 praetulit
2641 3054 2792 3123 plena
2825 3068 2976 3108 mens
3008 3052 3240 3107 luminis.
3292 3053 3451 3108 Beata

1876 3148 2235 3214 conversatio,
2258 3160 2375 3215 qua:
2398 3146 2594 3199 idcirco
2619 3146 2669 3199 in
2694 3145 3078 3201 discussionem
3102 3145 3325 3201 deducta
3347 3155 3451 3211 est.

1800 3212 1846 3274 θ
1880 3248 1935 3293 ιιι
1966 3246 2113 3292 tanto
2150 3212 2653 3305 viro—adstipulantc
2695 3245 2995 3307 superaret,
3030 3253 3148 3306 qua:
3186 3252 3291 3292 non
3318 3236 3451 3291 didi-

1875 3329 2038 3382 cisset
2092 3342 2338 3397 snporem
2392 3328 2628 3382 victoriae
2674 3328 2776 3383 nisi
2817 3329 3168 3398 subjacuisset
3214 3329 3450 3384 incertis.

1878 3422 2101 3487 Semper
2123 3420 2498 3476 innocentibus
2542 3420 2767 3489 gloriam
2823 3421 3045 3477 adversa
3087 3431 3451 3492 pepererunt:

1876 3512 2117 3581 providet
2146 3511 2455 3566 defensores
2489 3511 2811 3566 fortissimos
2854 3514 3139 3569 mediocris
3177 3514 3452 3582 impugna-

1878 3604 1973 3658 tio.
1998 3602 2103 3657 Sed
2134 3602 2257 3671 quid
2295 3601 2534 3671 epistola:
2562 3603 2819 3657 terminos
2855 3603 3173 3673 loquacitate
3200 3603 3451 3673 produxi,

1876 3704 2088 3751 coactas
2116 3696 2229 3763 lege
2254 3696 2471 3765 paginas
2500 3695 2549 3747 in
2578 3700 2807 3749 humana
2831 3696 3242 3754 concinnatione
3268 3706 3447 3753 trans-

1876 3787 2130 3855 gressus?
2177 3786 2349 3856 Jungo
2394 3794 2449 3843 et
2495 3801 2596 3858 ego
2642 3788 2985 3857 amplissimis
3039 3792 3276 3859 patribus
3339 3792 3447 3860 (al.

1878 3879 2207 3948 amplissime
2236 3879 2511 3949 partibus)
2540 3881 2754 3944 vestris,
2785 3895 2882 3951 pro
2910 3882 3127 3937 modulo
3148 3883 3455 3953 exiguitatis

1880 3969 2132 4038 propriae,
2154 3968 2305 4024 vobis
2329 3969 2471 4024 coelo
2494 3970 2822 4040 obsequente
2851 3986 3168 4027 consensum
3198 3992 3211 4025 :
3236 3983 3289 4028 et
3312 3974 3453 4043 quod

1879 4060 2121 4114 mirabile
2151 4060 2290 4113 inter
2320 4060 2565 4114 homines
2608 4059 2856 4123 habetur,
2903 4062 3332 4117 consideratione
3362 4079 3453 4117 ve-

1878 4151 1975 4204 stri
1998 4147 2237 4203 attrabor
2264 4147 2332 4202 ad
2362 4162 2620 4203 amorem.
2644 4149 2903 4217 InSpirata
2950 4150 3079 4204 mibi
3106 4165 3201 4220 per
3227 4153 3454 4207 alterum

1881 4242 2050 4309 placet
2074 4238 2306 4303 affectio,
2333 4239 2458 4293 dum
2491 4246 2672 4295 manet
2695 4240 2889 4295 caritas
2912 4241 3031 4296 imis
3061 4242 3258 4297 inserta
3286 4245 3455 4300 visce-

1881 4331 2048 4387 ribus.
2080 4328 2459 4399 Peregrinante
2490 4344 2736 4400 persona,
2764 4333 3012 4389 comitem
3043 4348 3101 4388 se
3139 4343 3313 4389 tamen
3346 4349 3454 4389 coe-

1877 4424 2023 4479 lestis
2036 4422 2205 4493 gratia
2219 4422 2496 4478 desideriis
2511 4423 2722 4494 jungat,
2737 4434 2790 4479 et
2806 4424 2931 4480 dum
2947 4427 3136 4494 cupitis
3158 4427 3314 4481 datur
3326 4428 3453 4483 effe-

1875 4526 2012 4585 ctus,
2045 4524 2140 4571 aut
2165 4516 2341 4571 veniat
2372 4516 2564 4571 bonum
2594 4518 2951 4583 pontificatus,
2983 4527 3073 4572 aut
3107 4518 3284 4574 faciat.
3325 4520 3451 4573 Data

160 4587 339 4657 eligit
371 4584 738 4653 deploratione
763 4586 989 4641 sancire.
1031 4585 1283 4640 Dominus
1341 4564 1761 4645 teiincolumem

1880 4564 2012 4585 ---Ἴ
2045 4564 2139 4571 π-
2177 4564 2340 4571 .--η--
2372 4564 2564 4571 --η----
2595 4564 2951 4583 Γ--------η---,
2983 4564 3073 4572 __-
3107 4564 3284 4574 ην-..
3325 4564 3451 4573 νη...

1872 4622 1992 4662 xvnt
2022 4607 2363 4663 calendarum
2400 4607 2774 4662 Novembrium
2817 4608 2924 4674 die,
2981 4611 3272 4666 indictione
3302 4624 3381 4660 (θνα
3444 4646 3451 4651 .

119 4666 123 4673 ’
161 4676 478 4739 custodiat,
508 4675 671 4729 frater
699 4675 994 4729 carissime.
1032 4678 1160 4730 Dita
1191 4678 1293 4731 sub
1317 4677 1403 4732 die
1429 4695 1485 4733 ιιι
1516 4681 1765 4734 calendas

1870 4714 1932 4753 va
1960 4699 2147 4768 (Anno
2172 4698 2298 4752 Chr.
2322 4697 2425 4752 499
2444 4697 2483 4767 ).

158 4765 534 4827 Novembris,
566 4772 688 4834 post
715 4774 1053 4819 consulatum
1101 4766 1303 4822 Paulini
1337 4770 1437 4823 viri
1485 4771 1765 4826 clarissimi

157 4861 379 4931 (Anno
409 4857 535 4912 Chr.
568 4855 729 4925 499).

547 4994 872 5050 ΕΡΙδΤΟΙΛ
928 4996 970 5049 ll
1028 4995 1233 5065 (OLIM
1282 4996 1405 5068 ιιι).

2280 4835 2605 4891 EPISTOLA
2647 4836 2705 4890 ιιι
2750 4838 2929 4907 (nun
2970 4839 3031 4910 l).

2047 4960 2303 5001 ευΙὶΙΔϐΗΙ
2345 4961 2489 4999 ΡΔΡέΕ
2531 4964 2596 5001 ΑΙ)
2638 4963 2851 5003 ,εοκιυιι
2892 4967 3270 5010 ARELATENSEM

2511 5033 2795 5073 ειιιεεορωι
2806 5059 2818 5072 .

1874 5106 2118 5161 Rescissis
2165 5106 2247 5185 iis_
2274 5122 2388 5185 qua!
2434 5107 2755 5185 Anastasius
2785 5112 3019 5168 decessor
3066 5117 3118 5169 in
3176 5117 3449 5171 Viennensi

1940 5177 2280 5251 controversia
2306 5177 2576 5251 innovarat
2600 5223 2614 5248 ,
2647 5181 2859 5251 antiqua
2881 5184 3012 5237 sedis
3033 5189 3325 5251 apostolica:
3355 5190 3445 5241 de-

1941 5255 2076 5298 creta
2115 5245 2364 5300 observari
2386 5247 2555 5316 jubet.

636 5102 703 5140 AD
735 5102 980 5141 LIBERIUI
1012 5102 1317 5142 PATRICIUM.

154 5194 237 5250 De
275 5193 454 5247 eiecto
495 5187 1084 5258 episcopoAquileiensi,
1126 5193 1272 5259 cujus
1315 5189 1497 5258 prwbet
1533 5190 1767 5246 electioui

827 5274 1109 5313 assensum.

227 5367 613 5442 Symmachus
665 5367 946 5438 episcopus
994 5368 1245 5425 Ecclesia:
1293 5369 1571 5427 catholicae
1618 5373 1763 5428 urhis

1944 5355 2296 5411 Dilectissimo
2321 5355 2476 5413 fratri
2508 5355 2703 5415 Eonio
2734 5360 3108 5432 Symmachus.

148 5465 380 5528 Roma"
424 5460 636 5516 “Dedo
663 5461 887 5530 Ρδιτίθίθ
906 5461 1151 5516 ⁸³¹¹¹ίθ¹¹¹·
1947 5454 2258 5543 Dilectionis
2304 5496 2407 5544 tua:
2464 5489 2690 5559 litteras,
2740 5495 3091 5565 mandataque
3121 5496 3230 5549 ﬁlio
3261 5506 3445 5553 nostro

1872 5576 2179 5632 Crescentio
2233 5578 2549 5649 presbytero
2597 5580 2931 5639 internuntio
2960 5583 3234 5642 deferente
3262 5601 3446 5642 susce-

1878 5669 2077 5736 pimus,
2128 5668 2320 5739 quibus
2359 5677 2575 5726 constat
2604 5672 2741 5729 intcr
2772 5674 3133 5730 Arelatensem
3184 5685 3237 5732 et
3285 5673 3444 5733 Vien-

222 5577 377 5631 Cum
419 5589 517 5641 pro
540 5571 839 5627 veneranda
886 5574 1006 5643 (est
1056 5574 1282 5628 Ennodii
1343 5576 1508 5643 prima
1565 5575 1655 5631 lib.
1693 5577 1762 5646 v)

145 5668 444 5741 religione
464 5665 809 5722 conscientia:
843 5667 1003 5722 verba
1032 5666 1261 5737 dirigitis
1315 5669 1365 5722 in
1414 5669 1770 5738 Aquileiensis
