3990 6390
546 361 610 415 sl
1883 364 2115 418 SYMMA

2227 363 2238 416 l
2278 363 2481 418 ΡΑΡᾸΞ

3747 381 3837 437 53

548 487 770 529 nensem
813 474 1109 529 Ecclesiam
1141 474 1353 543 aliquod
1398 474 1463 527 de
1502 472 1813 526 ordinandis
1860 475 2127 540 episcoois
2156 480 2203 534 Α
2231 474 2384 535 dam;
2419 484 2647 528 attamen
2691 478 2734 529 si
2761 492 2822 531 ea
2864 493 2980 545 quae
3014 480 3161 544 fecit,
3193 483 3582 542 rationabiliter
3622 488 3831 549 fecisse

547 565 602 618 in
632 564 822 619 vicinis
844 564 1151 619 civitatibus
1178 564 1304 618 oriri
1336 564 1634 617 luctamen:
1672 562 1757 615 illa
1792 576 1848 616 re
1876 562 2119 615 videlicet

546 655 799 717 faciente,
827 653 966 722 quod
998 654 1251 707 decessor
1285 660 1471 706 uoster
1509 658 1707 704 sanctze
1739 652 2125 705 recordatioiiis

549 743 887 809 Anastasius,
927 752 1166 797 tractans
1192 743 1561 796 confusionem
1592 741 1915 807 provinciae,
1946 743 2122 807 aliqua

550 842 741 887 contra
789 841 1028 884 veterem
1080 830 1517 884 consuetudinem
1564 829 1788 897 jusserit
1829 830 2120 891 observari,

548 923 898 976 decessorum
949 936 1165 975 suorum
1220 920 1469 975 videlicet
1512 920 1905 975 ordinationem
1958 922 2121 991 (quod

549 1029 658 1068 non
706 1013 1013 1081 oportebat)
1060 1013 1161 1067 sub
1200 1013 1439 1080 qualibet
1488 1014 1811 1067 necessitate
1857 1022 2125 1080 transgre-

554 1100 731 1156 diens.
780 1102 910 1155 Nam
958 1103 1082 1155 dum
1111 1102 1174 1154 ad
1210 1102 1462 1155 trinitatis
1495 1102 1694 1168 instar,
1728 1103 1880 1171 cujus
1910 1120 2009 1157 una
2040 1114 2125 1158 est

552 1188 715 1263 atque
745 1194 1011 1249 individua
1042 1203 1297 1262 potestas,
1334 1210 1495 1247 unum
1537 1196 1604 1248 sit
1635 1211 1729 1263 per
1758 1196 2000 1249 diversos
2028 1211 2123 1249 an-

512 1282 750 1338 -tistites
795 1283 1183 1348 sacerdotium;
1213 1285 1663 1353 quemadmodum
1724 1287 1960 1354 priorum
2009 1298 2121 1341 sta—

552 1384 665 1428 tuta
712 1390 740 1428 a
779 1377 1124 1445 sequentibus
1156 1378 1406 1432 convenit
1447 1376 1669 1431 violari?
1719 1377 1831 1431 Huc
1876 1379 2122 1442 accedit,

548 1464 688 1533 quod
721 1480 787 1518 ne
825 1466 890 1520 sit
940 1467 1331 1521 sententiarum
1379 1467 1608 1521 varietas
1639 1467 1704 1521 ad
1737 1468 1904 1536 ipsam
1936 1483 2129 1523 sacro-.

547 1562 783 1607 sanctam
818 1554 1135 1608 catholicam
1168 1557 1478 1623 religionem
1510 1557 1782 1611 credimus
1815 1560 2121 1625 pertinere:

547 1643 700 1712 cujus
720 1645 897 1698 omnis
926 1655 1159 1713 potestas
1193 1646 1514 1716 infringitur,
1548 1648 1647 1701 nisi
1675 1649 1918 1702 universa
1942 1665 2063 1717 qua:
2094 1664 2123 1703 ι

548 1735 763 1789 Domini
808 1737 1181 1791 sacerdotibus
1228 1739 1398 1793 semel
1457 1750 1805 1807 statuuntur,
1862 1753 2119 1810 perpetua

2234 566 2538 619 fraternitas
2564 576 2648 620 tua
2681 567 2941 631 docuerit,
2973 573 3322 635 gaudebimus
3354 578 3483 632 nihil
3517 594 3636 635 esse
3656 584 3725 637 ab
3750 599 3832 638 eo

2228 666 2412 709 contra
2448 672 2679 711 canones
2709 668 3045 727 attentatum,
3075 669 3207 729 qua
3236 668 3375 733 quod
3408 670 3469 721 fit
3508 681 3703 737 praeter
3731 691 3829 730 re-

2228 748 2425 812 gulam,
2445 749 2601 801 modo
2624 751 2691 802 sit
2717 766 2778 803 ex
2799 750 2942 819 justa
2960 767 3140 817 causa,
3164 772 3267 808 non
3293 759 3531 826 infringit
3552 764 3826 833 regulam,

2228 852 2383 902 quam
2403 838 2511 890 sola
2530 839 2836 905 pervicacia
2863 850 2917 895 et
2940 844 3275 911 antiquitatis
3290 860 3627 919 contemptus
3648 853 3824 909 la-dit.

2228 928 2358 981 Nam
2399 933 2642 998 quamvis
2682 948 2711 985 a
2758 935 2998 997 patribus
3043 945 3241 993 statuta
3287 940 3523 1009 diligenti
3564 946 3826 1001 observa-

2230 1016 2373 1070 tione
2401 1029 2450 1070 et
2475 1020 2777 1074 observanti
2801 1022 3068 1091 diligentia
3092 1026 3200 1079 sint
3223 1031 3593 1101 custodienda,
3618 1035 3826 1089 nihilo—

2229 1107 2403 1159 minus
2434 1118 2651 1176 propter
2684 1111 2894 1180 aliquod
2922 1115 3122 1169 bonum
3152 1117 3219 1171 de
3244 1120 3421 1188 rigore
3452 1122 3583 1189 legis
3612 1125 3823 1194 aliquid

2228 1197 2523 1266 relaxatur,
2554 1201 2695 1269 quod
2736 1212 2791 1258 et
2832 1204 2945 1272 ipsa
2989 1206 3073 1261 lex
3103 1210 3331 1265 cavisset
3362 1214 3407 1268 si
3444 1216 3809 1282 przcvidisset.

2230 1288 2291 1342 Et
2322 1306 2465 1358 saepe
2498 1292 2715 1348 crudele
2745 1304 2887 1349 esset
2916 1296 3164 1355 insistere
3191 1300 3293 1371 legi
3323 1318 3443 1357 cum
3472 1305 3819 1362 observantia

2228 1382 2343 1449 ejus
2384 1398 2501 1438 esse
2531 1384 2959 1453 pricjudiciabilis
3002 1390 3253 1447 Ecclesia:
3285 1394 3525 1461 videtur;
3554 1402 3815 1467 quoniam

2229 1472 2373 1541 leges
2401 1488 2461 1527 ea
2506 1473 2802 1531 intentione
2846 1476 2965 1532 lata!
3002 1490 3145 1544 sunt,
3177 1490 3234 1535 ut
3278 1485 3578 1553 proﬁciant,
3611 1503 3716 1542 non
3752 1500 3813 1543 ut

2229 1574 2476 1619 noceant.
2520 1566 2878 1633 Quamobrem
2923 1582 3106 1642 pergat
3148 1574 3366 1629 dilectio
3422 1586 3547 1647 tua,
3573 1581 3820 1636 rationes

2228 1672 2349 1725 qua:
2401 1658 2846 1725 prmdecessorem
2898 1672 3137 1719 nostrum
3181 1667 3246 1720 ad
3298 1674 3624 1724 tractandam
3676 1689 3820 1741 pra:-

2229 1746 2424 1801 dietam
2469 1749 2837 1806 confusionem
2881 1752 3203 1823 impulerunt
3234 1758 3296 1809 ad
3343 1773 3439 1811 nos
3471 1761 3726 1830 dirigere,
3762 1776 3820 1819 ut

548 1826 677 1880 sint.
708 1827 859 1891 Quod
890 1828 1019 1881 alias
1048 1831 1358 1898 contingere
1388 1834 1608 1897 poterit,
1642 1832 1687 1885 si
1719 1846 1999 1887 successor
2032 1834 2121 1887 de-
2158 1839 2202 1896 Β
2229 1846 2281 1889 et
2312 1839 2555 1920 sciamus.
2596 1840 2721 1909 quid
2772 1841 2932 1897 fuerit
2985 1848 3349 1911 statuendum,
3379 1857 3432 1902 et
3481 1850 3532 1902 in
3576 1826 3819 1909 Domino

548 1917 777 1970 cessoris
821 1919 1025 1971 actibus
1080 1934 1182 1972 non
1234 1921 1480 1974 tribuerit
1526 1920 1853 1989 firmitatem,
1886 1932 1936 1976 et
1970 1923 2127 1976 robo-

548 2008 717 2060 rando
748 2022 863 2076 qua:
893 2018 1040 2077 gesta
1070 2018 1214 2074 sunt,
1248 2011 1403 2065 faciat
1435 2022 1545 2065 rata
1576 2026 1695 2066 esse
1739 2028 1856 2081 qua:
1878 2015 2122 2082 gesserit.

550 2096 757 2162 Quanta
780 2102 920 2152 enim
947 2099 1158 2154 vicariis
1182 2101 1468 2155 beatissimi
1501 2102 1640 2155 Petri
1664 2104 1889 2170 apostoli
1918 2104 2125 2173 judica-

549 2187 696 2241 bitur
747 2204 867 2244 esse
918 2192 1215 2245 reverentia
1237 2234 1251 2257 ,
1283 2192 1326 2244 si
1366 2206 1483 2261 quae
1515 2193 1565 2244 in
1595 2193 1894 2246 sacerdotio
1935 2196 2126 2264 pra-ci-

551 2277 737 2345 piunt,
795 2279 996 2334 eisdem
1058 2281 1460 2343 transeuntibus
1517 2282 1913 2337 dissolvantur?
1968 2283 2127 2340 Rele-

549 2382 739 2437 gentes
767 2386 895 2440 ergo
924 2382 1163 2427 veterum
1195 2374 1495 2427 antistitum
1532 2388 1691 2442 super
1718 2374 1817 2429 hac
1857 2390 2015 2430 causa
2038 2391 2125 2429 or-

547 2461 871 2528 dinationes,
891 2465 1087 2531 quibus
1108 2465 1529 2519 ecclesiasticum
1555 2476 1804 2534 gravatur
1832 2467 2118 2528 scrinium;

549 2551 893 2607 dilectionem
952 2564 1093 2608 tuam
1146 2556 1455 2609 enixissime
1505 2571 1930 2621 commonemus,
1982 2566 2039 2611 ut
2073 2563 2124 2611 in

548 2644 860 2700 ordinandis
892 2661 987 2715 per
1031 2648 1269 2716 singulas
1301 2649 1459 2701 nrbes
1491 2649 1860 2704 sacerdotibus
1890 2664 2020 2702 cana
2061 2664 2123 2703 ac

548 2736 840 2790 reverenda
892 2748 1135 2792 servetur
1180 2738 1506 2806 antiquitus,
1553 2754 1648 2791 nec
1682 2738 1889 2792 novella
1922 2740 2121 2793 consu-

550 2833 687 2886 tutio
717 2842 939 2886 vetustte
968 2830 1264 2884 sanctionis
1306 2830 1469 2882 robur
1518 2832 1833 2893 imminuat,
1862 2831 1985 2900 quia
2020 2848 2123 2886 non

549 2921 705 2976 aliter
734 2924 873 2976 inter
904 2937 996 2975 vos
1028 2922 1224 2991 poterit
1253 2922 1457 2974 servari
1489 2922 1796 2989 concordia,
1832 2924 1933 2975 nisi
1968 2926 2125 2978 novis

556 3013 941 3081 cupiditatibus
972 3013 1301 3083 antiquitatis
1330 3014 1625 3067 reverentia
1675 3012 1863 3066 modus
1894 3016 2124 3084 pruden-

551 3103 675 3157 tiori
724 3103 1040 3157 adhibeatur
1088 3104 1337 3157 consilio.
1396 3102 1652 3156 Dominus
1703 3113 1753 3157 te
1803 3105 2123 3159 incolumem

2234 1927 2477 1983 lrctemnr
2504 1929 2676 1983 beata:
2729 1935 3001 1987 memoria:
3047 1936 3383 1991 Anastasiuin
3438 1939 3567 1996 nihil
3618 1942 3818 2002 fecisse

2231 2024 2644 2076 retractandum.
2681 2024 2819 2079 Deus
2864 2038 2915 2081 te
2945 2028 3262 2083 incolumem
3294 2041 3505 2094 servet,
3539 2032 3703 2086 frater
3733 2035 3815 2088 di-

2231 2110 2536 2164 lectissime.
2570 2114 2696 2166 Data
2730 2130 2784 2166 ιιι
2810 2115 2924 2169 ἰςιιιε
2946 2116 3227 2183 Octobres,
3255 2119 3459 2173 Avieno
3480 2131 3533 2174 et
3558 2122 3815 2193 Pompeio

2229 2203 2412 2254 consul
2444 2205 2538 2257 bus
2569 2205 2747 2273 (Anno
2786 2206 2980 2261 Christi
3014 2208 3167 2277 501).

2632 2354 2958 2410 EPISTULA
2996 2356 3034 2406 ν
3066 2357 3261 2424 (OLIM
3292 2360 3415 2429 IV).

2604 2481 2669 2517 AD
2696 2482 2989 2519 MAXIMINUM
3024 2477 3046 2505 ε
3088 2484 3406 2525 ΡΑτΑνΙΝυΙ.

2565 2588 2687 2653 Quae
2708 2594 2817 2660 ejus
2846 2592 3053 2645 virtutes
3084 2592 3453 2649 describuntur.

2298 2707 2651 2762 Dilectissimo
2675 2718 2835 2779 atque
2856 2713 3133 2767 carissimo
3162 2713 3307 2769 fratri
3340 2717 3617 2772 Maximino
3638 2720 3795 2776 Pata-

2228 2800 2363 2852 vinte
2394 2799 2647 2854 Ecclesiae
2703 2802 2977 2871 episcopo,
3026 2805 3378 2875 Symmachus
3412 2809 3685 2880 episcopus
3735 2814 3798 2870 il

2232 2889 2455 2941 Domino
2484 2891 2732 2945 salutem.

2298 3010 2479 3065 Prodit
2502 3013 2765 3080 religiosa:
2788 3024 2966 3069 votum
2990 3018 3356 3085 conscientim,
3386 3034 3535 3073 mens
3556 3021 3801 3075 laudibus

2228 3101 2416 3157 devota
2460 3104 2802 3171 pontiﬁcum:
2837 3106 3061 3160 assertio
3108 3108 3301 3178 ingenii
3350 3119 3453 3171 est,
3502 3111 3613 3164 Deo
3647 3112 3799 3165 obse-

548 3194 847 3259 custodiat,
880 3194 1041 3249 frater
1074 3195 1367 3249 carissime.
1399 3195 1525 3247 Data
1574 3210 1630 3247 ιιι
1671 3195 1918 3249 calendas
1964 3198 2121 3250 Octo-
2149 3194 2196 3259 C
2228 3199 2508 3267 quentibus
2533 3200 2833 3267 mancipare
2859 3200 2997 3268 quod
3024 3201 3307 3270 loquimur,
3338 3202 3388 3255 in
3412 3217 3640 3271 quorum
3670 3219 3799 3271 pne-

548 3287 684 3355 bris,
730 3287 919 3342 iterum
960 3299 1077 3357 post
1104 3287 1437 3342 consulatum
1477 3286 1684 3340 Paulini
1720 3289 1731 3316 ²
1762 3286 1994 3355 junioris
2024 3290 2121 3341 viri

546 3380 827 3434 clarissimi
861 3383 1039 3450 (Anno
1066 3379 1193 3435 Chr.
1222 3379 1368 3450 500).

620 3471 945 3525 Dominicum
970 3474 1159 3541 pascha
1191 3488 1281 3526 vm
1309 3472 1549 3525 calendas
1570 3472 1759 3541 Aprilis
1786 3470 1839 3543 (ι
1869 3472 1969 3525 cal.
2001 3471 2118 3525 Maii

543 3577 685 3618 anno
729 3562 875 3632 501).

914 3704 1239 3759 EPISTULA
1281 3704 1343 3757 IV
1390 3702 1570 3773 (OLIM
1612 3704 1787 3775 XII).3

785 3808 853 3846 AD
891 3809 1087 3847 Λνιτωι
1129 3808 1421 3846 EPISCOPUM’
1452 3808 1776 3845 VIl'NNENSE!
1820 3802 1868 3844 ⁸.

541 3902 646 3956 Cur
674 3904 955 3957 inauditam
976 3920 1180 3977 causam
1197 3904 1438 3977 judicare
1459 3904 1674 3977 uoluerit
1695 3920 1715 3957 :
1734 3907 1967 3973 quodque
1986 3906 2118 3977 leges

975 3975 1075 4026 sint
1103 3974 1380 4044 aliquando
1403 3973 1675 4026 solveudw.

511 4062 538 4094 ’
592 4085 950 4140 Dilectissimo
980 4085 1129 4139 fratri
1157 4086 1313 4139 Avito
1340 4083 1690 4155 Symmachus
1725 4096 1771 4136 ο.

602 4198 718 4252 Non
772 4198 955 4252 debuit
1024 4198 1297 4252 caritatem
1350 4206 1492 4251 tuam
1541 4195 1812 4251 offendere
1864 4198 2001 4267 quod
2048 4199 2112 4252 ad

533 4294 752 4347 fratrem
803 4303 857 4345 et
901 4293 1272 4360 coepiscopum
1343 4301 1581 4345 nostrum
1644 4290 1896 4343 Eonium
1944 4307 2112 4359 nuper

530 4384 929 4449 rescripsimus.
1006 4380 1118 4432 Non
1193 4380 1333 4433 enim
1400 4381 1505 4447 jnri
1579 4388 1709 4441 tuo,
1764 4378 2111 4433 dilectissime

533 4475 726 4539 frater,
759 4472 1161 4543 prmjudicatum
1202 4471 1317 4536 fuit,
1353 4487 1471 4524 cum
1524 4486 1639 4537 nos,
1678 4470 1912 4523 inaudita
1961 4482 2109 4537 parte

2228 3288 2400 3342 coniis
2427 3288 2566 3341 forte
2585 3298 2837 3357 angustus
2868 3305 3044 3343 sermo
3067 3292 3239 3359 vulget
3264 3292 3606 3359 imperitiam,
3633 3294 3797 3347 mani-

2226 3376 2381 3431 festat
2414 3387 2611 3445 tamen,
2644 3379 2685 3431 si
2707 3379 3057 3445 abStincatnr,
3084 3379 3382 3434 infantiam.
3426 3382 3557 3448 Quis
3597 3384 3797 3436 mendio

2224 3484 2338 3521 cam
2365 3470 2722 3523 narrationem
2772 3472 3016 3535 aestimet,
3065 3488 3219 3541 quam
3269 3483 3388 3526 vota
3420 3474 3795 3543 locupletarit?

2224 3559 2378 3627 Swpe
2426 3562 2475 3613 in
2532 3560 2794 3613 facundia:
2834 3562 3046 3615 dotibus
3097 3578 3295 3631 pauper
3350 3564 3621 3619 invenitur
3664 3580 3792 3619 vena

2223 3650 2581 3719 prauiicantis,
2632 3661 2685 3704 et
2727 3668 2757 3705 e
2796 3652 3009 3705 diverso
3038 3652 3317 3707 thesaurus
3346 3655 3525 3709 cordis
3577 3656 3794 3710 irradiat

2223 3742 2274 3792 in
2306 3752 2540 3809 egestate
2573 3744 2874 3795 verborum.
2906 3744 3002 3809 Qui
3037 3743 3148 3798 vice
3178 3743 3269 3799 Dei
3309 3745 3534 3814 judicat,
3571 3762 3677 3800 non
3706 3746 3792 3801 de-

2220 3831 2418 3885 siderat
2442 3834 2571 3898 piclu
2604 3835 2830 3901 alloquia
2860 3834 2992 3903 (aL,
3025 3836 3285 3905 colloquia
3306 3836 3351 3905 ),
3385 3837 3481 3891 sed
3508 3854 3629 3905 qua:
3658 3838 3791 3892 infu-

2218 3933 2369 3975 catus
2413 3926 2750 3976 commendat
2803 3925 2945 3977 nitor
2996 3925 3229 3992 ingenii:
3277 3926 3399 3994 quia
3430 3927 3484 3978 in
3526 3927 3608 3980 his
3635 3929 3790 3982 etiam

2218 4016 2335 4069 sine
2366 4031 2547 4067 amore
2578 4010 2848 4069 blanditur
2874 4015 3199 4084 eloquentia,
3233 4015 3285 4069 in
3316 4016 3419 4069 illis
3447 4017 3786 4085 splendorem

2216 4120 2367 4159 suum
2422 4107 2617 4159 veritas
2675 4106 2811 4160 nuda
2862 4105 3219 4160 commendat.
3268 4103 3397 4159 Sine
3444 4106 3681 4175 phaleris
3712 4117 3789 4161 est

2214 4214 2374 4252 omne
2403 4198 2542 4266 quod
2596 4198 2759 4251 dictat
2787 4197 3030 4251 alfectio:
3082 4197 3145 4251 ad
3190 4212 3419 4265 unguem
3465 4196 3789 4252 fabricantur

2214 4292 2318 4353 illa,
2379 4306 2495 4357 quae
2526 4290 2772 4342 volumus
2815 4303 2917 4341 non
2972 4299 3076 4342 tam
3122 4290 3354 4357 speciem
3408 4290 3541 4344 recti
3596 4289 3790 4343 habere

2212 4397 2367 4449 quam
2399 4380 2820 4433 similitudinem.
2864 4379 2933 4431 At
2958 4388 3029 4444 te,
3062 4379 3382 4433 venerabilis
3411 4379 3539 4432 mihi
3565 4382 3787 4435 antistes

2214 4472 2464 4536 maxime,
2511 4484 2688 4524 sermo
2715 4478 2816 4534 est,
2846 4469 2927 4522 cui
2973 4483 3092 4520 cum
3145 4469 3451 4522 meritorum
3484 4470 3789 4522 testimonio

532 4573 587 4617 et
642 4564 842 4633 absque
893 4562 1213 4631 competenti
1268 4562 1616 4615 instructione
1661 4576 1766 4613 non
1824 4576 1979 4628 posse
2027 4563 2107 4629 ju-
2141 4562 2185 4619 υ
2214 4562 2379 4611 virtus
2408 4559 2571 4625 etrapit
2598 4574 2627 4611 a
2679 4558 2959 4623 vocabulo,
2984 4558 3033 4610 in
3064 4572 3171 4625 quo
3212 4564 3361 4611 actus
3390 4558 3661 4627 eloquitur
3692 4561 3785 4627 qui

533 4653 713 4706 dicare
781 4652 1173 4718 respondimbs.
1254 4652 1404 4705 Unde
1464 4651 1779 4703 fraternitati
1834 4658 1934 4703 tu:c
2002 4652 2105 4704 sal-

531 4760 654 4797 vum
708 4752 789 4797 cst
840 4744 1101 4812 allegare,
1148 4744 1287 4809 quod
1348 4742 1615 4810 putaverit
1666 4740 1995 4810 allegandum
2053 4752 2105 4795 et

531 4849 832 4903 proponere
874 4834 1015 4901 quod
1074 4832 1266 4887 viderit
1320 4834 1743 4901 proponendum.
1797 4833 1927 4887 Nam
1981 4834 2103 4889 licet

529 4926 894 4980 confusionem
916 4926 1201 4993 provinciae
1223 4940 1251 4976 a
1279 4926 1675 4993 praedecessore
1703 4936 1885 4979 nostro
1902 4935 2100 4982 sanctae

530 5017 805 5071 memoriae
840 5017 1123 5070 Anastasio
1168 5018 1424 5085 episcopo
1453 5028 1644 5085 prreter
1689 5019 1942 5073 Ecclesiae
1973 5034 2100 5073 con-

528 5108 861 5164 suetudinem
921 5118 974 5163 et
1031 5109 1245 5177 antiqua
1299 5110 1745 5178 prmdecessorum
1795 5120 2096 5165 nostrorum

527 5207 724 5253 statuta
756 5199 948 5253 factam
990 5214 1107 5253 esse
1136 5200 1427 5253 dixerimus
1475 5208 1529 5254 et
1562 5215 1663 5253 non
1710 5215 1827 5255 esse
1859 5202 2094 5255 toleran-

596 5399 610 5426 ¹
657 5393 1018 5463 Expungenda
1059 5408 1159 5444 vox
1189 5394 1305 5447 hate
1334 5393 1587 5462 junioris,
1621 5392 1687 5445 ab
1714 5392 1891 5460 aliquo
1919 5392 2085 5445 sciolo

528 5462 752 5529 intrusa,
782 5479 901 5518 cum
936 5462 1188 5516 Paulinus
1216 5479 1304 5517 an.
1331 5465 1434 5518 408
1452 5464 1634 5516 consul
1662 5463 1962 5515 ordinarius
1992 5462 2094 5514 dici

526 5553 628 5590 non
659 5534 1038 5604 possitjum'or,
1055 5532 1173 5602 quia
1206 5534 1380 5591 nullus
1397 5534 1632 5601 ejusdem
1653 5532 1882 5604 nominis
1904 5546 2025 5585 eum
2046 5534 2094 5585 in

525 5623 552 5660 c
591 5602 801 5660 nsulatu
826 5602 1192 5673 praecesserat.
1216 5604 1403 5673 Pagius
1420 5604 1483 5655 ad
1503 5620 1589 5657 an.
1606 5603 1795 5673 Christi
1812 5602 2089 5665 499,n.l5.

596 5687 619 5713 ⁸
652 5676 789 5729 Aviti
818 5672 883 5729 ad
908 5675 1287 5744 Symmachum
1312 5674 1535 5740 epistola
1568 5672 1760 5727 videsis
1784 5673 2097 5739 Patrologiu:

528 5763 653 5805 tutu.
680 5745 812 5816 LIX,
831 5747 950 5801 COII.
974 5745 1081 5800 9.55
1102 5757 1151 5799 et
1170 5745 1292 5800 2-18.
1318 5744 1536 5799 Ettnudii
1555 5745 1618 5799 ad
1644 5744 1884 5800 eumdem
1912 5759 2095 5811 papam

2213 4666 2405 4703 nomen
2436 4649 2683 4717 appellat.
2726 4648 2951 4702 Provida
2978 4655 3254 4715 parentum
3279 4646 3549 4714 diligentia
3576 4658 3786 4700 tuorum

2210 4741 2352 4809 prius
2382 4749 2433 4794 te
2464 4740 2582 4807 eligi
2617 4739 2737 4808 (aL,
2770 4737 2994 4807 eligere)
3026 4738 3209 4804 voluit,
3254 4752 3409 4806 quam
3446 4736 3679 4805 probari.
3716 4736 3791 4789 Te

2207 4832 2334 4884 olim
2363 4830 2704 4884 saacularibns
2726 4828 3072 4881 inhrerentem
3106 4828 3289 4891 titulis,
3315 4826 3607 4881 castrensis
3626 4826 3790 4878 sudor

2207 4923 2459 4984 excoluit,
2502 4930 2555 4974 et
2586 4920 2651 4972 ad
2686 4918 2939 4972 Ecclesia:
2968 4918 3329 4985 gubernacula
3386 4931 3510 4985 pars
3561 4917 3787 4969 adversa

2207 5013 2470 5074 solidavit,
2503 5013 2639 5065 sicut
2671 5010 2924 5063 Dominus
2959 5008 3195 5077 loquitur
3224 5009 3274 5062 in
3316 5009 3605 5076 Evangelio
3633 5024 3645 5059 :
3680 5008 3790 5071 Qui

2200 5108 2249 5158 in
2276 5105 2481 5156 minimo
2514 5104 2699 5171 ﬁdelis,
2751 5096 2819 5154 et'
2844 5102 2896 5153 in
2929 5116 3112 5169 magno
3138 5101 3306 5168 ﬁdelis
3335 5112 3406 5153 est
3438 5100 3594 5167 (Luc.
3642 5103 3780 5166 avt).

2200 5198 2276 5251 'I‘e
2304 5212 2511 5250 saeuum
2533 5195 2689 5261 jinlex
2725 5204 2773 5245 et
2801 5191 3007 5245 consilii
3034 5194 3285 5243 comitem
3310 5191 3523 5254 meruit,
3554 5199 3608 5245 et
3633 5189 3785 5242 labo-

2194 5391 2436 5458 epistolm
2469 5390 2607 5444 inter
2639 5388 2781 5443 illius
2808 5402 2969 5458 Opera
2994 5388 3144 5443 initio
3169 5389 3295 5442 tomi
3325 5390 3597 5457 sequentis
3622 5404 3783 5442 recuo

2205 5464 2416 5516 dentur.
2455 5461 2611 5513 EDIT.

2274 5530 2300 5569 δ
2346 5533 2417 5584 Ex
2448 5531 2660 5584 schedis
2696 5530 2757 5583 Β.
2788 5530 2848 5583 Ρ.
2884 5528 3028 5583 llier.
3059 5527 3292 5597 Vigncrii
3338 5542 3456 5597 pag.
3490 5529 3612 5591 585,
3644 5538 3777 5583 tom.

2202 5601 2267 5654 V.
2298 5601 2585 5668 Spici'euii.

2277 5682 2298 5708 ε
2332 5667 2384 5724 Ι⁷ιι
2413 5672 2641 5725 editione
2672 5670 2836 5723 Mansi
2872 5670 3164 5735 legebatur,
3195 5668 3271 5723 Ad
3302 5667 3635 5724 Laurentium
3668 5667 3783 5724 Mc-

2208 5744 2575 5805 dioluncnscm,
2607 5742 2879 5795 mendose.
2917 5740 3070 5794 Eutr.
