3990 6390
193 359 264 415 55
1400 359 1753 415 EPISTOL/E
1800 361 1885 415 ET
1927 359 2056 417 DEC
2066 360 2245 415 RETA
2258 402 2269 413 .
3416 366 3485 421 54

190 475 287 528 ris.
324 472 488 539 Bene,
519 471 1149 528 venerandisinitiandus
1177 470 1459 535 altaribus,
1486 482 1536 524 et
1566 473 1615 524 in
1652 472 1787 525 laica
1816 475 1863 531 Α
1896 470 2008 525 lloc
2040 472 2374 539 postulamus
2416 480 2472 524 ut
2515 470 2630 526 fieri
2680 472 2960 540 prohibeat
2987 475 3295 539 apostolicae
3344 477 3484 529 sedis

189 564 601 618 conversatione
629 564 769 633 quod
794 578 1004 618 sacrum
1031 572 1193 628 esset,
1227 563 1456 632 elegisti.
1491 563 1573 617 Tu
1625 563 1781 632 pudi-
1887 566 2200 629 auctoritas,
2242 564 2341 618 nisi
2376 564 2598 618 forsitan
2647 563 2846 633 aliquid
2884 565 3093 632 pictatis
3138 566 3333 621 intuitu
3370 583 3484 621 mo-

190 656 331 708 citixe
356 655 407 708 in
445 656 534 709 illa
567 667 726 711 mtate
753 666 935 711 custos
986 657 1237 710 inventus
1262 671 1341 720 es,
1378 658 1428 710 in
1457 672 1558 725 qua
1609 665 1664 711 et
1692 658 1776 711 lex

190 745 507 816 obsequitur
536 748 835 802 desideriis.
862 747 1005 803 Satis
1032 748 1173 803 enim
1205 758 1309 814 est,
1344 750 1586 815 pueritia:
1616 750 1782 803 amhi-

193 846 328 902 tum,
378 854 538 908 quam
591 840 801 894 licentia
859 840 1029 908 fulcit,
1077 841 1283 897 liorreri
1336 844 1469 913 (aL,
1500 842 1777 911 horrere).

190 929 437 985 Christus
468 930 665 985 milites
695 947 843 1001 suos,
872 946 1008 1001 quos
1032 932 1085 987 in
1128 947 1412 1001 personam
1442 934 1595 987 ducis
1624 936 1781 987 atto'-

192 1022 262 1075 lat
312 1023 449 1076 inter
479 1023 624 1076 acies
679 1024 872 1093 qmerit
920 1023 1161 1078 hostiles.
1217 1024 1468 1079 Adscitns
1509 1026 1774 1088 Ecclesia},

188 1117 497 1185 pomiflcem
526 1116 732 1171 actibus
765 1116 994 1186 implesti
1038 1128 1161 1171 ante
1194 1128 1433 1187 tempora
1484 1119 1776 1185 dignitatis.

188 1208 305 1263 Non
336 1208 433 1263 fuit
463 1208 667 1297 advena
696 1208 1019 1279 benignitas,
1045 1226 1163 1279 qua:
1191 1220 1395 1264 naturre
1427 1211 1607 1266 innixa
1640 1210 1779 1265 radi-

188 1299 360 1365 cibus,
415 1299 480 1353 de
518 1313 655 1353 cano
706 1300 837 1353 ﬂore
890 1314 1111 1369 germen
1165 1300 1418 1354 ostendit.
1463 1301 1781 1369 Temporalo

189 1390 331 1446 enim
358 1399 441 1445 est
465 1404 625 1445 omne
654 1389 794 1460 quod
831 1390 1044 1459 tingitur
1070 1410 1080 1443 :
1144 1404 1455 1461 perpetuum
1486 1392 1627 1459 quod
1657 1407 1775 1447 cum

188 1491 348 1537 aetate
380 1484 711 1539 maturescit.
739 1483 853 1538 Non
883 1485 973 1539 tibi
1004 1486 1363 1541 sacerdmium
1388 1501 1500 1541 rem
1523 1487 1778 1541 donicre-

189 1573 367 1629 dimus
395 1576 659 1640 evenisse,
704 1577 796 1631 sed
831 1578 1053 1645 praemii.
1116 1580 1215 1633 Alii
1247 1579 1447 1649 vulgari
1494 1579 1658 1649 gratia
1704 1580 1780 1635 te-

190 1667 471 1724 nocinante
500 1671 946 1725 commendantur
1000 1673 1095 1742 (al.
1116 1715 1132 1738 ,
1166 1672 1317 1728 Alius
1344 1674 1483 1743 vulgi
1524 1688 1617 1728 ora
1648 1690 1698 1743 g.
1739 1674 1775 1730 1.

191 1763 603 1831 commendat):
638 1764 729 1820 tibi
762 1765 929 1835 rigida
976 1767 1118 1821 circa
1172 1766 1467 1835 culpabiles
1511 1768 1777 1824 di5trictio

1886 654 2133 708 nas:eriis
2162 654 2321 707 fuerit
2351 654 2703 723 largiendum.
2752 655 2881 708 Illud
2932 656 3093 709 ctiam
3130 657 3245 724 pari
3271 658 3473 725 suppli-

1885 747 2096 799 catione
2118 747 2479 813 deposcimus,
2511 758 2567 801 ut
2589 748 2654 801 de
2684 747 2813 801 laica
2845 748 3274 811 eontersationc,
3313 750 3399 817 qui
3426 751 3476 801 iu

1885 838 2112 905 singulis
2138 838 2374 905 jndicum
2402 839 2598 893 officiis
2623 856 2823 893 tneruet
2840 839 2936 903 int,
2958 849 3045 891 aut
3069 853 3214 893 certe
3238 842 3480 894 rexerint

1884 930 1983 984 sub
2015 931 2189 1000 aliqua
2222 939 2485 998 potestate
2516 932 2838 999 provincias.
2869 932 2965 985 nisi
2995 932 3163 985 multo
3191 942 3313 986 ante
3340 942 3475 987 tem-

1886 1036 2015 1089 pore
2042 1022 2318 1090 par-missa
2345 1024 2756 1077 conversatione
2789 1024 3045 1092 legitima,
3070 1032 3121 1078 et
3145 1024 3246 1077 vita
3272 1027 3475 1078 exami-

1885 1122 2031 1179 nata,
2064 1114 2238 1168 nullus
2271 1113 2500 1168 clericus
2517 1123 2607 1168 aut
2632 1117 2919 1186 epiSCOPlh'
2941 1118 3242 1171 ordinetur.
3278 1117 3474 1171 Viduas

1885 1203 2046 1256 etiam
2084 1204 2193 1271 jam
2225 1204 2315 1257 diu
2354 1204 2610 1274 religioso
2642 1205 2823 1259 habitu
2869 1218 3169 1276 assumpto,
3198 1219 3251 1263 ct
3277 1210 3474 1264 sancti-

1884 1296 2144 1350 moniales
2201 1297 2362 1366 longo
2401 1297 2511 1365 jam
2575 1307 2813 1368 tempore
2845 1300 2894 1353 in
2927 1304 3266 1357 monasteriis
3293 1305 3470 1358 consi-

1882 1396 2107 1451 stentes,
2142 1388 2410 1456 poscimus
2455 1399 2510 1442 ut
2548 1389 2833 1456 unicuique
2864 1395 3095 1461 coniugii
3144 1410 3324 1463 eausa,
3376 1412 3473 1451 nec

1881 1476 2124 1532 volentes
2161 1478 2263 1533 sibi
2299 1478 2546 1549 jungere,
2577 1495 2674 1533 nec
2719 1482 2913 1536 invitas
2942 1484 3183 1552 rapiendi
3213 1486 3373 1541 libera
3405 1488 3475 1540 sit

1883 1565 2128 1622 facultas.
2184 1569 2318 1623 illud
2363 1570 2525 1623 etiam
2560 1570 2745 1624 humili
2798 1586 2956 1639 prece
3009 1576 3363 1643 suggerimns,
3417 1587 3475 1630 ut

1884 1657 2012 1711 nulli
2046 1675 2139 1727 per
2182 1660 2439 1715 ambitum
2465 1662 2528 1716 ad
2556 1663 2737 1732 episeo
2778 1676 2923 1717 atum
2969 1665 3295 1720 concedatur
3321 1682 3473 1722 accc-

1881 1751 2030 1815 dere,
2059 1766 2157 1807 nec
2187 1752 2307 1806 data
2341 1754 2563 1822 pecunia
2604 1755 2700 1808 sibi
2729 1765 2972 1823 potentes
3012 1757 3256 1811 lt'rntincs
3277 1759 3520 1813 suffra-s

187 1851 331 1907 ded“
378 1853 647 1910 malum.
703 1857 877 1911 Manet
909 1866 960 1911 ω
1001 1859 1291 1927 singularis
1338 1861 1619 1927 ελνῖεηηη,
1654 1877 1772 1929 qua,
1807 1850 1852 1910 Β
1878 1854 2094 1911 gatores
2138 1843 2451 1899 adhibeant.
2489 1846 2552 1899 Et
2580 1846 2781 1912 utJncc
2815 1846 3023 1901 facilius
3055 1853 3261 1915 possint
3291 1858 3471 1903 custo-

185 1942 310 1997 licet
338 1945 667 2012 generaliter
708 1946 937 2015 optanda
963 1951 1077 2013 est,
1114 1960 1290 2005 tamen
1318 1950 1498 2017 existit
1524 1950 1575 2004 in
1607 1952 1774 2020 magi-

182 2040 294 2087 stro
315 2037 640 2091 necessaria.
668 2036 880 2092 Frustra
904 2039 1189 2093 monitoris
1215 2054 1500 2108 personam
1521 2043 1769 2112 suscipit,

182 2123 269 2191 qui
321 2127 536 2194 impacti
580 2142 685 2182 non
718 2130 976 2197 prmvalet
1023 2132 1291 2186 mstimarc
1341 2132 1550 2203 pondus
1586 2135 1768 2189 officii.

184 2212 464 2270 Vilissimis
490 2218 884 2287 comparandus
929 2229 1032 2287 est,
1078 2222 1177 2276 nisi
1230 2223 1502 2291 pra‘cellat
1546 2225 1771 2280 scientia

182 2314 233 2359 et
260 2309 566 2373 sanctitate,
596 2310 792 2378 quiest
831 2312 1032 2368 honore
1065 2316 1423 2383 prmtantior.
1471 2315 1626 2371 Dedit
1673 2317 1768 2372 tibi

175 2398 386 2466 apicem
407 2414 496 2455 res
505 2401 712 2469 iudicii,
741 2420 842 2456 non
873 2404 1094 2460 favoris.
1126 2407 1327 2475 Dignus
1352 2409 1603 2476 pontifice
1620 2425 1773 2465 amor

180 2498 285 2552 est,
314 2504 474 2558 quem
507 2506 735 2547 censura
765 2497 1035 2550 conciliat.
1080 2498 1403 2552 Devenustat
1451 2502 1773 2557 institutoris

178 2579 395 2647 genium
429 2581 565 2649 (aL,
592 2583 862 2652 ingenium
889 2586 941 2653 ),
969 2588 1057 2655 qui
1090 2603 1183 2655 per
1210 2590 1377 2643 solam
1409 2592 1635 2659 gratitm
1662 2598 1774 2649 vult

175 2669 413 2737 placere.
446 2672 525 2726 'l'u
556 2672 641 2727 his
674 2676 915 2730 eruditus
949 2689 1001 2731 ct
1033 2678 1295 2735 formatus
1320 2683 1439 2738 cmli
1475 2685 1770 2750 beneficiis,

176 2760 300 2829 plus
349 2764 557 2833 agendo
586 2768 841 2833 p0pulum
886 2770 1131 2825 instituas
1178 2789 1336 2841 qttam
1366 2776 1628 2830 docendo.
1678 2778 1767 2832 Illa

176 2853 382 2907 monita
429 2854 810 2924 discipulorum
869 2864 1249 2917 conscientiam
1304 2868 1591 2933 erudiunt,
1651 2885 1767 2939 qua:

175 2944 472 3011 probantur
492 2951 763 3013 exemplo.
803 2951 932 3005 Sine
958 2955 1163 3022 pudore
1192 2957 1386 3011 invitat
1412 2962 1477 3013 ad
1508 2962 1765 3015 innocen-

172 3033 328 3100 tiam,
363 3036 451 3105 qui
490 3038 633 3091 illam
667 3040 821 3094 fuerit
853 3042 965 3110 ipse
1006 3053 1261 3103 sectatus.
1291 3048 1371 3102 Te
1391 3050 1528 3105 inter
1557 3061 1762 3107 secreta

172 3129 533 3194 penetralium
556 3133 705 3200 quasi
732 3140 921 3189 testem
940 3145 1206 3204 metuunt,
1224 3140 1312 3209 qui
1339 3155 1565 3211 peccare
1589 3144 1760 3214 dispo-

1878 1935 2001 1999 diri,
2038 1936 2218 1991 clerici
2254 1937 2335 1990 vel
2366 1936 2516 1991 cives
2545 1938 2822 1992 decretum
2856 1938 3053 1999 facere,
3106 1939 3187 1993 vel
3236 1940 3472 1995 subscri-

1877 2026 2028 2093 bere,
2064 2027 2180 2080 sine
2210 2028 2611 2095 metropolitani
2639 2029 2826 2082 notitia
2858 2030 2937 2085 iel
2970 2044 3234 2084 con~ensu
3259 2031 3473 2098 penitus

1876 2132 1985 2171 non
2017 2129 2362 2187 praesumant.
2410 2118 2531 2174 llaec
2564 2121 2743 2173 omnia
2775 2121 2903 2174 ultio
2946 2137 2975 2175 c
2997 2122 3353 2177 distrittionis
3381 2137 3474 2178 ve-

1874 2217 1999 2262 stra:
2025 2209 2135 2262 fieri
2174 2210 2456 2278 prohibete
2484 2229 2496 2275 ;
2527 2221 2792 2281 quatenus
2837 2225 2888 2266 et
2921 2215 2969 2265 in
3002 2212 3236 2267 Ecclesia
3270 2221 3469 2281 vestra,

1875 2308 1930 2354 et
1958 2300 2011 2354 in
2042 2300 2347 2368 supradicta
2402 2303 2698 2371 provincia,
2755 2306 3033 2373 disciplina
3080 2306 3233 2362 bonis
3264 2306 3470 2361 actibus

1876 2395 2044 2448 antica
2091 2404 2355 2449 servetur.

2276 2566 2602 2623 EPISTULA
2640 2568 2702 2621 Vl
2749 2569 2952 2633 (OLIM
2984 2570 3084 2631 vi.
3146 2554 3185 2597 ’7

2084 2694 2147 2731 ΑΙ)
2169 2694 2447 2733 (πλεςΑιιιωί
2491 2696 2772 2735 EPISCOPUM
2808 2698 3186 2735 ΑιιΕιΛτηκςειι
3223 2684 3260 2733 ¹.

2126 2789 2343 2844 Cmsarii
2373 2792 2856 2846 consultationibus
2907 2794 3215 2861 respondet.

1872 2923 1922 2979 Ι.
1958 2925 2023 2981 Ut
2051 2943 2128 2981 res
2159 2926 2405 2982 Ecclesia:
2436 2945 2536 2983 non
2566 2928 2871 2983 ulienentur.

1870 3014 1955 3069 11.
1995 3016 2062 3070 Ut
2088 3019 2260 3072 nullus
2282 3020 2520 3073 honorem
2547 3020 2771 3087 prrctniis
2798 3022 3034 3089 accipiat.

1871 3108 1931 3162 ll
1941 3108 1990 3164 1.
2015 3110 2083 3165 Ut
2105 3112 2225 3166 laici
2248 3128 2337 3181 per
2360 3114 2553 3183 gradus
2575 3115 2643 3167 ad
2660 3117 3006 3168 sacerdotium
3032 3117 3391 3183 prove/tantur.

170 3227 331 3276 nunt.
351 3218 701 3276 Nascentiltus
726 3223 895 3293 culpis
912 3200 1465 3287 metusetreverentia
1497 3242 1583 3287 tua
1608 3200 1765 3305 negat
1792 3220 1837 3282 Ο
1872 3200 1977 3258 ’γ’
2016 3204 2085 3258 U‘
2114 3216 2341 3305 "2‘0""
2368 3208 2661 3305 viduarum
2692 3208 2769 3262 vel
2813 3210 3096 3279 virginum
3129 3214 3191 3263 ab
3222 3210 3466 3268 Eccmiw

169 3308 420 3364 effectum
459 3311 883 3385 (at.,affectum).
913 3316 1010 3384 Qui
1031 3319 1405 3377 interexordia
1433 3326 1666 3379 occurrit
1692 3326 1765 3379 vi-

172 3400 279 3464 tiis,
304 3412 363 3455 ct
389 3403 724 3459 occasionem
750 3406 994 3473 lapsuum
1022 3410 1228 3479 adimit,
1252 3416 1765 3485 etconcnpiscentia:

164 3501 366 3561 purgat.
402 3504 697 3548 auctorem.
729 3496 850 3551 llaec
876 3499 1191 3555 beatitudini
1223 3512 1327 3557 tum
1350 3506 1502 3569 quasi
1535 3505 1762 3561 strictim

165 3584 489 3653 prolinguzc
525 3602 657 3641 mem
686 3592 1155 3648 commendatione
1196 3595 1472 3650 dedicavi:
1506 3600 1549 3651 si
1593 3602 1765 3666 preci-

165 3674 267 3729 bus
310 3676 421 3729 tuis
448 3677 570 3731 vita:
618 3694 899 3736 successus
928 3685 1189 3749 arriserit,
1222 3696 1495 3756 gestorum
1552 3701 1762 3746 tuorum

164 3764 328 3833 plena
381 3782 466 3821 me
514 3768 775 3826 relatione
818 3776 1180 3841 consecrabo;
1215 3789 1272 3833 ut
1328 3796 1444 3849 qua:
1498 3784 1761 3839 universis

163 3864 296 3909 nota
329 3866 473 3923 sunt,
504 3866 768 3917 mansuris
822 3866 872 3919 in
923 3876 1198 3935 posterum
1255 3872 1465 3939 litteris,
1500 3885 1762 3944 quatenus

162 3946 402 4015 gaudeat
431 3956 561 4004 aetas
598 3961 867 4023 secutura,
911 3969 1211 4013 Serventnr.

642 4114 963 4175 EXEMPLU
974 4120 1017 4173 Μ
1052 4121 1313 4177 LIBELLI

312 4278 353 4317 Α
381 4277 618 4322 οιεελιιιο
649 4284 891 4326 [Ριεεορο
916 4288 1195 4329 εῐηιιλειιο
1226 4293 1367 4331 PAF/ﬁ
1411 4296 1620 4337 OBLATI.

230 4424 453 4481 Sicula
482 4442 706 4496 persona
762 4433 899 4487 beati
963 4434 1101 4491 Petri
1147 4440 1373 4507 apostoli
1426 4443 1763 4511 episcopatus

162 4518 338 4571 sumit
365 4518 595 4584 initium,
627 4521 696 4573 ita
724 4537 881 4577 neces
915 4541 943 4578 e
970 4536 1071 4589 est,
1121 4535 1179 4581 ut
1209 4528 1504 4598 disciplinis
1546 4546 1759 4601 Compe-

136 4608 413 4662 ~tentibus
439 4611 694 4665 sanctitas
721 4624 891 4667 vestra
945 4616 1165 4686 singulis
1214 4621 1455 4675 ecclesiis
1484 4624 1608 4687 quid
1662 4625 1755 4678 ob-

164 4713 395 4754 servare
425 4700 653 4755 debeant
702 4707 977 4761 evidenter
998 4712 1262 4766 ostendat.
1306 4713 1360 4765 ln
1393 4714 1557 4767 Gallia
1594 4719 1759 4786 siqui-

163 4795 285 4848 dem
349 4795 628 4862 provincia
681 4800 748 4850 ab
791 4801 1055 4869 aliquibus
1098 4807 1341 4872 personis
1395 4809 1753 4866 ecclesiastica

161 4883 363 4953 praedia
401 4882 637 4939 diversis
672 4887 837 4942 titulis
867 4891 1188 4949 alienantur.
1236 4895 1309 4949 ita
1343 4898 1418 4966 fit,
1452 4909 1509 4951 ut
1543 4916 1636 4968 pro
1657 4917 1755 4957 suo

161 4978 277 5043 quis
315 4977 550 5031 arbitrio
580 4979 769 5034 devota
804 4992 982 5040 mente
1032 4987 1446 5056 relinquentium
1489 5001 1542 5045 et
1591 5008 1751 5063 egen-

160 5066 288 5122 tium
324 5073 748 5129 necessitatibus
799 5075 1079 5146 deputatas
1122 5081 1403 5138 imminuat
1451 5085 1746 5143 facultates.

221 5207 331 5293 ‘nln
358 5209 592 5289 Collect.
611 5210 757 5293 lsid..
782 5212 1263 5293 .Incr'piuntdccreta
1288 5218 1585 5290 Symmachi
1608 5243 1638 5292 ῃ
1658 5244 1749 5293 ipa:

156 5278 535 5360 Ξάλῖαιδᾳνὶςξῃι
558 5283 813 5360 ep._At-el.
846 5278 1408 5360 ltt'tituliscanonuin,
1434 5310 1565 5360 quos
1592 5278 1750 5351 liabet

140 5348 419 5415 ,Collectio
450 5349 772 5421 Dionysiana
797 5370 896 5408 ms.
924 5356 974 5410 in
1000 5359 1237 5428 Collegio
1266 5348 1571 5419 I’aris.'soc.
1598 5348 1748 5433 Jcsu,

226 5493 252 5521 ι
282 5485 439 5565 .ilinc
485 5502 605 5571 quae
647 5488 1025 5571 beneficiorum
1070 5496 1552 5571 ecclesiastico'nm
1601 5502 1753 5571 origo

154 5554 341 5619 fuerit,
376 5558 718 5613 manifestum
755 5561 828 5614 fit.
879 5565 1009 5616 Cum
1042 5566 1181 5617 enim
1211 5569 1445 5623 solerent
1472 5573 1646 5625 clerici

1942 3303 2297 3354 communione
2326 3303 2603 3370 pellun'ur.

1878 3388 1939 3443 V.
1975 3390 2039 3443 Ut
2070 3392 2236 3445 vidua:
2278 3394 2352 3445 vel
2395 3395 2615 3464 virgines
2656 3396 3018 3451 continentiam
3074 3404 3318 3470 professa:
3360 3417 3463 3455 non

1939 3482 2156 3536 nubant.

1875 3569 1973 3624 Vl.
2006 3571 2072 3625 Ut
2097 3572 2268 3626 nullus
2296 3590 2385 3643 per
2408 3577 2654 3629 ambitum
2684 3579 2751 3629 ad
2782 3580 3133 3650 episcopatum
3160 3586 3385 3640 accedat.

1940 3680 2300 3737 Dilectissimo
2330 3684 2481 3739 fratri
2508 3684 2746 3741 Ccrsaiio
2775 3688 3153 3760 Symmaclius.

1939 3787 2193 3849 llortatur
2226 3811 2321 3849 nos
2346 3798 2568 3866 a-quitas
2598 3800 2996 3868 postulationis,
3031 3802 3300 3859 desiderio
3352 3804 3460 3859 fra-

1868 3885 2132 3939 ternitatis
2166 3894 2265 3940 tute
2309 3898 2583 3957 gratanter
2621 3907 2859 3947 annuere
2885 3893 2952 3947 de
2978 3894 3201 3965 singulis
3245 3911 3361 3965 qua:
3392 3898 3459 3951 ab

1864 3977 2156 4042 apostolica
2212 3977 2341 4033 sedc
2381 3981 2603 4034 concedi
2660 3982 2930 4050 supplicas
2990 3985 3085 4053 (aI.
3139 3986 3455 4055 pos’tulas),

1865 4066 2004 4134 quod
2031 4082 2058 4119 a
2094 4068 2311 4121 Patrum
2349 4073 2556 4123 cautela
2589 4082 2641 4123 et
2689 4074 2998 4140 provisione
3031 4090 3133 4128 non
3168 4076 3456 4145 discrepat.

1867 4155 1932 4208 Et
1961 4159 2205 4223 quamvis
2244 4159 2623 4211 ecclesiasticm
2670 4161 2865 4225 regulas
2911 4178 3047 4230 pene
3088 4165 3266 4218 omnia
3314 4181 3459 4220 com-

1870 4250 2221 4315 prehendant,
2261 4259 2437 4303 tamen
2462 4252 2789 4319 Supettluum
2837 4269 2956 4309 esse
3006 4270 3111 4311 non
3162 4258 3455 4329 credimus,

1868 4338 2046 4393 denuo
2078 4340 2199 4409 (aL,
2233 4344 2395 4410 nunc)
2434 4359 2550 4412 qum
2579 4354 2700 4397 sunt
2730 4347 2925 4414 schins
2976 4348 3255 4405 interdicta
3306 4367 3458 4421 τορο-

1869 4440 2002 4485 tere.

2644 4529 2682 4581 l.

1935 4645 1959 4673 ³
1993 4637 2364 4693 f‘ossessiones
2390 4640 2570 4709 igitur,
2609 4658 2741 4711 quas
2787 4649 3150 4719 nti-:squisque
3202 4651 3456 4706 Ecclesia:

1862 4731 2080 4800 proprio
2105 4730 2247 4786 dedit
2276 4741 2367 4786 aut
2390 4734 2603 4802 reliquit
2633 4737 2881 4803 arbitrio,
2921 4740 3142 4795 alienari
3195 4745 3455 4813 quibusli-

1860 4820 1949 4875 bet
1992 4820 2154 4875 titulis
2204 4831 2363 4892 atque
2395 4827 2757 4880 contractibus
2785 4828 2917 4898 (aL,
2947 4830 3386 4890 distractionibus
3412 4838 3449 4905 ),

1858 4911 1942 4967 vel
1992 4911 2093 4966 sub
2142 4927 2463 4983 quocunque
2514 4928 2833 4986 argumento
2881 4937 2987 4977 non
3038 4926 3312 4994 patimur:
3348 4931 3451 4983 nisi

1858 5002 2081 5058 forsitan
2112 5015 2198 5056 ant
2228 5006 2439 5059 clericis
2478 5006 2743 5063 bonorum
2790 5014 3019 5082 meritis,
3061 5025 3154 5071 aut
3178 5030 3451 5075 monaste-

1859 5094 1952 5147 riis
1984 5095 2257 5164 religionis
2285 5096 2501 5164 intuitu,
2529 5109 2617 5154 aut
2648 5112 2795 5158 certe
2835 5108 3135 5177 peregrinis
3156 5114 3448 5167 necessitas

1861 5229 1962 5305 hoc
1995 5232 2343 5305 constitutum
2399 5236 2595 5290 dicitur
2644 5255 2765 5296 esse
2808 5246 3020 5301 conciiii
3073 5251 3291 5305 secundi
3344 5252 3446 5304 sub

1861 5299 2186 5371 Symmacho
2212 5322 2222 5351 τ
2262 5304 2334 5358 De
2360 5308 2507 5361 rebus
2540 5307 2781 5366 Ecclesia:
2804 5299 3390 5376 conseruanrd‘isr'l‘l‘ian.

1858 5505 2214 5594 aliquibuscx
2262 5513 2349 5593 his
2376 5513 2627 5571 Ecclesia:
2660 5524 3027 5594 possessiones
3048 5567 3061 5589 ,
3094 5526 3266 5594 quoad
3299 5529 3444 5583 vive—

1857 5588 1995 5663 rent,
2029 5579 2096 5631 ab
2128 5579 2241 5646 ipso
2268 5584 2522 5650 CpiSCOpf)
2552 5579 3001 5663 concederentur,
3030 5579 3146 5663 qua:
3182 5579 3439 5653 beneficia

154 5641 214 5701 ea
239 5628 373 5679 ercli
397 5630 475 5679 sia
506 5643 599 5694 per
621 5648 667 5695 et
692 5632 927 5701 i~co‘pum
952 5636 1171 5699 singulis
1203 5638 1471 5692 mensibus
1502 5644 1742 5698 met-itam

153 5697 345 5763 stipem
381 5712 652 5764 acmpcw,
687 5712 742 5753 nt
774 5697 930 5767 supra
972 5697 1204 5760 dittimus
1236 5709 1285 5759 in
1318 5711 1456 5762 notis
1486 5697 1742 5766 concilio?

155 5778 268 5820 rum
298 5776 447 5835 lcmp
489 5784 544 5822 rc
571 5769 633 5838 (Σ,
654 5773 819 5839 priani
853 5774 1179 5841 habitorum;
1213 5780 1424 5849 ροηιῐςῑι
1451 5792 1653 5849 postea,
1684 5793 1737 5838 ut

1849 5646 2285 5733 dicicmperunt,
2306 5646 2387 5707 'eo
2407 5646 2566 5733 quod
2598 5663 2671 5723 (ut
2706 5659 2865 5733 habet
2892 5646 3443 5733 Sytitritachusibetic

1850 5725 2054 5775 meritis
2089 5725 2455 5778 tantummodo
2486 5740 2576 5781 eas
2604 5732 2821 5785 concedi
2850 5725 3051 5789 liceret.
3081 5736 3211 5791 ch.
3241 5725 3439 5795 limus;
