3990 6390
548 382 620 438 55
1886 377 2104 432 SYMM.‘

2213 377 2241 429 ll
2283 376 2488 432 PAPAS
3728 384 3804 439 58

547 495 725 564 largiri
755 491 982 547 suaserit
1008 511 1019 544 ε
1052 491 1129 546 sic
1153 501 1328 545 tamen
1351 500 1410 544 ut
1438 491 1550 543 ha'c
1578 491 1688 556 ipsa
1714 504 1817 541 non
1841 496 2122 556 perpetuo,
2153 487 2201 547 Α
2229 504 2317 541 νιιι
2354 488 2472 543 idus
2516 487 2850 557 Novembris,
2886 488 3061 547 Probo
3088 492 3204 547 viro
3232 491 3534 550 clarissimo
3576 496 3804 555 consule

545 584 639 641 sed
672 581 1031 651 temporaliter
1056 582 1228 636 donec
1260 581 1486 635 vixerim
1512 578 1868 648 perfruantur.

615 785 749 839 Illud
790 799 1113 854 magnopere
1162 791 1584 844 commonentes,
1620 789 1674 833 ut
1699 779 1749 835 hi
1777 779 1865 849 qui
1891 793 1994 833 non
2026 777 2122 832 Dei

542 876 735 944 gratia,
766 874 859 929 sed
892 874 1250 942 promissione
1272 887 1448 925 rerum
1481 869 1966 927 ecclesiasticarum
1987 884 2121 938 pra:-

544 967 665 1020 miis
715 965 834 1036 (al.,
866 965 1151 1033 promissa)
1190 963 1255 1020 ad
1285 961 1643 1017 sacerdotium
1685 970 1945 1013 conantur
1970 974 2122 1014 acce-

543 1058 693 1121 dere,
719 1054 1103 1111 desideriorum
1134 1054 1315 1111 talium
1360 1052 1638 1121 priventur
1674 1052 1792 1116 (al.,
1817 1050 2120 1119 repriman-

545 1148 669 1219 tur)
720 1146 934 1201 effectu.
986 1146 1083 1213 Qui
1125 1155 1215 1199 aut
1260 1143 1326 1197 ab
1372 1141 1672 1211 hujusmodi
1712 1156 1771 1196 se
1826 1141 2118 1195 intentione

542 1238 845 1302 cohibeant,
874 1247 963 1292 aut
1007 1236 1257 1290 vindictis
1288 1234 1421 1305 (aL,
1452 1233 1552 1298 Qui
1580 1240 1759 1285 autem
1791 1246 1850 1287 se
1877 1246 1928 1285 a.
1959 1232 2013 1285 h.
2039 1231 2115 1286 in.

544 1346 646 1383 non
678 1329 953 1395 cohibent,
981 1327 1248 1394 vindictis,
1271 1324 1414 1393 etc.)
1436 1338 1699 1378 canonum
1722 1322 1892 1377 sciant
1914 1336 1973 1377 se
1998 1321 2116 1376 sine

540 1423 867 1478 dubitatione
896 1419 1223 1476 subdendos.

1278 1531 1362 1586 ιιι.

611 1633 682 1685 De
711 1628 865 1691 laicis
892 1624 1135 1697 personis
1168 1622 1534 1686 decernimus,
1562 1635 1627 1673 ne
1654 1618 1807 1673 facile
1834 1617 1899 1672 ad
1935 1630 2112 1672 sacer-

489 1725 742 1809 .dotium
763 1722 1141 1792 permittuntur
1163 1715 1437 1780 accedere,
1464 1714 1655 1784 quibus
1681 1722 1734 1764 et
1769 1721 2028 1778 tempora,
2057 1717 2111 1764 et

535 1818 731 1887 gradus
761 1812 1039 1870 constituti
1070 1821 1211 1875 sunt,
1247 1824 1339 1878 per
1368 1822 1503 1876 quos
1529 1806 1593 1858 ad
1626 1806 1762 1858 hanc
1797 1802 2105 1872 dignitatem

536 1908 769 1962 debeant
810 1905 1125 1971 adspirare:
1174 1902 1294 1969 quia
1345 1901 1645 1968 quicunun
1701 1897 1816 1949 sine
1866 1894 2109 1948 instituto

534 2004 897 2065 promovetur,
931 2006 1034 2046 non
1068 1990 1216 2049 facile
1244 1998 1389 2043 caret
1430 1986 1652 2047 olTensa,
1679 1994 1731 2038 et
1758 1985 1873 2037 sine
1899 1982 2106 2051 experi-

535 2093 718 2141 mento
746 2100 849 2138 non
876 2091 1049 2153 potest
1070 2083 1187 2151 quis
1206 2076 1483 2134 electionis
1504 2076 1745 2131 obtinere
1768 2074 2107 2128 sententiam.

1272 2190 1363 2246 Ν.

605 2290 871 2357 Raptores
896 2287 1055 2357 igitur
1080 2285 1358 2340 viduarum
1386 2283 1466 2337 vel
1494 2280 1772 2350 virginum,
1798 2293 1894 2348 pro
1920 2279 2107 2334 imma-

534 2383 699 2436 nitate
730 2380 859 2434 tauti
901 2377 1152 2434 facinoris
1194 2374 1542 2440 detestamur,
1589 2371 1715 2425 illos
1739 2370 2107 2425 vehementius

532 2470 920 2542 persequendo,
954 2470 1042 2539 qui
1067 2470 1177 2523 Deo
1201 2474 1437 2523 sacratas
1464 2466 1715 2533 virgines,
1742 2463 1821 2517 vel
1840 2462 2100 2529 volentes,

531 2563 616 2618 vel
642 2562 855 2625 invitas,
881 2559 1219 2613 matrimonio
1239 2571 1337 2611 suo
1360 2555 1568 2611 sociare
1592 2552 1913 2609 tentaverint
1935 2570 1948 2605 :
1968 2567 2103 2621 quos

531 2670 628 2725 pro
656 2664 771 2710 tam.
793 2653 1010 2708 nelandi
1037 2652 1276 2707 criminis
1319 2649 1596 2705 atrocitate
1644 2662 1672 2699 a
1728 2646 2103 2703 communione

527 2745 778 2816 suspendi
820 2743 1183 2822 przecipitnus.
1312 2748 1315 2751 '

1289 2851 1353 2903 ν.

598 2946 782 3015 Neque
814 2944 997 2998 viduas
1025 2942 1092 2997 ad
1115 2941 1324 3010 nuptias
1366 2940 1593 2993 transire
1622 2938 1872 3007 patimur,
1903 2952 2020 3006 qua:
2046 2937 2104 2991 in

528 3035 780 3105 religioso
812 3033 1081 3104 proposito
1109 3033 1359 3090 diuturna
1390 3030 1765 3083 observatione
1793 3042 2101 3096 permanse-

528 3136 673 3183 runt.
718 3126 977 3181 Similiter
1025 3123 1258 3193 virgines
1305 3121 1509 3177 nubere
1552 3118 1917 3190 prohibemus,
1966 3131 2099 3188 quas

2226 582 2243 648 (
2274 581 2428 635 Anno
2455 577 2582 635 Chr.
2613 580 2717 636 502
2741 581 2764 652 )
2790 592 2839 637 ο.

2848 704 3176 763 EPISTULA
3350 699 3433 753 l/

2400 840 2757 881 ORIENTALIUI
2796 842 3153 884 EPISCOPORUI
3180 846 3249 886 AD
3276 846 3619 888 SYIIACIUI.

2224 956 2413 1010 Petunt
2442 967 2496 1010 ut
2522 957 2865 1013 Orientalibus
2886 959 3127 1015 Ecclesiis
3153 964 3423 1019 schismate
3448 966 3796 1025 laborantibus

2289 1028 2613 1103 opemferat,
2653 1046 2801 1103 seque
2826 1032 2880 1083 in
2918 1034 3271 1087 communione
3297 1036 3511 1103 recipiat
3534 1038 3796 1094 :catlloli-

2290 1112 2402 1149 cant
2425 1097 2579 1167 ﬁdem
2608 1101 2934 1169 proﬁtentur,
2961 1111 3008 1156 et
3040 1102 3251 1158 hereses
3279 1097 3543 1161 damnant.

2292 1227 2530 1283 Ecclesia
2584 1228 2870 1287 Orientalis
2925 1232 2991 1287 ad
3044 1232 3424 1304 Symmachum
3479 1236 3795 1309 episcopum

2219 1316 2543 1373 Romanum.

2286 1410 2463 1465 Bonus
2484 1411 2571 1465 ille
2595 1419 2649 1466 et
2672 1421 2878 1467 amator
2909 1413 3183 1470 hominum
3213 1414 3470 1472 Dominus
3496 1426 3678 1474 noster
3697 1420 3794 1476 Je-

2213 1514 2304 1554 sns
2341 1499 2614 1570 Christus,
2639 1503 2727 1572 qui
2759 1512 2977 1574 propter
3004 1504 3300 1561 bonitatem
3326 1522 3477 1562 suam
3502 1508 3555 1564 in
3582 1524 3681 1565 nos
3712 1513 3795 1567 in-

2211 1591 2416 1646 clinans
2446 1591 2611 1647 caelos
2636 1632 2650 1656 ,
2681 1603 2735 1647 et
2759 1594 3091 1651 descendens
3120 1597 3187 1651 ad
3217 1606 3409 1663 terras,
3437 1599 3795 1658 immaculati's

2212 1679 2516 1751 Evangellis
2551 1683 2787 1752 quotidie
2828 1685 2963 1741 illud
3000 1688 3193 1742 clamat
3226 1704 3240 1741 :
3274 1688 3396 1741 Non
3425 1699 3500 1743 est
3546 1705 3675 1758 0pm
3700 1706 3794 1745 oa-

2214 1776 2429 1830 lentibus
2448 1778 2662 1843 medico,
2696 1777 2785 1833 sed
2806 1778 2941 1832 male
2960 1780 3257 1834 habentibus
3280 1779 3494 1850 (.llatth.
3526 1782 3635 1851 tx);
3667 1781 3793 1838 Non

2210 1869 2322 1921 veni
2367 1884 2545 1922 vocare
2594 1872 2755 1937 iustos
2781 1910 2794 1933 ,
2845 1870 2934 1923 sed
2984 1880 3271 1938 peccatores
3321 1872 3391 1923 ad
3440 1873 3793 1941 penitentiam

2212 1956 2403 2027 (Marc.
2437 1958 2516 2027 ιι).
2548 1959 2674 2013 Plus
2696 1966 2872 2014 autem
2896 1960 3084 2038 volens
3118 1962 3333 2030 aperire
3361 1976 3525 2030 opera
3546 1977 3657 2017 sua:
3682 1963 3793 2018 cle-

2212 2047 2422 2101 mentite
2444 2089 2458 2112 ,
2492 2048 2689 2116 adjecit
2733 2048 2786 2103 in
2832 2048 3178 2117 sequentibus
3204 2048 3428 2105 dicens:
3463 2050 3591 2114 Qui:
3620 2060 3791 2106 auum

2210 2150 2421 2193 vestrum
2453 2139 2639 2194 habens
2674 2148 2873 2195 centum
2913 2156 3046 2206 oves,
3088 2141 3133 2194 si
3160 2141 3434 2208 perdiderit
3465 2158 3604 2195 ovem
3630 2158 3786 2196 κηποι

2208 2246 2271 2284 ex
2296 2231 2377 2295 iis,
2409 2247 2576 2285 nonne
2605 2231 2850 2301 relinquit
2882 2234 3163 2302 nonaginta
3184 2247 3361 2285 novem
3383 2234 3436 2285 in
3465 2232 3667 2288 deserto
3690 2278 3704 2301 ,
3738 2244 3786 2290 ct

2208 2323 2345 2376 vadit
2365 2324 2439 2376 ad
2458 2325 2735 2393 perditam,
2762 2325 2990 2394 quandiu
3018 2326 3238 2378 inveniat
3260 2321 3509 2378 illam.’et
3532 2326 3787 2382 inveniens

2206 2415 2420 2484 imponit
2449 2414 2600 2467 illam
2616 2417 2843 2484 gaudens
2882 2416 2936 2469 in
2966 2416 3189 2469 humeris
3215 2413 3343 2479 suis,
3376 2424 3422 2469 et
3454 2418 3656 2471 veniens
3684 2418 3779 2471 do-

2206 2523 2346 2560 mum
2383 2523 2548 2573 suam,
2577 2518 2817 2563 conuocat
2860 2508 3054 2561 amicos
3082 2523 3205 2561 suos
3232 2514 3281 2561 et
3310 2508 3524 2573 vicinas,
3556 2510 3726 2562 dicem
3756 2525 3780 2561 :

2205 2596 2529 2668 Cougaudete
2574 2598 2726 2664 mihi,
2776 2599 2898 2668 quia
2935 2597 3101 2651 inveni
3144 2611 3283 2651 orem
3325 2613 3489 2650 meum
3525 2599 3775 2667 perditam

2205 2689 2355 2757 (Luc.
2388 2688 2501 2758 xv).
2535 2690 2600 2743 Et
2628 2697 2685 2743 ut
2704 2688 2900 2743 clarius
2926 2688 3079 2743 fieret
3108 2684 3252 2756 quod
3275 2686 3470 2742 dicitur
3489 2731 3503 2753 ,
3534 2703 3653 2742 mox
3676 2689 3771 2740 ad-

2198 2780 2330 2848 jecit
2372 2781 2673 2849 parabolam
2731 2779 2965 2835 mulieris
3025 2793 3144 2848 quae
3194 2780 3448 2846 perditam
3493 2780 3776 2838 invenerat.

2204 2869 2535 2933 drachmam,
2567 2871 2809 2939 utrisque
2828 2870 3124 2938 adjungens
3144 2876 3197 2921 et
3223 2865 3407 2922 dicens
3433 2883 3448 2919 :
3478 2867 3635 2921 Amen
3656 2866 3779 2920 dico

2201 2959 2362 3021 vobis.
2391 2960 2514 3028 quia
2537 2960 2611 3013 sic
2638 2960 2726 3027 ﬁet
2752 2959 3005 3030 gaudium
3041 2959 3093 3011 in
3124 2958 3260 3011 caelis
3295 2959 3358 3011 de
3385 2973 3489 3012 uno
3519 2968 3782 3027 peccatore

2202 3049 2543 3119 paenitentiam
2567 3060 2769 3118 agente.

2275 3140 2398 3195 Haec
2442 3140 2697 3207 diximus,
2750 3136 3104 3208 sanctissime,
3151 3140 3268 3196 ausi
3316 3141 3616 3209 supplicare
3661 3153 3769 3194 non

526 3221 683 3276 annis
708 3218 950 3290 plurimis
971 3217 1025 3273 in
1053 3215 1393 3272 monasteriis
1422 3222 1634 3269 aetatem
1673 3211 1944 3282 peregisse
1969 3225 2097 3266 con-
2124 3207 2174 3273 (Ξ
2204 3245 2300 3301 pm
2331 3231 2628 3299 perditione
2656 3232 2813 3287 unius
2829 3232 2970 3298 ovis’
2990 3207 3165 3302 neque
3186 3246 3284 3302 pro
3302 3207 3605 3302 peéd'mone
3625 3230 3777 3284 unius

527 3310 728 3383 tigerit.

1274 3384 1353 3439 Vl.

596 3478 782 3536 Nullus
811 3482 989 3549 itaque
1019 3494 1114 3549 per
1139 3478 1396 3531 ambitum
1440 3476 1507 3531 ad
1546 3477 1884 3546 episcopatus
1930 3476 2100 3532 hono-

525 3588 637 3629 rem
663 3573 999 3643 permittatur
1026 3570 1304 3626 accedere.
1332 3567 1464 3623 Nam
1496 3583 1616 3624 cum
1651 3568 1738 3624 hic
1763 3582 2016 3624 excessus
2041 3570 2096 3624 in

525 3666 661 3719 laica
689 3664 1096 3719 conversatione
1126 3663 1395 3732 culpetur,
1427 3662 1545 3732 quis
1573 3662 1781 3717 dubitat
1803 3662 1947 3732 quod
1973 3662 2099 3718 reli-

526 3759 687 3829 giosis
712 3766 766 3812 et
790 3757 901 3819 Deo
931 3756 1285 3817 servientibus
1304 3754 1478 3809 inurat
1504 3756 1626 3823 (αι,
1645 3756 1883 3824 inducat)
1906 3770 2100 3825 oppro-

526 3848 742 3906 brium?
769 3847 825 3901 Si
854 3847 973 3916 quis
1000 3845 1361 3915 episcopatum
1390 3845 1686 3910 desiderat,
1718 3846 1841 3899 data
1876 3846 2097 3912 pecunia

526 3950 770 4011 potentes
810 3952 1067 4008 personas
1095 3936 1314 3991 minime
1359 3936 1754 4005 sullragatrices
1804 3936 2095 3992 adhibeat:

525 4049 622 4090 nec
646 4034 710 4089 ad
728 4033 997 4087 decretum
1019 4031 1117 4085 sibi
1138 4029 1437 4083 faciendum
1462 4028 1687 4087 clericos
1712 4029 1792 4084 vel
1812 4029 1959 4084 cives
1980 4030 2102 4083 sub~

525 4134 778 4198 scribere,
812 4129 1055 4184 adhibito
1104 4126 1390 4197 cujuslibet
1436 4126 1650 4195 generis
1699 4125 1910 4190 timore,
1953 4138 2101 4178 com-

522 4224 706 4293 pellat,
731 4223 814 4277 vel
835 4219 1070 4290 priemiis
1091 4220 1357 4287 aliquibus
1380 4217 1641 4273 hortetur.
1678 4216 1958 4271 Decretum
1981 4215 2099 4270 sine

525 4318 816 4375 visitatoris
844 4317 1131 4385 praesentia
1152 4330 1308 4369 nemo
1329 4314 1600 4377 conficiat,
1617 4312 1768 4380 cujus
1793 4310 2097 4366 testimonio

527 4406 845 4460 clericorum
896 4421 959 4459 ac
1004 4392 1200 4459 civium
1248 4403 1417 4471 possit
1462 4402 1785 4455 unanimitas
1815 4400 2093 4455 declarari.

526 4498 813 4551 Hortamur
843 4497 1019 4564 itaque
1066 4504 1125 4549 ut
1148 4508 1245 4563 pro
1266 4492 1543 4547 catholica:
1576 4492 1848 4559 religionis
1878 4490 2094 4554 intuitu,

2200 3321 2493 3388 drachmar,
2526 3322 2621 3377 sed
2652 3338 2750 3393 pro
2778 3323 2946 3377 amica
2978 3322 3129 3378 nobis
3160 3324 3332 3378 salute
3357 3364 3373 3391 ,
3405 3336 3513 3376 non
3535 3319 3777 3376 Orienta-

2200 3413 2328 3468 lium
2358 3414 2588 3483 partium
2629 3422 2856 3480 tantum,
2889 3413 2982 3468 sed
3008 3413 3164 3468 trium
3190 3427 3355 3481 prope
3385 3412 3659 3481 plagarum
3686 3412 3775 3465 ha-

2201 3504 2436 3559 bitabilis
2482 3503 2705 3570 mundi,
2738 3518 2843 3559 non
2884 3502 3221 3572 Corruptibili
3252 3510 3473 3572 argento
3513 3510 3607 3554 aut
3648 3514 3779 3555 auro

2201 3594 2595 3663 redemptarum
2649 3593 2718 3648 de
2768 3608 2902 3647 vana
2951 3590 3363 3647 conversatione
3392 3605 3421 3644 a
3467 3590 3777 3658 parentibus

2199 3682 2416 3748 tradita,
2444 3683 2537 3737 sed
2558 3683 2791 3751 pretioso
2813 3681 3076 3751 sanguine
3107 3681 3241 3749 Agni
3270 3680 3365 3735 Dei
3396 3697 3407 3732 :
3438 3679 3577 3733 sicut
3597 3678 3779 3733 docuit

2200 3775 2389 3830 beatus
2417 3775 2771 3844 gloriosorum
2799 3774 3164 3842 apostolorum
3191 3771 3441 3840 princeps
3470 3770 3510 3839 (Ι
3534 3768 3681 3823 Petr.
3714 3768 3777 3838 ι),

2201 3866 2354 3932 cujus
2401 3863 2710 3921 cathedram
2752 3862 3068 3918 beatitudini
3116 3871 3219 3916 tua:
3266 3859 3493 3915 credidit
3534 3857 3781 3912 Christus

2201 3954 2433 4024 optimus
2484 3963 2681 4022 pastor,
2734 3953 2823 4022 qui
2851 3955 2995 4007 venit
3026 3966 3273 4019 quaerens
3297 3960 3349 4005 et
3380 3950 3612 4003 liberans
3636 3944 3779 4016 quod

2204 4046 2455 4112 perierat,
2501 4054 2555 4098 et
2596 4058 2803 4112 ponens
2830 4043 3064 4097 animam
3093 4056 3243 4096 suam
3274 4041 3329 4094 in
3358 4035 3777 4107 redemptionem

2202 4148 2299 4205 pro
2330 4136 2529 4189 multis.
2560 4134 2728 4202 Quem
2763 4134 3020 4198 imitatus,
3067 4132 3404 4187 sanctissime
3434 4128 3777 4184 beatissime-

2200 4242 2324 4297 que,
2350 4225 2539 4281 festina
2561 4226 2627 4280 ad
2655 4225 3012 4295 adjuvandum
3042 4239 3162 4285 nos,
3193 4223 3333 4278 sicut
3364 4221 3552 4276 beatus
3582 4218 3779 4298 Paulus

2199 4316 2388 4371 doctor
2431 4324 2607 4370 vester
2654 4314 2721 4369 ad
2772 4314 3027 4368 auxilium
3067 4311 3385 4381 quandoque
3429 4307 3779 4362 Macedonum

2202 4408 2472 4462 festinavit
2508 4407 2648 4479 (Act.
2681 4406 2793 4475 xvr)
2823 4422 2837 4460 :
2870 4414 2923 4461 et
2951 4404 3164 4474 quidem
3207 4403 3294 4456 ille
3326 4403 3377 4455 in
3421 4398 3627 4455 visione
3656 4412 3782 4469 cog-

2204 4512 2432 4552 noscens
2462 4497 2749 4565 periclitari
2800 4495 3117 4553 Macedones
3139 4536 3152 4559 ,
3188 4494 3240 4549 in
3272 4491 3496 4547 veritate
3523 4490 3783 4559 adjuvare

528 4596 581 4643 et
620 4585 976 4647 Ecclesiarum
1008 4599 1158 4654 pace,
1190 4583 1307 4637 hare
1352 4581 1585 4635 universi
1614 4579 1755 4633 fideli
1811 4594 1873 4632 ac
1911 4578 2101 4632 devota
2130 4572 2183 4632 D
2207 4602 2298 4642 eos
2330 4589 2656 4655 ρτορεωνίι,

528 4687 707 4733 mente
732 4677 1076 4732 custodiant:
1118 4677 1242 4745 quia
1288 4688 1393 4727 non
1422 4680 1505 4726 est
1534 4671 1752 4725 dubium
1787 4670 2101 4737 praevarica-

530 4781 674 4825 tores
702 4767 1105 4823 interdictorum
1130 4765 1314 4819 talium
1336 4764 1485 4831 juxta
1510 4761 1841 4816 venerandos
1866 4774 2103 4815 canones

528 4859 758 4929 propria
795 4856 1187 4912 communionis
1244 4852 1425 4907 subire
1459 4854 1741 4921 jacturam.
1774 4850 1897 4904 Haec
1926 4859 2102 4905 tamen

529 4954 592 5009 ad
617 4952 855 5009 omnium
885 4951 1257 5020 episcoporum
1291 4946 1532 5001 volumus
1569 4945 1791 5016 perferri
1838 4944 2101 4999 notitiam.

534 5048 674 5100 Deus
705 5053 756 5098 te
786 5041 1107 5097 incolumem
1135 5036 1423 5104 custodiat,
1451 5037 1615 5093 frater
1648 5037 1943 5092 carissime.
1974 5036 2111 5095 Data

600 5213 627 5239 η
670 5201 904 5270 Epistola
933 5197 1241 5271 Symmachi
1276 5210 1425 5271 papa:
1460 5196 1526 5251 ad
1564 5194 1852 5271 Cresarium
1892 5192 2101 5271 episcof

529 5288 651 5341 pum
682 5263 1254 5341 Arelatensém,cujns
1273 5263 1485 5341 initium
1518 5284 1529 5318 :
1561 5264 1813 5341 llortatur
1842 5278 1932 5341 nos
1961 5263 2113 5341 equi:

528 5334 625 5405 ias,
661 5356 782 5396 cum
807 5354 948 5393 anno
972 5334 1180 5393 Christi
1199 5337 1302 5392 50?.
1333 5336 1577 5405 conjungi
1611 5349 1721 5405 non
1753 5334 2100 5405 potest,_qu_ia

530 5400 645 5466 hare
670 5412 785 5480 ejus
809 5409 1127 5475 subscriptio
1152 5425 1165 5460 :
1189 5406 1327 5480 Data
1351 5400 1448 5460 vni
1471 5400 1587 5480 idus
1612 5402 1909 5480 Nouembri:
1933 5400 2104 5480 _Probo

537 5482 601 5537 V.
630 5472 925 5536 Cfconsule
942 5496 960 5545 ;
989 5472 1221 5548 alioquin
1249 5476 1603 5548 Symmachus
1629 5473 1716 5529 vel
1735 5472 1977 5548 nominis
2010 5486 2100 5548 so:

530 5554 639 5605 lius
681 5552 866 5605 Avieni
911 5541 1144 5604 consulis
1184 5541 1540 5602 Occidentalis
1590 5544 1962 5608 meminisset,
2016 5541 2102 5597 vel

530 5630 817 5686 utrumque
858 5620 1128 5674 consulem
1175 5625 1543 5672 memorasset.
1586 5615 1825 5682 Cumque
1875 5611 2101 5686 Probum

531 5683 785 5761 juniore—m
808 5689 1181 5761 nonappellet,
1212 5688 1545 5761 manifestum
1575 5694 1657 5739 est
1676 5698 1793 5761 eam
1819 5683 2100 5761 epistolam

535 5751 674 5824 anno
699 5760 801 5816 5l3
820 5759 885 5820 ad
907 5751 1194 5825 (ἰδέαι-ἰωὴ
1217 5760 1415 5819 datam.
1430 5756 1511 5817 Ad
1534 5770 1654 5814 cum
1672 5752 1875 5821 pariter
1902 5751 2101 5809 Christi

2279 4678 2358 4732 Tu
2385 4685 2558 4731 autem
2586 4677 2902 4731 aliectuosus
2933 4676 2985 4729 in
3027 4674 3148 4729 ﬁliis
3178 4686 3347 4743 pater,
3379 4687 3483 4727 non
3509 4672 3783 4736 visiones,

2208 4765 2301 4823 sed
2330 4766 2385 4819 in
2411 4766 2635 4820 veritate
2660 4765 3023 4834 spiritualibus
3045 4778 3273 4819 cernens
3303 4763 3473 4818 oculis
3496 4770 3787 4830 pereuntes

2213 4860 2265 4913 in
2289 4857 2721 4927 prrevaricatione
2746 4856 2911 4926 patris
2928 4857 3095 4910 nostri
3127 4855 3328 4922 Acacii,
3350 4854 3457 4907 noli
3484 4852 3787 4907 remorari:

2210 4950 2377 5018 magis
2414 4956 2587 5003 autem
2618 4948 2701 5018 (ut
2725 4946 2795 5002 ita
2834 4946 3006 5001 dicam
3035 4945 3192 5001 sicuti
3222 4943 3501 5014 propheta)
3532 4959 3635 4996 non
3662 4944 3790 4996 dor-

2210 5039 2377 5105 mites,
2400 5038 2490 5092 sed
2520 5038 2700 5117 festina
2723 5036 2795 5091 ad
2815 5036 3129 5091 liberandum
3154 5051 3244 5088 nos
3267 5032 3439 5106 (Psal.
3471 5032 3596 5102 cxx)
3625 5050 3636 5083 :
3660 5032 3790 5103 quia

2208 5206 2411 5255 annum
2436 5191 2813 5255 revocandum,
2838 5187 3148 5258 Exemplum
3186 5187 3342 5258 libelli
3364 5203 3414 5258 Aa,
3432 5184 3652 5258 Ctesario
3680 5188 3792 5256 epi-

2207 5278 2360 5332 scopo
2391 5261 2699 5332 Symmacho
2725 5274 2872 5332 papa:
2905 5255 3084 5332 oblati,
3112 5257 3273 5332 cujus
3306 5256 3511 5332 initium
3540 5274 3553 5308 :
3582 5255 3731 5311 Sicut
3759 5275 3793 5311 α

2208 5327 2463 5400 persona,
2494 5339 2599 5386 etc.
2618 5372 2633 5395 ,
2665 5327 2800 5396 quia
2817 5328 3127 5398 Symmachi
3155 5327 3386 5400 epistola
3407 5340 3661 5400 responsa
3696 5342 3792 5400 sex

2210 5394 2584 5467 complectitur
2622 5394 2700 5454 ad
2732 5394 3014 5469 petitiones
3042 5412 3139 5469 sex
3168 5394 3494 5469 Caesarii__in
3515 5410 3580 5448 eo
3608 5396 3793 5469 libello

2209 5463 2511 5537 expressas.
2546 5463 2790 5525 Labbeus
2815 5469 2903 5524 hic
2930 5467 3236 5537 exemplum
3266 5464 3433 5537 libelli
3462 5463 3793 5537 Symmacho

2208 5532 2357 5608 papa:
2405 5556 2435 5593 a
2483 5539 2718 5595 Caesario
2765 5538 2928 5594 oblati
2972 5532 3109 5608 curn
3144 5549 3286 5590 anno
3308 5534 3433 5608 499,
3478 5532 3791 5608 Symmachi

2207 5603 2335 5664 vero
2363 5624 2617 5679 responsa
2648 5624 2768 5665 cum
2798 5623 2938 5663 anno
2981 5605 3085 5662 502
3112 5604 3398 5679 connectit,
3432 5603 3520 5672 qui
3546 5616 3704 5679 error
3738 5603 3791 5655 in

2208 5680 2372 5733 altera
2420 5670 2766 5738 conciliorum
2811 5678 3047 5735 editione
3094 5670 3459 5744 corrigendus'
3481 5670 3605 5727 erit.
3647 5671 3788 5727 Ast.

2206 5749 2421 5807 PAGIUS.
