3990 6390
158 367 227 424 57

1349 363 1705 420 ΕΡΙδΤΟΙιιΕ
1741 365 1829 420 ΕΤ
1866 366 2204 423 DECRETA.

3332 371 3403 428 58

160 496 267 536 non
300 481 352 533 in
396 476 613 547 ligando
644 483 845 531 tantum
889 480 1126 544 potestas
1146 482 1230 530 est
1258 473 1356 529 tibi
1377 473 1522 538 data,
1550 472 1646 528 sed
1676 475 1729 528 in
1756 476 1809 534 A
1837 476 1974 531 sicut
2002 478 2325 534 Gabaonitas
2369 477 2798 546 incircumcisos,
2844 480 2937 535 sed
2987 481 3257 537 vobiscum
3295 483 3403 537 cir-

159 569 417 624 solvt-ndo
436 581 645 636 quoque
668 566 758 620 diu
778 566 982 621 vinctos
996 564 1065 620 ad
1082 564 1430 620 imitationem
1452 564 1686 633 magistri
1707 581 1722 619 :

160 674 334 727 neque
360 658 412 712 in
437 656 778 722 eradicando,
810 656 891 710 vel
921 655 1204 722 diruendo,
1239 656 1333 710 sed
1359 654 1412 709 in
1440 653 1729 722 plantando

158 759 214 804 et
241 746 586 813 aediﬁcando,
632 746 927 801 secundum
970 745 1185 799 beatum
1215 744 1522 813 Jeremiam,
1561 745 1728 815 magis

160 840 451 895 secundum
474 838 801 893 salvatorem
840 836 1023 892 mundi
1049 835 1351 903 Christum,
1384 836 1437 890 in
1466 836 1618 905 cujus
1638 836 1728 890 ille

159 931 365 987 exstitit
403 939 529 1000 typo
562 946 574 982 :
604 943 776 998 neque
818 929 871 982 in
903 927 1163 983 tradendo
1194 935 1398 982 tantum
1430 927 1642 983 Satanas
1673 926 1729 979 in

159 1024 434 1078 interitum
460 1020 659 1086 carnis,
689 1021 783 1076 sed
805 1028 859 1075 et
893 1020 946 1074 in
974 1020 1200 1074 caritate
1235 1010 1547 1083 formando,
1570 1018 1729 1085 longa

160 1116 444 1169 aversione
472 1113 710 1181 dejectos
738 1128 751 1164 :
781 1125 849 1166 ne
892 1110 1057 1182 (quod
1105 1108 1267 1179 absit)
1299 1108 1488 1177 majori
1518 1107 1730 1162 tristitia

160 1204 427 1273 absorptis
447 1204 600 1258 nobis
621 1216 651 1255 a
671 1202 865 1257 Satana
889 1199 1175 1254 videamini
1206 1198 1489 1269 pertulisse
1518 1197 1732 1265 dispen-

161 1294 330 1348 dium.
354 1292 468 1347 Non
498 1293 640 1348 enim
684 1293 895 1362 ignoras
917 1289 1034 1359 ejus
1060 1288 1349 1358 ingenium,
1381 1287 1470 1357 qui
1497 1286 1732 1357 quotidie

164 1401 194 1440 a
220 1400 376 1439 sacro
402 1384 623 1439 doctore
650 1392 740 1439 tuo
764 1383 921 1439 Petro
941 1382 1150 1437 doceris
1169 1395 1296 1437 oves
1314 1381 1511 1435 Christi
1538 1395 1633 1449 per
1653 1389 1733 1434 to-

163 1487 274 1533 tum
313 1476 653 1532 habitabilem
689 1474 946 1530 mundum
976 1473 1210 1529 creditas
1240 1472 1331 1527 tibi
1360 1484 1597 1541 pascere,
1625 1485 1732 1525 non

166 1570 240 1632 vi,
277 1567 373 1623 setl
410 1574 598 1636 sponte
640 1574 853 1621 coactas
886 1582 902 1618 :
930 1564 1019 1633 qui
1062 1578 1183 1618 cum
1228 1561 1537 1617 doctissimo
1568 1561 1733 1615 Paulo

166 1660 369 1716 clamas
397 1658 546 1712 nobis
574 1657 832 1725 subjectis
861 1666 914 1710 et
940 1655 1074 1709 dicis
1109 1672 1124 1708 :
1153 1653 1276 1707 Non
1321 1654 1456 1707 enim
1503 1652 1734 1705 domina-

167 1767 281 1804 mur
308 1749 442 1802 vobis
463 1750 513 1801 in
541 1748 662 1816 ﬁde,
694 1747 784 1801 sed
810 1761 1139 1814 cooperantur
1155 1745 1207 1797 in
1224 1745 1410 1813 gaudio
1430 1743 1495 1814 (ll
1522 1742 1642 1797 Cor.
1666 1742 1727 1811 ι).

1828 568 2174 623 circumeisos
2220 570 2274 624 in
2321 568 2518 626 Christi
2550 571 2991 635 circumcisione,
3018 586 3190 640 neque
3232 571 3405 626 idolo-

1828 675 1947 713 rum
1997 661 2291 718 servitores
2348 673 2402 717 et
2432 663 2674 727 aemulos,
2726 663 2828 717 etsi
2866 670 3196 733 peccatores,
3224 671 3403 716 tamen

1828 750 2184 816 Christianos,
2223 761 2274 806 et
2299 752 2573 808 vobiscum
2597 753 2773 807 omnia
2797 752 2847 807 in
2875 752 3086 808 Christo
3108 753 3402 821 sapientes,

1828 852 1935 893 non
1960 839 2291 908 despiciatis,
2320 855 2495 908 neque
2522 842 2876 897 contemnatis
2902 842 3060 908 ultra,
3084 842 3154 910 pii
3180 842 3399 896 Patres:

1828 930 1922 986 sed
1940 932 2075 985 sicut
2093 930 2430 986 beatissimus
2450 934 2731 1001 praedictus
2758 934 2913 989 Jesus
2934 934 3079 990 Nave
3104 933 3240 1006 (Jos.
3268 935 3401 1001 xvi),

1829 1035 1935 1077 non
1964 1022 2085 1077 illos
2112 1030 2338 1087 tantum,
2371 1022 2465 1077 sed
2493 1032 2547 1076 et
2577 1025 2725 1080 Raab
2753 1025 3086 1081 meretricem
3125 1025 3227 1079 illis
3254 1033 3405 1079 ante-

1832 1113 2009 1181 posuit
2037 1122 2253 1182 prOpter
2281 1113 2509 1169 duorum
2545 1115 2943 1182 exploratorum
2973 1116 3400 1184 susceptionem;

1831 1202 1902 1257 ita
1927 1210 1981 1257 ct
2006 1217 2104 1257 vos
2145 1217 2243 1258 nos
2270 1203 2554 1273 vigilanter
2581 1206 2838 1261 assumite
2867 1221 2988 1261 cum
3015 1206 3107 1261 Dei
3133 1206 3405 1275 juvamine

1831 1300 2049 1362 propter
2070 1294 2295 1348 duarum
2328 1303 2635 1349 naturarum
2666 1294 3002 1350 traditionem
3019 1336 3035 1363 ,
3062 1312 3179 1366 quas
3204 1312 3235 1350 a
3256 1296 3406 1350 vobis

1831 1397 1929 1453 per
1956 1383 2234 1453 epistolam
2266 1384 2407 1439 inter
2435 1392 2651 1438 sanctos
2684 1386 2963 1439 constituti
3014 1401 3164 1456 papae
3209 1385 3404 1440 Leonis

1832 1483 2014 1531 contra
2063 1474 2371 1545 Eutychetis
2418 1476 2769 1531 deliramenta
2813 1476 3017 1531 directa
3060 1486 3161 1533 est.
3213 1477 3281 1531 Et
3306 1476 3397 1530 illa

1833 1565 2044 1635 quidem
2093 1565 2391 1634 suscipiens
2428 1566 2803 1635 explorantes,
2834 1567 2885 1621 in
2919 1575 3131 1636 stupam
3161 1566 3255 1621 lini
3294 1582 3406 1621 sua:

1833 1656 2023 1711 domus
2048 1657 2326 1711 abscondit
2357 1674 2368 1709 :
2413 1672 2511 1711 nos
2547 1667 2726 1713 autem
2754 1666 2915 1712 rectae
2944 1658 3066 1711 lidei
3098 1668 3289 1713 vestrae
3318 1674 3408 1712 su-

1834 1748 2119 1817 scipientes
2156 1746 2571 1814 confessionem,
2606 1749 2659 1802 in
2708 1747 2869 1803 corde
2896 1756 3084 1801 nostro
3137 1762 3243 1801 non
3286 1747 3408 1803 abs-
3494 1786 3507 1799 .i

230 1839 406 1905 Quare
428 1836 779 1906 deprecamur
806 1835 1066 1903 disrumpi
1094 1848 1290 1888 novum
1318 1832 1730 1903 chirographum
1759 1821 1809 1881 Β
1836 1839 2115 1894 condimus
2135 1880 2149 1905 ,
2197 1839 2291 1893 sed
2341 1839 2392 1893 in
2425 1839 2784 1894 Ecclesiarum
2819 1838 3154 1908 dogmatibus
3187 1838 3279 1890 Dei
3310 1839 3409 1891 mi-

128 1912 131 1915 Ἴ
161 1938 426 1994 nostrum,
471 1929 608 1982 sicut
636 1926 880 1981 Salvator
907 1932 963 1980 et
986 1925 1094 1980 dux
1116 1935 1298 1979 noster
1319 1924 1558 1980 Christus
1584 1932 1735 1980 vetus

162 2021 289 2074 illud
316 2020 371 2073 in
401 2034 560 2074 cruce
600 2018 860 2087 disrupit;
906 2032 973 2072 ne
1004 2017 1141 2072 ultra
1184 2027 1303 2086 poSt
1336 2017 1604 2071 lavacrum
1648 2032 1735 2072 re-

160 2109 534 2177 generationis,
567 2107 827 2162 malorum
882 2115 1185 2161 nostrorum
1231 2106 1601 2175 subjaceamus
1641 2106 1737 2162 de-

160 2198 309 2268 licto,
357 2197 451 2253 sed
492 2206 553 2252 ut
578 2195 693 2267 ejus
736 2196 827 2265 qui
855 2195 1105 2259 comedit,
1136 2211 1236 2250 uva
1267 2196 1460 2250 acerba
1492 2196 1736 2265 ligaverit

158 2292 370 2360 dentes,
384 2292 674 2348 secundum
689 2293 748 2347 Β.
766 2292 1059 2347 Ezechielis
1071 2292 1400 2361 prophetiam
1416 2290 1734 2361 (cap.xvm).

158 2382 293 2437 Cum
323 2398 451 2452 ergo
481 2383 534 2437 in
577 2384 799 2438 veritate
842 2383 1149 2453 parabolam
1191 2384 1347 2437 istam
1389 2382 1610 2437 salutari
1638 2382 1736 2435 ad-

158 2481 324 2525 ventu
352 2486 449 2525 suo
474 2473 709 2526 salvator
758 2472 1092 2539 impleverit,
1124 2486 1244 2538 cur,
1300 2470 1638 2526 sanctissime
1677 2484 1740 2524 ac

158 2561 476 2617 beatissime
501 2600 517 2625 ,
556 2561 735 2615 Acacii
758 2561 1112 2615 inobedientia
1134 2600 1148 2624 ,
1177 2574 1333 2613 uvam
1378 2560 1623 2613 acerbam
1650 2574 1741 2614 co-

160 2650 458 2715 medentis,
490 2650 683 2715 nostri,
719 2649 770 2704 id
812 2659 895 2705 est
924 2650 1153 2704 ﬁliorum
1181 2650 1349 2719 ipsius
1372 2650 1425 2705 in
1455 2660 1561 2705 tam
1584 2651 1743 2720 longo

155 2756 427 2795 annorum
455 2755 615 2795 cursu
645 2740 789 2809 ligati
808 2750 932 2795 sunt
953 2741 1173 2796 dentes?
1197 2741 1252 2796 Si
1275 2754 1410 2795 unus
1430 2742 1589 2795 homo
1617 2756 1742 2809 pec-

154 2833 331 2898 cavit,
357 2844 524 2902 quare
554 2833 646 2887 toti
676 2847 989 2903 synagogas,
1010 2841 1102 2885 aut
1130 2833 1299 2901 magis
1327 2831 1425 2887 toti
1454 2832 1741 2887 'habitabili

155 2924 365 2980 mundo
388 2939 482 2994 per
495 2924 780 2978 anathema
793 2924 1003 2978 divinus
1020 2922 1470 2978 lurorincumbit?
1494 2922 1589 2978 Ubi
1612 2938 1740 2993 ergo

155 3018 253 3074 Dei
278 3018 581 3087 promissio,
599 3032 717 3086 quae
731 3017 863 3071 dicit
884 3034 897 3070 :
918 3016 1039 3071 Non
1055 3015 1330 3087 percipient
1354 3017 1449 3083 ﬁlii
1470 3026 1739 3087 parentum

154 3115 386 3177 peccata,
402 3123 559 3176 neque
568 3115 800 3178 parentes
812 3107 1032 3175 ﬁliorum
1045 3122 1272 3175 suorum,
1290 3106 1379 3161 sed
1397 3106 1740 3176 unusquisque

155 3199 407 3253 morietur
444 3198 497 3250 in
525 3212 617 3250 suo
642 3206 844 3268 peccato
870 3196 1042 3267 (Deut.
1070 3211 1221 3261 xstv;
1251 3195 1439 3251 Ezech.
1467 3196 1642 3263 xvm).

230 3291 292 3347 Si
328 3298 547 3359 propter
586 3287 1067 3343 Alexandrinorum
1107 3295 1197 3341 aut
1244 3287 1414 3357 magis
1463 3285 1745 3357 Eutychia—

165 3394 370 3435 norum
398 3378 684 3433 amicitiam
710 3418 724 3442 ,
754 3377 844 3448 qui
872 3384 1186 3432 aversantur
1212 3384 1267 3432 et
1293 3374 1744 3431 anathematizant

153 3468 565 3528 sanctissimum
596 3473 650 3522 et
676 3467 1041 3523 bestissimum
1074 3482 1263 3539 papam
1290 3467 1543 3534 Leonem,
1574 3469 1655 3523 vel
1687 3470 1741 3523 in

156 3559 506 3617 Chalcedone
546 3559 807 3631 synodum
837 3559 1070 3614 habitam
1091 3598 1107 3627 ,
1138 3559 1621 3614 anathematizatus
1660 3569 1745 3614 est

151 3651 425 3714 Aeacius;
458 3665 623 3720 quare
650 3664 748 3704 nos
786 3664 815 3703 a
855 3650 1005 3705 vobis
1032 3651 1359 3705 testimamur
1399 3650 1659 3715 haeretici,
1688 3654 1745 3705 et

152 3742 208 3794 in
242 3741 593 3795 anathemate
623 3755 807 3796 sumus
849 3756 976 3805 nos,
1011 3742 1101 3812 qui
1146 3742 1519 3813 amplectimur
1571 3743 1741 3798 solam

150 3830 305 3884 illam
334 3831 639 3899 epistolam,
670 3840 723 3885 et
745 3846 862 3902 qua:
890 3832 1025 3887 dicta
1050 3834 1253 3888 suntin
1283 3842 1465 3889 sancta
1496 3834 1742 3903 synodo?

150 3923 263 3988 Qui
288 3930 512 3992 propter
536 3923 967 3992 praedicationem
994 3926 1123 3980 recti
1142 3925 1404 3996 dogmatis
1429 3927 1586 3983 vestri
1613 3942 1744 3997 quo-

153 4014 294 4071 tidie
329 4030 738 4084 oppugnamur,
790 4026 843 4071 et
884 4027 941 4071 ut
970 4017 1208 4073 haretici
1236 4018 1744 4074 anathematizamur

144 4107 219 4163 ab
273 4105 345 4161 iis
394 4105 484 4173 qui
526 4106 806 4178 Eutycheti
854 4108 1215 4162 consentiunt.
1257 4108 1372 4163 Noli
1402 4108 1579 4165 facere
1603 4109 1744 4177 judi-

143 4196 303 4255 cium
357 4209 454 4261 per
481 4196 627 4249 illum
652 4197 741 4263 qui
770 4208 1013 4251 cunctam
1035 4198 1238 4267 judicat
1260 4208 1457 4253 terram
1490 4215 1504 4251 :
1538 4214 1605 4253 ne
1623 4214 1746 4267 per-

142 4286 251 4339 das
292 4282 503 4351 jusmm
550 4297 669 4337 cum
717 4284 878 4351 impio
913 4303 925 4339 :
956 4301 1054 4341 nec
1094 4286 1187 4340 ﬁat
1224 4286 1362 4357 apud
1392 4295 1445 4341 te
1484 4287 1661 4356 justus
1689 4298 1746 4343 ut

144 4377 366 4445 impius
397 4390 411 4427 :
440 4389 540 4429 nec
575 4376 853 4444 mqualitcr
874 4378 1182 4445 judicentur
1209 4395 1240 4435 a
1278 4390 1331 4436 te
1369 4380 1651 4437 orthodoxi
1689 4390 1745 4437 et

143 4466 423 4531 haeretici,
454 4465 537 4520 vel
568 4466 1134 4543 quianathematizant
1162 4471 1466 4538 praedictam
1497 4482 1733 4527 sanctam

143 4555 466 4625 epistolam,
494 4565 840 4625 sanctamque
865 4557 1127 4630 synodum
1170 4570 1400 4615 vestram
1429 4569 1648 4627 rectam,
1679 4573 1734 4618 et

142 4647 180 4701 ii
213 4646 311 4716 qui
339 4645 621 4701 vobiscum
643 4646 711 4701 ab
734 4647 812 4703 eis
832 4648 1361 4718 anathematizantur,
1389 4659 1444 4707 et
1471 4651 1561 4722 qui
1578 4661 1734 4707 orant

146 4735 293 4791 mori
323 4735 565 4803 quondie
586 4750 682 4804 pro
716 4748 862 4791 recta
890 4738 992 4793 lide
1019 4755 1135 4807 quas
1162 4755 1191 4793 a
1213 4740 1363 4795 vobis
1394 4741 1731 4811 praedicatur.

220 4829 291 4882 Et
320 4826 486 4882 Jesus
518 4827 736 4896 quidem
776 4828 919 4884 Nave
962 4828 1365 4886 incircumcisos
1394 4830 1529 4903 (los.
1559 4833 1613 4901 χ)
1633 4875 1648 4898 ,
1680 4841 1735 4887 et

144 4917 425 4973 idolorum
445 4918 733 4974 servitores
749 4904 1070 4974 Gabaonitas
1090 4935 1210 4975 eum
1234 4921 1513 4976 mendacio
1538 4921 1735 4989 fugien-

145 5018 227 5064 tes
253 5009 323 5064 ad
353 5022 441 5073 se,
474 5006 601 5062 dum
631 5019 1062 5078 oppugnarentur
1088 5009 1157 5064 ab
1182 5010 1493 5067 Ahimelech
1520 5011 1605 5065 vel
1627 5025 1731 5067 ca:-

144 5100 279 5155 tcris
320 5106 561 5169 quatuor
585 5114 705 5153 cum
742 5114 808 5154 eo
852 5101 1199 5170 principibus,
1245 5118 1343 5172 pro
1387 5118 1452 5157 eo
1497 5102 1637 5173 quod
1663 5103 1730 5159 ad

142 5203 264 5243 eum
321 5187 703 5257 confugerant,
754 5189 864 5244 Deo
902 5202 1248 5262 cooperante,
1298 5203 1515 5248 strenue
1560 5194 1731 5249 vindi-

142 5282 321 5348 cavit,
375 5295 452 5335 ne
499 5280 959 5348 blasphemaretur
987 5299 1179 5339 nomen
1213 5285 1304 5340 Dei
1332 5286 1448 5354 ejus
1481 5295 1730 5357 tanquam

143 5388 248 5425 non
270 5388 371 5427 eos
391 5371 652 5441 adjuvare
675 5374 1032 5442 praevalentis.
1058 5374 1164 5429 Vos
1181 5387 1380 5441 autem,
1412 5378 1729 5431 sanctissimi

140 5463 259 5529 viri,
290 5462 431 5518 Jesu
461 5462 636 5531 magni
665 5462 761 5518 Dei
793 5474 845 5519 et
874 5464 1165 5521 Salvatoris
1194 5467 1307 5536 spei
1346 5477 1541 5522 nostra:
1567 5467 1731 5523 disci-

143 5554 272 5623 puli,
298 5552 711 5623 itnitatoresque
740 5553 855 5623 ejus
886 5554 975 5625 qui
1006 5555 1227 5625 figuram
1256 5557 1395 5610 servi
1417 5558 1729 5627 assumpsit,

143 5652 198 5697 ut
228 5657 331 5698 nos
378 5641 583 5698 liberos
608 5643 865 5701 redderet
890 5660 919 5699 a
963 5656 1183 5714 peccato
1213 5646 1353 5716 quod
1382 5648 1637 5717 regnabat
1677 5648 1731 5703 in

143 5733 328 5803 nobis;
383 5732 631 5792 videntes
673 5738 969 5808 oppugnari
1006 5752 1121 5810 gnos
1171 5747 1223 5795 et
1251 5739 1586 5807 mortiﬁcari,
1627 5756 1730 5797 non

1762 4520 1812 4578 D

1837 1930 2127 1985 sericordia
2155 1944 2275 1984 eam
2302 1944 2423 1985 cum
2467 1930 2784 1985 auctoritate
2826 1928 3193 1999 praedicamus.
3227 1926 3293 1980 Et
3319 1926 3408 1979 illa

1834 2023 2049 2091 quidem
2074 2030 2257 2092 rogata
2303 2036 2399 2091 per
2448 2031 2649 2076 metum
2679 2035 2772 2076 eos
2819 2034 2879 2075 se
2922 2019 3118 2073 habere
3148 2016 3359 2086 negavit
3392 2034 3406 2069 :

1836 2128 1936 2169 nos
1965 2125 2140 2167 autem
2172 2128 2387 2169 oramus
2406 2154 2422 2179 ,
2456 2128 2522 2168 ne
2552 2128 2783 2182 unquam
2808 2113 3041 2165 humano
3069 2120 3212 2164 metu
3244 2123 3405 2178 nege-

1837 2218 1954 2259 mus
1998 2210 2159 2259 recta:
2196 2203 2453 2258 doctrina:
2485 2213 2683 2258 nostra:
2727 2203 3037 2265 veritatem;
3066 2209 3119 2255 et
3149 2215 3315 2269 usque
3336 2201 3405 2255 ad

1835 2296 2144 2364 sanguinem
2173 2308 2268 2363 pro
2297 2309 2359 2350 ea
2390 2294 2671 2361 stabimus,
2696 2294 2741 2349 si
2770 2293 2839 2349 sit
2867 2305 3087 2349 necesse
3112 2291 3236 2361 (aL,
3263 2291 3307 2346 si
3335 2291 3409 2345 ita

1836 2384 2151 2453 contingat).

1912 2474 2064 2528 Unde
2088 2488 2193 2526 non
2219 2471 2408 2527 taedeat
2428 2486 2524 2526 nos
2545 2472 2819 2541 adjuvare,
2844 2486 3014 2541 neque
3034 2471 3157 2526 odio
3173 2471 3412 2525 habeatis

1844 2575 2064 2636 propter
2090 2563 2489 2618 adversantium
2519 2564 2950 2617 communionem
2979 2579 2993 2616 :
3022 2562 3235 2631 quando
3262 2576 3321 2615 se
3347 2562 3413 2616 ab

1843 2660 1943 2715 hac
1983 2654 2195 2727 plurimi
2240 2655 2581 2710 facultatibus
2621 2653 2898 2723 impediti,
2932 2662 2986 2709 et
3014 2668 3118 2707 non
3160 2652 3415 2707 habentes

1841 2748 2259 2805 sollicitudinem
2316 2746 2601 2800 multarum
2654 2745 2950 2798 animarum
3000 2741 3413 2813 suspenderint:

1843 2841 2039 2911 quibus
2068 2853 2197 2893 vero
2226 2838 2511 2892 multarum
2540 2836 2837 2889 animarum
2862 2849 2989 2888 cura
3010 2835 3295 2888 commissa
3332 2840 3415 2887 est

1839 2930 1893 2986 in
1923 2929 2146 2985 creditis
2174 2929 2273 2984 sibi
2304 2928 2704 2983 communicent
2727 2926 3013 2989 Ecclesiis,
3045 2923 3245 2978 nullum
3286 2937 3415 2977 con-

1841 3021 2060 3075 trarium
2084 3020 2341 3075 habentes
2364 3019 2846 3074 communicantem
2874 3016 2995 3085 sibi,
3029 3025 3084 3071 et
3113 3023 3415 3071 metuentes

1843 3113 2150 3182 relinquere
2181 3113 2321 3181 lupis
2348 3126 2476 3166 oves
2519 3120 2739 3182 propter
2769 3125 2951 3165 vocem
2985 3109 3194 3165 Domini
3232 3107 3415 3163 dicen.

1846 3213 1951 3259 tem
1980 3221 1995 3260 :
2030 3203 2377 3259 Mercenorius
2404 3212 2594 3269 autem,
2616 3213 2664 3257 et
2688 3204 2775 3272 qui
2811 3219 2910 3257 non
2942 3212 3014 3256 est
3052 3210 3241 3272 pastor,
3270 3200 3415 3269 cujus

1844 3311 1946 3349 non
1977 3304 2092 3349 sunt
2114 3311 2226 3349 oves
2247 3295 2487 3365 prapriaa,
2515 3295 2646 3348 videt
2679 3294 2855 3363 lupum
2876 3295 3169 3357 venientem,
3192 3302 3238 3346 et
3259 3292 3416 3346 relin-

1843 3387 1951 3456 quit
1974 3402 2086 3440 oves
2125 3396 2173 3443 et
2208 3387 2373 3456 fugit,
2413 3392 2462 3440 et
2493 3386 2641 3455 lupus
2678 3387 2815 3454 rapit
2850 3402 2935 3439 eas
2962 3394 3112 3454 atque
3140 3384 3414 3453 dispergit;

1846 3477 1967 3545 quia
1985 3476 2326 3529 mercenarius
2339 3484 2431 3538 est,
2446 3484 2606 3529 etnon
2620 3475 2765 3528 habet
2777 3476 2943 3528 ovium
2955 3490 3131 3527 curam
3144 3474 3196 3545 (J
3205 3491 3320 3529 oon.
3334 3474 3413 3543 ι).

1846 3565 1997 3633 Quod
2019 3581 2146 3634 ergo
2176 3580 2280 3619 non
2307 3578 2491 3619 amore
2518 3564 2641 3619 vitae
2667 3565 2826 3632 capti,
2855 3564 2949 3619 sed
2977 3564 3154 3619 ovium
3188 3564 3415 3619 salutem

1846 3666 2092 3712 curantes
2125 3656 2335 3725 plurimi
2374 3654 2709 3710 sacerdotum
2750 3655 2852 3710 hoc
2882 3654 3105 3721 faciunt,
3139 3655 3413 3725 deinceps,

1846 3748 2135 3803 miserante
2162 3748 2299 3812 Deo,
2327 3762 2653 3816 cognoscere
2685 3748 2877 3816 poterit
2907 3757 2995 3802 tua
3026 3748 3338 3816 paternitas.

1915 3837 2137 3904 Quidam
2183 3838 2325 3892 enim
2357 3839 2425 3891 de
2472 3836 2554 3891 his
2591 3838 2681 3906 qui
2721 3838 2770 3890 in
2813 3836 3112 3892 sacerdotio
3138 3834 3413 3891 constituti

1842 3939 1988 3995 sunt,
2022 3940 2325 4000 spectantes
2347 3929 2469 3999 (aL,
2492 3928 2788 3998 sperantes)
2824 3928 2874 3981 in
2897 3929 3083 3983 exsilio
3107 3927 3239 3982 mitti
3267 3940 3414 3995 pres-

1840 4022 2056 4092 byteros
2108 4020 2437 4075 orthodoxos
2485 4029 2539 4073 et
2589 4028 2800 4073 sanctos
2846 4018 3017 4080 viros,
3048 4018 3292 4072 volentes
3349 4030 3413 4070 se

1845 4121 2038 4180 praeter
2062 4112 2435 4166 necessitatem
2464 4110 2532 4163 ab
2554 4108 2808 4161 Ecclesiis
2838 4122 2935 4161 suo
2963 4107 3181 4159 arbitrio
3214 4104 3415 4158 subdu-

1844 4217 1989 4263 cere,
2036 4202 2284 4268 ipsosque
2313 4200 2487 4267 sequi,
2532 4212 2636 4251 non
2666 4204 2942 4250 cesserunt
2980 4197 3059 4249 eis
3090 4195 3189 4248 hoc
3217 4192 3413 4258 facere,

1844 4291 2152 4358 adjurantes
2182 4304 2274 4344 eos
2312 4298 2369 4344 ut
2412 4296 2693 4342 manerent
2730 4287 2782 4340 in
2822 4285 3041 4340 creditis
3070 4285 3171 4340 sibi
3211 4284 3414 4339 sanctis

1846 4380 2103 4435 Ecclesiis
2133 4380 2199 4434 ad
2230 4380 2411 4450 populi
2435 4378 2706 4434 munimen
2732 4376 3038 4444 orthodoxi,
3071 4378 3123 4431 in
3151 4392 3211 4432 se
3240 4377 3415 4432 suscis

1845 4467 2040 4538 piendo
2065 4484 2185 4538 quae
2215 4476 2468 4538 putantur
2496 4467 2834 4522 discretionis
2863 4468 3093 4522 illorum.
3125 4467 3275 4522 Sicut
3305 4467 3412 4521 Re-

1837 4560 1999 4615 becca
2029 4558 2295 4628 quondam
2320 4559 2504 4614 dicens
2530 4558 2697 4614 Jacob
2725 4577 2740 4614 :
2766 4559 2831 4611 In
2863 4575 2941 4613 me
2975 4569 3236 4629 peccatum
3270 4568 3410 4611 tuum

1837 4646 2042 4717 (Gener.
2066 4646 2231 4716 xxvn)
2252 4685 2268 4711 ,
2307 4647 2384 4714 [ili
2414 4663 2432 4700 :
2463 4647 2533 4700 ita
2560 4646 2633 4700 illi
2665 4647 2731 4701 ab
2767 4646 3024 4701 Ecclesiis
3060 4646 3160 4701 sibi
3191 4645 3409 4700 creditis

1836 4737 2112 4793 discedere
2140 4746 2330 4808 sponte
2359 4738 2661 4793 volentibus
2695 4737 2949 4792 dixerunt
2976 4756 2988 4791 :
3017 4736 3071 4791 ln
3102 4751 3199 4791 nos
3229 4738 3409 4792 veniat

1839 4836 2117 4898 peccatum
2177 4828 2515 4883 discretionis
2570 4837 2761 4881 vestrae
2803 4844 2815 4880 :
2862 4827 3229 4880 tantummodo
3277 4841 3408 4883 oves

1838 4919 2030 4974 Christi
2063 4926 2255 4987 praeter
2297 4919 2669 4973 necessitatem
2718 4917 2855 4985 lupis
2902 4932 3004 4971 non
3050 4916 3401 4985 relinquatis;

1835 5025 1901 5066 ne
1930 5010 1982 5066 in
2022 5010 2135 5064 loca
2168 5017 2345 5064 vestra
2377 5007 2615 5063 bteretici
2644 5006 3038 5077 ingredientes,
3069 5008 3175 5077 lupi
3206 5007 3408 5063 discer-

1835 5110 1962 5169 pant
1990 5115 2149 5166 oves;
2177 5107 2270 5154 aut
2296 5110 2438 5153 certe
2469 5099 2538 5155 ab
2568 5099 2696 5169 ipsis
2716 5099 2904 5154 ovibus
2938 5100 3047 5154 suis
3072 5108 3292 5170 propter
3317 5114 3403 5155 τοι

1833 5204 1972 5250 ctam
1992 5193 2147 5249 [idem
2172 5193 2351 5262 fugati,
2371 5203 2425 5248 et
2446 5192 2526 5247 his
2548 5194 2636 5262 qni
2662 5208 2766 5248 non
2791 5192 3061 5262 iugantur,
3086 5193 3177 5247 sed
3210 5202 3403 5261 sponte

1836 5285 2116 5341 discedere
2155 5285 2392 5354 cupiunt,
2442 5300 2510 5340 ne
2553 5286 2636 5340 cui
2674 5284 3071 5339 adversantium
3109 5284 3403 5340 communi.

1833 5386 1979 5441 cent,
2008 5376 2099 5430 tali
2127 5376 2231 5431 lide
2258 5376 2496 5432 dicentes
2528 5391 2543 5429 :
2575 5375 2736 5430 Putas
2777 5375 2867 5431 isti
2912 5390 3094 5431 amore
3137 5375 3259 5429 vita:
3300 5373 3403 5427 hoc

1841 5468 2068 5533 faciunt,
2091 5484 2157 5524 an
2175 5483 2357 5524 amore
2372 5467 2693 5533 animarum,
2718 5465 2785 5520 ad
2814 5466 3162 5521 imitationem
3192 5465 3403 5520 Domini

1839 5560 1919 5614 sui
1948 5561 2103 5629 primi
2136 5559 2364 5629 pastoris
2398 5558 2566 5613 nostri
2607 5556 2735 5614 Jesu
2775 5554 2974 5612 Christi
3013 5553 3187 5623 magni
3221 5553 3312 5608 Dei
3346 5562 3403 5608 et

1841 5650 2139 5707 Salvatoris
2159 5651 2273 5720 spei
2302 5658 2527 5717 nostrae,
2561 5648 2651 5719 qui
2676 5648 2904 5705 animam
2928 5658 3076 5701 suam
3103 5645 3277 5715 posuit
3307 5658 3401 5713 pro

1840 5741 2025 5798 ovibus
2050 5740 2180 5795 suis.
