3990 6390
528 381 598 437 59

1876 366 2228 423 SYMMACHI
2267 365 2467 419 ΡΑΡᾹΞ

3764 373 3835 427 60

545 524 552 532 ·
603 496 923 552 Omnimodo
954 503 1143 551 autem
1181 502 1236 550 et
1279 492 1367 563 qui
1442 490 1686 547 videntur
1712 488 2111 544 communicare
2140 486 2187 543 Α
2218 499 2440 540 currere
2470 499 2574 539 non
2609 486 2759 541 duxit
2790 464 3087 557 indignum,
3122 500 3180 543 ut
3227 490 3597 559 captivitatem
3643 492 3833 545 corri-

528 588 837 650 orthodoxi,
863 594 916 641 ct
945 586 1037 655 qui
1059 602 1118 640 se
1146 601 1174 639 a
1203 583 1577 640 communione
1608 580 1893 643 abstinent,
1925 570 2113 632 omnes

530 689 654 751 post
683 682 845 735 Deum
892 690 995 734 tua:
1047 679 1225 731 lumen
1277 675 1593 729 visitationis
1631 683 1685 728 et
1714 669 2115 739 ,pssumptionis

529 771 824 839 operimur.
854 769 1034 837 Quare
1081 768 1270 821 festina
1295 766 1486 835 juvare
1530 763 1805 818 Orientem
1836 805 1849 825 ,
1898 777 1962 815 ex
2007 776 2113 829 quo

530 862 686 915 vobis
711 862 817 915 duo
846 858 1065 930 grandia
1091 857 1195 912 diei
1223 857 1425 911 lumina
1455 856 1676 909 Petrum
1709 866 1761 907 et
1796 853 2013 905 Paulum
2046 851 2113 904 ad

532 954 985 1008 illuminationem
1037 951 1193 1004 totius
1222 948 1405 1003 mundi
1436 947 1685 1003 Salvator
1714 944 1936 999 direxit.
1969 941 2120 996 Red-

537 1046 651 1099 dite
681 1059 809 1113 ergo
838 1045 886 1098 ei
914 1043 1103 1096 bonam
1132 1040 1561 1103 retributionem,
1612 1051 1768 1107 quam
1814 1038 1929 1103 ipse
1959 1034 2113 1088 vobis

535 1135 687 1190 dedit
713 1151 726 1187 :
755 1134 1051 1188 illuminate
1080 1147 1203 1186 eum
1244 1139 1407 1185 rectae
1446 1129 1566 1184 ﬁdei
1596 1129 1820 1189 iumine,
1854 1127 1995 1181 sicut
2022 1140 2115 1193 per

534 1227 708 1297 ipsum
739 1240 832 1279 vos
860 1224 1128 1294 quondam
1160 1222 1356 1277 divinae
1383 1220 1702 1290 cognitionis
1738 1218 1938 1271 lumine
1972 1216 2114 1269 idem

534 1318 869 1375 illuminavit.
900 1317 1052 1373 Sicut
1082 1316 1225 1370 enim
1266 1312 1482 1384 quando
1516 1320 1638 1365 toto
1678 1310 1877 1364 mundo
1908 1310 1957 1361 in
1993 1322 2117 1377 pec-

534 1414 667 1469 catis
696 1418 1031 1482 agrotante,
1081 1407 1238 1462 unius
1279 1404 1510 1461 hominis
1557 1403 1752 1458 delicto
1800 1401 2023 1466 lassati,
2060 1401 2113 1456 in

533 1504 866 1576 aegritudinis
892 1502 1168 1556 curatione
1199 1498 1325 1553 boni
1354 1497 1498 1552 illius
1529 1495 1720 1548 medici
1746 1493 1994 1562 discipuli
2036 1494 2117 1562 ip-

532 1611 649 1652 sum
673 1590 946 1651 cdestem
978 1590 1239 1646 medicum
1270 1598 1324 1645 et
1351 1588 1649 1659 principem
1676 1596 1974 1657 pastorem,
2002 1601 2117 1641 ma-

532 1686 756 1759 gistrum
785 1700 940 1740 suum
967 1684 1031 1737 ad
1063 1698 1245 1737 curam
1277 1691 1534 1736 vocantes
1565 1679 1898 1748 :egritudinis
1923 1678 2112 1747 ipsius,

533 1778 821 1849 aliquando
850 1777 1099 1832 dicebant
1135 1773 1428 1866 :J)omine,
1480 1773 1673 1826 inclina
1704 1773 1853 1825 cazfos
1874 1781 2020 1837 tuos,
2067 1780 2115 1824 et

2217 587 2368 646 geret
2388 579 2745 646 corporalem,
2782 595 2879 633 nec
2911 589 3114 633 tantum
3142 580 3596 646 Christianorum,
3630 582 3740 637 sed
3772 592 3830 637 et

2216 668 2524 723 Judznorum
2547 670 2562 735 (
2573 678 2628 722 nt
2646 670 2905 725 credibile
2918 673 3023 739 est)
3047 680 3209 742 atque
3222 686 3547 742 paganorum
3572 686 3829 743 :quanto

2216 761 2386 828 magis
2410 760 2668 815 festinare
2698 761 2763 815 ad
2796 771 2937 815 tuam
2980 764 3171 818 attinet
3200 764 3565 830 sanctitatem,
3600 781 3719 821 non
3754 768 3825 822 ad

2217 867 2512 921 corporea),
2540 870 2657 923 quae
2691 855 2829 909 bello
2850 856 2927 923 fit,
2955 857 3279 924 captivitatis
3307 858 3710 913 correctionem
3735 869 3823 913 at-

2217 958 2321 1012 que
2362 947 2771 1000 conversionem
2797 988 2812 1012 ,
2844 948 2939 1001 sed
2984 949 3306 1015 animarum,
3357 965 3477 1019 qua:
3523 952 3824 1019 captivam:

2217 1049 2363 1107 sunt,
2414 1040 2495 1094 vel
2524 1043 2766 1111 quotidie
2806 1046 3178 1111 captivantur?
3204 1057 3256 1100 et
3289 1048 3427 1100 inter
3456 1046 3593 1100 duas
3621 1047 3823 1103 diabo-

2219 1132 2307 1185 liei
2335 1136 2446 1185 vias
2476 1136 2674 1188 erroris
2695 1178 2708 1199 ,
2764 1136 3076 1207 Eutychetis
3106 1146 3263 1207 atque
3301 1139 3528 1193 Nestorii
3548 1180 3563 1203 ,
3590 1143 3819 1195 tertiam

2219 1224 2325 1277 imo
2358 1226 2587 1279 mediam
2620 1227 2774 1282 nobis
2798 1233 3053 1282 ostendas
3083 1230 3391 1299 expressius
3420 1232 3533 1285 veri
3560 1232 3821 1302 rectique

2218 1316 2484 1387 dogmatis
2514 1320 2673 1374 viam.
2890 1322 2895 1327 ”

2290 1408 2513 1463 Dubiam
2536 1426 2653 1464 eam
2674 1411 2914 1466 fecerunt
2935 1422 3117 1467 nostra
3150 1424 3389 1481 peccata,
3413 1415 3817 1468 aestimantibus

2218 1501 2533 1569 quibusdam
2578 1517 2682 1556 non
2733 1519 2889 1571 posse
2934 1505 3075 1559 inter
3116 1506 3346 1560 Nestorii
3394 1518 3450 1561 et
3494 1506 3819 1577 Eutychetis

2217 1590 2406 1644 salutis
2428 1591 2566 1644 viam
2601 1593 2831 1647 mediam
2876 1595 3100 1663 reperiri
3125 1610 3140 1660 ;
3170 1594 3260 1649 sed
3292 1597 3430 1665 quod
3456 1598 3683 1650 omnino
3712 1615 3814 1652 ne-

2217 1696 2368 1737 cesse
2397 1686 2487 1751 sit,
2518 1694 2608 1740 aut
2640 1686 2779 1740 illius
2818 1702 2938 1742 esse
2959 1705 3301 1757 queinquam,
3342 1700 3435 1744 aut
3463 1693 3628 1747 illius.
3682 1693 3818 1748 Pro-

2217 1782 2341 1843 pter
2371 1774 2472 1829 hoc
2517 1774 2708 1830 festina
2740 1788 2860 1846 post
2909 1778 3076 1833 Deum
3110 1795 3206 1834 nos
3235 1781 3499 1850 adjuvare
3532 1802 3543 1835 :
3587 1792 3646 1839 et
3675 1785 3816 1839 sicut

535 1870 783 1925 descende
812 1867 983 1937 (Psal.
1018 1858 1199 1935 exuti)
1223 1883 1235 1918 :
1261 1865 1547 1934 aliquando
1570 1879 1777 1916 rursum
1809 1880 1819 1914 :
1854 1862 1955 1927 Qui
1983 1861 2116 1931 regis
2147 1858 2195 1917 B
2223 1865 2362 1919 inter
2393 1866 2501 1920 Arii
2534 1866 2818 1923 dividentis
2858 1880 3016 1938 atque
3047 1873 3347 1940 si-parantis
3393 1890 3553 1927 uuam
3589 1875 3815 1930 deitatis

539 1961 736 2028 Israel,
792 1960 1036 2014 intende:
1068 1960 1155 2027 qui
1196 1964 1337 2013 sedes
1370 1973 1521 2027 super
1562 1956 1839 2019 cherubim,
1886 1970 2117 2024 appare:

537 2056 698 2110 excita
726 2052 1001 2123 potentiam
1044 2061 1203 2114 tuam,
1238 2063 1281 2103 et
1325 2050 1466 2116 veni,
1512 2058 1564 2100 ut
1607 2047 1785 2101 liberes
1818 2062 1909 2099 nos
1944 2044 2113 2113 (Paul.
2136 2042 2149 2061 ⁸

539 2146 720 2214 LXXIX)
761 2162 773 2196 :
806 2145 883 2197 sic
925 2158 1020 2196 nos
1057 2143 1246 2205 modo,
1279 2140 1366 2209 qui
1398 2141 1689 2193 infirmitati
1732 2154 1882 2191 nova:
1916 2154 2118 2207 pratia-

539 2235 815 2291 ricationis
841 2234 1007 2301 patris
1036 2232 1201 2284 nostri
1234 2230 1534 2298 dejicimur,
1563 2230 1628 2283 ad
1661 2238 1801 2282 tuam
1825 2229 2121 2284 clamamus

540 2324 925 2382 beatitudinem
956 2331 1053 2378 :ut
1076 2332 1129 2375 et
1154 2328 1208 2375 tu
1243 2320 1480 2375 imitator
1500 2321 1735 2374 existens
1762 2320 1881 2374 Filii
1908 2319 2021 2385 Dei,
2051 2322 2118 2374 ad

537 2418 877 2475 dilectionem
903 2415 1026 2486 (aL,
1060 2412 1439 2483 dejectionem)
1476 2412 1852 2481 deprecatione
1897 2414 2077 2467 venias
2100 2454 2117 2480 ,

537 2512 834 2566 imitatione
864 2509 1028 2577 ipsius
1053 2506 1292 2562 Caelestis
1337 2505 1509 2559 Patris
1557 2504 1653 2570 tui,
1696 2506 1783 2574 qui
1809 2498 1933 2573 facit
1961 2506 2119 2559 solem

535 2620 683 2659 suum
715 2601 841 2656 oriri
868 2618 1019 2672 super
1050 2601 1207 2654 bonos
1238 2608 1284 2652 et
1316 2599 1514 2663 malos,
1547 2609 1594 2651 ct
1623 2597 1755 2666 pluit
1780 2615 1936 2665 super
1946 2591 2118 2667 justoﬁ

535 2709 583 2751 et
611 2698 826 2768 injustas
858 2693 1070 2765 (Matth.
1103 2694 1175 2762 v).
1211 2693 1427 2746 Festina
1473 2693 1524 2745 in
1560 2692 1817 2745 auxilium
1853 2702 2116 2757 nostrum,

537 2789 714 2843 sciens
738 2831 751 2855 ,
797 2785 1133 2839 sanctissime
1183 2784 1344 2852 (sicut
1374 2783 1427 2835 in
1459 2781 1734 2849 principiis
1768 2781 1968 2834 dictum
2015 2783 2118 2849 est)

538 2879 663 2947 quia
685 2892 788 2929 non
815 2892 943 2944 opus
970 2875 1152 2927 habent
1181 2872 1294 2926 sani
1336 2871 1559 2936 medico,
1591 2871 1678 2923 sed
1712 2872 1842 2922 male
1872 2869 2115 2923 habentes

540 2970 755 3041 (Matth.
789 2969 889 3037 Ix).

619 3060 769 3125 Quod
798 3060 840 3111 si
867 3073 1025 3127 parva
1068 3056 1324 3110 existeret
1352 3054 1634 3123 aegritudo,
1670 3068 1767 3107 nos
1798 3052 2023 3107 forsitan
2055 3052 2117 3103 ad

539 3153 872 3223 spiritualem
906 3160 1146 3204 nostrum
1178 3150 1442 3203 medicum
1466 3162 1831 3211 curreremus,
1856 3156 2119 3215 quatenus

2218 1969 2464 2012 naturam
2494 1967 2653 2028 atque
2682 1961 3058 2027 substantiam,
3089 1970 3144 2017 et
3181 1964 3401 2017 Sabellii
3426 1979 3640 2034 quoque
3684 1981 3815 2020 con-

2220 2047 2492 2103 fundentis
2520 2064 2779 2117 personas
2811 2065 2863 2106 et
2889 2052 3182 2107 minuentis
3212 2070 3496 2109 numerum
3530 2056 3812 2124 trinitatis,

2221 2140 2566 2195 ostenderunt
2589 2143 2911 2196 sanctissimi
2934 2143 3116 2198 Patres
3136 2145 3273 2198 viam
3301 2146 3527 2200 mediam
3544 2149 3814 2213 veritatis,

2222 2234 2276 2287 in
2294 2235 2630 2289 confessione
2649 2234 2943 2290 divinitatis
2962 2251 3119 2290 unam
3143 2237 3520 2302 substantiam,
3540 2248 3811 2305 naturam,

2223 2328 2583 2395 virtutemque
2630 2326 3092 2393 demonstrantes,
3122 2336 3340 2396 propter
3370 2330 3664 2384 Sabellium
3703 2343 3813 2385 tres

2224 2431 2481 2485 personas
2499 2429 2552 2471 et
2567 2432 2733 2485 requa:
2753 2421 3005 2487 potentia:
3029 2434 3186 2473 unam
3207 2422 3485 2475 veritatem
3514 2439 3527 2473 :
3548 2422 3625 2475 sic
3642 2433 3693 2475 ct
3714 2436 3813 2475 vos

2224 2523 2395 2573 nunc,
2431 2508 2751 2562 sanctissimi
2792 2519 2955 2578 atque
2998 2510 3313 2572 beatissimi,
3369 2512 3663 2567 illuminate
3709 2530 3811 2568 nos

2222 2599 2514 2669 spiritualis
2546 2600 2783 2653 scientiae
2806 2608 2995 2653 vestra:
3019 2601 3244 2667 ltnnine,
3270 2584 3390 2671 quae
3412 2610 3495 2656 est
3523 2604 3658 2657 inter
3679 2618 3813 2657 sen-

2224 2692 2441 2745 tentiam
2475 2690 2789 2763 Eutychetis
2835 2691 2901 2746 ad
2951 2692 3301 2747 imitationem
3331 2694 3545 2749 Sabellii
3582 2703 3808 2748 naturas

2223 2790 2383 2849 atque
2419 2782 2747 2837 substantias
2790 2782 3190 2850 confundentis,
3223 2794 3275 2839 et
3307 2786 3439 2839 inter
3462 2784 3685 2837 Nestorii
3724 2784 3803 2838 ad

2226 2873 2573 2927 imitationem
2606 2874 2719 2927 Arii
2753 2890 3007 2941 personas
3029 2885 3186 2944 atque
3212 2876 3528 2931 substantias
3554 2872 3811 2928 dividen-

2227 2964 2313 3026 tis,
2345 2979 2466 3017 vera
2509 2973 2669 3018 recta:
2701 2964 2823 3018 fidei
2855 2965 3131 3020 confessio
3156 3008 3170 3031 ,
3206 2966 3395 3021 tradita
3429 2966 3579 3020 nobis
3612 2981 3640 3019 a
3669 2980 3808 3034 papa

2229 3054 2407 3125 Leone
2437 3056 2575 3107 inter
2607 3064 2825 3109 sanctos
2872 3056 3165 3111 constituto
3188 3100 3203 3122 ,
3240 3065 3295 3110 et
3341 3056 3722 3125 discipulorum
3754 3056 3807 3109 in

2218 3122 2563 3201 Chalcedone
2586 3157 2888 3199 sanctorum
2913 3146 3125 3200 Patrum
3150 3147 3373 3200 duarum
3394 3147 3808 3201 substantiarum

540 3246 891 3316 et‘passiones
914 3243 1175 3298 bonorum
1206 3240 1556 3302 medicorum,
1584 3240 1633 3293 id
1658 3250 1741 3293 est
1766 3239 2117 3308 gloriosorum
2151 3225 2196 3288 C
2227 3248 2319 3291 aut
2361 3247 2674 3291 naturarum
2731 3237 2905 3290 unitas
2946 3237 3000 3289 in
3033 3252 3133 3291 una
3178 3237 3472 3305 eademque
3504 3252 3727 3305 persona
3757 3247 3811 3291 et

541 3336 741 3393 Christi
791 3334 1201 3403 discipulorum,
1243 3340 1661 3400 vcstrorumque
1708 3330 2011 3393 doctorum,
2070 3337 2123 3383 et

541 3438 725 3482 sancta
748 3426 1096 3481 adoraremus
1121 3432 1209 3476 tua
1235 3423 1481 3491 vesnigia,
1512 3430 1566 3474 ut
1588 3430 1640 3475 et
1670 3420 2123 3490 praevaricationis

543 3521 893 3583 medicinam,
926 3526 978 3572 et
1004 3518 1324 3571 solutionem
1363 3516 1716 3579 vinculorum,
1753 3523 1805 3568 et
1838 3514 2014 3568 delicti
2040 3527 2124 3567 re—

542 3613 851 3667 missionem
878 3612 943 3663 de
969 3618 1061 3663 tuo
1085 3614 1271 3661 sancto
1297 3621 1390 3661 ore
1419 3606 1836 3674 susciperemus.

614 3699 719 3759 Sed
749 3702 873 3772 quia
905 3717 1007 3753 non
1048 3709 1118 3752 est
1143 3693 1320 3759 ulcus,
1366 3706 1453 3749 aut
1504 3698 1734 3762 macula,
1768 3710 1928 3763 neque
1969 3695 2125 3764 plaga

547 3807 766 3858 tumens,
800 3794 888 3846 sed
927 3798 1087 3844 totum
1114 3791 1259 3841 ulcus
1286 3799 1357 3841 est
1379 3804 1411 3840 a
1438 3788 1648 3857 pedibus
1691 3804 1850 3855 usque
1877 3787 1943 3838 ad
1973 3795 2125 3851 caput

550 3886 701 3956 (Isai.
733 3885 770 3955 ι)
791 3927 805 3950 ,
838 3885 979 3939 sicut
1003 3878 1192 3937 beatus
1224 3880 1386 3934 lsaias
1416 3879 1691 3948 antiquam
1732 3879 2127 3947 praevaricatio-

546 3996 666 4036 nem
698 3978 902 4033 detlens
940 3975 1238 4029 dixitzvos
1280 3972 1391 4041 jam
1438 3971 1565 4025 boni
1618 3970 1832 4035 medici,
1884 3981 1936 4022 et
1982 3969 2126 4023 illius

545 4074 653 4130 reri
684 4070 898 4134 medici,
935 4069 1015 4124 vel
1048 4068 1308 4122 bonorum
1338 4064 1719 4133 discipulorum
1750 4062 1914 4133 ipsius
1939 4064 2129 4117 certis-

543 4166 666 4221 simi
699 4164 1025 4232 plantatorcs
1053 4159 1301 4214 festinate
1340 4158 1406 4210 ad
1434 4170 1615 4209 curam
1642 4156 2000 4209 resolutorum
2034 4171 2125 4207 ec-

543 4258 825 4315 clesiastici
858 4254 1099 4324 corporis
1122 4252 1510 4317 membrorum,
1543 4258 1598 4303 ut
1626 4249 1917 4303 dissolutas
1936 4263 2125 4303 manus

545 4361 789 4416 nostras,
844 4348 1211 4415 dissolutaque
1240 4360 1411 4414 genua
1444 4344 1685 4411 erigatis,
1729 4351 1782 4397 et
1829 4358 2017 4396 cursus
2044 4359 2127 4397 re-

544 4451 661 4495 ctos
685 4438 888 4493 faciatis
921 4436 1142 4504 pedibus
1169 4434 1403 4497 nostris;
1435 4449 1501 4486 ne
1543 4434 1685 4499 quod
1726 4433 1972 4486 claudum
2007 4445 2088 4485 est
2111 4477 2125 4497 ,

545 4530 779 4600 amplius
808 4529 1234 4596 distorqueatur,
1259 4524 1353 4578 sed
1397 4531 1619 4576 curetur
1649 4523 1817 4590 magis
1856 4538 1950 4591 per
1984 4514 2124 4575 stic-

548 4584 805 4678 nniiatem
836 4631 890 4675 et
910 4584 1163 4687 Optimam
1192 4614 1521 4683 diligentiam
1556 4622 1810 4666 vestram.
2156 4584 2207 4643 D

617 4713 767 4768 Sicut
789 4713 930 4766 enitn
966 4711 1217 4777 magistro
1244 4716 1429 4760 nostro
1466 4705 1682 4757 domino
1713 4704 1873 4758 Paulo
1896 4704 2128 4774 glorioso

548 4804 790 4874 apostolo
821 4810 1036 4872 propter
1075 4798 1317 4852 infideles
1342 4798 1576 4865 aliquos,
1604 4796 1730 4849 dum
1761 4812 1880 4849 eum
1924 4796 2128 4866 pigeret

548 4912 850 4954 sermonem
876 4894 1083 4948 Domini
1119 4892 1168 4944 in
1191 4890 1448 4945 Corintho
1472 4890 1639 4958 loqui,
1665 4898 1847 4943 astans
1874 4889 2127 4963 Dominus

549 4993 681 5048 dixit
710 5009 724 5045 :
759 4990 985 5058 Loquere
1013 4996 1058 5039 et
1089 5003 1188 5039 non
1216 4996 1399 5050 taceas,
1428 4986 1546 5054 quia
1581 4986 1770 5038 multus
1794 4992 1866 5038 est
1888 4984 2013 5037 mihi
2035 5002 2127 5053 po-

547 5083 700 5155 pulus
736 5078 787 5134 in
829 5080 925 5132 hac
965 5078 1164 5130 civitate
1215 5076 1348 5144 (Act.
1383 5074 1563 5143 xvm),
1596 5083 1650 5130 et
1688 5089 1827 5128 nunc
1865 5083 1967 5128 tuae
1999 5075 2127 5129 dicit

550 5171 861 5229 beatitudini
892 5170 1006 5238 ejus
1040 5167 1378 5236 benignitas;
1411 5165 1649 5231 Festina,
1679 5176 1729 5221 et
1764 5168 1871 5220 noli
1910 5166 2125 5221 tardare

548 5270 612 5319 ad
642 5264 877 5321 Orientis
905 5260 1179 5327 auxilium,
1208 5259 1374 5327 magis
1405 5267 1580 5310 autem
1608 5258 1671 5311 ad
1696 5259 1925 5326 majores
1948 5271 2127 5327 partes

550 5356 853 5413 habitabEIis
883 5352 1099 5418 mundi,
1135 5350 1256 5419 quia
1288 5364 1393 5402 non
1423 5356 1623 5401 tantum
1672 5364 1765 5415 prc
1798 5360 2010 5403 centum
2043 5352 2124 5404 vi-

548 5448 681 5519 ginti
704 5446 941 5503 millibus
962 5443 1013 5496 itt
1036 5456 1226 5512 magna
1251 5440 1568 5509 quandoque
1591 5440 1891 5495 constitutis
1914 5441 2127 5499 civitate

553 5541 738 5595 Ninive
760 5580 775 5604 ,
814 5540 906 5594 sed
931 5552 961 5591 a
994 5534 1164 5588 multo
1193 5532 1436 5603 pluribus
1466 5546 1619 5600 spera
1650 5534 1949 5601 exspectari
1983 5544 2125 5588 tuam

557 5645 672 5702 post
702 5635 864 5687 Deum
897 5630 1237 5686 medicinam.
1271 5625 1327 5680 Si
1361 5625 1502 5680 enim
1534 5628 1620 5694 qui
1666 5626 1937 5694 praecessit
1961 5627 2130 5681 beati-

556 5725 789 5778 tudinem
822 5732 963 5776 tuam
1007 5723 1147 5775 inter
1169 5727 1384 5773 sanctos
1424 5716 1745 5770 constitutus
1775 5716 1882 5771 Leo
1924 5719 2131 5773 archie-

556 5816 801 5876 Discopus
840 5814 904 5868 ad
943 5814 1160 5868 Attilam
1193 5820 1319 5866 tunc
1355 5823 1602 5863 erronem
1638 5806 1919 5862 barbarum
1949 5825 2040 5878 per
2072 5825 2129 5865 se

2226 3331 2521 3385 Substantia
2546 3327 2720 3397 magni
2745 3329 2833 3383 Dei
2857 3337 2911 3382 et
2932 3328 3223 3384 Salvatoris
3252 3328 3417 3381 nostri
3441 3328 3569 3382 lesu
3594 3327 3808 3383 Christi.

2297 3424 2401 3491 Ipsi
2447 3423 2592 3475 enim
2629 3422 2929 3476 docuerunt
2964 3436 3059 3474 nos
3098 3422 3296 3475 divinis
3336 3420 3637 3488 Scripturis
3676 3420 3804 3473 alte-

2224 3530 2337 3569 rain
2394 3528 2516 3569 esse
2568 3513 2869 3585 visibilem,
2913 3523 2966 3566 et
3016 3512 3336 3581 palpabilem
3393 3520 3449 3568 et
3507 3512 3808 3580 passibilem

2225 3608 2401 3661 carnis
2449 3613 2722 3671 naturam,
2755 3616 2809 3659 et
2862 3606 3082 3659 alteram
3130 3605 3472 3668 invisibilem,
3504 3605 3807 3674 impassibi-

2227 3701 2331 3752 lem
2365 3705 2417 3751 et
2448 3696 3043 3766 incomprehensibilem
3095 3710 3335 3750 naturam
3368 3696 3421 3749 in
3448 3711 3554 3750 una
3589 3708 3808 3765 persona

2226 3801 2279 3845 et
2318 3790 2610 3843 substantia
2654 3790 2829 3859 magni
2885 3788 2975 3843 Dei
3024 3798 3077 3844 et
3125 3789 3423 3843 Salvatoris
3471 3791 3642 3843 nostri
3690 3790 3811 3844 Jesa

2226 3879 2452 3943 Christi;
2482 3880 2704 3931 alteram
2736 3878 2801 3931 de
2833 3878 3016 3931 matris
3048 3878 3341 3932 substantia
3394 3887 3447 3932 et
3500 3888 3689 3932 natura
3726 3894 3812 3931 ve-

2230 3972 2461 4024 nientem
2484 3969 2558 4034 de
2576 3969 2780 4023 semine
2807 3968 2996 4032 David,
3026 3968 3253 4022 Abrahae
3277 3977 3330 4022 et
3348 3967 3500 4035 Adte,
3517 3968 3809 4023 secundum

2228 4077 2443 4115 carnem
2489 4070 2687 4126 nitam,
2718 4060 2938 4113 alteram
2973 4075 3101 4113 vero
3145 4075 3208 4113 ex
3256 4070 3411 4114 utero
3453 4064 3579 4114 ante
3611 4059 3813 4115 Lucifeo

2230 4169 2346 4207 rum
2387 4154 2617 4220 genitam
2650 4152 2716 4205 de
2747 4150 3043 4204 substantia
3072 4158 3126 4206 et
3156 4161 3341 4205 natura
3375 4151 3570 4205 Patris.
3614 4152 3720 4206 Sed
3750 4166 3812 4205 ne

2230 4261 2413 4299 rursus
2460 4256 2680 4314 propter
2724 4244 3047 4297 immaculati
3099 4252 3279 4311 partus
3323 4244 3455 4297 duas
3504 4254 3725 4298 naturas
3764 4252 3812 4297 et

2229 4338 2552 4393 substantias
2568 4337 2903 4391 occasionem
2923 4335 3386 4404 apprehendentes
3409 4336 3497 4405 qui
3520 4336 3810 4391 secmtdtnn

2230 4430 2529 4485 Nestorium
2554 4429 2785 4498 sapiunt,
2809 4428 2936 4482 duas
2970 4443 3247 4497 personas,
3274 4438 3363 4482 aut
3385 4427 3520 4483 duos
3549 4429 3711 4497 ﬁlios,
3734 4427 3811 4481 vel

2232 4518 2365 4572 duos
2421 4517 2662 4573 Christos
2691 4520 2829 4574 male
2871 4520 3238 4586 introducant;
3294 4520 3592 4575 docuerunt
3646 4517 3813 4574 sancti

2234 4612 2307 4665 illi
2338 4621 2389 4665 et
2416 4612 2566 4667 beati
2597 4611 2781 4666 Patres
2816 4628 2973 4665 unam
3005 4613 3141 4667 scire
3172 4628 3455 4682 personam
3488 4622 3541 4668 et
3571 4613 3814 4667 substan-

2233 4703 2423 4757 tiarum
2458 4703 2863 4771 inseparabilem
2890 4704 3146 4759 unitatem
3176 4721 3242 4759 ex
3269 4704 3478 4760 duabus
3506 4708 3815 4760 substantiis

2234 4807 2281 4849 et
2314 4794 2537 4859 naturis,
2568 4804 2621 4850 et
2652 4796 2701 4849 in
2735 4795 2941 4850 duabus
2972 4796 3282 4852 substantiis
3315 4807 3370 4852 et
3398 4799 3606 4853 naturis
3640 4798 3813 4869 magni

2233 4888 2322 4943 Dei
2354 4897 2408 4944 et
2434 4889 2723 4944 Salvatoris
2752 4890 2918 4944 nostri
2941 4889 3065 4945 Jesu
3093 4889 3312 4945 Christi.

2305 4979 2413 5034 Nos
2436 4980 2599 5044 enim,
2627 4995 2659 5036 o
2688 4980 3024 5036 sanctissime
3053 4990 3107 5037 ct
3138 4982 3444 5039 beatissime
3472 4984 3817 5055 Symmache,

2234 5072 2479 5127 eumdem
2524 5087 2641 5127 e<se
2683 5070 3054 5127 existimamus
3083 5089 3145 5127 ex
3178 5073 3389 5128 duabus
3440 5079 3649 5131 naturis
3678 5089 3735 5132 et
3768 5079 3821 5132 in

2233 5164 2439 5219 duabus
2474 5164 2699 5229 naturis,
2731 5174 2915 5218 etnon
2946 5163 3117 5233 (sicut
3156 5164 3230 5218 illi
3263 5165 3480 5235 dicunt)
3515 5183 3581 5221 ex
3612 5167 3821 5222 duabus

2235 5256 2442 5310 naturis
2473 5270 2629 5309 unam
2673 5263 2917 5308 naturam
2962 5264 3081 5326 post
3110 5256 3508 5321 adunationem,
3539 5258 3591 5312 in
3615 5257 3821 5314 duabus

2235 5356 2411 5402 autem
2456 5348 2869 5403 subsistentibus
2917 5349 3121 5403 naturis
3159 5364 3279 5405 cum
3329 5351 3534 5405 unitate
3572 5368 3675 5406 non
3707 5354 3820 5420 pati

2234 5440 2507 5505 conﬁteri;
2543 5450 2597 5493 ut
2641 5456 2698 5495 se
2733 5441 2961 5495 doceant
2991 5441 3310 5496 Arianorum
3339 5456 3461 5497 esse
3499 5442 3821 5507 imitatores,

2235 5532 2525 5588 dicentium
2568 5548 2661 5601 per
2692 5532 2885 5587 Filium
2916 5534 3202 5603 glorilieari
3248 5533 3485 5603 Patrem,
3513 5550 3635 5591 cum
3681 5535 3821 5589 Filio

2236 5636 2410 5681 autem
2445 5642 2549 5679 non
2581 5628 2688 5695 pati
2724 5641 2781 5682 se
2817 5643 2937 5681 eum
2969 5626 3275 5698 glorificari.
3329 5627 3435 5683 Sed
3467 5629 3609 5683 sicut
3634 5637 3819 5683 contra

2239 5719 2356 5772 illos
2400 5718 2694 5772 docuerunt
2743 5720 2931 5773 fratres
2976 5720 3050 5773 tui
3102 5721 3425 5774 sanctissimi
3475 5720 3684 5784 Patres,
3716 5718 3820 5773 Per

2237 5825 2394 5878 quem
2424 5818 2475 5863 et
2505 5826 2624 5864 cum
2665 5826 2768 5878 quo
2812 5811 3088 5879 aequaliter
3140 5811 3244 5879 pati
3276 5810 3459 5867 dicere
3504 5826 3605 5866 nos
3633 5832 3645 5865 ε
3671 5811 3816 5875 quia,
