3990 6390
191 352 254 407 οι
1386 342 1737 398 ΕΡῙΞΤΟΙᾹ
1774 341 1865 395 ΕΤ
1904 341 2242 399 DECRETA.

3363 339 3434 393 62

187 462 295 518 Per
336 474 517 528 quem,
549 457 961 517 humanitatem;
994 455 1123 509 Cum
1158 470 1286 523 quo,
1314 454 1644 512 divinitatem
1687 453 1758 507 si-
1787 453 1838 513 A
1867 462 1921 507 et
1960 456 2085 511 utile
2123 456 2259 512 tales
2294 456 2623 512 admonere:
2667 470 2766 512 nec
2809 457 2951 511 enim
2998 471 3287 525 congruum
3324 458 3429 511 illis

182 552 495 621 gniﬁcantes
526 549 701 619 magni
733 548 823 601 Dei
857 560 906 600 et
931 545 1220 601 Salvatori~
1249 545 1413 597 nostri
1442 543 1564 598 Jcsu
1604 544 1757 597 Citri-

179 642 389 697 stizsic
431 649 487 694 et
526 655 666 694 nunc
709 639 829 703 illis,
876 638 951 691 Ex
995 636 1198 690 duabus
1244 635 1460 703 quidem
1512 636 1750 700 naturis,

179 733 481 789 dicentibus
505 750 517 785 :
541 732 597 786 In
629 732 833 786 duabus
874 741 1048 785 autem
1092 745 1195 781 non
1232 727 1627 789 conﬁtentibus,
1657 742 1755 781 nos

179 840 249 880 ex
276 823 501 885 duabus,
526 832 581 877 et
613 823 665 876 in
698 822 900 875 duabus
926 821 1123 890 pariter
1151 820 1396 873 dicimus.
1442 819 1520 873 Ex
1550 818 1756 873 duabus

179 916 320 971 enim
350 915 607 975 dicentes.
640 929 707 968 ex
736 915 925 981 quibus
954 912 1193 966 subsistit
1224 912 1419 965 unitas.
1464 910 1519 964 In
1545 910 1753 965 duabus

177 1016 375 1069 autem,
407 1006 462 1061 in
502 1005 692 1074 quibus
738 1004 882 1056 visus
926 1009 1027 1067 est,
1051 1012 1103 1056 et
1150 1002 1390 1070 palpatus
1437 1009 1539 1061 est,
1574 1010 1626 1053 et
1663 1015 1752 1053 as-

175 1104 422 1166 sumptus
460 1105 582 1165 post
620 1094 915 1163 passionem
948 1102 1001 1146 et
1029 1091 1496 1154 resurrectionem,
1527 1090 1752 1145 conﬁte-

175 1202 315 1261 mup,
343 1194 397 1241 et
434 1186 487 1241 in
526 1185 720 1255 quibus
764 1184 939 1238 veniet
970 1182 1302 1252 judicaturus
1342 1182 1489 1237 vivos
1520 1190 1573 1236 et
1611 1194 1753 1235 mor-

176 1287 317 1332 tuos.

242 1367 427 1438 Neque
472 1368 614 1423 enim
665 1366 802 1421 nuda
848 1367 1099 1422 divinitas
1139 1373 1345 1436 poterat
1381 1373 1473 1423 aut
1512 1363 1748 1433 palpari,

174 1468 267 1517 aut
288 1461 525 1530 cruciﬂgi
554 1475 650 1529 pro
677 1461 784 1514 vita
814 1458 1027 1523 mundi;
1060 1472 1156 1513 nec
1197 1457 1418 1526 simplex
1449 1456 1750 1510 humanitas

176 1552 335 1606 morti
382 1551 661 1619 subjacens
702 1565 797 1620 per
840 1560 1066 1605 mortem
1117 1547 1443 1603 confundere
1488 1562 1606 1601 eum
1659 1546 1748 1616 qui

178 1639 451 1697 obtinebat
495 1651 744 1707 mortem,
767 1640 868 1694 hoc
913 1647 994 1694 est
1030 1638 1319 1693 diabolum.
1365 1636 1517 1691 Unde
1548 1645 1601 1691 et
1632 1645 1750 1703 post

177 1716 613 1786 resurrectionem
645 1732 696 1783 in
729 1728 1065 1783 immaculata
1095 1741 1254 1783 carne
1286 1742 1377 1780 sua
1418 1726 1585 1779 visum
1618 1725 1749 1780 Ver-

1860 545 2126 613 religiosae
2156 548 2349 602 alTerre
2378 548 2620 617 dogmata
2650 547 2961 616 disciplina),
3002 562 3029 598 a
3059 547 3250 615 quibus
3280 548 3429 601 insti-

1859 636 2079 691 tutionis
2108 639 2273 705 ipsius
2316 652 2654 709 exspectatur
2684 641 2843 710 plena
2869 642 3142 707 perfectio.

1929 726 2033 779 Sed
2066 726 2297 781 breviter
2323 730 2462 783 clara
2488 730 2920 799 perstringemus.
2950 729 3044 784 Cui
3076 732 3424 797 incognitum,

1855 814 2443 883 Constantinopolitana
2467 819 2704 873 Ecclesia
2735 834 2834 888 qua
2864 819 3089 874 Nestorii
3114 822 3429 889 contagione

1858 906 2118 960 laboravit
2146 906 2168 957 ?
2196 906 2447 973 Nestorii,
2482 910 2727 978 inquam,
2756 910 2846 989 qui
2877 911 3024 979 quasi
3055 921 3206 979 putre
3234 926 3427 981 corpo-

1856 999 1931 1050 ris
1972 997 2271 1053 membrum
2317 1013 2343 1048 a
2405 998 2661 1053 societate
2715 999 2987 1054 catholicae
3034 1000 3425 1055 communionis

1856 1088 2066 1142 excisus
2090 1096 2191 1142 est.
2217 1087 2313 1142 Ubi
2340 1096 2599 1141 terrarum
2616 1104 2718 1142 non
2744 1090 3065 1156 praedicatur
3085 1091 3426 1159 congregatio

1853 1178 2301 1233 Chalcedonensis
2349 1180 2520 1233 sancti
2558 1181 2802 1243 concilii,
2833 1198 2952 1251 qua:
2990 1183 3333 1258 Eutxclietem
3370 1192 3426 1236 et

1852 1270 2191 1334 Dioscorum,
2218 1270 2324 1324 duo
2364 1271 2580 1323 nomina
2611 1272 2811 1325 famosa
2843 1282 2897 1326 et
2927 1289 3129 1342 magna:
3166 1273 3423 1342 perﬁdiae,

1851 1359 2008 1415 unius
2070 1362 2347 1415 sententiae
2402 1361 2705 1431 integritate
2766 1362 3080 1429 damnavit,
3130 1363 3424 1433 iniquitatis

1850 1452 2140 1520 complices
2188 1467 2292 1505 uno
2332 1442 2531 1519 spiritu
2575 1451 2769 1506 divinis
2812 1453 3147 1521 dogmatibus
3194 1455 3422 1509 adversa

1849 1542 2157 1597 sectantes?
2183 1542 2312 1609 Quis
2355 1540 2567 1597 Petrum
2595 1552 2647 1598 et
2688 1542 3027 1597 Timotheum
3082 1545 3423 1614 prmfatorum

1850 1635 2099 1690 vernulas
2124 1636 2404 1704 ignoravit,
2421 1643 2838 1705 propugnatores
2854 1634 3161 1689 intentionis
3173 1636 3420 1702 addicta},

1847 1735 2096 1780 auctores
2139 1740 2201 1779 ac
2238 1726 2518 1795 magistros
2555 1740 2681 1780 suos
2719 1740 2863 1780 saevo
2896 1740 3079 1779 errore
3111 1725 3423 1781 vincentes?

176 1824 296 1876 bum
330 1822 420 1875 Dei
449 1832 500 1875 et
537 1822 676 1875 Deus
717 1828 899 1875 noster
940 1819 1186 1873 omnibus
1223 1817 1497 1886 discipulis
1528 1816 1638 1870 suis
1667 1814 1746 1868 di-
1778 1804 1824 1863 Β
1852 1818 2000 1872 Illum
2040 1818 2375 1872 Timotheum
2428 1818 2692 1886 loquimur
2732 1819 3063 1887 patricidam,
3095 1819 3184 1887 qui
3225 1828 3423 1873 sancta:

169 1913 323 1967 cubat
350 1930 361 1964 :
398 1911 568 1965 Videte
595 1928 771 1965 manus
795 1928 929 1964 meas
962 1921 1009 1963 et
1036 1912 1187 1980 pedes
1210 1926 1363 1973 meos,
1388 1910 1504 1978 quia
1526 1926 1614 1978 ego
1637 1909 1746 1973 ipse

169 2018 319 2057 sum:
345 2004 551 2072 palpate
592 2012 638 2055 et
676 2003 857 2066 videte,
882 2004 1002 2072 quia
1043 2002 1249 2071 spiritus
1296 2017 1501 2053 carnem
1543 2010 1588 2053 et
1629 2016 1745 2053 ossa

166 2112 266 2149 non
313 2096 481 2160 habet,
523 2096 656 2149 sicut
702 2111 779 2148 me
828 2095 1003 2148 ridetis
1043 2093 1304 2146 habentem
1351 2091 1514 2163 (Luc.
1562 2092 1739 2161 xxiv).

166 2183 446 2240 nubentem
474 2184 629 2253 dixit,
662 2194 719 2239 ut
755 2200 861 2239 non
891 2184 936 2238 is
965 2184 1016 2237 in
1044 2183 1135 2237 illa
1170 2191 1405 2237 mutatus
1442 2191 1740 2252 putaretur,

163 2274 259 2330 sed
286 2276 339 2329 in
370 2277 591 2330 veritate
616 2276 965 2344 assumpsisse
986 2274 1318 2329 crederetur.
1348 2275 1511 2328 Beato
1531 2288 1742 2343 quoque

162 2363 388 2419 Thomas
417 2365 675 2425 difﬁdenti
708 2369 903 2419 clamat
929 2382 941 2416 :
968 2363 1111 2434 Infer
1140 2365 1352 2433 digitum
1395 2373 1536 2416 tuum
1559 2373 1605 2417 et
1632 2363 1742 2415 ride

159 2471 346 2508 manus
390 2466 632 2510 meas:et
685 2458 751 2508 da
797 2473 1001 2508 manum
1048 2465 1206 2518 tuam,
1239 2465 1285 2507 et
1331 2456 1467 2506 mitte
1510 2456 1563 2505 in
1605 2454 1743 2506 latus

160 2561 358 2612 meum,
385 2555 432 2598 et
472 2549 577 2599 noli
624 2564 729 2599 esse
774 2548 1085 2613 incredulus,
1110 2548 1197 2599 sed
1246 2547 1412 2615 lidelis
1442 2544 1623 2614 (Joan.
1655 2546 1740 2613 κ).

163 2635 320 2689 [inde
369 2635 495 2688 dum
543 2644 923 2698 assumeretur,
954 2636 1061 2689 duo
1095 2634 1194 2688 viri
1241 2633 1341 2687 visi
1380 2632 1652 2700 discipulis
1692 2633 1742 2686 in

156 2738 301 2795 albis
338 2735 576 2789 vestibus
620 2733 923 2788 clamabant
962 2742 1014 2785 et
1051 2731 1331 2785 dicebant:
1360 2729 1472 2782 Viri
1514 2727 1739 2796 Calilwi,

156 2829 282 2897 quid
306 2828 453 2881 statis
479 2826 779 2892 aspicientes
814 2824 865 2875 in
893 2822 1071 2875 coelum
1090 2826 1115 2876 ?
1155 2822 1255 2875 llic
1282 2821 1455 2884 Jesus,
1481 2823 1568 2892 qui
1595 2824 1740 2875 abla-

156 2932 237 2974 tus
269 2929 342 2974 est
372 2937 403 2972 a
432 2919 569 2972 vobis
586 2920 637 2971 in
658 2919 942 2980 caelum,ila
963 2918 1140 2981 veniet,
1159 2919 1287 2970 sicut
1316 2918 1512 2971 vidistis
1539 2929 1739 2971 euntem

156 3015 210 3066 in
246 3012 427 3065 caelum
459 3010 595 3081 (Act.
628 3010 699 3077 1),
730 3024 849 3063 cum
890 3011 1091 3063 venerit
1135 3010 1443 3064 omnimodo
1478 3010 1530 3063 in
1570 3010 1735 3079 gloria

155 3103 335 3158 Patris
363 3118 483 3158 cum
514 3101 712 3156 sanctis
756 3101 960 3168 angelis
987 3101 1039 3154 in
1070 3102 1156 3153 die
1188 3102 1409 3154 terribili
1436 3102 1563 3169 justi
1590 3102 1732 3170 judi-

1848 1911 2234 1965 recordationis
2273 1910 2518 1965 Proterio
2555 1913 2861 1978 superstite,
2907 1926 3010 1964 non
3044 1911 3214 1963 solum
3245 1908 3421 1963 eccle-

1846 2000 1976 2054 siam
2024 2016 2127 2053 non
2182 1999 2443 2068 religiosis
2493 2000 2797 2054 auctoribus
2859 2001 3172 2068 occupavit,
3227 2014 3414 2052 verum

1845 2090 2001 2143 etiam
2030 2088 2342 2144 cll‘usionem
2380 2090 2447 2159 pii
2490 2091 2759 2156 sanguinis
2801 2090 2865 2143 ad
2911 2090 3109 2147 crimen
3150 2089 3423 2157 pervasio-

1846 2178 1927 2231 nis
1968 2178 2183 2245 adjecit.
2225 2178 2396 2246 Ipsius
2428 2194 2617 2247 nempe
2661 2178 3058 2232 damnationem
3107 2176 3421 2231 universalis

1843 2276 1925 2321 est
1964 2269 2212 2322 Ecclesia
2254 2284 2354 2322 vox
2394 2270 2588 2334 locuta,
2630 2270 2754 2322 dum
2798 2286 2917 2321 cum
2960 2269 3170 2321 nomine
3210 2282 3421 2337 quoque

1842 2358 2133 2411 Christiani
2178 2359 2397 2412 honoris
2434 2368 2672 2413 exueret.
2722 2359 2847 2428 Ejus
2879 2359 3092 2413 Petrum
3137 2372 3420 2427 sequacem

1845 2460 2031 2502 notum
2061 2451 2301 2503 fecerunt
2330 2450 2747 2503 orthodoxorum
2779 2450 3014 2517 plurimm
3040 2449 3332 2517 passiones,
3366 2448 3419 2501 in

1853 2542 2048 2608 quibus
2090 2543 2177 2594 ille
2208 2542 2453 2594 virtutem
2496 2542 2655 2593 animi
2690 2542 2769 2593 sui
2802 2542 3083 2593 exsul'svit
3111 2540 3414 2593 ostendere.

1846 2632 2004 2685 Novit
2030 2632 2170 2686 hunc
2204 2632 2446 2701 Ephesus
2468 2648 2588 2687 cum
2614 2642 2720 2686 tota
2751 2632 3005 2685 societate
3036 2631 3301 2695 Dioscuri,
3330 2630 3419 2683 ubi

1844 2740 1964 2779 cum
1995 2725 2247 2792 praedicto
2275 2736 2493 2778 auctore
2524 2727 2721 2797 peccati
2765 2726 2921 2778 ﬁnem
2970 2726 3138 2778 sancti
3186 2724 3420 2778 Flaviani

1842 2825 2094 2885 Operatus
2139 2817 2385 2870 innotuit.

1912 2907 2157 2967 Tacenda
2202 2916 2325 2962 sunt
2366 2910 2661 2961 Antiochia:
2708 2908 2881 2974 mala,
2930 2910 3017 2964 ubi
3057 2925 3149 2979 per
3196 2908 3418 2963 alterius

1841 2996 1984 3051 Petri
2017 2998 2241 3050 nefanda
2271 2998 2495 3051 ludibria
2536 3000 2885 3053 reverendam
2916 2999 3197 3056 sacerdotii
3223 3012 3417 3052 nomen

1842 3089 2054 3142 irrisum
2088 3097 2186 3142 est.
2222 3090 2350 3156 Quis
2392 3092 2626 3156 Apamize
2672 3100 2723 3143 et
2762 3090 2885 3161 Tyri
2914 3091 3172 3160 gemitus,
3205 3090 3417 3159 tragic’s

156 3194 225 3248 cii
250 3211 264 3248 :
290 3194 371 3247 sic
398 3192 639 3247 inﬁdeles
666 3191 834 3246 Judaei
867 3192 1118 3246 videbunt
1141 3192 1193 3245 in
1221 3207 1377 3261 quem
1408 3207 1735 3261 compunxe-

1845 3179 2153 3233 criminibus
2196 3180 2607 3246 comparandos,
2647 3182 2730 3235 vel
2774 3182 2818 3235 si
2865 3181 2993 3235 solis
3034 3190 3225 3250 vacet,
3257 3180 3413 3251 digna

155 3291 303 3347 runt,
336 3294 391 3337 ct
426 3298 545 3337 cum
593 3282 673 3337 eis
715 3292 1023 3350 peccatores
1065 3283 1227 3337 etiam
1274 3284 1463 3346 nostri,
1494 3298 1615 3338 cum
1646 3284 1735 3353 qui

154 3390 344 3429 eorum
372 3375 619 3428 misertus
646 3383 727 3428 est
756 3383 808 3426 et
831 3373 1074 3426 liberavit
1113 3388 1225 3437 eos,
1256 3374 1527 3442 neglectus
1555 3387 1734 3429 autem

155 3466 221 3518 ab
251 3465 333 3519 e'ts
361 3472 461 3518 est.
491 3464 795 3518 Secundum
826 3478 921 3516 vos
950 3472 1132 3517 autem
1164 3463 1330 3517 sancti
1357 3473 1410 3516 et
1432 3464 1559 3532 justi
1590 3465 1735 3520 vide-

154 3555 290 3607 bunt
311 3568 471 3623 quem
499 3553 685 3607 dilexit
706 3555 880 3606 anima
908 3567 1113 3615 eorum,
1138 3562 1189 3607 et
1213 3552 1532 3607 laatahuntur
1554 3556 1736 3608 laetitia
1762 3590 1769 3593 -

154 3644 411 3700 ineﬁ’abili
457 3656 511 3699 et
551 3646 814 3713 gloriosa,
858 3645 1179 3711 actipientet
1220 3647 1733 3700 consumma:ionem

154 3737 279 3791 ﬁdei
308 3751 420 3790 sua:
450 3738 500 3790 in
532 3736 756 3790 salutem
788 3738 1083 3789 animarum
1113 3752 1347 3798 suarum,
1379 3747 1431 3791 et
1460 3739 1735 3792 audientes

153 3828 526 3882 suavissimam
569 3842 751 3881 vocem
776 3828 889 3896 ejus
939 3829 1163 3883 dicentis
1200 3847 1211 3881 :
1249 3829 1442 3894 Venite,
1486 3830 1735 3883 benedicti

155 3918 335 3971 Patris
366 3919 484 3985 mei,
512 3919 802 3972 haereditate
832 3930 1067 3987 paratum
1099 3921 1234 3973 vobis
1265 3937 1473 3989 regnum
1500 3923 1562 3973 ab
1591 3922 1734 3973 initio

152 4011 335 4063 mundi
380 4010 603 4079 (Matth.
646 4010 807 4080 xxv).
856 4011 1018 4079 Cujus
1063 4012 1231 4065 beatae
1285 4013 1432 4065 vocis
1477 4028 1597 4067 cum
1650 4024 1733 4066 tua

150 4101 487 4155 beatitudine
514 4109 569 4155 et
606 4116 703 4155 nos
735 4103 979 4171 indignos
1008 4102 1253 4171 dignetur
1281 4101 1523 4157 Christus
1554 4104 1734 4156 Domi-

150 4208 254 4245 nus
279 4186 483 4255 nostei',
502 4207 594 4258 per
624 4192 1173 4255 omnia,sanctissime
1204 4203 1372 4262 pater.

507 4328 833 4382 EPISTULA
875 4330 962 4383 VII
1003 4331 1188 4402 (OLIM
1231 4332 1386 4398 VIII).
1526 4290 1549 4367 ί

640 4436 705 4472 ΔΙ)
744 4436 1091 4488 OltlENTALES,
1119 4439 1237 4477 ETC.

220 4526 380 4595 Quod
422 4526 535 4580 ﬁeri
569 4528 723 4595 plane
751 4531 1015 4597 cupimus,
1051 4532 1094 4584 si
1141 4548 1260 4601 qua:
1298 4532 1598 4595 scribimus,
1631 4535 1731 4586 im-
1764 4512 1812 4572 D

152 4622 425 4688 pleantur.
454 4619 638 4673 Nullus
661 4629 872 4689 stupeat
900 4634 1163 4676 servatum
1194 4623 1449 4677 hactenus
1474 4641 1569 4678 nos
1594 4642 1734 4681 nunc

151 4712 381 4765 solvisse
413 4712 705 4777 silentium,
734 4728 853 4767 cum
880 4715 1277 4779 prudentissimi
1305 4717 1603 4771 Salomonis
1635 4721 1729 4772 ista

152 4820 249 4859 vox
293 4815 581 4875 personet:
613 4805 833 4876 Tempus
873 4807 1150 4877 loquendi,
1194 4821 1240 4862 et
1299 4823 1493 4881 tempus
1534 4816 1732 4866 tacendi

152 4896 380 4967 (Eccles.
442 4899 544 4967 tu).
596 4899 727 4963 Quia
776 4900 1185 4955 taciturnitatem
1239 4918 1473 4969 praesens
1526 4915 1731 4975 tempus

152 4997 464 5056 expugnat:
520 5003 640 5041 nam
694 4990 830 5045 inter
868 5001 1061 5046 cmtera
1090 5009 1209 5062 qua:
1248 4995 1515 5057 accidunt,
1554 4999 1729 5063 silere,

154 5092 250 5133 nec
281 5078 409 5132 ﬁdei
441 5078 669 5133 stimulis
699 5082 949 5145 excitari,
992 5084 1164 5152 magni
1195 5094 1403 5138 constat
1432 5102 1549 5140 esse
1582 5088 1731 5142 fasti-

156 5167 247 5221 dii.
275 5168 488 5236 Quippe
531 5170 618 5224 ubi
660 5171 930 5240 religionis
966 5175 1257 5228 reverentia
1291 5185 1341 5228 et
1368 5191 1570 5229 summa
1601 5194 1729 5232 con-

156 5260 374 5327 cutitur,
405 5269 588 5327 aptum
610 5262 758 5329 juxta
792 5262 1025 5316 divinam
1056 5263 1384 5333 Scriptorum
1420 5265 1563 5335 (Luc.
1598 5274 1730 5338 χχιι)

157 5350 356 5417 dicere,
385 5340 482 5406 eos
506 5352 593 5419 qui
617 5361 738 5405 sunt
765 5354 942 5420 mites,
972 5353 1167 5409 debere
1189 5370 1307 5409 esse
1333 5372 1619 5425 pugnaces.
1644 5358 1729 5412 Si-

158 5442 369 5509 quidem
405 5450 461 5496 et
489 5443 785 5511 spiritualis
815 5446 1056 5514 quaedam
1090 5446 1199 5501 Deo
1229 5457 1444 5516 accepta
1485 5464 1733 5519 congres-

160 5535 237 5587 sio
261 5534 387 5589 iude
410 5542 464 5588 et
486 5534 819 5593 laudabiliter
845 5538 1086 5591 universa
1114 5540 1326 5607 tolerat,
1362 5556 1427 5594 ne
1455 5542 1730 5611 quisquam

162 5640 187 5674 a
228 5625 407 5679 divina
448 5627 668 5681 caritate
712 5639 1007 5698 separetur,
1054 5638 1109 5683 et
1144 5644 1240 5684 vos
1283 5633 1491 5699 quidem
1536 5634 1730 5689 docere

167 5719 301 5785 quod
331 5718 590 5787 doceatis,
621 5733 783 5789 grave
811 5734 945 5775 onus
975 5720 1213 5789 pudoris,
1245 5722 1336 5778 sed
1368 5726 1724 5779 necessarium

1842 3271 2009 3339 possit
2046 3271 2425 3325 lamentatione
2472 3271 2730 3327 deﬂere?
2777 3273 2912 3338 Quid
2962 3272 3269 3327 Acacium?
3319 3273 3412 3342 qui

1839 3363 1987 3429 quasi
2021 3360 2141 3413 boni
2172 3361 2251 3414 sui
2280 3360 2481 3415 fascino
2516 3373 2795 3431 gravatus,
2820 3379 2938 3431 quae
2962 3362 3216 3417 Basilisco
3247 3364 3415 3433 impe-

1840 3461 1992 3505 rante
2028 3452 2378 3519 praemiserat,
2426 3467 2565 3506 novo
2594 3454 2840 3519 exemplo
2879 3468 3013 3520 pene
3048 3452 3414 3521 deprehensus

1840 3551 1920 3595 est
1944 3542 2198 3595 adversus
2222 3542 2456 3610 seipsum
2488 3543 2669 3597 dicens
2692 3546 3032 3608 sententiam,
3067 3546 3186 3598 illos
3215 3553 3412 3596 mutata

1840 3634 2111 3687 voluntate
2149 3632 2474 3695 defendens,
2521 3648 2654 3710 quos
2696 3634 2839 3700 prius
2878 3634 3169 3704 gloriosum
3211 3636 3415 3703 putavit

1839 3722 2087 3777 addicere
2110 3723 2225 3791 (aL,
2254 3722 2532 3791 abjiccre),
2575 3732 2628 3778 et
2653 3724 2901 3779 laborans
2931 3724 3137 3779 sociare
3170 3725 3413 3780 ﬁdelibus

1837 3829 1971 3884 quos
2027 3812 2224 3866 dudum
2285 3814 2564 3869 haereticus
2608 3815 2907 3871 manifestae
2958 3818 3413 3886 praevaricationis

1838 3905 2181 3960 ostenderat:
2212 3913 2427 3974 propter
2449 3906 2587 3975 quod
2621 3906 2850 3962 maxime
2910 3908 3214 3977 fugiendus,
3243 3917 3295 3961 et
3319 3907 3412 3963 de-

1838 3998 2046 4065 signato
2076 3996 2321 4064 superius
2363 3997 2735 4052 damnatorum
2776 3999 2971 4066 agmini
3012 3998 3369 4065 comquandus
3396 4042 3410 4065 ,

1840 4088 1923 4137 illa
1954 4097 2168 4154 propter
2194 4103 2311 4156 quae
2346 4088 2517 4142 lidelis
2545 4094 2798 4155 probatus
2832 4100 2913 4142 est
2942 4090 3260 4154 dissolvens,
3292 4106 3413 4158 per-

1839 4179 2035 4228 mixtus
2070 4179 2148 4229 his
2176 4192 2268 4244 per
2297 4193 2430 4245 quos
2477 4176 2625 4231 latsio
2650 4179 2899 4232 Ecclesiae
2922 4180 3186 4247 generalis
3215 4181 3410 4234 evenit.

1909 4265 2177 4318 Adversus
2228 4265 2325 4320 hos
2371 4269 2413 4318 si
2469 4268 2684 4321 Patrum
2742 4271 2986 4338 dogmata
3044 4272 3180 4325 ratio
3225 4272 3413 4327 suadet

1839 4370 1957 4411 esse
1980 4357 2256 4421 servanda,
2299 4360 2547 4426 cogitate,
2592 4362 2634 4414 si
2672 4373 2891 4429 possunt
2918 4380 2977 4417 ea
3007 4364 3194 4432 majori
3231 4375 3410 4419 trans-

1839 4451 2109 4515 gressione
2149 4450 2371 4515 calcari,
2413 4467 2568 4520 quam
2594 4468 2734 4507 nunc
2756 4469 2847 4521 per
2868 4469 2961 4508 eos
2982 4455 3069 4522 qui
3099 4456 3147 4508 in
3172 4458 3411 4525 partibus

1839 4542 2028 4595 vestris
2053 4540 2357 4611 Eutychetis
2387 4542 2631 4610 dogmata
2656 4543 2886 4597 rediviva
2908 4546 3025 4614 (aL,
3052 4546 3307 4613 recidiva)
3336 4562 3412 4601 re-

1836 4616 2111 4687 suscitatit.
2142 4633 2195 4686 Si
2223 4648 2347 4686 vero
2380 4644 2625 4702 tanquam
2654 4634 2862 4689 inﬁrme
2884 4637 3166 4690 constituta
3190 4646 3411 4692 senten-

1840 4723 1928 4785 tia,
1961 4725 2078 4776 sine
2109 4724 2311 4791 piaculo
2347 4724 2705 4792 negliguntur,
2739 4728 2873 4778 citra
2903 4727 3067 4779 ullum
3107 4728 3269 4781 robur
3295 4743 3410 4781 crc-

1836 4817 2074 4870 dulitatis
2115 4828 2308 4870 nostra:
2334 4831 2535 4871 summa
2569 4818 2847 4883 subsistit,
2878 4833 3089 4887 semper
3115 4820 3409 4873 succeden-

1836 4908 1975 4962 tibus
2021 4908 2202 4971 novis,
2250 4916 2429 4961 vetera
2477 4910 2757 4961 constituta
2795 4909 3137 4963 solventibus.
3188 4910 3408 4977 Quando

1838 4998 1978 5052 enim
2012 5009 2347 5067 paternarum
2396 5001 2701 5067 regularum
2753 5001 3115 5069 despiciuntur
3152 5002 3367 5056 inventa
3390 5043 3406 5067 ,

1838 5104 1935 5142 nec
1964 5104 2147 5142 eorum
2180 5104 2297 5157 qum
2328 5090 2461 5147 bene
2491 5090 2729 5144 instituta
2762 5102 2885 5144 simt
2923 5092 3145 5145 ﬁrmitas
3171 5092 3408 5145 vindica-

1839 5188 1939 5243 tur,
1976 5180 2270 5246 hujusmodi
2319 5181 2615 5249 impietates
2664 5197 2882 5236 necesse
2921 5192 3003 5236 est
3053 5182 3172 5236 tidci
3219 5198 3407 5251 snper-

1837 5271 2037 5325 venire.
2090 5270 2219 5325 Nam
2273 5273 2357 5325 ubi
2403 5271 2573 5326 facilis
2623 5274 2901 5328 dissolutio
2940 5284 3022 5328 est
3071 5272 3406 5328 rationabilis

1837 5363 2147 5429 Constituti,
2185 5362 2253 5415 ibi
2286 5365 2461 5416 omnis
2490 5364 2788 5418 sanctitatis
2820 5364 2988 5417 forma
3020 5363 3403 5429 corrumpitur,

1837 5452 2077 5506 Christus
2109 5454 2411 5521 impetitur,
2446 5464 2500 5507 et
2564 5456 2704 5524 (quis
2750 5455 2850 5508 hoc
2882 5455 3112 5508 ﬁdelium
3146 5454 3405 5521 patienter

1834 5544 2091 5613 accipiat?
2118 5542 2134 5610 )
2166 5542 2401 5597 instituta
2438 5544 2651 5605 Patrum
2683 5545 2971 5598 reverenda
3013 5543 3304 5595 calcantur.
3340 5543 3406 5598 Et

1832 5634 1949 5703 quis
1980 5651 2081 5686 non
2111 5633 2233 5686 vitte
2264 5645 2489 5688 mortem
2519 5634 2660 5701 justa
2682 5634 2943 5689 electione
2967 5632 3277 5700 prmponat?
3308 5632 3404 5688 Ubi

1832 5727 2109 5782 catholicae
2168 5724 2287 5778 tidci
2344 5725 2615 5781 adoranda
2667 5723 3017 5777 reverentia?
3086 5724 3182 5780 Ubi
3241 5722 3406 5778 multo
