3990 6390
497 360 569 416 63
1842 355 2196 413 SYMMACHI
2237 354 2443 412 PAPA'Z
3703 362 3785 415 65

486 471 687 528 ’cruore
712 479 1018 527 sanctorum
1047 470 1293 542 dogmata
1318 469 1650 526 constituta?
1673 468 1773 524 Ubi
1800 469 2081 522 doctorum
2110 470 2162 528 Α
2188 480 2359 536 quens
2387 479 2601 522 accuso.
2629 464 2761 520 Nam
2791 466 2881 535 qui
2903 466 3163 537 culpanda
3193 468 3477 539 vituperat,
3502 485 3600 527 nec
3621 472 3781 529 utilia

496 571 740 618 veterum
786 561 959 616 ﬁdelis
1012 561 1302 617 auctoritas
1345 561 1369 612 ‘l
1417 559 1515 614 Ubi
1562 559 1652 613 illa
1706 557 2082 627 religiosarum

496 652 757 705 mentium
781 650 1050 720 stupenda
1082 650 1361 721 patientia,
1391 649 1624 719 prOpriis
1650 648 1806 703 bonis
1832 654 2084 701 contenta

499 740 723 808 nudari,
771 756 841 796 ne
891 742 1099 812 de‘spe
1137 750 1353 797 aeternae
1392 741 1721 797 htereditatis
1769 740 2083 808 excideret,

501 831 722 899 quasvis
748 831 988 886 ambiens
1020 832 1298 901 passiones
1323 873 1339 899 ,
1380 848 1449 887 ne
1481 831 1899 900 incorruptibilis
1938 830 2087 886 illius

504 920 637 975 boni
665 922 996 991 judicaretur
1034 924 1297 995 indigna?
1334 925 1466 980 Nam
1498 925 1639 979 nulla
1672 926 1877 993 majora
1922 925 2087 980 docu-

505 1020 684 1065 menta
727 1021 852 1066 sunt
892 1012 1047 1076 ﬁdei,
1087 1028 1247 1081 quam
1292 1014 1385 1069 ubi
1427 1014 1685 1083 temporis
1726 1015 1862 1069 ratio
1899 1014 2090 1069 suadet

504 1101 669 1157 vitam
721 1102 948 1159 subdere
1000 1105 1235 1173 passioni
1272 1122 1286 1159 :
1328 1114 1384 1160 et
1423 1105 1545 1160 ideo
1576 1106 1666 1175 qui
1714 1120 1811 1176 pro
1835 1120 1897 1160 ea
1948 1105 2092 1176 peri-

508 1193 688 1247 culum
752 1196 1142 1263 persecutionis
1188 1196 1369 1250 subire
1417 1199 1672 1250 meruerit
1702 1236 1721 1263 ,
1767 1196 1984 1267 dignum
2029 1210 2088 1251 se

508 1283 743 1337 cmlestis
778 1284 1011 1339 ostendit
1036 1299 1157 1340 esse
1186 1285 1409 1340 militiae.
1440 1285 1684 1341 Christus
1720 1301 1817 1341 nos
1844 1286 1931 1356 pio
1958 1300 2087 1340 sau-

507 1374 681 1441 guinis
720 1376 891 1443 pretio
921 1375 1249 1444 comparavit
1276 1377 1464 1445 gratiae
1502 1375 1744 1432 libertate
1788 1390 2042 1432 concessa
2068 1419 2085 1445 ,

510 1464 641 1519 nihil
669 1466 1066 1521 invenientibus
1096 1466 1343 1523 humanis
1369 1470 1652 1538 operibus,
1702 1471 1843 1539 quod
1874 1469 2090 1539 dignum

510 1566 653 1611 tanta
694 1558 946 1614 mercede
988 1559 1305 1616 tribuerent.
1348 1563 1519 1631 Atque
1550 1562 1670 1617 ideo
1701 1562 1790 1616 ubi
1820 1562 2091 1633 religionis

513 1648 704 1719 injuria
732 1658 834 1716 est,
857 1664 1095 1706 amorem
1125 1650 1244 1706 ﬁdei
1273 1667 1484 1709 omnem
1518 1655 1895 1709 transcendere
1924 1668 2086 1723 opor-

512 1752 590 1799 tet
616 1743 886 1797 allectum.

2189 557 2596 624 subministrat,
2642 557 3017 626 exprobrantis
3072 559 3232 615 habet
3280 562 3456 630 potius
3506 562 3777 632 studium,

2188 664 2347 718 quam
2376 648 2607 707 amantis
2639 647 2883 703 affectum
2911 667 2923 701 :
2959 658 3013 703 et
3040 651 3131 719 qui
3159 650 3473 706 cohortatur
3491 654 3557 706 ad
3585 656 3780 722 profu-

2190 751 2329 806 tura,
2358 739 2730 796 vehementius
2760 741 2883 795 boni
2915 741 3176 810 propositi
3200 742 3443 813 designat
3460 730 3775 814 imaginem,

2188 840 2249 886 ut
2273 829 2564 886 ferventius
2590 831 2734 885 utilia
2764 840 3112 900 expetantur,
3140 833 3397 889 invitans.

2259 922 2485 991 Propter
2504 921 2667 991 quod,
2694 923 2905 989 fratres,
2935 923 3074 978 illius
3098 924 3252 979 bona:
3274 924 3529 980 Ecclesia:
3558 927 3778 983 deside-

2190 1019 2369 1066 rantes
2398 1011 2652 1067 unitatem
2671 1052 2685 1076 ,
2713 1022 2768 1067 et
2794 1012 3005 1067 beatum
3034 1012 3284 1068 decorem
3312 1025 3513 1069 sanctae
3544 1029 3778 1070 concor-

2189 1101 2291 1157 dia:
2312 1112 2714 1172 praesumentes,
2736 1103 2976 1158 dicamus
2996 1118 3117 1159 cum
3146 1113 3332 1160 sancto
3359 1105 3523 1160 David
3551 1124 3563 1158 :
3600 1106 3774 1172 Quam
3828 1112 3831 1113 '

2190 1193 2379 1249 bonum
2417 1204 2467 1249 et
2502 1212 2653 1266 quam
2688 1197 2979 1269 jucundum
3017 1197 3247 1253 habitare
3293 1200 3476 1265 fratres
3517 1200 3571 1252 in
3610 1216 3776 1254 unum

2191 1286 2365 1359 (Psal.
2395 1290 2596 1359 cxxxn)
2626 1306 2639 1342 :
2669 1299 2721 1345 et
2747 1298 2804 1343 ut
2828 1288 2897 1344 de
2925 1289 3075 1345 vobis
3101 1292 3372 1359 apostolus
3400 1291 3594 1347 Paulus
3615 1292 3774 1348 dixe-

2192 1379 2307 1433 rit:
2366 1378 2471 1433 Vos
2512 1386 2692 1431 autem
2745 1394 2917 1432 omnes
2951 1381 3133 1448 fratres
3179 1380 3233 1432 in
3275 1378 3477 1434 Christo
3514 1397 3616 1434 uno
3655 1382 3777 1436 estis

2196 1467 2250 1539 (1
2282 1466 2401 1522 Cor.
2434 1468 2533 1537 XI).
2569 1468 2751 1523 Donec
2790 1468 2935 1523 enim
2973 1468 3148 1523 unitas
3191 1482 3297 1522 non
3338 1470 3545 1536 redeat,
3594 1470 3775 1525 nullus

2191 1558 2429 1628 ambigat
2444 1558 2652 1613 tandem
2668 1546 2760 1628 (al.
2772 1599 2787 1625 ,
2802 1556 3012 1629 eadem)
3033 1558 3375 1613 nihilominus
3386 1574 3505 1614 esse
3524 1568 3771 1627 ventura,

2194 1664 2311 1719 qua:
2343 1649 2393 1703 in
2439 1649 3027 1719 Constantinopolitana
3067 1666 3236 1718 nuper
3266 1651 3504 1705 Ecclesia
3535 1654 3778 1723 contige-

2193 1749 2365 1805 runt;
2411 1740 2478 1794 de
2515 1741 2708 1810 quibus
2748 1740 2879 1794 mihi
2916 1740 3116 1809 pariter
3152 1740 3506 1810 ingemiscere
3546 1757 3778 1799 necesse

581 1832 959 1905 UnusquiSQue
998 1850 1125 1905 ergo
1156 1838 1343 1892 exsilia
1388 1848 1441 1893 et
1479 1842 1941 1911 peregrinationes
1972 1852 2087 1898 tan-
2114 1827 2163 1889 Β
2192 1846 2273 1891 est
2297 1842 2351 1889 et
2373 1844 2569 1889 tacere.
2594 1834 2722 1887 Nam
2750 1834 2841 1903 qui
2862 1833 3166 1902 apostolica:
3189 1832 3330 1887 sedis
3355 1832 3777 1890 admonitionem

512 1940 673 1992 quem
716 1925 930 1979 domum
968 1928 1296 1997 patriamque
1335 1931 1627 1997 respiciat;
1682 1946 1747 1987 ne
1800 1932 2086 1989 desideriis

513 2024 757 2071 retentus
793 2015 1056 2085 humanis,
1107 2019 1299 2073 Christi
1348 2021 1603 2076 societate
1646 2022 1904 2089 privetur.
1954 2023 2095 2081 Ecce

514 2112 725 2173 tempus
754 2120 856 2175 quo
876 2107 1070 2176 repetit
1098 2108 1229 2162 ﬁdes
1261 2109 1453 2163 milites
1483 2124 1630 2177 suos,
1672 2120 1726 2165 et
1756 2112 2008 2166 inclamat
2026 2112 2094 2167 ad

515 2193 883 2250 defensionem
911 2197 1011 2252 .sui
1042 2196 1305 2252 fervorem
1327 2199 1511 2268 gratiae
1540 2210 1878 2259 consecutos.
1910 2202 2095 2258 Fidem

515 2285 685 2353 ipsam
716 2285 896 2341 dicere
920 2280 1247 2355 iudicemus.
1280 2288 1417 2343 Ecce
1451 2282 1662 2358 tempus
1690 2291 1942 2359 optabile,
1969 2306 2098 2347 ecce

521 2374 789 2429 fructuum
839 2379 1181 2445 congregatio
1233 2378 1533 2434 desiderata
1584 2380 1863 2447 ﬁdelium,
1923 2382 2101 2450 parvis

516 2468 849 2535 passionibus
879 2483 1099 2522 munera
1138 2483 1327 2538 magna
1357 2480 1691 2538 compenset.

594 2555 840 2611 Pluribus
865 2557 1142 2612 caritatem
1173 2568 1402 2613 vestram
1446 2574 1542 2628 pro
1568 2559 1970 2630 dispensatione
1998 2577 2097 2618 uo-

514 2647 598 2703 bis
623 2648 842 2704 -credita
883 2664 1201 2718 cuperemus
1241 2651 1482 2704 hortari:
1528 2652 1621 2706 sed
1671 2652 1797 2721 quid
1837 2668 1974 2723 Opus
2016 2663 2099 2710 cst

515 2738 663 2792 vocis
689 2740 942 2809 stimulis,
970 2740 1061 2794 ubi
1089 2740 1155 2793 ad
1183 2741 1490 2795 tolerandas
1520 2757 1616 2809 pro
1642 2742 1852 2796 Christo
1883 2758 2101 2811 magna-

522 2829 744 2883 nimiter
778 2831 1063 2899 passiones
1114 2832 1420 2901 apostolicis
1472 2840 1528 2885 et
1578 2832 1793 2886 Patrum
1848 2832 2103 2887 docemur

519 2917 801 2987 exemplis,
831 2919 921 2988 qui
952 2934 1047 2987 per
1075 2920 1268 2975 damna
1292 2921 1641 2976 humanarum
1674 2936 1852 2976 rerum
1877 2962 1891 2987 ,
1936 2923 2102 2978 coele-

521 3008 683 3063 stium
719 3008 873 3064 nobis
914 3010 1262 3065 ostenderunt
1295 3023 1605 3082 argumenta
1638 3012 1763 3084 (aL,
1794 3014 2100 3084 augmenta)

521 3098 809 3153 virtutum?
841 3100 982 3169 Ergo
1003 3103 1410 3170 pronuntiemus
1434 3104 1682 3170 intrepidi
1707 3104 1880 3160 claras
1908 3106 2097 3161 Eccle-

2198 1927 2568 1998 negligentiam
2600 1940 2721 1981 esse
2748 1925 3125 1990 crediderunt,
3156 1925 3349 1979 merito
3386 1925 3689 1979 inciderunt
3721 1927 3776 1981 in

2192 2038 2255 2078 ea
2298 2035 2416 2091 quae
2479 2020 2698 2075 evenire
2747 2019 2923 2074 solent
2960 2018 3153 2073 solatio
3200 2017 3487 2072 destitutis.
3540 2017 3601 2071 Si
3644 2020 3772 2086 quis

2194 2128 2321 2180 ergo
2344 2112 2567 2165 salutem
2594 2108 2862 2179 propriam
2880 2108 3120 2178 cogitans
3145 2121 3361 2163 servare
3387 2108 3534 2176 cupit
3560 2118 3776 2176 aposto-

2197 2205 2295 2258 lica
2324 2202 2520 2271 judicia
2544 2246 2557 2270 ,
2590 2216 2710 2256 cum
2754 2216 2782 2255 a
2812 2199 3151 2271 praefatorum
3194 2213 3253 2253 se
3294 2198 3411 2254 labe
3440 2199 3732 2268 sejunxerit
3754 2239 3771 2265 ,

2198 2307 2394 2350 nostrre
2418 2293 2805 2349 communionis
2828 2307 2887 2347 se
2915 2291 3120 2348 noverit
3150 2292 3266 2347 sine
3292 2290 3629 2346 dubitatione
3658 2305 3776 2360 par-

2198 2387 2431 2454 ticipem.
2475 2386 2609 2452 Quia
2648 2384 2693 2439 si
2740 2384 2806 2438 ab
2850 2397 3056 2450 eorum,
3107 2395 3243 2452 quos
3287 2382 3581 2451 apostolica
3621 2381 3775 2436 sedes

2197 2476 2490 2539 damnavit,
2532 2489 2637 2527 non
2686 2486 2745 2526 se
2784 2472 3039 2526 societate
3085 2470 3401 2534 removerit,
3454 2471 3590 2524 sciat
3625 2469 3774 2523 nullo

2198 2554 2402 2627 colore,
2446 2565 2593 2617 nullo
2624 2563 2911 2631 ﬁgmento,
2960 2562 3214 2629 nullaque
3254 2559 3547 2615 calliditate
3601 2558 3776 2614 eccle-

2198 2655 2424 2710 siasticae
2477 2668 2534 2706 se
2568 2652 2827 2706 custodia:
2874 2665 3031 2720 posse
3070 2651 3411 2717 subrepere:
3459 2650 3579 2718 quia
3632 2648 3773 2701 sicut

2200 2747 2343 2809 illos,
2381 2744 2469 2812 qui
2502 2758 2559 2797 se
2585 2757 2614 2795 a
2642 2743 3125 2812 suprascriptorum
3148 2784 3161 2807 ,
3194 2740 3296 2795 hoc
3325 2750 3405 2796 est
3431 2739 3763 2807 Eutychetis,

2204 2834 2441 2889 Dioscori
2469 2874 2482 2895 ,
2518 2832 2819 2897 Timothei,
2861 2831 3001 2886 Petri
3030 2840 3087 2885 et
3128 2830 3308 2885 Acacii
3348 2830 3559 2885 venenis
3596 2830 3774 2885 disso-

2201 2927 2371 2989 ciant,
2396 2926 2621 2979 libenter
2642 2924 3013 2993 amplectimur
3041 2940 3055 2987 ;
3084 2922 3154 2977 ita
3182 2923 3322 2978 circa
3354 2923 3572 2977 istorum
3601 2930 3774 2975 secta-

2206 3029 2347 3073 tores
2374 3032 2496 3071 cura
2520 3028 2571 3072 et
2594 3015 2898 3071 sollicitudo
2924 3023 3129 3080 nostra,
3151 3029 3218 3069 ne
3240 3014 3528 3082 subrepere
3550 3012 3771 3081 possint,

2204 3124 2416 3178 semper
2446 3108 2707 3176 invigilat.
2742 3107 2808 3161 Et
2835 3107 2935 3161 alia
2967 3121 3127 3160 manu
3154 3122 3165 3157 :
3199 3105 3342 3160 Deus
3364 3119 3459 3159 vos
3489 3105 3773 3159 incolumes

527 3189 623 3244 siae
648 3203 771 3243 cum
798 3204 987 3259 magna
1013 3190 1200 3245 ﬁducia
1235 3192 1565 3256 disciplinas.
1598 3194 1778 3265 Longe
1798 3196 1867 3251 sit
1893 3210 1922 3249 a
1952 3197 2105 3253 nobis
2129 3185 2175 3249 C
2207 3201 2500 3264 custodiat,
2545 3198 2735 3253 fratres
2763 3196 3043 3252 carissimi.
3090 3196 3217 3250 Data
3246 3204 3434 3250 octavo
3458 3195 3579 3248 idus
3619 3194 3773 3249 Octo-

528 3280 803 3350 prophetae
835 3296 1014 3336 sermo
1055 3282 1317 3338 dicentis:
1354 3283 1423 3337 Et
1452 3286 1737 3339 sacerdotes
1766 3302 1882 3341 vera
1908 3288 2101 3341 celave-

523 3380 643 3424 runt
699 3371 910 3443 (Thren.
963 3376 1044 3441 ιι).
1092 3373 1256 3439 Quem
1314 3374 1457 3429 enim
1513 3376 1677 3444 latet,
1722 3377 2101 3447 discipulorum

524 3462 805 3518 scientiam
829 3479 859 3518 a
885 3465 1194 3521 doctoribus
1223 3467 1533 3537 exigendam
1556 3470 1578 3521 ?
1599 3477 1653 3524 et
1673 3470 1810 3538 quod
1845 3487 1949 3526 non
1980 3488 2105 3542 pro-

530 3559 829 3612 nuntiatum
860 3558 1006 3614 iredit
1035 3573 1323 3629 sequaces,
1355 3560 1457 3616 hoc
1498 3570 1709 3616 constat
1747 3562 2102 3632 periculosum

532 3661 654 3703 esse
686 3650 1000 3704 tacentibus.
1033 3650 1261 3705 Necesse
1288 3660 1369 3705 est
1398 3651 1539 3705 enim
1569 3652 1705 3720 apud
1737 3667 1829 3708 eos
1858 3654 2101 3711 laborare

526 3737 832 3804 veritatem,
866 3740 1003 3809 apud
1036 3754 1168 3809 quos
1188 3756 1290 3795 non
1313 3741 1707 3796 manifestatum
1730 3742 1855 3797 latet
1883 3744 1984 3797 sub
2009 3758 2103 3799 ve-

526 3829 698 3884 ritatis
729 3831 908 3885 colore
940 3830 1273 3885 mendacium
1296 3872 1311 3896 ,
1343 3846 1590 3901 magnum
1628 3832 1795 3886 robur
1835 3833 1899 3886 ad
1930 3836 2105 3904 impu-

525 3920 805 3989 gnantium
835 3921 1027 3986 ﬁdem,
1057 3921 1289 3990 quandiu
1316 3922 1571 3976 adversus
1600 3937 1694 3976 eos
1728 3924 1947 3994 prolata:
1972 3940 2099 3980 sen-

528 4009 706 4064 tentia:
740 4025 845 4064 non
886 4010 1109 4065 viriliter
1138 4020 1471 4066 asseruntur.
1504 4012 1609 4067 Sed
1648 4013 1721 4066 de
1744 4013 1892 4068 vobis
1922 4013 2099 4071 dicere

523 4107 649 4168 opto
670 4100 923 4157 meliora:
952 4110 1007 4154 ut
1030 4116 1089 4155 ca
1121 4087 1238 4171 quae
1265 4116 1359 4171 per
1386 4102 1657 4171 improbos
1684 4102 1901 4157 confusa
1940 4114 2097 4169 sunt,

523 4204 621 4258 per
660 4204 754 4245 vos
793 4191 1146 4247 correctionis
1189 4192 1483 4248 remedium
1523 4203 1935 4263 consequantur.
1981 4195 2097 4251 Non

524 4294 609 4340 est
649 4295 752 4339 tam
792 4286 984 4341 durum
1016 4288 1189 4357 decipi
1228 4304 1579 4359 quemquam,
1629 4305 1786 4357 quam
1818 4290 2097 4361 deceptum

526 4376 580 4429 in
616 4390 803 4430 errore
850 4377 1158 4445 persistere.
1198 4380 1392 4433 Malum
1446 4380 1549 4434 hoc
1589 4389 1643 4434 et
1672 4381 1823 4435 malis
1852 4382 2099 4436 omnibus

526 4465 763 4533 gravius,
806 4481 925 4520 cum
977 4483 1007 4521 a
1046 4483 1273 4535 corpore
1319 4486 1415 4523 suo
1473 4471 1710 4523 membra
1754 4470 2096 4525 dissentiunt.

2205 3292 2313 3345 bris
2345 3291 2522 3360 (Anno
2555 3288 2685 3342 Chr.
2730 3286 2856 3359 512)
2897 3295 3018 3358 post
3064 3286 3401 3342 consulatum
3447 3284 3640 3341 Felicis
3678 3285 3770 3339 viri

2206 3380 2510 3435 clarissimi.

2559 3533 2882 3590 EPlS'l'OLA
2925 3532 3036 3587 vut
3081 3532 3263 3603 (oLnt
3299 3531 3415 3602 IX).
3476 3510 3541 3592 7/

2677 3659 2743 3696 AD
2784 3657 3053 3697 EPISCOPOS
3091 3657 3314 3696 GALLIJ’S.

2207 3766 2485 3834 Conﬁrmat
2532 3765 2824 3818 divisionem
2869 3764 3139 3830 provincia:
3180 3764 3310 3815 inter
3362 3760 3695 3834 Viennensem
3726 3774 3768 3813 et

2275 3838 2615 3889 Arelatensem
2647 3834 2901 3887 Ecclesias
2937 3851 2968 3885 a
3010 3834 3176 3886 Leone
3203 3848 3333 3902 papa
3360 3833 3701 3884 constitutam.

2276 3966 2641 4020 Dilectissimis
2671 3964 2919 4018 fratribus
2946 3964 3209 4018 universis
3241 3960 3505 4031 episcopis
3533 3976 3628 4030 per
3658 3956 3767 4013 Gal-

2202 4057 2303 4111 lias
2332 4056 2765 4119 consistentibus,
2799 4054 3168 4125 Symmachus.

2272 4197 2426 4251 Sedis
2470 4196 2776 4265 apostolica:
2809 4186 3045 4250 instituita
3085 4194 3417 4265 praedicanda
3470 4194 3765 4254 sollicitant,

2204 4297 2260 4342 ut
2288 4288 2355 4343 de
2382 4288 2668 4343 concordia
2715 4287 3032 4341 universalis
3064 4287 3333 4353 Ecclesiae,
3366 4300 3485 4355 quae
3516 4294 3627 4337 toto
3655 4282 3774 4338 orhe

2203 4378 2391 4431 diﬁ‘nsa
2423 4386 2528 4441 cst,
2562 4366 2801 4445 pervigili
2828 4391 2953 4431 cura
2986 4384 3273 4430 tractemus
3300 4393 3313 4427 :
3338 4389 3467 4443 qua},
3486 4383 3611 4428 tunc
3641 4386 3772 4441 pra:-

2203 4471 2357 4536 cipne
2387 4466 2662 4522 efﬁcacius
2694 4467 2974 4532 adolescit,
3008 4466 3052 4521 si
3093 4481 3155 4520 ea
3184 4480 3302 4534 qua:
3332 4479 3359 4517 a
3390 4464 3639 4518 Patribns
3675 4474 3777 4514 sta-

526 4555 659 4610 Nam
700 4557 800 4609 etsi
850 4570 956 4610 non
999 4558 1266 4626 sigillatim
1313 4570 1541 4627 occupet
1578 4560 1755 4613 omnia
1786 4559 2179 4621 lineamentaD
2208 4570 2317 4612 tuta
2369 4566 2533 4623 sunt,
2584 4568 2712 4611 aetas
2769 4558 3100 4627 subsequens
3148 4564 3455 4610 reverenter
3511 4555 3779 4607 observet.

458 4686 479 4701 .
528 4646 791 4715 debilitas,
820 4664 1038 4705 necesse
1061 4661 1143 4705 est
1162 4661 1335 4705 tamen
1356 4651 1503 4720 juxta
1528 4652 1869 4720 aposwlicam
1892 4666 2099 4719 vocem,

529 4746 694 4794 totum
717 4756 910 4810 corpus
931 4758 994 4797 ex
1021 4752 1168 4811 parte
1198 4744 1541 4813 prmgravari.

600 4832 751 4886 Unde
766 4832 1098 4887 addictorum
1118 4834 1362 4901 fugienda
1381 4834 1707 4899 communio,
1724 4836 1870 4905 juxta
1891 4836 2101 4892 beatum

527 4922 876 4990 Apostolum:
912 4922 1390 4979 Pronuntiationem
1438 4927 1559 4992 ﬁdei
1602 4927 1772 4980 nullus
1806 4928 2104 4985 erubescat:

527 5012 681 5065 virtus
724 5022 795 5066 est
837 5014 969 5068 enim
1014 5017 1151 5068 omni
1197 5018 1421 5070 credenti
1456 5016 1630 5087 (Rom.
1661 5018 1720 5087 ι).
1765 5018 2099 5074 Declinemus

525 5103 846 5173 sacrilegum
875 5105 1191 5177 Eutychetis
1214 5122 1454 5163 errorem
1485 5124 1603 5163 cum
1636 5109 1921 5165 Manichaea
1953 5111 2103 5164 mali-

528 5196 597 5251 tia
627 5206 1011 5266 congruentem
1039 5215 1054 5264 ;
1087 5200 1517 5254 communionem
1555 5214 1763 5270 quoque
1799 5215 1981 5255 eorum
2011 5201 2098 5270 qui

526 5296 650 5342 sunt
675 5303 705 5341 a
740 5288 935 5343 talibus
977 5289 1216 5359 educati,
1247 5291 1358 5359 pari
1400 5290 1695 5345 intentione
1721 5291 1943 5345 vitemus
1967 5335 1980 5357 ,
2013 5290 2101 5360 qui

525 5393 665 5433 nunc
692 5379 844 5450 quasi
873 5380 1115 5435 morbum
1145 5391 1199 5435 et
1237 5382 1537 5451 contagium
1584 5382 1840 5436 Ecclesiis
1873 5379 2101 5449 partium

525 5481 818 5528 vestrarum
868 5481 1075 5530 tentant
1120 5475 1380 5544 irrepere.
1420 5474 1588 5529 Nemo
1630 5489 1689 5528 se
1741 5482 1948 5542 separet
1982 5487 2102 5527 cum

530 5566 817 5636 prmdictis,
860 5576 915 5623 et
951 5569 1095 5624 ferre
1144 5576 1512 5638 tempestatem
1554 5567 1874 5633 dissimulet,
1931 5566 2101 5622 donec

531 5664 736 5721 portum
779 5674 915 5714 vera:
948 5659 1072 5716 ﬁdei
1104 5660 1175 5716 ab
1209 5674 1395 5717 eorum
1426 5661 1800 5716 communione
1828 5668 2102 5729 separatus

530 5744 777 5803 introeat,
805 5749 933 5819 Quae
953 5752 1167 5822 quidem
1191 5766 1377 5811 amans
1404 5767 1617 5824 moneo,
1650 5768 1754 5809 non
1778 5753 1900 5819 odio
1923 5767 2100 5823 perse-

2206 4651 2467 4706 Ca-sarius
2492 4651 2755 4720 siquidem
2789 4651 2952 4704 frater
2975 4660 3027 4704 et
3049 4649 3397 4718 cocpiscopus
3426 4655 3630 4711 uoster,
3670 4658 3780 4695 me-

2209 4745 2543 4812 tropolitanae
2571 4744 2780 4798 Arelate
2809 4743 3039 4798 civitatis
3066 4740 3342 4805 sacerdos,
3368 4738 3611 4793 ecclesia:
3644 4734 3781 4788 beati

2206 4838 2432 4905 apostoli
2460 4836 2601 4890 Petri
2627 4835 2899 4889 liminibus
2932 4841 3302 4903 praesentatus,
3335 4846 3394 4885 ea
3424 4845 3542 4898 qua:
3580 4827 3783 4895 pridem

2206 4929 2271 4983 de
2316 4928 2603 4997 privilegiis
2648 4926 3002 4980 Ecclesiarum
3051 4925 3337 4978 constituta
3387 4930 3543 4982 sunt,
3590 4917 3785 4971 nostris

2205 5022 2492 5092 postulavit
2536 5018 2781 5093 innovari
2820 5017 3175 5072 sermonibus.
3224 5014 3424 5069 Cunila
3458 5013 3619 5080 igitur
3650 5010 3787 5063 inter

2208 5114 2481 5169 Ecclcsias
2522 5112 2885 5166 Arelatensem
2936 5118 2989 5163 et
3037 5107 3395 5161 Viennensem
3432 5119 3461 5157 a
3504 5104 3786 5156 decessore

2208 5213 2392 5259 nostro
2440 5203 2609 5257 beatae
2652 5199 3039 5254 recordationis
3071 5197 3248 5251 Leone
3292 5209 3423 5263 papa
3469 5208 3589 5261 qua:
3628 5203 3785 5258 super

2208 5295 2306 5350 hac
2354 5303 2507 5364 parte
2553 5290 2795 5345 ordinata
2838 5299 2982 5354 sunt,
3025 5287 3279 5343 Ecclesia:
3320 5285 3575 5339 Romanae
3620 5279 3786 5335 ﬁdelis

2210 5385 2446 5441 declarat
2464 5382 2765 5437 instructio.
2783 5384 2958 5447 Atque
2976 5379 3095 5433 ideo
3112 5392 3179 5431 ne
3196 5391 3255 5430 ea
3275 5390 3392 5444 quae
3408 5389 3626 5441 semper
3646 5386 3785 5425 vert-

2211 5480 2332 5532 tatis
2359 5485 2441 5531 est.
2469 5473 2684 5539 :uumla,
2723 5471 2821 5525 sibi
2854 5469 3050 5541 aliquid
3080 5467 3351 5521 vindicare
3380 5474 3542 5532 queat
3570 5461 3784 5523 oblivio,

2208 5580 2263 5624 et
2292 5567 2484 5637 prioris
2516 5563 2717 5620 decrei
2749 5563 2894 5631 vigor
2936 5558 3191 5629 temporis
3230 5557 3579 5613 diuturnitate
3607 5561 3787 5623 vergat

2209 5662 2260 5715 in
2306 5660 2536 5725 senium,
2578 5655 2937 5711 necessarium
2985 5653 3240 5708 duximus
3281 5650 3408 5704 olim
3456 5650 3785 5718 promulgata

2212 5750 2263 5806 in
2298 5750 2470 5803 lucem
2504 5747 2726 5803 reddere
2773 5743 2965 5800 nostris
2995 5741 3256 5797 affatibus.
3288 5739 3492 5793 idcirco
3533 5735 3786 5807 quemad-
