3990 6390
206 276 279 334 65
1405 270 1755 331 EPISTOLAS
1794 271 1884 330 ΕΤ
1921 270 2257 333 DECRETA.

206 389 423 447 modum
467 388 716 445 decessor
764 396 947 444 noster
994 385 1102 442 Leo
1145 400 1279 457 papa
1319 386 1518 441 dudum
1552 387 1780 457 cognitis
1810 389 1861 449 Α

206 480 616 550 allegationibus
662 479 892 548 partium
945 477 1215 544 definivit,
1261 478 1632 545 parochiarum
1684 493 1781 529 nu-

204 586 454 636 merum,
505 570 590 624 vel
639 568 989 636 quantitatem
1047 567 1346 621 Arelatensi
1392 574 1446 620 et
1495 566 1781 620 Viennensi

202 660 578 716 sacerdOtibus
601 659 979 727 deputandam,
1003 667 1056 712 et
1088 673 1183 711 nos
1206 656 1541 726 praecipimus
1581 657 1780 709 nullius

202 752 550 819 usurpatione
596 750 901 804 transcendi
943 765 960 807 :
1002 750 1092 803 sed
1140 759 1195 803 ut
1240 758 1365 802 ante
1412 748 1776 817 praediximus.

202 840 347 910 juxta
377 841 758 908 indulgentiam
798 839 1090 909 supradicti
1141 839 1423 907 pontificis.
1459 838 1775 904 Valentiam,

202 932 591 999 Tat'aptasiam,
624 929 909 996 Genevam,
944 939 1102 999 atque
1130 928 1544 997 Gratianopolim
1586 928 1777 996 oppida

202 1021 523 1076 Viennensis
554 1022 775 1075 antistes
802 1020 907 1090 juri
938 1036 1037 1075 suo
1062 1019 1322 1085 vindicet;
1366 1035 1461 1073 nec
1490 1021 1775 1090 quidquam

200 1113 433 1181 amplius
472 1113 540 1170 ab
586 1113 667 1165 his
708 1129 823 1179 qua:
864 1113 1027 1167 semel
1078 1113 1143 1166 ab
1187 1113 1477 1182 apostoliza
1519 1113 1619 1165 sibi
1652 1114 1779 1167 sede

202 1218 461 1259 concessa
510 1213 667 1267 sunt,
699 1205 921 1259 aestimet
969 1205 1416 1273 prmsumendum.
1466 1206 1607 1257 Alius
1653 1219 1779 1259 vero

201 1295 481 1366 parochias
512 1297 592 1350 vel
624 1296 883 1351 diceeeses
924 1306 1145 1350 cunctas
1189 1296 1465 1364 privilegio
1492 1306 1544 1348 et
1579 1297 1780 1350 honore

207 1403 307 1442 suo
332 1388 659 1442 Arelatensis
685 1387 1020 1455 episcopatus
1044 1386 1144 1440 sub
1174 1396 1468 1455 temporum
1500 1388 1780 1439 continua-

200 1480 347 1533 tione
389 1478 661 1533 defendat.
718 1479 827 1533 Nec
874 1479 1015 1532 enim
1068 1478 1373 1531 observatio
1408 1485 1462 1532 et
1501 1477 1780 1532 vetustatis

203 1571 500 1625 reverentia
529 1570 846 1635 custoditur,
873 1570 917 1623 si
939 1570 1167 1638 amplius
1187 1568 1253 1623 dc
1282 1569 1580 1623 humilitate
1607 1568 1771 1637 gloria

206 1660 549 1713 sacerdotalis
601 1660 877 1713 attollitur.
934 1659 1190 1726 Proinde,
1243 1657 1434 1712 fratres
1477 1658 1773 1723 carissimi,

204 1749 395 1817 singuli
440 1748 654 1802 honoris
698 1750 778 1803 sui
820 1748 1191 1803 distributione
1232 1747 1489 1814 contenti,
1537 1762 1634 1800 nec
1681 1762 1776 1815 per

207 1841 481 1895 srecularia
514 1841 822 1909 patrocinia,
854 1855 952 1895 nec
968 1854 1071 1911 per
1095 1839 1377 1909 cujuslibet
1419 1838 1776 1893 excusationis

198 1931 700 1997 obtentum,illicita
741 1932 1147 2000 prresumptione
1197 1931 1452 1985 terminos
1504 1943 1774 1983 concessa:

200 2021 477 2088 potestatis
519 2019 796 2074 excedant.
832 2019 1060 2074 Studere
1102 2019 1363 2087 siquidem
1413 2018 1775 2086 unusquisque

196 2111 359 2165 debet
381 2112 677 2165 devotionis
706 2110 941 2165 cilicium
974 2111 1142 2180 magis
1168 2112 1337 2179 gratia
1369 2125 1524 2181 quam
1561 2112 1628 2165 de
1656 2126 1771 2163 am-

196 2200 423 2265 bitione,
457 2216 522 2255 ne
548 2211 600 2255 et
634 2201 840 2255 Domini
886 2201 1052 2255 nostri
1090 2200 1343 2255 ollensam
1394 2212 1447 2256 et
1491 2202 1772 2255 humanam

196 2288 250 2343 in
274 2303 335 2343 se
375 2290 599 2344 lacessat
636 2289 908 2345 invidiam.
939 2292 1142 2346 Tacere
1192 2306 1290 2345 nos
1332 2292 1431 2346 ista
1474 2292 1775 2346 commissae

196 2377 609 2447 dispensationis
640 2381 760 2448 jura
806 2381 1027 2435 minime
1074 2381 1462 2450 patiuntur:ut
1508 2390 1563 2436 et
1600 2382 1665 2435 de
1694 2381 1777 2436 his

198 2468 290 2536 qui
332 2469 709 2523 ecclesiasticis
752 2470 948 2539 regulis
976 2471 1344 2526 obsecundant
1388 2472 1778 2539 perseveranti-

198 2554 304 2610 bus
332 2558 384 2610 in
406 2559 691 2612 concordia
718 2561 862 2615 sedis
901 2560 1207 2630 apostolica:
1238 2562 1587 2629 gratulemur,
1621 2570 1674 2615 et
1703 2561 1779 2616 illi

200 2647 296 2711 qui
325 2646 603 2703 catholicis
622 2648 925 2717 disciplinis
954 2650 1330 2720 obtemperare
1358 2650 1680 2716 destiterint,
1714 2651 1781 2706 ab

200 2733 460 2791 Ecclesiae
515 2740 684 2807 gratia
732 2748 788 2795 et
835 2740 1055 2795 caritate
1102 2755 1162 2795 se
1212 2741 1415 2796 alienos
1473 2743 1776 2798 ostendant.

201 2826 343 2881 Deus
367 2842 460 2882 vos
482 2829 777 2887 incolumes
803 2832 1088 2898 custodiat,
1119 2836 1312 2888 fratres
1337 2833 1620 2888 carissimi.
1648 2836 1777 2891 Data

201 2916 380 2973 idibus
420 2920 774 2988 Novembris,
821 2924 994 2978 Probo
1046 2926 1157 2979 viro
1209 2926 1509 2981 clarissimo
1556 2930 1775 2985 consule

202 3009 383 3080 (Anno
407 3013 535 3068 Chr.
568 3015 671 3072 502
704 3017 777 3083 ἰ).
1389 3087 1425 3108 ν

659 3137 1034 3193 EXEMPLUM
1073 3138 1335 3194 LlBELLl

201 3255 478 3294 SYWACIIO
516 3256 661 3294 PAP£
701 3256 885 3295 OBLATI
937 3259 999 3295 ΑΒ
1040 3258 1228 3296 ,εειιτιο
1268 3258 1491 3307 ΔΒΒΑΤΕ,
1533 3260 1595 3297 ΕΤ
1646 3258 1775 3299 MES-

270 3334 424 3373 SIANI)
471 3336 727 3383 NOTARiO,
778 3337 843 3375 υε
893 3337 1201 3376 PRIVILEGIIS
1258 3338 1523 3377 Εαςιεειιε
1580 3340 1780 3380 Μυτιλ-

272 3413 477 3453 τεδειε.

272 3529 542 3597 Quantum
591 3531 642 3585 itt
693 3534 939 3588 omnibus
994 3535 1349 3591 Eec'esiarum
1408 3538 1774 3607 pontificibus,

199 3636 320 3691 quas
374 3622 426 3675 in
471 3630 582 3677 toto
631 3624 760 3678 orbe
805 3625 1011 3679 diffusa:
1067 3636 1219 3693 sunt,
1251 3629 1543 3697 apostolica
1589 3633 1776 3699 sedes,

199 3710 419 3766 sibimet
447 3713 683 3768 vindicat
723 3716 1095 3785 principatum,
1131 3727 1184 3772 et
1218 3719 1560 3789 synodalibus
1588 3720 1776 3777 decre-

199 3805 272 3857 tis
321 3804 525 3859 firmior
569 3807 683 3872 ejus
725 3810 985 3878 praecellit
1031 3814 1349 3879 auctoritas;
1382 3824 1585 3871 tantum
1624 3826 1776 3886 pote-

198 3895 357 3949 statis
383 3910 490 3950 sute
520 3899 822 3967 provisione
869 3900 1065 3954 dudum
1108 3917 1135 3953 a
1176 3918 1292 3959 sese
1335 3920 1590 3961 concessa
1622 3906 1780 3963 debet

198 3984 522 4040 inconcussa
571 4003 813 4055 servare,
859 4003 1122 4060 quatenus
1167 3997 1495 4051 Arelatensis
1542 3999 1776 4073 Ecclesia

196 4075 410 4131 fruatur
455 4081 746 4151 privilegiis
795 4086 926 4138 suis.
986 4088 1115 4150 Qua:
1166 4104 1304 4143 nunc
1348 4105 1442 4157 per
1484 4094 1777 4148 antistitem

197 4165 497 4220 Caesarium
544 4172 735 4225 seriem
786 4188 895 4227 sua:
941 4176 1216 4242 petitionis
1260 4179 1511 4248 insinuat,
1538 4192 1593 4235 et
1619 4199 1777 4252 quam

198 4257 467 4312 hactenus
501 4259 683 4315 habuit
722 4273 1037 4333 potestatem
1083 4278 1257 4322 vestra
1286 4272 1525 4337 deposcit
1548 4274 1781 4329 auctori-

201 4356 316 4402 tate
371 4348 602 4414 firmari;
652 4361 705 4407 ut
757 4357 899 4425 quod
958 4362 1255 4413 veneranda
1307 4363 1462 4418 sedes
1512 4366 1777 4433 quondam

197 4438 429 4507 perenni
468 4440 742 4497 sanctione
771 4446 1026 4501 custodiri
1060 4456 1331 4519 praecepit,
1364 4461 1414 4506 et
1442 4456 1777 4521 pragmaticis
1806 4440 1860 4500 Ῑ)

197 4528 515 4597 specialiter
578 4530 791 4586 decreta
855 4545 976 4589 sunt
1038 4538 1379 4605 COllSlliullS,
1436 4541 1774 4601 beatitudinis

201 4630 401 4671 vestra:
447 4622 721 4690 prmceptis
765 4627 876 4678 suis
920 4626 1077 4680 etiam
1116 4644 1252 4681 nunc
1283 4632 1562 4686 centirmet
1593 4644 1776 4689 aucto-

197 4709 350 4762 ritas.
386 4710 649 4778 Aquensis
689 4714 847 4767 etiam
878 4716 1107 4770 civitatis
1138 4719 1443 4788 episcOpum
1474 4723 1773 4779 sanctitatis

198 4806 396 4850 vestrae
436 4802 637 4854 moneri
689 4805 959 4871 praecipite
1004 4807 1327 4872 constitutis,
1362 4817 1418 4862 ut
1449 4809 1573 4864 dum
1603 4827 1631 4864 a
1662 4828 1772 4869 me-

196 4888 522 4955 tropolitano
567 4893 806 4947 antiStite
848 4894 1101 4949 Ecclesia:
1146 4896 1477 4953 Arela'ensis
1520 4901 1585 4953 ad
1614 4917 1776 4971 syno-

198 4976 318 5030 dale
345 4992 479 5032 eone
506 4980 629 5033 lium
654 4982 811 5037 fuerit
832 4994 1104 5055 evocatus,
1124 4987 1205 5040 vel
1229 4987 1401 5057 aliqua
1423 4982 1771 5050 ordinationis

200 5080 358 5121 causa
402 5084 523 5123 eum
552 5072 650 5125 sibi
684 5075 915 5141 postulet
958 5068 1143 5145 religio
1173 5076 1345 5133 divina
1385 5084 1767 5147 necessarium,

200 5158 422 5211 minime
445 5161 627 5215 venire
655 5162 968 5229 frustretur;
998 5176 1258 5234 quatenus
1286 5182 1349 5222 ea
1379 5186 1495 5239 quin
1521 5171 1771 5241 longmvis

202 5249 415 5302 saeculis
445 5251 733 5317 priscorum
757 5256 932 5308 sanxit
951 5257 1260 5326 auctoritas,
1286 5260 1433 5314 vobis
1458 5264 1771 5330 praesulibus

202 5341 454 5407 prmsenti
486 5343 783 5414 futuraeque
827 5348 969 5400 artati
1014 5347 1262 5403 inviolata
1310 5366 1611 5409 seaven'ur.
1644 5356 1769 5411 Data

201 5427 265 5482 ab
298 5429 517 5501 Egidio
541 5432 731 5489 abbate
757 5448 806 5490 et
830 5435 1091 5492 Messiano
1120 5442 1340 5495 notario.

1801 3078 1848 3142 C

3386 276 3459 331 σσ

2266 385 2593 443 EPISTULA
2642 384 2709 442 IX
2762 389 2946 457 (OLIM
2992 391 3086 460 Χ).
3200 344 3211 391 ἶ

2264 493 2330 530 ΑΒ
2367 491 2641 531 οεδλιιῐωι
2680 493 3081 533 ΔηειΑτεκδεκ.

2341 586 2627 655 Respondet
2666 590 2987 658 prwccdeuti.

1965 691 2317 747 Dilectissimo
2349 694 2496 751 fratri
2527 697 2758 752 Caesarie
2788 697 3159 767 Symmachus.

1941 800 2038 865 Qui
2088 806 2388 858 veneranda
2440 808 2653 862 Patrum
2704 818 2897 863 statuta
2944 810 3193 874 custodit,
3219 812 3446 867 amicum

1879 903 1938 941 se
1977 890 2232 945 absolutae
2281 895 2549 963 religionis
2598 900 2858 962 ostendit;
2885 910 2937 954 et
2980 900 3069 969 qui
3116 901 3359 969 providet
3391 915 3448 955 nt

1880 978 2054 1031 locum
2103 982 2410 1035 excessibus
2455 1001 2562 1039 non
2608 988 2889 1058 relinquat,
2912 990 3245 1045 demonstrat
3288 1008 3347 1047 se
3381 996 3447 1047 de

1881 1068 2018 1119 bono
2047 1068 2229 1135 gratia:
2258 1070 2511 1137 cogitare.
2546 1074 2881 1133 flationabile
2908 1088 2990 1133 est
3020 1088 3076 1132 ut
3103 1092 3284 1135 sancta
3315 1083 3447 1136 Are-

1877 1154 2095 1210 latensis
2136 1159 2370 1213 Ecclesia
2420 1166 2651 1230 propriis
2699 1167 2991 1237 privilegiis
3032 1172 3361 1238 perfruatur;
3395 1187 3447 1227 et

1878 1247 2019 1314 quod
2064 1260 2303 1303 vetustas
2343 1252 2602 1319 praesunt,
2633 1264 2687 1307 et
2718 1256 2929 1311 Patrum
2977 1262 3262 1315 auctoritas
3295 1262 3448 1316 rohoc

1880 1338 2044 1403 ravit,
2065 1353 2199 1391 nova
2228 1354 2329 1392 non
2356 1340 2513 1394 debet
2538 1342 2734 1397 violare
2754 1349 3118 1415 prmsnmptio.
3141 1348 3229 1403 Sic
3252 1359 3447 1413 tamen,

1880 1437 1935 1476 ut
1980 1437 2294 1480 ceterarum
2360 1428 2716 1483 Ecclesiarunt
2785 1434 3064 1504 privilegia
3122 1440 3449 1507 temporibus

1876 1516 2131 1583 acquisita
2179 1531 2285 1569 non
2332 1517 2561 1572 titubeut
2603 1536 2616 1571 :
2657 1520 2777 1588 quia
2819 1537 2919 1577 nec
2973 1535 3149 1591 potest
3190 1543 3252 1582 ex
3306 1540 3450 1598 paite

1878 1606 2088 1660 firmum
2119 1623 2239 1663 esse
2269 1611 2405 1678 quod
2448 1614 2812 1679 generalitatis
2852 1617 3016 1685 tangit
3047 1618 3313 1687 injuriam.
3344 1624 3449 1677 Μει-

1880 1694 2124 1748 nentibus
2150 1697 2410 1765 siquidem
2439 1699 2519 1751 Itis
2541 1716 2654 1768 quc
2682 1702 2892 1757 Patrum
2915 1708 3201 1760 conSIituta
3230 1711 3450 1781 singulis

1878 1782 2137 1837 Ecclesiis
2164 1797 2569 1853 concesserunt,
2595 1792 2931 1846 decernimus
2972 1804 3028 1847 ut
3056 1796 3195 1849 circa
3219 1812 3278 1852 ea
3309 1817 3449 1868 qum,

1879 1883 1983 1927 tam
2020 1875 2069 1929 in
2099 1875 2285 1931 Galliae
2314 1894 2468 1945 quam
2504 1880 2553 1933 in
2583 1882 2849 1950 llispanize
2878 1886 3263 1954 provinciis,de
3293 1906 3449 1945 causa

1876 1963 2152 2031 religionis
2178 1968 2513 2033 emerserint,
2542 1969 2757 2025 solertia
2793 1982 2897 2027 tua:
2943 1968 3287 2031 fraternitatis
3315 1980 3451 2032 inii-

1876 2054 2002 2125 gilct
2026 2073 2039 2108 :
2065 2067 2115 2109 et
2145 2056 2189 2109 si
2220 2057 2354 2111 ratio
2384 2062 2684 2128 poposcerit
2718 2065 3053 2130 pratsentiam
3086 2068 3449 2136 sacerdotum,

1876 2156 2084 2201 servata
2133 2152 2560 2218 consuetudine,
2600 2156 2966 2224 unusquisque
3007 2166 3108 2212 tuae
3151 2158 3450 2214 dilectionis

1880 2236 2183 2290 admonitus
2214 2239 2529 2295 auctoritate
2558 2243 2839 2297 conveniat
2862 2260 2875 2296 :
2900 2252 2955 2299 et
2982 2246 3025 2299 si
3066 2247 3156 2301 Dei
3188 2248 3450 2317 adjutorio

1876 2327 2239 2382 controversia
2285 2329 2522 2383 incidens
2562 2332 2824 2398 amputari
2864 2336 3115 2402 potuerit,
3151 2336 3319 2405 ipsius
3348 2338 3450 2391 hoc

1880 2415 2084 2467 meritis
2110 2416 2438 2483 applieemus
2474 2436 2485 2469 ε
2523 2420 2759 2489 alioquin
2802 2423 3078 2478 existentis
3106 2427 3298 2494 negotii
3324 2443 3451 2496 qua-

1878 2500 1998 2553 litas
2037 2502 2100 2554 ad
2141 2503 2323 2555 sedem
2364 2508 2709 2572 apostolicam
2744 2518 2794 2563 te
2826 2511 3090 2567 referente
3137 2520 3410 2583 perveniat
3435 2560 3451 2581 ,

1881 2595 1937 2641 ut
1965 2590 2170 2643 cunctis
2200 2591 2387 2645 ordine
2433 2608 2531 2647 suo
2574 2596 2823 2663 peractis,
2857 2599 2997 2653 unde
3027 2601 3268 2657 inimicus
3300 2605 3453 2658 boni-

1882 2680 2003 2735 tatis
2051 2681 2151 2736 sibi
2206 2682 2534 2749 blandiatur,
2582 2685 2759 2741 locu'm
2809 2688 3050 2745 invenire
3102 2707 3207 2746 non
3262 2695 3451 2763 possit.

1878 2768 2061 2840 Igitur,
2099 2773 2539 2840 quemadmodum
2588 2791 2747 2846 supra
2796 2778 3048 2847 diximus,
3083 2796 3176 2849 per
3223 2783 3455 2853 singulas

1875 2863 2130 2918 ecclesias
2158 2864 2415 2920 beneficia
2444 2884 2559 2937 qua:
2587 2880 2710 2925 sunt
2738 2870 2826 2926 diu
2855 2874 3116 2927 custodita
3148 2886 3453 2933 serventur.

1877 2955 1943 3009 Et
1970 2956 2014 3009 si
2056 2964 2159 3009 tam
2194 2957 2445 3014 Ecclesiae
2493 2960 2755 3031 Aquensis
2785 2964 3029 3029 antistes,
3066 2967 3147 3020 vel
3177 2968 3312 3022 alios
3338 2970 3453 3037 qui-

1877 3046 2029 3111 libet,
2064 3049 2474 3115 metropolitano
2515 3050 2747 3118 pontifici
2774 3053 2922 3122 juxta
2974 3068 3236 3110 canonum
3266 3058 3453 3113 deﬁni-

1883 3136 2077 3190 tionem
2119 3146 2335 3191 vocatus
2378 3138 2747 3210 obtemperare
2788 3143 3045 3209 noluerit,
3076 3147 3282 3202 noverit
3322 3150 3453 3203 sub-

1879 3226 2110 3281 dendum
2142 3242 2220 3292 se,
2247 3228 2387 3297 quod
2437 3244 2540 3284 non
2585 3243 2853 3301 optamus,
2884 3234 3261 3290 ecclesiasticae
3290 3238 3452 3293 disci-

1880 3318 2063 3388 plinas.
2106 3316 2173 3371 Et
2210 3319 2262 3371 in
2296 3317 2394 3373 hac
2434 3329 2582 3388 parte
2627 3337 2949 3392 magnopere
2978 3333 3028 3378 te
3058 3327 3305 3380 volumus
3335 3342 3452 3383 esse

1879 3409 2184 3473 sollicitum,
2214 3417 2271 3463 ut
2302 3411 2344 3463 si
2377 3411 2494 3478 quis
2540 3410 2604 3465 de
2636 3410 2904 3466 Gallicana
2948 3415 3028 3467 vel
3072 3415 3324 3483 llispania
3372 3432 3454 3470 re-

1878 3498 2145 3568 gionibus,
2177 3500 2525 3554 ecclesiastici
2575 3501 2776 3554 ordinis
2825 3510 2983 3569 atque
3024 3502 3212 3567 officii,
3242 3507 3308 3557 ad
3357 3521 3453 3559 nos

1882 3588 2067 3643 venire
2094 3590 2398 3656 compulsus
2428 3589 2606 3652 fuerit,
2627 3607 2745 3645 eum
2774 3591 3116 3647 fraternitatis
3142 3601 3244 3647 tua:
3269 3594 3452 3649 notitia

1880 3680 1981 3735 iter
2013 3680 2456 3749 peregrinationis
2503 3682 2761 3749 arripiat:
2788 3690 2844 3735 ut
2885 3697 2983 3737 nec
3022 3683 3194 3737 honor
3219 3683 3332 3753 ejus
3364 3699 3454 3753 per

1881 3769 2232 3837 ignorantiam
2264 3770 2489 3840 aliquam
2522 3771 2894 3827 contumeliam
2923 3774 3174 3843 patiatur,
3204 3783 3259 3828 et
3284 3776 3453 3829 ambi-

1879 3860 2079 3929 guitate
2106 3858 2325 3929 depulsa
2354 3874 2382 3913 a
2411 3861 2561 3913 nobis
2586 3862 2762 3916 animo
2782 3878 2974 3918 securo
2993 3864 3044 3917 in
3068 3867 3455 3921 communionis

1879 3951 2101 4020 gratiam
2135 3951 2297 4020 possit
2332 3951 2557 4006 admitti.
2588 3952 2728 4007 Deus
2751 3954 3140 4009 teincolumem
3173 3967 3321 4009 eusto
3344 3958 3451 4018 liat,

1881 4042 2043 4096 frater
2086 4041 2384 4095 carissime.
2424 4042 2549 4095 Data
2590 4057 2645 4095 Ill
2684 4042 2801 4095 idus
2840 4041 3043 4106 Junias,
3080 4042 3262 4096 Flavio
3305 4060 3455 4094 sma-

1881 4138 1996 4184 tore
2024 4129 2139 4183 viro
2161 4129 2460 4183 clarissimo
2482 4130 2700 4184 consule
2722 4130 2902 4197 (Anno
2932 4130 3063 4183 Chr.
3092 4134 3149 4183 51
3177 4140 3239 4185 il.

2262 4283 2590 4339 EPISTOLA
2632 4285 2675 4339 X
2714 4284 2907 4357 (OLIM
2950 4286 3073 4356 Vl).
3123 4278 3191 4303 θ’

1883 4385 2244 4428 Ανθιοϐετιελ
2284 4388 2546 4429 Αωιῑηευε
2576 4390 2842 4429 ΑκΑετΑεη
2886 4392 3233 4431 HlPEllA'l'OlllS
3271 4392 3448 4432 LJDIL-

1954 4459 2057 4497 ιυιι
2108 4458 2387 4506 FAHOSUI,
2438 4460 2573 4507 QUOD
2622 4461 2931 4500 Ροδτηηιοεκ
2979 4462 3043 4500 OB
3082 4462 3254 4501 LATAM
3306 4465 3353 4502 IN
3393 4465 3453 4505 SB

1955 4527 2496 4569 EXCOIHUNICATIONIS
2533 4530 2863 4570 SENTENTIA!
2902 4532 3308 4573 PROSCINDiDAT.

1951 4627 2029 4682 Ad
2062 4628 2311 4696 Augusta
2352 4629 2645 4699 majestatis
2686 4630 2921 4686 Gratiani
2962 4633 3303 4701 imperatoris
3334 4636 3450 4703 epi-

1881 4719 2073 4773 stolam
2102 4727 2224 4774 octo
2253 4720 2404 4774 libris
2436 4723 2622 4775 beatus
2653 4723 2926 4791 respondit
2956 4722 3298 4789 Ambrosius,
3331 4728 3449 4794 quia

1883 4824 1978 4876 pro
2009 4810 2111 4865 fide
2138 4808 2399 4865 catholica
2428 4820 2483 4865 et
2511 4812 2658 4865 illum
2691 4827 2793 4866 non
2824 4812 2989 4883 piguit
3020 4815 3274 4881 prolixius
3310 4830 3449 4884 pra:-

1881 4899 2078 4959 dicare.
2111 4915 2161 4956 et
2188 4903 2273 4957 hic
2304 4918 2408 4957 non
2439 4903 2697 4957 fastidivit
2727 4915 2997 4971 gratanter
3026 4906 3287 4974 accipere.
3329 4907 3450 4962 llaec

1879 4990 2125 5054 dixerim,
2164 5000 2221 5044 ut
2257 4992 2301 5045 si
2344 4993 2554 5047 modum
2598 4995 2761 5049 libelli
2791 4996 3080 5063 promendo
3119 4996 3445 5067 collegerim,

1881 5096 1985 5136 nun
2018 5082 2291 5136 existimer
2311 5098 2428 5152 qum
2463 5100 2565 5138 non
2589 5087 2819 5153 Oportuit
2851 5086 3149 5142 locutus.Si
3182 5089 3447 5155 mihi,im-

1878 5186 2113 5244 perator,
2147 5175 2285 5244 apud
2313 5184 2526 5231 exteros
2556 5194 2729 5247 reges,
2754 5194 2951 5248 eosque
2975 5182 3133 5232 totius
3158 5179 3445 5233 divinitatis

1880 5266 2109 5335 ignaros,
2145 5282 2240 5335 pro
2272 5268 2376 5323 fide
2404 5268 2665 5324 catholica
2696 5271 2978 5325 dicendum
3008 5270 3161 5335 foret,
3194 5268 3444 5337 quidquid

1878 5360 1992 5428 ejus
2032 5359 2234 5413 veritati
2281 5361 2575 5429 rationique
2617 5370 2953 5431 congrueret,
2996 5363 3152 5416 etiam
3191 5367 3443 5427 praetenta

1882 5459 2049 5503 morte
2084 5465 2407 5516 perorarem.
2455 5450 2543 5504 Va:
2572 5451 2694 5503 milii
2726 5452 2815 5503 erit
2848 5454 2888 5504 ε’
2919 5467 3015 5503 non
3043 5464 3207 5515 ert-ing.
3228 5445 3445 5499 lizavero

275 5597 301 5625 ’⁸
340 5593 500 5647 Anno
537 5593 663 5661 5l3,
694 5603 747 5649 ut
776 5605 915 5665 patet
946 5612 1008 5651 ex
1034 5597 1158 5669 Pagi
1198 5600 1566 5658 observatione
1596 5604 1751 5659 allata
1774 5620 1932 5677 supra
1963 5607 2026 5661 ad
2053 5607 2209 5674 epist.
2241 5608 2290 5661 7.
