3990 6390
498 277 580 352 ‘67
1870 279 2219 335 SHIMAGIII
2261 278 2463 336 eam
3761 281 3836 337 ω

502 402 564 483 υ
598 411 716 465 Cor.
747 407 858 479 rx),
896 403 1194 472 meliusque
1221 407 1308 456 est
1343 398 1604 468 jacturam
1645 394 1767 448 vitae
1806 394 2088 461 praesentis
2119 398 2168 456 Α
2198 373 2534 464 approbata?
2559 390 2692 459 Quid
2714 389 2896 457 facies,
2921 391 3234 462 imperator,
3265 393 3318 447 in
3349 393 3534 450 divino
3559 394 3836 464 judicio?

509 501 769 564 Incidere,
793 509 952 566 quam
974 493 1301 560 sempiterna
1331 486 1670 542 damnatione
1692 483 2098 552 puniri.V‘ernm

509 600 568 647 tu
595 591 642 646 si
683 589 957 644 Romanus
985 586 1279 653 imperator
1308 593 1366 634 es
1389 620 1404 646 ,
1433 577 1596 631 etiam
1628 574 1866 644 gentium
1908 572 2102 626 barba-

509 697 691 740 rarum
715 679 1008 750 legationes
1029 675 1198 730 debes
1223 671 1522 727 clementer
1547 667 1856 722 admittere.
1872 663 1928 718 Si
1951 661 2105 716 Chri-

510 776 718 830 stiauus
747 772 996 842 princeps
1016 782 1098 833 es,
1131 765 1522 836 qualiscunque
1550 756 1801 828 praesulis
1825 753 2106 822 apostolici

511 867 680 922 debes
711 875 894 917 vocem
923 859 1188 930 patienter
1214 853 1419 908 audire.
1446 847 1812 905 Contumelias
1843 854 1982 908 tuas,
2007 842 2107 896 im-

513 966 768 1029 perator,
812 965 946 1022 quas
995 944 1113 1003 sub
1142 947 1326 1001 divino
1372 942 1575 1012 judicio
1630 941 1746 1008 ipse
1797 935 2101 1029 perpendis.

517 1024 766 1105 utrumne
793 1047 842 1100 in
875 1059 961 1098 me
985 1041 1231 1110 religiosa
1268 1043 1446 1090 mente
1479 1029 1800 1102 profuderis,
1821 1028 1998 1081 fateor
2020 1024 2104 1077 vel

518 1142 624 1197 mei
671 1152 852 1204 causa,
903 1136 983 1189 vel
1034 1135 1106 1186 tui
1149 1126 1491 1183 dissimulare
1529 1135 1615 1176 me
1643 1136 1747 1174 non
1786 1132 1961 1188 posse.
2005 1115 2107 1170 Mei

517 1249 698 1296 causa,
743 1230 1150 1302 promissionem
1197 1221 1405 1276 Domini
1457 1216 1780 1278 recoleudo,
1829 1212 2105 1267 dicentis:

519 1329 646 1382 Cum
675 1342 759 1380 vos
789 1321 1040 1396 persecuti
1070 1317 1278 1387 fuerint,
1306 1323 1349 1366 et
1376 1312 1598 1364 dixerint
1622 1324 1768 1362 omne
1797 1308 1983 1358 malum
2011 1303 2108 1355 ad-

515 1434 714 1476 versum
746 1395 852 1480 vos,
886 1422 1090 1485 propter
1108 1407 1369 1480 justitiam
1405 1403 1619 1474 gaudete
1643 1398 1856 1470 (Matth.
1887 1398 1963 1466 v).
2009 1395 2109 1449 Tui

518 1522 718 1577 autem,
748 1509 871 1579 quia
907 1504 1104 1559 nollem
1142 1501 1220 1554 sic
1247 1512 1418 1552 meam
1449 1496 1672 1566 gloriam
1716 1491 2017 1560 provenire,
2054 1496 2111 1540 ut

517 1611 572 1658 te
613 1578 783 1671 possit
827 1611 933 1650 non
977 1591 1321 1646 mediocriter
1359 1599 1608 1642 onerare.
1643 1582 1706 1635 Et
1750 1595 1851 1650 ego
1893 1578 2109 1648 quidem

518 1667 804 1749 dominicis
835 1697 888 1742 et
918 1683 1229 1754 apostolicis
1259 1677 1650 1734 eruditionibus
1683 1674 1977 1734 institutus,
2013 1667 2108 1720 he-

2205 488 2286 540 An
2309 487 2428 554 quia
2453 488 2742 554 imperator
2758 498 2815 538 es
2833 484 3038 538 nullum
3063 485 3154 540 Dei
3177 495 3332 554 putas
3355 501 3480 542 esse
3502 486 3832 556 judicium!

2206 578 2382 632 Taceo
2409 576 2550 646 quod
2579 578 2960 645 imperatorem
2993 586 3360 632 accusatorem
3389 593 3511 633 esse
3541 594 3654 634 non
3683 594 3833 634 eone

2207 669 2409 724 veniat.
2456 669 2732 721 Postremo
2764 668 2952 722 iisdem
2985 667 3180 722 divinis
3206 668 3568 740 humanisque
3599 671 3832 739 legibus

2208 777 2368 817 nemo
2391 762 2559 830 possit
2581 775 2701 814 esse
2722 770 3000 815 accusator
3024 761 3280 830 etjudex.
3304 762 3692 833 Nunquidnam
3719 763 3831 818 sub

2207 853 2385 906 alieno
2403 851 2604 920 judicio
2627 850 2867 904 dicturus
2887 865 2946 904 es
2968 850 3220 908 causam?
3246 851 3330 906 vel
3355 860 3829 929 accusampasta-

2209 945 2324 998 bis?
2371 943 2510 997 Dicis
2550 957 2670 996 esse
2698 956 2783 995 me
2810 941 3186 996 Manichmum.
3217 941 3465 1010 Nunquid
3504 957 3610 1012 ego
3645 943 3829 1012 Euty-

2210 1039 2434 1090 ehiauus
2482 1051 2620 1098 sum,
2674 1034 2760 1088 vel
2811 1033 3173 1104 Eutychianos
3221 1034 3454 1088 defendo
3499 1051 3515 1088 :
3568 1050 3826 1103 quor

2212 1129 2359 1183 furor
2383 1128 2622 1181 maxime
2639 1126 3052 1179 Manichaeorum
3076 1125 3394 1195 suffragatur
3415 1128 3622 1182 errori.
3644 1126 3828 1181 Roma

2211 1220 2343 1274 mihi
2388 1219 2542 1274 testis
2583 1228 2685 1282 est,
2733 1228 2787 1271 et
2833 1218 3027 1272 scrinia
3078 1219 3448 1272 testimonium
3495 1218 3824 1286 perhibent,

2215 1321 2392 1366 utrum
2421 1326 2451 1364 a
2482 1309 2583 1363 lide
2614 1307 2899 1371 catholica,
2933 1323 3088 1376 quam
3136 1308 3186 1361 in
3229 1307 3358 1363 sede
3385 1309 3530 1362 beati
3575 1308 3825 1378 apostoli

2214 1406 2359 1460 Petri
2386 1404 2606 1458 veniens
2643 1419 2708 1456 ex
2742 1401 3047 1470 paganitate
3084 1400 3323 1469 suscepi,
3351 1400 3532 1469 aliqua
3560 1417 3632 1454 ex
3667 1409 3824 1469 parte

2213 1495 2560 1551 deviaverim.
2587 1493 2849 1548 Procedat
2875 1494 3090 1562 aliquis,
3115 1502 3169 1548 et
3189 1493 3427 1564 qualibet
3447 1495 3669 1547 ratione
3689 1508 3824 1548 con-

2214 1591 2392 1641 vincat
2417 1604 2428 1640 :
2454 1586 2647 1654 alioqui
2680 1585 2918 1639 COIlVit‘iil
2941 1594 3062 1638 sunt
3086 1585 3205 1650 ista,
3235 1599 3342 1638 non
3369 1584 3665 1638 criminum
3692 1598 3823 1652 pro—

2215 1679 2484 1733 bamenta.
2521 1675 2710 1730 Nescio
2747 1685 2924 1728 utrum
2964 1675 3157 1744 quibus
3201 1675 3451 1744 objicitur
3491 1672 3716 1739 falsum,
3748 1688 3818 1726 an

518 1785 884 1844 nedictionem
914 1775 1104 1831 studeo
1134 1774 1257 1839 tuis,
1300 1773 1616 1839 imperator,
1649 1763 1852 1819 referre
1882 1758 2105 1813 maledi-

2220 1771 2363 1823 lalsis
2387 1769 2755 1838 objectoribus
2785 1767 2996 1820 inimica
3027 1767 3332 1821 dicentibus
3363 1781 3450 1820 me
3483 1779 3589 1819 non
3618 1763 3821 1819 ordine

521 1879 645 1943 etis,
686 1869 1028 1928 contumeliis
1072 1862 1536 1920 honoriﬁcentiam
1582 1857 1830 1919 reddere,
1872 1862 1924 1906 ct
1973 1849 2108 1904 odiis

522 1971 808 2027 redhibere
837 1966 1135 2020 Caritatem.
1176 1958 1283 2015 Sed
1318 1957 1460 2019 vide,
1495 1966 1696 2023 quaeso,
1731 1964 1797 2004 ne
1826 1947 1894 2000 ab
1925 1960 1987 1999 eo
2021 1943 2111 2012 qui

522 2068 643 2119 ait:
692 2059 819 2114 Mihi
857 2056 1164 2120 vindictam,
1205 2060 1249 2103 et
1293 2064 1384 2119 ego
1423 2045 1701 2099 retribuam
1745 2039 1926 2110 (Rom.
1980 2033 2110 2101 xtl);

523 2160 779 2222 quantum
821 2164 850 2202 a
897 2162 983 2201 me
1023 2143 1332 2205 remittitur,
1380 2147 1584 2192 tantum
1627 2149 1654 2186 a
1701 2139 1752 2185 te
1794 2124 2114 2222 cumulatius

523 2214 788 2314 exigatur.
826 2238 966 2307 Quid
1013 2236 1156 2291 enim
1204 2231 1450 2286 Christus
1490 2227 1632 2280 dicat
1671 2224 1736 2277 de
1777 2222 1857 2275 his
1891 2219 1979 2288 qui
2030 2214 2113 2314 vel

523 2307 776 2390 nimirum
796 2331 949 2404 (forte
965 2322 1331 2392 minimum)in
1361 2334 1481 2375 cum
1507 2317 1812 2371 credentem
1846 2307 2113 2364 scandali-

523 2425 785 2490 zavcrint,
817 2417 1164 2488 Evangelium
1196 2413 1424 2476 referat,
1450 2426 1557 2463 non
1589 2423 1704 2460 mea
1736 2419 1863 2458 voce
1897 2413 2110 2470 proma-

523 2527 631 2573 tur.
657 2515 760 2571 Sed
785 2514 1012 2567 fortasse
1037 2508 1195 2572 dicis,
1214 2506 1526 2574 imperator,
1543 2501 1718 2570 potius
1748 2506 1796 2551 te
1819 2510 1939 2550 esse
1957 2494 2112 2546 ruini-

521 2624 692 2673 mum,
738 2605 825 2675 qui
863 2602 1054 2658 credas
1094 2601 1147 2653 in
1191 2597 1430 2662 Christo,
1476 2603 1531 2646 et
1571 2592 1637 2646 de
1680 2601 1731 2644 te
1773 2591 1872 2642 hoc
1914 2585 2113 2640 rectius

521 2699 717 2769 accipi,
750 2673 803 2751 et
828 2710 912 2750 me
939 2707 1062 2749 esse
1083 2688 1539 2747 scandalizantem
1567 2693 1711 2736 tuam
1747 2680 1928 2733 ﬁdem.
1962 2673 2116 2729 Chri-

523 2803 640 2845 stus
679 2790 857 2856 itaquc
897 2785 1040 2838 Deus
1071 2780 1339 2834 veraciter
1369 2785 1533 2839 totus,
1577 2781 1631 2827 et
1663 2783 1803 2824 totus
1831 2769 1993 2821 homo
2035 2775 2117 2819 est

525 2882 608 2939 sic
627 2887 940 2946 conceptus,
973 2875 1050 2928 sic
1079 2880 1425 2926 conversatus
1456 2867 1508 2920 in
1535 2863 1758 2924 saeculo,
1793 2861 1870 2915 sic
1908 2869 2114 2946 passus,

525 2974 606 3030 sic
630 2970 768 3040 apud
801 2968 1026 3030 inferos,
1070 2963 1146 3016 sic
1187 2957 1558 3021 resuscitatus,
1591 2954 1667 3008 sic
1694 2967 1816 3020 cum
1843 2936 2118 3017 discipulis

527 3077 811 3134 apparens,
845 3059 924 3112 sic
944 3057 1182 3112 elevatus
1205 3053 1258 3105 in
1281 3050 1502 3111 coelum,
1527 3047 1604 3102 sic
1625 3043 1816 3099 exinde
1839 3042 2012 3095 dictus
2037 3047 2116 3092 est

2212 1871 2609 1918 consecratum.
2637 1860 2776 1914 Inter
2800 1859 2999 1912 imbres
3024 1858 3253 1924 lapidum
3279 1867 3423 1912 totus
3453 1857 3598 1912 evasi
3627 1873 3644 1909 :
3669 1856 3820 1926 judio

2213 1956 2354 2009 cavit
2401 1954 2569 2008 Deus.
2613 1952 2693 2005 A-n
2737 1951 2857 2020 quia
2907 1951 3199 2016 imperator
3243 1964 3323 2012 es,
3373 1949 3612 2002 divinum
3658 1958 3817 2015 putas

2213 2045 2665 2104 contemnendum
2709 2060 2830 2097 esse
2867 2042 3163 2110 jﬂditilllll?
3207 2042 3312 2097 Sed
3357 2041 3590 2095 fortasse
3632 2041 3811 2104 dices,

2215 2144 2375 2197 etiam
2417 2140 2784 2208 indignantem
2823 2137 2990 2191 Deum
3031 2136 3186 2188 noxia
3231 2149 3459 2203 qumque
3491 2135 3815 2203 plerumque

2217 2232 2552 2301 permittere.
2582 2230 2850 2295 Scriptum
2879 2237 2968 2294 est
2994 2244 3006 2278 :
3039 2225 3120 2278 Ea:
3142 2227 3394 2296 fructibus
3413 2242 3590 2279 eorum
3615 2241 3811 2293 cogno-

2215 2323 2364 2376 scetis
2403 2337 2485 2374 eos
2532 2317 2746 2390 (Matth.
2780 2315 2896 2383 vn).
2929 2316 3162 2370 Ostende
3201 2330 3330 2385 ergo
3369 2315 3494 2383 quid
3530 2315 3814 2369 existimes

2216 2412 2569 2482 arguendum,
2599 2422 2653 2462 ut
2682 2409 2873 2462 iratum
2911 2407 3143 2464 maxime
3176 2407 3363 2469 Deum,
3397 2421 3516 2474 qum
3543 2419 3645 2459 non
3668 2419 3809 2458 con-

2217 2514 2498 2567 venerant,
2517 2502 2823 2571 permisisse
2839 2499 3200 2554 demonstres.
3214 2501 3291 2550 An
3311 2497 3435 2566 quia
3460 2495 3812 2565 Eutychianis

2219 2598 2524 2650 nullatenus
2564 2593 2890 2662 acquiesco?
2921 2593 3000 2645 Me
3027 2591 3240 2660 quidem
3273 2591 3370 2642 ista
3403 2604 3506 2644 non
3537 2589 3808 2652 sauciant,

2219 2687 2312 2741 scd
2347 2695 2396 2740 te
2425 2687 2597 2754 palam
2626 2698 2917 2754 aperteque
2943 2685 3319 2738 demonstrant
3346 2697 3513 2736 meum
3535 2681 3812 2750 cogitasse

2223 2777 2479 2830 honorem
2509 2777 2795 2843 repellere,
2837 2790 2993 2844 quem
3031 2776 3340 2828 interventu
3367 2788 3458 2827 suo
3486 2773 3674 2826 beatus
3695 2770 3812 2834 Pe-

2222 2879 2340 2924 trus
2387 2871 2662 2938 imposuit.
2701 2872 2781 2924 An
2811 2871 2933 2935 quia
2977 2872 3266 2936 imperator
3314 2883 3392 2931 es,
3431 2862 3614 2920 cbntra
3660 2866 3807 2919 Petri

2223 2962 2412 3016 niteris
2436 2963 2792 3030 potestatem?
2822 2963 2884 3014 Et
2913 2961 3003 3030 qui
3033 2960 3246 3016 Petrum
3280 2959 3698 3015 Alexandrinum
3723 2973 3809 3012 rc-

2223 3055 2380 3123 cipis,
2416 3053 2628 3107 beatum
2669 3054 2884 3108 Petrum
2914 3051 3214 3122 apostolum
3248 3055 3298 3106 in
3322 3067 3423 3107 suo
3452 3053 3806 3122 qualicunque

524 3131 648 3212 esse
676 3164 950 3214 venturus,
981 3147 1058 3200 sic
1089 3145 1353 3212 hodieque
1376 3141 1430 3195 in
1460 3138 1579 3194 ρωιί
1609 3137 1825 3206 regione
1855 3131 2112 3203 persistit,

2222 3145 2420 3200 vicario
2459 3145 2668 3200 calcare
2703 3145 3028 3198 coutemlis?
3057 3145 3139 3199 An
3167 3145 3303 3199 bene
3337 3144 3509 3198 factus
3537 3156 3734 3207 essem,
3763 3145 3805 3196 si

527 3247 740 3302 dicente
770 3240 1026 3312 Apostolo
1053 3257 1066 3292 :
1098 3237 1164 3290 In
1189 3253 1288 3307 quo
1320 3236 1510 3288 habitat
1544 3232 1706 3286 onmis
1734 3228 2000 3298 plenitudo
2032 3225 2116 3277 di-

529 3337 752 3394 vinitatis
781 3332 1121 3402 corporaliter
1160 3327 1380 3398 (Coloss.
1409 3326 1489 3393 ιι),
1519 3333 1575 3379 et
1603 3332 1749 3377 certe
1778 3321 1843 3374 de
1872 3334 1936 3373 eo
1963 3317 2114 3384 dicit,

529 3428 673 3500 quod
705 3440 845 3482 nunc
885 3432 970 3479 est
1002 3422 1138 3493 ipse.
1182 3420 1323 3488 Ergo
1358 3418 1447 3472 ille
1484 3424 1569 3468 est
1606 3412 1878 3478 minimus,
1911 3410 1999 3477 qui
2041 3409 2118 3463 sic

529 3517 758 3575 credidit
786 3515 835 3570 in
861 3509 1276 3569 Christum.Sed
1305 3506 1605 3578 hujusmodi
1631 3505 1683 3558 in
1708 3503 1978 3556 Christum
2003 3516 2121 3556 cre-

530 3611 609 3665 dit
641 3609 732 3680 qui
776 3609 830 3661 in
868 3607 1131 3675 integrum
1175 3602 1449 3657 Christum
1492 3597 1676 3660 credit,
1713 3611 1817 3649 non
1864 3596 1914 3648 in
1961 3592 2121 3648 semi-

532 3701 829 3763 Christum,
869 3707 922 3751 et
963 3695 1084 3750 ideo
1115 3709 1219 3748 non
1255 3693 1550 3753 Christum,
1593 3689 1715 3757 quia
1744 3687 1989 3740 Christus
2017 3699 2119 3738 non

535 3793 637 3848 nisi
669 3793 895 3860 inti-ger.
929 3789 1136 3854 Integer
1175 3794 1355 3839 autem
1394 3798 1501 3836 non
1539 3780 1640 3834 nisi
1675 3777 2002 3846 hujusmodi.
2047 3770 2122 3831 De

535 3886 625 3940 tali
660 3899 790 3954 ergo
825 3883 878 3936 in
918 3897 976 3935 se
1005 3879 1260 3934 credente
1288 3875 1457 3931 dicit:
1491 3875 1606 3941 ipse
1637 3873 1837 3927 etenim
1869 3871 2123 3926 minimus

532 3979 674 4048 ejus,
712 3987 761 4031 ct
795 3989 989 4045 parvus
1016 3982 1137 4027 est:
1169 3984 1266 4040 pro
1294 3983 1402 4039 quo
1439 3967 1804 4021 scandalizato
1834 3964 1960 4034 quid
1999 3978 2123 4032 pro-

532 4071 759 4138 miserit,
787 4070 973 4140 ipsius,
1015 4075 1070 4121 ut
1091 4065 1292 4120 dietum
1321 4071 1426 4130 est,
1457 4062 1648 4117 melius
1678 4062 1859 4116 verbis
1883 4056 2122 4114 ostendi-

532 4173 638 4218 tur.
664 4162 916 4217 Fortasse
937 4160 1106 4225 dicas,
1126 4158 1422 4226 imperator
1445 4173 1457 4209 :
1484 4153 1590 4210 Sed
1609 4167 1709 4223 ego
1727 4165 1940 4222 quoque
1964 4151 2121 4204 talem

531 4255 804 4310 Christum
829 4251 1011 4316 credo,
1038 4257 1093 4305 et
1120 4250 1245 4304 ideo
1267 4247 1409 4302 inter
1430 4246 1547 4315 ejus
1574 4245 1825 4300 minimos
1849 4243 1970 4312 jure
1993 4255 2122 4296 con-

535 4357 810 4400 uurneror.
847 4342 956 4395 Hoc
986 4341 1224 4408 gravius,
1268 4340 1313 4393 si
1354 4346 1409 4391 et
1446 4339 1606 4391 talem
1639 4337 1835 4402 credis,
1877 4345 1933 4389 et
1961 4334 2120 4387 talem

535 4450 644 4491 non
683 4431 1024 4488 credentibus
1059 4427 1439 4483 communione
1468 4426 1733 4480 misceris.
1781 4423 1900 4477 Non
1933 4425 2118 4488 solum,

2221 3235 2568 3306 Eutychianis
2605 3236 2878 3290 faverem?
2917 3236 2962 3290 si
2993 3236 3175 3291 Acacii
3208 3235 3408 3290 numini
3448 3233 3807 3289 communica-

2221 3327 2369 3380 rem?
2398 3326 2589 3380 Latere
2618 3340 2722 3379 non
2759 3334 2944 3395 potest
2997 3341 3095 3381 cur
3124 3327 3222 3380 ista
3255 3326 3583 3395 prattendas.
3615 3325 3806 3382 Confe-

2222 3430 2404 3472 ramus
2435 3428 2613 3472 autem
2647 3417 2904 3472 honorem
2937 3418 3276 3488 imperatoris
3299 3433 3420 3472 cum
3446 3417 3656 3473 honore
3682 3433 3806 3487 pon-

2223 3508 2378 3563 titlcis
2406 3524 2421 3563 :
2452 3507 2591 3562 inter
2622 3523 2757 3577 quos
2789 3517 2995 3563 tantum
3021 3509 3206 3575 distat,
3230 3518 3489 3578 quantum
3517 3509 3611 3564 ille
3632 3524 3802 3564 rerum

2224 3601 2582 3654 humanarum
2617 3615 2799 3655 curam
2839 3601 2996 3671 gerit,
3030 3602 3130 3657 iste
3159 3601 3483 3657 divinarum.
3526 3601 3610 3657 Tu
3646 3603 3807 3671 impe-

2223 3699 2372 3746 ratur
2419 3706 2449 3744 a
2507 3692 2760 3761 pontiﬁce
2807 3693 3132 3762 baptismum
3188 3695 3423 3764 accipis,
3473 3703 3806 3749 sacramenta

2223 3783 2410 3848 sumis,
2443 3783 2742 3839 orationem
2775 3786 2972 3853 poscis,
3000 3785 3425 3845 benedictionem
3455 3800 3669 3856 speras,
3704 3799 3809 3855 pm-

2225 3875 2502 3929 nitentiam
2543 3889 2724 3944 rogas.
2756 3874 3037 3930 Postremo
3078 3886 3132 3932 tu
3174 3877 3403 3932 humana
3443 3878 3802 3940 administras,

2224 3969 2314 4024 ille
2342 3968 2436 4023 tibi
2468 3969 2648 4023 divina
2678 3969 2973 4038 dispensat.
3010 3969 3194 4040 Itaque
3222 3980 3278 4026 ut
3308 3987 3413 4025 non
3443 3970 3621 4026 dicam
3657 3984 3808 4039 supe-

2223 4062 2354 4130 rior,
2393 4072 2540 4116 certe
2580 4062 2800 4131 aequalis
2846 4061 3017 4116 honor
3043 4071 3146 4116 est.
3192 4063 3301 4116 Nec
3343 4071 3396 4117 te
3435 4070 3594 4132 putes
3630 4060 3807 4116 mundi

2225 4169 2418 4226 pompa
2446 4155 2787 4224 praecellere:
2806 4155 2939 4219 Quia
2964 4156 3102 4224 quod
3130 4156 3390 4224 infirmum
3414 4165 3490 4209 est
3510 4153 3605 4210 Dei
3635 4156 3807 4226 fortius

2224 4247 2602 4302 cathominibus
2627 4245 2711 4316 (ll
2731 4243 2848 4300 Cor.
2868 4248 2950 4318 ιι).
2966 4247 3147 4316 Itaque
3159 4247 3357 4302 videris
3379 4247 3503 4318 quid
3528 4257 3580 4301 te
3603 4247 3805 4301 deceat.

2226 4340 2426 4394 Tamen
2459 4354 2580 4393 cum
2621 4339 2672 4391 in
2705 4339 3102 4394 accusationem
3140 4341 3466 4408 proruperis,
3513 4347 3620 4391 tam
3651 4338 3705 4392 in
3734 4336 3808 4390 di-

2225 4433 2364 4486 vinis
2402 4433 2610 4502 legibus
2639 4447 2799 4501 quam
2833 4433 3080 4487 hum‘anis
3109 4433 3222 4502 pari
3253 4448 3462 4487 mecmu
3498 4442 3646 4487 sorte
3683 4446 3805 4484 eou-

537 4527 709 4596 inquit
744 4521 1054 4593 Apostolus,
1094 4521 1184 4581 qui
1215 4518 1426 4589 faciunt,
1458 4517 1548 4571 sed
1578 4518 1665 4588 qui
1694 4517 2013 4570 consentiunt
2042 4515 2114 4583 fa-

2225 4525 2402 4588 sistis;
2438 4525 2487 4578 in
2509 4540 2610 4594 qua
2640 4527 2906 4580 cariturus
2940 4526 3143 4580 honore
3171 4541 3382 4580 summo
3411 4526 3455 4580 si
3487 4527 3658 4592 fuero,
3692 4524 3805 4593 quia

537 4615 780 4671 cientibus
813 4614 990 4684 (Rom.
1015 4612 1078 4680 ι).
1105 4612 1184 4666 An
1216 4609 1614 4664 communicare
1645 4622 1749 4661 non
1777 4617 1861 4661 est
1892 4621 2121 4660 consen-

541 4710 639 4763 tire
665 4723 786 4762 cum
812 4705 1038 4760 talibus?
1066 4703 1293 4758 Proinde
1313 4711 1402 4757 aut
1425 4702 1558 4756 duce
1578 4701 1712 4755 alios
1741 4715 1844 4754 non
1868 4714 2008 4764 csse,
2033 4705 2123 4752 aut

539 4801 695 4870 longe
722 4803 956 4868 gravius,
990 4807 1047 4850 ut
1074 4797 1274 4850 dictum
1305 4803 1421 4860 est,
1456 4803 1644 4848 contra
1676 4800 1855 4847 notam
1887 4791 1986 4845 sibi
2017 4791 2120 4844 erit

541 4895 760 4950 tendere
778 4891 1445 4948 veritatem.Contumelias
1464 4891 1643 4959 igitur,
1660 4890 1972 4956 imperator,
1987 4901 2120 4955 quas

541 4987 594 5040 in
636 5000 806 5039 meam
839 4983 1210 5052 proferendam
1243 4991 1396 5052 putas
1424 4998 1543 5038 esse
1571 4997 1882 5052 personam,
1915 4981 2118 5035 utinam

539 5093 697 5148 quam
729 5077 855 5131 mihi
886 5077 1128 5142 gloriosa;
1156 5086 1299 5141 sunt,
1321 5078 1388 5129 ita
1421 5087 1469 5129 te
1491 5090 1713 5144 gravare
1737 5089 1839 5128 non
1864 5075 2117 5142 possent!

540 5170 767 5225 Domino
805 5184 924 5223 meo
963 5168 1162 5222 dictum
1203 5177 1285 5222 est
1321 5183 1350 5221 a
1391 5168 1755 5236 quibusdam:
1795 5164 2121 5220 Da’ntonium

537 5261 725 5328 habes,
771 5270 975 5314 vorator
1020 5259 1198 5330 (Joan.
1248 5261 1404 5325 vttt);
1458 5259 1534 5312 De
1587 5259 1924 5328 fornicatione
1971 5269 2122 5311 natus

541 5356 755 5428 (Matth.
787 5356 866 5426 χι)
892 5372 905 5409 :
935 5365 986 5409 et
1019 5363 1174 5423 putas
1205 5354 1322 5421 quia
1353 5368 1450 5422 ego
1478 5353 1702 5407 debeam
1735 5351 1865 5405 mihi
1896 5351 2120 5408 dolere?

537 5445 704 5511 Quam
737 5447 859 5501 talia
902 5445 1190 5514 proferenti
1231 5453 1444 5499 cautum
1472 5452 1572 5511 est,
1605 5454 1658 5498 et
1689 5444 1881 5498 divinis
1911 5443 2116 5512 legibus

537 5546 592 5590 et
633 5520 912 5593 humanis?
956 5537 1021 5591 In
1057 5553 1142 5590 ore
1171 5537 1390 5590 duarum
1421 5544 1510 5587 aut
1547 5537 1703 5590 trium
1730 5537 1931 5590 testium
1965 5536 2117 5590 stabit

535 5641 686 5682 omne
711 5630 911 5682 verbum
947 5629 1160 5699 (Matth.
1203 5630 1374 5696 xvm).
1409 5627 1544 5694 Quid
1570 5641 1690 5681 cum
1719 5637 1772 5681 ct
1801 5627 2032 5682 humano
2063 5639 2117 5684 et

533 5731 659 5773 eum
712 5721 939 5777 humano
985 5732 1035 5778 te
1091 5723 1432 5779 examinante
1481 5719 1681 5791 judicio
1725 5720 1856 5777 falsa
1918 5722 2114 5780 iuerint

2228 4615 2280 4670 id
2308 4616 2496 4679 mavis,
2531 4626 2582 4670 te
2611 4629 2900 4672 accusante
2926 4619 3222 4682 convictus,
3255 4619 3551 4672 amissurus
3583 4618 3695 4686 pari
3730 4633 3810 4671 ra-

2227 4708 2392 4771 ti0ne,
2442 4708 2487 4761 si
2534 4724 2636 4762 non
2689 4711 2996 4764 eonviceris
3045 4711 3380 4779 dignitatem.
3433 4709 3514 4764 Sit
3565 4710 3703 4764 istud
3759 4710 3808 4763 in

2226 4799 2425 4854 mundo
2447 4798 2730 4869 judicium,
2764 4810 3039 4870 spectante
3069 4802 3177 4856 Deo
3204 4812 3256 4856 et
3284 4803 3488 4872 angelis
3515 4801 3654 4870 ejus,
3686 4815 3813 4870 spe-

2225 4892 2490 4947 etaeulum
2516 4893 2661 4945 omni
2688 4894 2884 4948 saeculo
2910 4895 3099 4958 simus,
3127 4911 3232 4965 quo
3264 4903 3352 4948 aut.
3380 4895 3634 4949 sacerdos
3661 4894 3815 4950 bona:

2227 4985 2373 5048 vitae,
2403 4991 2494 5036 aut
2530 4983 2819 5052 imperator
2853 4985 3114 5054 religiosa:
3155 4985 3430 5040 mode‘s’tim
3455 4996 3817 5054 consequatur

2228 5075 2558 5144 exemplum.
2589 5077 2719 5142 Quia
2751 5077 2834 5130 his
2861 5076 3131 5146 prmcipue
3157 5077 3364 5131 duobus
3391 5077 3587 5132 ofﬁciis
3612 5077 3816 5147 regitur

2231 5170 2520 5223 humanum
2557 5184 2744 5237 genus,
2789 5178 2848 5224 ut
2890 5185 2995 5224 non
3026 5171 3220 5226 debeat
3250 5171 3448 5240 aliquid
3477 5185 3666 5226 eorum
3695 5171 3816 5224 exi-

2228 5272 2392 5332 stere,
2424 5279 2529 5332 quo
2553 5264 2725 5317 valeat
2749 5263 2947 5320 offendi
2969 5264 3239 5332 divinitas,
3269 5267 3499 5319 maxime
3525 5280 3649 5320 cum
3672 5274 3817 5318 uter-

2228 5371 2332 5426 que
2363 5355 2535 5409 honor
2558 5356 2801 5411 videatur
2826 5371 2944 5412 esse
2972 5370 3281 5427 perpetuus,
3301 5367 3459 5427 atque
3480 5357 3554 5412 ita
3582 5358 3816 5412 humano

2227 5449 2413 5518 generi
2441 5463 2507 5501 ex
2537 5448 2798 5503 alterutro
2829 5453 3162 5507 consulatur.

2296 5539 2514 5608 Precor,
2549 5541 2861 5610 imperator,
2893 5557 3024 5611 pace
3056 5551 3142 5596 tua
3176 5541 3424 5606 dixerim,
3461 5551 3731 5596 memento
3766 5551 3817 5595 te

2226 5632 2520 5700 hominem,
2557 5642 2615 5686 ut
2647 5634 2819 5702 possis
2851 5635 2925 5688 uti
2969 5650 3226 5690 concessa
3263 5635 3353 5688 tibi
3381 5634 3638 5686 divinitus
3667 5643 3817 5701 pote-

2224 5731 2363 5779 state
2393 5741 2404 5774 :
2441 5723 2562 5794 quia
2593 5725 2801 5781 etiamsi
2858 5725 2973 5782 lucc
3006 5728 3103 5795 sub
3132 5727 3363 5781 humano
3397 5741 3710 5796 prmveuerc
3734 5724 3818 5790 ju-
