3990 6390
190 282 258 341 οθ
1397 287 1747 354 EPlSWL£

1862 288 1876 340 Γ
1916 287 2248 345 DECRETA.

3370 300 3440 360 70

188 397 345 461 dicio,
377 397 475 452 sub
495 396 678 453 divino
705 413 925 456 necesse
946 408 1026 452 cst
1047 407 1101 452 ιιι
1121 398 1472 453 discutiantur
1489 401 1754 454 examine.
1789 401 1839 461 Α
1863 410 1922 451 se
1942 399 2242 453 Christiano
2271 399 2382 452 vult
2403 399 2658 455 vocabulo
2679 405 2994 473 nuncupari,
3023 407 3161 464 inter
3183 408 3301 465 illos
3321 410 3440 468 sine

189 488 458 543 Fortassis
487 489 726 544 dicturus
755 506 834 554 es,
866 491 1120 556 scriptum
1151 505 1271 546 esse
1305 509 1316 542 :
1352 491 1503 544 Omni
1528 493 1763 560 potestati

189 592 278 630 ποι
307 578 536 631 subditos
566 594 672 632 esse
691 580 867 632 debere
890 578 1064 649 (Rom.
1092 578 1226 648 xm).
1252 579 1357 634 Nos
1378 579 1590 648 quidem
1616 590 1765 648 pote-

190 679 358 723 5tates
394 668 654 723 humanas
690 685 788 723 suo
827 671 945 724 loco
983 671 1322 740 suscipimus,
1372 671 1542 727 donec
1581 683 1764 727 contra

192 758 359 812 Deum
389 772 512 812 suas
535 759 742 828 erigunt
762 760 1084 814 voluntates.
1112 761 1370 816 Czeterum
1402 763 1444 815 si
1473 765 1645 816 omnis
1672 778 1766 831 po-

187 855 354 908 ‘ﬁstas
378 865 406 903 a
429 851 540 904 Deo
563 861 664 914 est,
686 852 852 921 magis
877 867 1002 922 ergo
1026 868 1142 921 quae
1165 853 1322 906 rebus
1369 865 1444 907 est
1473 852 1764 923 prmstitula

185 939 406 998 divinis.
439 941 598 994 Defer
625 941 734 995 Deo
757 943 807 996 in
838 943 1010 1008 nobis,
1045 955 1096 998 et
1128 959 1224 998 nos
1252 943 1551 998 deferemus
1576 945 1684 999 Deo
1713 946 1765 999 in

185 1040 261 1088 be.
294 1029 558 1085 Caeterum
589 1031 632 1085 si
666 1041 717 1085 tu
753 1033 860 1086 Deo
892 1049 994 1087 non
1036 1034 1278 1100 deferas,
1331 1052 1434 1089 non
1468 1047 1618 1104 potes
1649 1036 1766 1104 ejus

188 1123 262 1178 Leti
294 1122 566 1191 privilegio
586 1164 600 1185 ,
629 1122 779 1191 cujus
802 1123 921 1192 jura
949 1126 1265 1178 contemnis.

261 1211 404 1265 Dicis
443 1213 579 1280 quod
619 1228 825 1267 mecum
864 1215 1205 1282 conspirante
1233 1224 1425 1270 senatu
1459 1231 1768 1270 excommu-

167 1303 480 1359 nicaverim
514 1313 587 1358 te.
630 1304 728 1357 Ista
759 1306 970 1374 quidem
999 1321 1118 1375 ego,
1160 1307 1252 1361 sed
1280 1307 1668 1362 rationabiliter
1691 1307 1766 1361 fa-

187 1401 335 1450 ctum
383 1407 412 1444 a
461 1392 836 1447 decessoribus
879 1397 1034 1459 meis,
1078 1397 1194 1450 sine
1240 1396 1404 1451 dubio
1447 1399 1762 1466 subsequor.

191 1477 335 1538 Dicis
372 1482 512 1550 quod
547 1483 684 1537 male
716 1493 764 1537 te
796 1484 1065 1540 Romanus
1096 1494 1284 1541 tractet
1312 1497 1547 1548 senatus.
1583 1490 1640 1542 Si
1669 1503 1767 1544 nos

197 1579 249 1625 te
271 1572 409 1626 male
439 1582 742 1632 tractamus.
778 1576 1063 1631 suadentes
1090 1586 1146 1631 ut
1190 1579 1431 1633 discedas
1458 1581 1526 1634 ab
1556 1579 1766 1634 haereti-

199 1661 310 1728 cis,
345 1670 396 1714 tu
426 1677 519 1715 nos
552 1663 686 1718 bene
725 1674 941 1724 tractas.
994 1682 1128 1736 quos
1168 1669 1246 1724 vis
1274 1672 1481 1727 sociare
1521 1672 1766 1740 praccipi-

1863 486 2024 540 dubio
2045 489 2426 557 deputandum,
2458 489 2546 558 qui
2569 500 2764 545 rectam
2790 493 3176 551 confessionem
3209 513 3442 554 contmn-

1865 575 2186 646 nionemque
2221 579 2576 634 Christianam
2605 582 2766 634 variis
2787 585 3251 650 superstitionibus
3273 588 3442 658 impu-

1864 681 2028 735 gnare
2058 675 2182 722 sunt
2214 669 2346 734 nisi,
2387 670 2510 724 dum
2548 671 2682 725 hanc
2719 684 2772 726 et
2810 672 2906 740 ipsi
2937 690 3252 746 quocunque
3281 678 3441 733 modo

1867 759 2160 826 percellere
2193 759 2503 816 moliuntur.
2529 763 2660 831 Quid
2693 765 2912 818 interest
2935 766 3072 819 enim
3093 805 3108 830 ,
3137 777 3310 820 utrum
3345 782 3441 835 pa-

1865 862 2051 915 gamus,
2087 864 2175 915 an,
2204 850 2345 916 quod
2375 862 2455 904 est
2483 853 2738 919 deterius,
2771 855 2871 908 sub
2898 857 3112 909 nomine
3139 855 3442 912 Christiano

1869 952 2044 990 veram
2090 939 2462 1005 sinceramque
2506 943 2843 997 traditionem
2890 944 3197 1014 apostolica:
3243 945 3443 1015 regula:

1866 1033 2088 1078 Cont'lur
2121 1025 2429 1095 infringere,
2451 1038 2610 1096 atque
2634 1031 2684 1083 in
2708 1027 2844 1085 hanc
2865 1047 3209 1103 prorumpere
3230 1035 3444 1090 caecita-

1869 1120 1996 1178 tem,
2032 1125 2085 1168 ut
2116 1131 2233 1169 eum
2267 1115 2317 1168 in
2356 1117 2454 1169 illis
2486 1119 2815 1186 regionibus,
2847 1133 3050 1176 cunctae
3083 1140 3297 1193 prorsus
3328 1125 3441 1180 ha:-

1869 1216 2050 1258 rcseos
2074 1205 2351 1272 Opiniones
2375 1214 2496 1259 suas
2526 1207 2755 1262 habeant
2789 1213 2996 1276 publice
3024 1209 3288 1268 licentiam
3322 1233 3444 1285 pro-

1872 1295 2074 1361 fitendi,
2119 1297 2231 1349 sola
2261 1296 2535 1357 catholica:
2565 1303 2956 1358 eommunionis
2987 1306 3201 1360 libertas
3233 1318 3446 1376 putetur

1868 1381 1935 1434 ab
1964 1382 2028 1434 iis
2073 1384 2162 1452 qui
2191 1399 2247 1437 se
2279 1383 2556 1452 religiosos
2585 1387 2892 1441 existimant
2921 1394 3264 1448 subruenda?
3316 1396 3445 1461 Qua:

1867 1473 1910 1524 si
1937 1481 2148 1538 putatur
2169 1490 2321 1528 error
2351 1476 2513 1543 (quod
2543 1491 2646 1530 non
2673 1475 2819 1543 licet)
2847 1494 2970 1533 cum
2995 1485 3226 1549 caeteris,
3251 1485 3445 1554 quibus

1870 1559 1977 1613 illic
2008 1560 2228 1616 facultas
2263 1571 2346 1617 est
2384 1580 2563 1633 agere,
2608 1567 2814 1620 sinatur
2848 1571 3143 1625 erroribus.
3189 1575 3282 1628 Sin
3311 1575 3446 1628 inte-

1867 1651 2031 1718 gritas
2068 1653 2392 1716 aestimatur,
2421 1656 2689 1723 sequenda
2723 1659 2894 1724 potius
2926 1658 3096 1713 fuerat
3149 1678 3306 1730 quam
3335 1663 3448 1719 vio-

202 1758 376 1805 lam"
418 1751 722 1808 hmrelicis?
758 1755 892 1822 Quid
941 1757 1006 1809 ad
1048 1773 1153 1821 me,
1205 1760 1434 1828 inquies,
1473 1737 1614 1829 ῳ]οά
1660 1737 1766 1830 e’gil
1797 1737 2010 1830 Blenta
2063 1742 2448 1830 persecutione
2490 1745 2768 1797 vastanda.
2823 1746 2930 1800 Nec
2984 1764 3100 1801 eam
3157 1751 3448 1818 probantur

194 1839 456 1894 Aeacius?
493 1843 700 1899 Recede
736 1860 883 1914 ergo,
922 1857 972 1900 ct
1013 1849 1142 1902 nihil
1185 1851 1251 1904 ad
1297 1860 1365 1904 te.
1416 1851 1547 1905 Nam
1583 1852 1626 1906 si
1658 1868 1760 1907 non

191 1931 399 1986 recedis
421 1931 486 1986 ab
515 1949 600 1999 eo,
621 1949 702 2002 pet
718 1938 850 2002 tinet
878 1947 932 1990 et
958 1938 1023 1991 ad
1048 1947 1120 1997 te.
1143 1939 1523 2010 Relinquamus
1541 1951 1762 2010 uterque

192 2031 480 2078 mortuum.
517 2027 580 2078 lit
624 2042 720 2080 nos
753 2028 852 2082 hoc
886 2031 1132 2097 petimus,
1167 2041 1226 2086 ut
1253 2034 1384 2088 nihil
1421 2035 1487 2089 ad
1519 2046 1569 2089 te
1601 2037 1762 2106 perti-

191 2123 314 2168 neat
344 2117 484 2185 quod
521 2121 625 2187 egit
665 2121 911 2176 Aeacius.
957 2123 1034 2178 Tu
1077 2139 1173 2180 nos
1217 2126 1347 2181 facis
1375 2128 1608 2196 objicere
1641 2129 1760 2194 tibi,

190 2205 278 2272 qui
305 2206 382 2258 vis
404 2208 467 2258 ad
489 2215 538 2259 te
564 2212 827 2276 pertinere
850 2212 988 2281 quod
1015 2215 1118 2283 egit
1141 2216 1388 2270 Aeacius.
1405 2217 1511 2272 Nos
1535 2222 1761 2273 vitamus

190 2293 330 2359 quod
371 2296 478 2363 egit
509 2300 768 2364 Aeacius;
800 2303 901 2355 vita
936 2311 990 2357 ct
1019 2313 1071 2357 tu
1111 2325 1123 2356 :
1169 2314 1223 2358 et
1259 2308 1322 2360 ad
1365 2320 1619 2378 utrosque
1655 2325 1760 2364 non

189 2383 420 2448 pertinet
447 2387 585 2453 quod
616 2391 722 2456 egit
745 2391 991 2458 Acatins,
1020 2405 1074 2446 nt
1096 2397 1266 2462 possis
1294 2399 1408 2451 sine
1432 2400 1495 2452 iis
1518 2415 1634 2468 qum
1657 2403 1764 2469 egit

189 2469 422 2525 Aeacius
451 2489 570 2526 eum
602 2491 663 2528 ea
692 2495 806 2544 qum
829 2480 894 2532 ad
929 2496 1025 2534 nos
1055 2486 1287 2550 pertinet
1307 2501 1463 2540 causa
1493 2489 1761 2557 conjungi,

191 2568 251 2610 ut
297 2563 470 2629 possis
512 2564 628 2618 sine
668 2567 860 2621 Acacio
899 2579 1097 2624 nostra:
1141 2575 1504 2629 communioni
1550 2578 1762 2632 sociari.

187 2649 301 2704 Nos
334 2667 437 2706 non
468 2662 518 2708 te
545 2661 1140 2728 cxcomrnunicavimus,
1165 2664 1475 2735 imperator,
1509 2669 1601 2723 sed
1624 2671 1765 2724 Aca-

131 2721 144 2732 ’
171 2741 332 2796 .cium
363 2759 377 2795 :
414 2755 464 2797 tu
487 2747 680 2802 recede
709 2750 776 2803 ab
799 2752 1012 2820 Acacio,
1040 2764 1094 2810 et
1125 2758 1194 2811 ab
1222 2758 1365 2812 illius
1394 2747 1785 2818 excommuniJ

186 2834 398 2887 catione
423 2837 646 2891 recedis.
667 2839 744 2892 Tu
766 2851 814 2894 te
837 2842 942 2895 noli
968 2845 1196 2901 miscere
1217 2852 1761 2910 excommunicationi

185 2920 324 2990 ejus,
348 2931 400 2977 et
427 2940 531 2980 non
560 2941 617 2978 es
640 2932 1128 2987 excommunicatus
1146 2950 1177 2989 a
1202 2939 1371 2992 nobis.
1387 2939 1443 2994 Si
1476 2951 1525 2996 te
1548 2945 1758 3013 misces,

185 3025 292 3065 non
322 3027 351 3065 a
381 3016 534 3071 nobis
555 3059 568 3083 ,
604 3019 696 3087 sed
723 3035 752 3073 a
783 3024 951 3092 teipso
977 3032 1465 3089 excommunicatus
1492 3051 1570 3090 es.
1601 3039 1671 3091 Ita
1707 3040 1762 3094 fit

184 3113 242 3159 ut
264 3105 316 3158 in
342 3116 586 3177 utroque,
614 3113 726 3166 sive
746 3114 1013 3184 discedas,
1041 3136 1145 3175 non
1174 3123 1248 3176 sis
1269 3131 1761 3188 excommunicatus
1788 3116 1833 3179 Ο

183 3213 212 3252 a
242 3199 421 3266 nobis,
454 3203 564 3257 site
594 3219 698 3258 non
729 3207 995 3280 discedas,
1030 3228 1134 3268 non
1165 3216 1238 3270 sis
1267 3225 1761 3296 excommunicatus

182 3303 211 3341 a
238 3291 415 3345 nobis.
445 3294 701 3354 Catholici
743 3301 1008 3371 principes
1031 3308 1245 3375 quidem
1288 3291 1500 3382 semper
1547 3330 1761 3387 aposto-

182 3377 318 3433 licos
350 3386 605 3450 prsesules
629 3387 902 3451 institutos
932 3395 1042 3450 suis
1071 3397 1260 3455 litteris
1283 3377 1676 3477 prevenertint,
1711 3419 1763 3463 ct

182 3471 330 3527 illam
375 3476 765 3535 confessionem
807 3484 1070 3555 fidemque
1118 3493 1466 3562 przccipuam,
1509 3507 1760 3569 tanquam

180 3564 307 3620 boni
338 3567 452 3629 filii.
483 3573 806 3638 quaesierunt
831 3575 1026 3632 debita:
1059 3582 1270 3646 pietatis
1296 3588 1508 3652 affectu,
1542 3564 1631 3644 cui
1661 3608 1760 3646 no-

183 3656 290 3713 scis
315 3658 482 3740 ipsiqs
515 3661 723 3718 Domini
752 3663 1041 3723 Salvatoris
1072 3686 1165 3725 ore
1193 3689 1371 3730 curam
1401 3680 1561 3733 totius
1585 3681 1762 3737 Eccle-

179 3745 276 3800 size
307 3747 627 3818 delegatam.
651 3753 800 3819 Quod
823 3760 941 3826 quia
969 3775 1064 3827 per
1084 3765 1395 3832 occasiones
1417 3766 1643 3825 fortasse
1668 3787 1759 3840 pu-

180 3834 351 3896 blicas
385 3848 468 3894 tua
495 3845 732 3901 creditur
757 3851 1076 3914 praeteriisse
1100 3859 1476 3926 tranquillitas,
1503 3877 1569 3918 ne
1591 3867 1758 3933 magis

179 3925 446 3986 honorent
470 3944 643 3988 meum
675 3953 833 4006 quam
859 3925 1270 4001 sollicitudinem
1301 3950 1554 4008 dominici
1581 3959 1757 4026 gregis

175 4030 439 4089 appetere
489 4023 780 4094 iudicaret,
845 4035 1115 4103 appellare
1161 4053 1266 4092 non
1315 4040 1481 4097 distiti
1533 4023 1758 4103 meis'te

175 4119 379 4178 sponte
399 4113 694 4184 colloquiis.

180 4219 187 4226 -
256 4199 543 4267 Vulgatum
587 4205 751 4260 fuisse
785 4208 1052 4279 designas,
1093 4217 1234 4283 quod
1265 4225 1349 4271 tua
1385 4223 1646 4278 serenitas
1677 4227 1757 4279 di-

173 4298 327 4344 recta
363 4290 577 4345 militari
607 4310 765 4349 manu
820 4303 1164 4369 compelleret
1194 4321 1285 4360 cos
1315 4310 1402 4378 qui
1429 4325 1488 4366 se
1514 4327 1542 4365 a
1570 4325 1753 4370 conta-

171 4380 339 4449 gione
368 4381 693 4449 perfidorum
728 4389 908 4443 multis
949 4396 1276 4462 temporibus
1307 4400 1580 4458 abstinere
1609 4405 1756 4461 dele-

171 4473 376 4538 gerint,
429 4473 477 4525 vi
529 4482 584 4528 et
628 4479 791 4531 armis
841 4481 891 4533 in
951 4488 1311 4550 prazvaricatre
1362 4473 1833 4553 communionisD

171 4566 448 4620 consortia
496 4567 830 4627 detestanda.
884 4575 980 4631 Ubi
1035 4589 1120 4648 te,
1170 4598 1346 4639 rerum
1401 4588 1750 4646 humanarum

171 4655 448 4724 princeps,
473 4661 854 4732 qualiscunque
879 4669 1021 4723 sedis
1044 4676 1346 4741 apostolica:
1375 4680 1600 4736 vicarius
1623 4698 1749 4740 eon-

174 4749 362 4802 testari
394 4764 510 4805 mea
537 4768 663 4808 voce
703 4772 805 4810 non
834 4760 1040 4830 desino,
1071 4775 1126 4818 ut
1159 4776 1207 4821 te
1239 4772 1544 4828 memineris
1576 4775 1748 4833 homi-

174 4854 293 4894 nem
334 4845 670 4910 quantalibet
709 4851 782 4903 sis
812 4854 992 4907 mundi
1037 4866 1298 4923 potestate
1336 4867 1616 4934 subnixus,
1650 4874 1753 4926 cir-

171 4935 602 5006 cumspiciasque
631 4952 873 5009 cunctos,
907 4949 992 5015 qui
1021 4949 1089 5002 ab
1119 4951 1268 5006 initio
1299 4957 1560 5026 dogmatis
1591 4963 1746 5018 Chri-

171 5021 326 5076 stiani
364 5026 682 5084 catholicam
730 5032 886 5088 fidem
927 5038 1138 5094 diverso
1192 5051 1460 5114 proposito
1503 5059 1745 5125 persequi

173 5113 255 5166 vel
291 5117 530 5185 affligere
569 5131 692 5175 sunt
731 5127 929 5190 conati,
969 5113 1415 5197 quemadmodum
1463 5113 1749 5212 (vastitantis

175 5200 550 5270 insectatione,
594 5211 746 5280 cujus
782 5216 982 5283 piacuit
1020 5225 1353 5282 contritionis
1400 5200 1578 5304 illattc)
1625 5237 1745 5306 ipsi,

173 5294 258 5360 qui
287 5295 570 5353 intulerint
609 5301 708 5356 ista
742 5308 1096 5374 przevalendo,
1133 5314 1445 5388 defecerint,
1478 5333 1530 5378 et
1558 5294 1745 5383 ortho;

173 5380 302 5437 doxa
335 5388 541 5442 veritas
574 5390 672 5446 hoc
717 5399 1053 5463 prmvaluerit
1091 5408 1286 5475 magis,
1331 5427 1436 5480 quo
1472 5424 1747 5484 putaretur

173 5485 424 5543 Oppressa
462 5497 473 5530 :
509 5498 624 5547 qua}
645 5485 780 5540 sicut
807 5491 906 5544 sub
933 5492 1341 5554 inscctatoribus
1370 5506 1482 5560 suis
1513 5510 1747 5564 crevisse

174 5576 523 5638 monstratur,
567 5573 646 5631 sic
684 5577 969 5636 obtrivisse
997 5591 1338 5655 cognoscitur
1381 5595 1744 5667 insequentes.

175 5651 331 5710 Miror
370 5660 414 5712 si
459 5676 560 5716 non
587 5662 847 5727 humanus
877 5687 1068 5732 sensus
1097 5679 1339 5750 intendit,
1367 5689 1630 5760 praecipue
1657 5694 1743 5762 qvi

1868 1827 2074 1896 insequi
2121 1830 2374 1898 potuisse,
2429 1833 2529 1886 nisi
2579 1850 2737 1901 prava
2786 1844 3071 1891 sectantes.
3121 1840 3189 1892 At
3233 1855 3300 1896 ne
3346 1843 3446 1912 ipsi

1865 1919 2317 1974 convincerentur
2342 1937 2543 1988 errare,
2578 1924 2840 1991 repellere
2869 1927 3187 1995 cogitarunt,
3215 1942 3321 1997 quo
3350 1946 3448 1984 nu-

1865 2006 2112 2061 tabantur
2147 2019 2410 2076 errantes,
2449 2013 2710 2067 malentes
2747 2028 2852 2067 non
2888 2017 3146 2071 assectari
3178 2019 3318 2087 quod
3357 2019 3447 2089 ju-

1864 2108 2004 2155 Stum
2048 2110 2153 2164 est,
2186 2102 2279 2155 sed
2324 2103 2501 2171 potius
2534 2105 2856 2159 submovere
2885 2121 2990 2174 quo
3019 2107 3342 2164 docerentur
3368 2111 3448 2164 in-

1863 2187 2013 2256 justi.
2063 2189 2150 2244 S‘c
2205 2193 2426 2245 recessit
2469 2191 2538 2246 ab
2579 2192 2824 2247 humanis
2870 2197 3133 2251 mentibus
3179 2197 3342 2266 Deus,
3391 2210 3448 2254 ut

1863 2279 2130 2332 obstinate
2158 2290 2342 2334 contra
2368 2281 2453 2348 jus
2485 2282 2812 2338 voluntatem
2854 2299 2959 2339 non
2996 2286 3277 2355 aspiciant,
3309 2297 3363 2343 et
3391 2291 3446 2345 in

1865 2366 1968 2419 isto
1998 2371 2197 2422 smeulo
2243 2369 2481 2425 divinum
2524 2387 2628 2426 non
2667 2373 2856 2428 deesse
2887 2388 3042 2443 posse
3065 2377 3351 2446 judicium,
3394 2392 3446 2436 et

1868 2463 1986 2519 post
2015 2455 2171 2522 hujus
2201 2458 2323 2510 vitae
2351 2472 2565 2512 cursum
2598 2460 2672 2512 illi
2699 2463 2768 2514 sit
2792 2465 3072 2520 tremendo
3102 2481 3208 2520 non
3239 2468 3449 2524 defutu-

1868 2555 1959 2593 rus
1999 2544 2253 2604 examini.
2307 2545 2406 2599 sub
2446 2561 2552 2614 quo
2591 2549 3008 2614 perniciosarum
3056 2556 3233 2609 studia
3278 2560 3450 2615 modis

1869 2631 2115 2685 onitiibus
2159 2633 2426 2687 actionum
2469 2635 2708 2691 discussa
2758 2640 3046 2707 patefiant,
3092 2651 3146 2698 et
3191 2647 3449 2713 patefacta

1870 2721 2174 2787 puniantur,
2214 2722 2315 2776 nisi
2357 2726 2444 2790 qui
2486 2724 2600 2780 hazc
2625 2729 2845 2782 omnino
2880 2745 2985 2784 non
3016 2731 3262 2801 credunt,
3293 2737 3451 2805 quive

1867 2809 1960 2863 illa
1995 2824 2052 2864 se
2083 2822 2417 2880 perpetrasse
2448 2813 2664 2881 impune
2693 2816 2986 2872 confidunt.
3014 2819 3119 2874 Nos
3147 2831 3322 2878 autem
3351 2824 3450 2880 hu-

1869 2904 2010 2956 mani
2039 2906 2252 2974 generis
2281 2908 2667 2961 conscientiam
2693 2911 3004 2976 eontestari,
3033 2927 3134 2981 qua
3166 2928 3449 2982 possumus

1867 3009 2018 3061 voce,
2057 2997 2358 3051 nullatenus
2384 3011 2658 3053 cessamus
2684 3001 3106 3069 omnipotentem
3139 3003 3305 3060 Deum
3334 3008 3449 3062 suis

1867 3088 2086 3144 minime
2107 3089 2432 3158 defuturum,
2461 3103 2515 3148 et
2535 3103 2944 3167 quantacunque
2962 3097 3032 3151 sit
3057 3098 3285 3155 humana
3308 3117 3446 3172 pra:-

1865 3179 2123 3245 sumptio,
2165 3190 2575 3249 quantacunque
2619 3185 2894 3252 potentia,
2937 3187 3038 3242 sub
3081 3189 3265 3246 divino
3315 3204 3446 3249 nutu

1863 3266 2018 3334 hujus
2044 3270 2339 3323 atrocitatis
2363 3285 2641 3327 censuram
2673 3275 2790 3329 sine
2818 3275 3150 3334 dubitatione
3176 3281 3447 3338 vindican-

1861 3356 2003 3411 dam.
2036 3358 2164 3410 Nam
2191 3360 2347 3413 talem
2377 3375 2563 3415 ausum
2596 3378 2768 3433 neque
2794 3365 2878 3420 hic
2905 3367 3226 3423 confidimus
3256 3386 3446 3427 evasu-

1864 3461 2006 3509 rum,
2051 3456 2104 3499 et
2130 3447 2179 3500 in
2213 3448 2303 3502 illo
2335 3465 2526 3518 magno
2555 3451 2648 3506 Dei
2685 3455 2890 3521 judicio
2915 3467 3278 3526 recepturum,
3302 3465 3444 3531 quod

1863 3531 1929 3588 iis
1953 3537 2342 3590 tt-meritatibus
2364 3537 2542 3592 divina
2569 3541 2920 3598 retributione
2941 3543 3186 3601 debetur.
3204 3547 3328 3604 llatc
3347 3566 3447 3605 nos

1863 3637 2196 3690 nequaquam
2231 3627 2462 3681 tacuisse
2481 3630 2748 3704 sufficiat,
2783 3641 2838 3687 ut
2869 3648 2989 3688 cum
3018 3648 3248 3704 superna
3282 3638 3445 3697 fuerit

1862 3710 1994 3762 ultio
2031 3714 2339 3777 subsecuta,
2379 3724 2432 3769 et
2475 3731 2599 3771 vera
2630 3733 2727 3774 nos
2763 3722 3048 3789 protulisse
3083 3727 3443 3786 consideratio

1862 3799 2089 3856 humana
2128 3815 2435 3876 cognoscat,
2467 3815 2521 3861 et
2559 3823 2769 3877 ptenam
2803 3828 2909 3868 non
2948 3815 3177 3874 inaniter
3202 3835 3442 3888 pronun-

1862 3887 2022 3942 tiasse
2064 3903 2364 3962 venturam,
2407 3906 2457 3950 et
2494 3901 2848 3968 praeposuisse
2878 3887 3298 3972 praemunitionis
3329 3914 3438 3967 for-

1858 3995 2021 4045 mam,
2060 4000 2159 4050 qua
2201 3987 2509 4055 hujusmodi
2551 3994 2860 4062 praecipitiis
2901 3997 2967 4052 de
3006 4010 3205 4056 caetero
3237 4014 3441 4075 tempe-

1858 4080 2026 4125 retur.
2073 4073 2230 4127 Certe
2288 4077 2332 4129 si
2391 4077 2692 4145 huiusmodi
2736 4094 3017 4150 propterea
3063 4073 3443 4158 relinquendos

1861 4158 2078 4225 proprio
2101 4159 2338 4215 definitis
2352 4165 2733 4235 arbitrio,quia
2753 4185 2849 4223 nec
2867 4186 2898 4224 a
2921 4172 3236 4231 Christianis
3258 4184 3439 4237 vexari

1859 4244 2048 4299 deccat
2084 4248 2356 4303 Christum
2395 4267 2716 4324 quocunque
2757 4257 2908 4312 titulo
2953 4262 3292 4331 confitentes,
3342 4285 3442 4325 nec

1859 4336 2100 4391 viventes
2126 4339 2177 4392 in
2196 4339 2319 4408 jure
2349 4343 2590 4401 Romano
2623 4349 2843 4405 lacerari
2867 4357 3153 4412 conveniat
3181 4375 3211 4415 a
3243 4361 3440 4419 Roma-

1858 4426 1974 4490 nis;
2003 4441 2393 4498 consequenter
2414 4436 2744 4502 ostenditur,
2786 4440 3053 4500 liotnanos
3084 4445 3350 4518 homines,
3381 4466 3436 4509 et

1857 4516 2239 4585 qualiscunque
2281 4520 2598 4579 Christiana:
2630 4532 2974 4596 professionis
3014 4536 3292 4607 impetere,
3337 4559 3435 4599 nec

1856 4608 2216 4666 Christianum
2233 4617 2333 4669 dici
2357 4634 2512 4685 posse
2526 4623 2696 4676 modis
2711 4628 2978 4696 omnibus,
2997 4647 3095 4686 nec
3109 4634 3429 4694 Romanum.

1856 4698 2088 4756 Proinde
2129 4713 2221 4757 aut
2261 4709 2547 4774 repellendi
2595 4711 2828 4779 fucrattt,
2871 4728 2962 4772 aut
3001 4721 3180 4777 nullus
3222 4728 3432 4794 penitus

1856 4790 2213 4860 itnpetcndus,
2243 4807 2297 4851 et
2325 4801 2463 4866 quod
2495 4802 2545 4855 in
2580 4818 2685 4858 uno
2718 4823 2913 4874 genere
2937 4810 3147 4879 judicas
3178 4833 3430 4874 amoven-

1857 4879 2000 4945 dum,
2031 4884 2084 4935 in
2115 4888 2360 4941 omnibus
2390 4893 2610 4958 repelle,
2637 4896 2676 4947 si
2706 4900 2984 4965 prmVaIes.
3017 4902 3074 4957 Si
3100 4907 3273 4961 omnia
3305 4920 3433 4965 sunt

1851 4973 2094 5039 sinentla,
2142 4978 2318 5032 nullus
2365 4984 2572 5048 penitus
2613 4989 2996 5048 excludendos.
3048 4998 3261 5068 Alioqui
3301 5003 3426 5056 dum

1854 5065 2122 5129 parcendo
2145 5072 2350 5123 cunctis
2373 5075 2646 5131 erroribus
2669 5080 2740 5133 sis
2764 5084 2987 5151 amicus,
3004 5103 3107 5142 non
3132 5093 3232 5146 nisi
3254 5094 3426 5146 solum

1852 5153 1944 5205 tibi
1990 5156 2246 5223 probatur
2282 5160 2623 5231 displicuisse
2665 5173 2803 5238 quod
2849 5191 3031 5230 verum
3086 5191 3188 5236 est.
3231 5182 3426 5237 Omnes

1851 5245 2097 5298 catholici
2139 5249 2429 5318 principes,
2475 5257 2588 5311 sive
2627 5275 2748 5314 cum
2793 5265 3031 5333 imperiis
3069 5271 3424 5338 gubernacula

1851 5346 2216 5404 susceperunt,
2245 5343 2358 5396 sive
2379 5359 2500 5399 cum
2529 5352 2837 5415 apo=tolicae
2864 5357 2975 5410 sedi
3000 5373 3164 5413 novos
3192 5374 3425 5428 agnove-

1850 5437 1973 5480 runt
2003 5431 2258 5496 pratsulcs
2290 5433 2581 5502 institutos,
2607 5441 2670 5494 ad
2695 5458 2810 5498 eam
2835 5462 2928 5501 sua
2959 5451 3202 5516 protinus
3226 5452 3426 5522 scripta

1849 5518 2132 5583 miserunt,
2169 5531 2223 5575 ut
2249 5539 2306 5577 sc
2334 5525 2589 5582 docerent
2621 5533 2734 5600 (χίας
2768 5551 2888 5592 esse
2913 5550 3213 5595 consortes.
3243 5541 3425 5613 Itaque

1849 5609 1937 5674 qui
1970 5609 2067 5662 hoc
2098 5627 2201 5664 non
2242 5614 2519 5683 fecerunt,
2563 5621 2630 5673 ab
2659 5625 2844 5680 eadem
2876 5623 3079 5695 seipsos
3111 5631 3426 5699 profitentur

1850 5700 2072 5769 alienos,
2109 5706 2252 5772 quod
2275 5707 2475 5766 chartis
2503 5726 2711 5781 quoque
2745 5717 2846 5772 tuis
2875 5717 3010 5785 apud
3035 5729 3085 5778 te
3113 5721 3268 5777 etiam
3299 5739 3424 5791 pos-
