3990 6390
459 314 465 321 ’
557 326 621 382 'II
1880 317 2232 375 SIMMACHI
2271 318 2474 375 ΡΔΡΕ
3766 320 3841 380 72

558 451 743 494 sumus
767 442 1029 503 astruere,
1062 436 1164 491 nisi
1201 444 1254 490 te
1281 433 1555 499 mmulum,
1588 441 1642 488 et
1668 447 1841 498 reum,
1865 446 1919 487 et
1946 430 2127 485 inimi-
2163 437 2214 494 Α
2240 431 2487 487 ﬁdelibus
2512 447 2615 486 non
2640 444 2913 501 negamus.
2936 426 3178 499 Accipite
3200 431 3499 486 veneranda
3519 435 3835 502 patrocinia

560 545 679 583 cum
710 527 1021 591 vitaremus,
1040 534 1091 579 et
1115 525 1379 594 judicem.
1405 524 1520 578 Non
1548 522 1741 577 mirum
1763 522 1811 577 si
1838 520 2134 576 catholicos

560 627 953 688 persequuntur
1013 617 1426 671 Manichaeorum
1477 614 1716 685 patroni,
1764 630 1887 671 cum
1936 613 2137 669 falsitas

560 723 665 761 non
703 709 866 775 possit
892 721 996 761 non
1034 707 1283 775 persequi
1323 706 1626 761 veritatem.
1661 705 1776 759 Non
1800 706 1991 759 mirum
2016 705 2057 759 si
2084 705 2135 757 in

561 799 890 853 orthodoxos
918 798 1157 864 saeviant,
1188 797 1382 866 quibus
1420 804 1604 867 potest
1632 811 1753 851 cum
1788 796 1999 851 cunctis
2033 798 2141 847 ba:-

564 891 773 945 resibus
804 889 1108 952 convenire,
1148 896 1202 942 et
1236 888 1503 942 universis
1542 886 1819 941 erroribus
1848 886 2002 939 amici
2034 899 2140 939 non

566 982 775 1053 possint
801 982 898 1035 nisi
922 982 1050 1034 solis
1070 994 1187 1035 esse
1213 995 1321 1035 non
1344 979 1648 1034 errantibus
1669 978 1962 1033 inimici.Si
1986 991 2140 1031 error

567 1082 672 1136 est,
712 1072 1102 1126 convincendus
1135 1080 1255 1126 est:
1284 1085 1469 1125 verum
1500 1070 1543 1124 si
1571 1083 1725 1124 error
1751 1084 1857 1123 non
1886 1077 1969 1123 est
1992 1108 2007 1132 ,
2044 1065 2140 1119 tibi

569 1176 753 1216 verum
789 1162 977 1215 deesse
1012 1176 1299 1231 cognosce,
1328 1159 1421 1228 qui
1460 1162 1800 1229 persequeris
1837 1173 1945 1226 quo
1980 1155 2143 1227 proﬁ-

574 1254 702 1307 teris
730 1267 911 1307 errare
952 1252 1047 1322 (al.
1076 1265 1184 1321 quo
1213 1250 1548 1305 eonvinceris
1577 1249 1804 1321 errore).
1832 1249 1936 1306 Sed
1966 1248 2145 1318 pravi-

570 1342 696 1396 tatis
719 1342 965 1410 complex
1004 1357 1113 1394 non
1149 1348 1326 1410 potest
1358 1342 1455 1395 nisi
1482 1355 1604 1396 eum
1637 1338 1918 1411 persequi,
1945 1339 2033 1408 qui
2062 1346 2145 1392 est

569 1432 844 1501 pravitatis
876 1431 1146 1486 inimicus.

931 1563 1263 1619 EPISTULA
1303 1563 1371 1618 XI
1416 1561 1601 1632 (emt
1635 1562 1773 1631 vn).
1894 1532 1949 1606 ὶκ

567 1669 829 1710 SYRIACI“
870 1669 1013 1707 ΡΔΡᾸΞ
1057 1669 1156 1707 νει,
1196 1668 1397 1707 ελιτεδί
1442 1666 1603 1706 IPSIUS
1641 1666 1836 1706 NOMINE
1878 1664 1941 1703 AB
1984 1664 2146 1703 ENNO-

642 1741 726 1778 »ιο
764 1738 982 1776 DIACONO
1010 1737 1222 1776 semen
1264 1740 1328 1775 AD
1369 1737 1644 1776 ertscoros
1682 1734 2038 1775 conressones
2070 1720 2145 1789 (in

642 1793 941 1848 Sardiniam
973 1803 1014 1845 et
1042 1794 1171 1845 alias
1197 1794 1390 1845 insulas
1423 1792 1754 1861 deportatos).

644 1904 1013 1959 Dilectissim's
1046 1903 1296 1956 fratribus
1319 1903 1584 1971 episc0pis
1600 1902 1745 1956 Afris
1770 1901 2142 1973 Symmachus.

644 2015 872 2069 Lucrum
894 2017 1125 2079 torsitan
1151 2024 1361 2081 putaret
1384 2013 1651 2076 inimicus,
1681 2015 1723 2067 si
1756 2015 1893 2068 inter
1913 2014 2150 2083 pericula

574 2120 693 2175 quae
722 2104 1036 2157 Christianis
1064 2103 1278 2167 indixit,
1313 2103 1645 2156 credentium
1671 2103 1877 2156 animos
1908 2103 2151 2171 subegis-

572 2203 682 2264 set,
710 2204 764 2249 et
784 2210 875 2263 per
898 2195 1111 2249 diversa
1139 2194 1345 2247 Domini
1372 2207 1532 2262 grege
1552 2192 1814 2261 disperso,
1839 2208 1944 2246 non
1968 2207 2155 2262 super-

574 2294 720 2341 esset
748 2286 829 2339 vel
861 2285 997 2338 inter
1026 2298 1237 2353 paucos.
1271 2298 1300 2336 a
1346 2282 1536 2350 quibus
1566 2283 1734 2350 possit
1776 2282 1879 2336 ﬁde
1909 2296 2156 2351 persevc-

583 2391 738 2435 rante
781 2380 996 2435 calcari.
1032 2380 1238 2448 Regnat
1280 2378 1454 2432 adhuc
1504 2378 1592 2433 ille
1616 2378 1667 2432 in
1702 2393 1924 2433 numero
1954 2386 2152 2442 vestro,

576 2471 668 2540 qui
701 2470 799 2527 sibi
844 2486 948 2524 non
993 2479 1099 2523 tam
1137 2471 1189 2522 in
1224 2469 1559 2523 multitudine
1595 2482 1751 2538 quam
1783 2470 1832 2522 in
1872 2469 2155 2523 devotione

571 2563 912 2632 complacuit.
944 2562 1209 2630 Scriptum
1235 2570 1317 2615 est
1340 2564 1480 2616 enim
1515 2560 1667 2631 (Luc.
1692 2561 1824 2630 χιιι)
1857 2561 2032 2615 datam
2059 2560 2156 2615 Sa-

572 2664 712 2710 tanae
743 2663 1055 2725 potestatem
1079 2663 1135 2707 ut
1158 2667 1343 2708 servos
1364 2652 1565 2707 Christi
1596 2652 1891 2706 cribraret:
1926 2660 1983 2705 ut
2010 2650 2152 2720 quod

569 2746 639 2801 de
667 2743 843 2799 tritico
885 2744 1114 2798 inveniri
1146 2751 1348 2810 posset,
1380 2741 1589 2796 horreis
1619 2740 1934 2810 iungeretur
1960 2754 1976 2791 :
2011 2740 2152 2808 quod

575 2834 645 2889 de
674 2834 866 2904 paleis,
899 2834 965 2886 ad
992 2832 1190 2900 ignium
1222 2831 1472 2883 alimenta
1500 2832 1771 2883 transiret.
1803 2828 1881 2883 Ad
1908 2844 2004 2883 vos
2033 2844 2156 2897 spe-

569 2921 780 2977 cialiter
814 2922 1015 2975 dictum
1065 2930 1147 2974 est
1195 2934 1210 2973 :
1267 2918 1444 2972 Nolite
1495 2920 1692 2984 limere,
1730 2920 1942 2987 pusillus
1983 2934 2106 2990 grex
2135 2931 2155 2972 :

572 3013 876 3082 complacuit
910 3012 1054 3065 Patri
1082 3020 1241 3066 vestro
1273 3013 1396 3066 dare
1424 3013 1561 3065 vobis
1590 3029 1801 3082 regnum
1829 3012 1982 3078 (Luc.
2024 3012 2149 3079 ιιι).

576 3103 741 3159 Venit
789 3104 928 3157 inter
967 3116 1062 3155 vos
1109 3102 1316 3169 gladius
1377 3101 1738 3170 perﬁdorum,
1784 3103 1871 3170 qui
1920 3101 2149 3155 marcida
2180 3141 2221 3198 Ο

574 3194 834 3249 Ecclesiae
863 3193 1099 3247 membra
1132 3202 1401 3246 resecaret
1423 3234 1437 3258 ,
1470 3201 1522 3246 et
1552 3192 1615 3245 ad
1640 3193 1910 3247 caelestem
1932 3192 2153 3263 gloriam

572 3299 702 3340 sana
726 3285 1065 3354 perduceret.
1094 3282 1239 3349 Quos
1262 3283 1453 3335 habeat
1475 3281 1716 3336 Christus
1740 3282 1956 3348 milites,
1979 3292 2154 3336 certa-

573 3390 698 3431 men
725 3373 995 3428 ostendit:
1034 3373 1120 3440 qui
1164 3371 1490 3439 triumphum
1521 3382 1825 3438 mereatur,
1865 3387 1960 3440 per
2014 3372 2153 3427 bella

571 3464 928 3533 cognoscitur.
954 3462 1127 3517 Nolite
1151 3472 1413 3526 metuere,
1440 3461 1580 3531 quod
1608 3461 1927 3530 pontiﬁcalis
1951 3476 1981 3514 a
2004 3462 2154 3516 vobis

576 3554 746 3624 apicis
771 3554 966 3609 infulas
992 3553 1345 3608 abstulerunt.
1375 3551 1657 3607 Vobiscum
1687 3544 2039 3606 est-sacerdos
2068 3552 2154 3607 ille

574 3645 661 3699 vel
690 3644 882 3711 hostia,
915 3645 1003 3713 qui
1036 3659 1140 3698 non
1163 3653 1270 3698 tam
1292 3642 1582 3696 honoribus
1604 3641 1879 3697 consuevit
1924 3644 2156 3711 gaudere

573 3750 731 3804 quam
766 3734 1060 3789 mentibus.
1113 3734 1310 3802 Majora
1354 3741 1479 3787 sunt
1516 3732 1868 3786 confessionis
1911 3733 2148 3799 praemia,

570 3840 733 3894 quam
756 3825 1042 3879 nominata:
1065 3838 1282 3878 munera
1304 3823 1579 3892 dignitatis
1604 3839 1617 3875 :
1640 3822 1707 3876 ad
1730 3822 1819 3876 illa
1844 3823 2155 3891 plerumque

576 3919 739 3972 etiam
770 3916 989 3971 minoris
1015 3916 1193 3970 meriti
1237 3930 1490 3984 personas
1520 3916 1669 3969 favor
1698 3915 1961 3969 humanus
1989 3917 2155 3971 addu-

576 4009 692 4063 cit:
741 4008 839 4061 ista
872 4008 969 4061 nisi
999 4007 1166 4076 gratia
1198 4021 1424 4074 superna
1458 4020 1561 4059 non
1595 4006 1799 4059 tribuit.
1850 4005 1967 4073 Ipse
2011 4006 2154 4060 enim

569 4097 626 4153 in
658 4098 809 4153 vobis
849 4108 901 4152 et
928 4098 1180 4167 pugnavit
1205 4106 1259 4153 et
1286 4097 1449 4163 vicit,
1484 4112 1638 4167 quem
1686 4097 1817 4152 ﬁdes
1846 4105 2081 4152 meretur
2104 4105 2156 4152 et

575 4190 718 4246 inter
740 4191 1011 4245 hominum
1040 4198 1302 4244 tormenta
1333 4191 1548 4248 sociari.

642 4281 869 4333 Prolixis
896 4295 1002 4333 non
1031 4289 1114 4333 est
1143 4294 1278 4348 Opus
1309 4280 1374 4333 ad
1406 4280 1668 4335 fervorem
1714 4282 1764 4335 in
1798 4282 1948 4337 vobis
1987 4283 2153 4338 cccle-

576 4378 713 4422 stem
747 4368 986 4422 animare
1010 4369 1305 4436 colloquiis.
1352 4370 1525 4423 Habet
1571 4371 1896 4426 incrementa
1940 4388 2034 4427 sua
2074 4374 2155 4428 di-

571 4459 708 4511 vina:
731 4457 943 4510 virtutis
967 4457 1289 4510 incendium.
1314 4456 1427 4511 Non
1452 4466 1536 4512 est
1558 4475 1691 4527 opus
1735 4476 1829 4515 eos
1872 4463 1924 4514 in
1952 4472 2152 4530 tropaeo

572 4548 677 4613 jam
721 4545 925 4615 positos
953 4545 1123 4599 attolli
1156 4545 1399 4599 laudibus
1433 4546 1523 4614 qui
1571 4548 1686 4600 sine
1715 4550 1978 4604 monitore
2005 4552 2148 4605 vice-

574 4649 694 4691 runt
720 4654 734 4691 :
764 4646 985 4707 gravant
1011 4638 1387 4692 conscientiam
1416 4635 1709 4692 Christiani
1736 4639 1993 4710 quidquid
2020 4642 2149 4697 affe-

574 4739 699 4783 runt
730 4730 1089 4785 blandimenta
1121 4731 1393 4798 prazconii.
1432 4731 1536 4785 Res
1578 4731 1795 4802 quidem
1828 4733 2036 4788 virtutis
2066 4745 2149 4791 est

574 4835 731 4890 quam
764 4820 995 4885 fecistis,
1023 4820 1115 4874 sed
1160 4822 1352 4875 summi
1395 4822 1600 4890 praemii
1630 4824 1961 4879 restitutione
1994 4839 2149 4895 supe-

575 4904 762 4957 randa.
815 4904 966 4969 Quod
1012 4914 1229 4968 tamen,
1293 4904 1510 4959 directis
1563 4907 1629 4961 ad
1690 4907 1853 4961 ﬁlium
1905 4918 2146 4965 nostrum

574 4992 641 5048 Ν.
671 4992 967 5047 Ennodium
998 5002 1022 5030 ι
1050 4993 1329 5047 diaconum
1362 4995 1586 5063 litteris,
1637 4998 1926 5066 sperastis,
1965 5001 2150 5055 beato-

573 5098 692 5138 rum
736 5082 942 5137 Nazar'ii
988 5091 1043 5137 et
1084 5082 1308 5139 Romani
1346 5086 1773 5141 benedictionem
1825 5100 2147 5156 poscentes,

645 5198 912 5271 [Nomen
943 5197 1348 5271 Ennodiiﬂdeest
1371 5199 1423 5253 in
1450 5216 1552 5253 ms.
1584 5202 1702 5256 cod.
1734 5204 1788 5256 in
1811 5219 1914 5271 quo
1938 5220 2041 5258 non
2080 5205 2145 5259 N.

573 5267 666 5348 sed
694 5269 757 5393 Ill;
780 5267 992 5336 legitur,
1012 5284 1078 5323 ne
1101 5269 1337 5337 reliquiis
1360 5280 1667 5325 sanctorum
1699 5267 1994 5343 martyrum
2022 5278 2147 5329 misr

573 5352 665 5391 sts.
751 5355 833 5393 AB.

570 5352 665 5391 MS.
707 5352 833 5393 LAB.

641 5406 666 5445 δ
710 5410 783 5462 ιιχ
815 5407 1105 5482 appendiec
1123 5408 1191 5482 ad
1220 5408 1521 5482 Chronicon
1540 5411 2064 5482 Reichcrspcrgense
2090 5424 2147 5469 et

571 5490 633 5530 ett
667 5481 947 5544 πυρετομοιί
976 5479 1368 5547 Salisburgensi
1401 5480 1613 5535 Ilondii.

640 5549 657 5578 ³
691 5549 927 5618 Dionys.,
987 5548 1216 5617 Trigido.
1266 5548 1436 5618 Hann.

640 5618 719 5685 (a)
748 5617 846 5672 Ms.
881 5620 1132 5674 Lucensis
1158 5620 1280 5683 125,
1313 5617 1519 5673 Flavio.

641 5690 715 5748 to)
748 5690 799 5742 In
826 5692 1010 5744 eodem
1043 5706 1137 5745 ms.
1176 5690 1327 5745 deest
1355 5699 1401 5743 et
1426 5691 1697 5758 episcopis.

2236 523 2555 577 invictorum
2587 522 2974 592 militum,quia
2999 530 3056 576 et
3077 521 3185 590 jam
3216 530 3447 577 vestram
3475 524 3619 592 piam
3658 524 3833 579 [idem

2239 613 2291 666 in
2333 613 2533 680 proeliis
2570 612 2860 680 imperator
2893 610 3126 680 agnovit.
3160 610 3410 667 Feliciter
3457 613 3836 669 confessionis

2240 722 2459 761 munera
2502 720 2877 761 consummare
2904 705 3049 759 dabit
3076 706 3201 774 (aL,
3222 714 3613 761 consummate.
3645 707 3834 774 Dabit)

2241 797 2402 861 Deus,
2426 813 2546 851 cum
2575 798 2673 868 ipsi
2698 796 2958 867 placuerit
2986 797 3241 850 reducere
3263 796 3511 850 Ecclesiis
3538 797 3793 865 quietem
3818 814 3833 860 ;

2241 896 2293 941 et
2325 896 2383 941 ut
2412 902 2720 951 maerorem,
2769 900 2925 955 quem
2971 885 3177 939 induxit
3200 887 3315 955 (al.,
3340 886 3551 956 indixit)
3580 887 3837 944 adversi-

2242 985 2343 1043 tas,
2376 978 2521 1046 pacis
2547 976 2825 1031 dulcedine
2853 977 3179 1031 consoletur.

2605 1115 2935 1171 El'lSTOLA
2976 1115 3070 1169 xu
3109 1114 3422 1185 (ouum)

2242 1233 2310 1269 AD
2362 1230 2677 1271 τηεοοοιιυκ
2731 1230 3143 1269 ωυιιιλεεκεεκ
3198 1229 3285 1268 CUI
3339 1230 3510 1268 PALLII

2947 1300 3102 1339 USUN.

3560 1230 3835 1271 COSCEDIT

2316 1412 2344 1453 δ
2376 1414 2726 1485 Symmachus
2767 1422 2964 1469 sanctae
2993 1414 3301 1483 apostolicae
3338 1415 3481 1467 sedis
3518 1418 3701 1484 gratia
3746 1418 3833 1471 Dei

2246 1506 2530 1575 episcopus
2556 1504 3002 1559 reverendissimo
3025 1514 3078 1558 et
3100 1505 3440 1557 sanctissimo
3468 1503 3618 1558 fratri
3650 1506 3833 1561 Theo-

2247 1598 2378 1651 doro
2405 1596 2787 1650 Laureacensis
2821 1594 3075 1648 Ecclesia:
3105 1592 3525 1663 archiepiscOpo.

2319 1687 2514 1741 Diebus
2544 1687 2665 1739 vitm
2696 1695 2799 1739 tuae
2823 1684 2965 1753 pallii
2995 1698 3170 1747 usum,
3199 1698 3356 1753 quem
3388 1684 3452 1737 ad
3477 1684 3831 1738 sacerdotalis

2176 1797 2220 1856 Β
2248 1776 2409 1830 ofﬁcii
2458 1775 2705 1828 decorem
2753 1781 2807 1827 et
2849 1773 2914 1825 ad
2963 1772 3349 1826 ostendendam
3392 1773 3827 1837 unanimitatem,

2252 1882 2408 1937 quam
2446 1880 2566 1918 cum
2595 1866 2747 1919 beato
2777 1861 2934 1915 Petro
2971 1862 3215 1930 apostolo
3253 1861 3533 1914 universus
3564 1876 3702 1930 grex
3734 1863 3829 1915 do-

2250 1959 2566 2013 minicarum
2617 1959 2791 2011 ovium
2846 1972 2964 2026 quae
3016 1965 3070 2009 et
3105 1955 3409 2010 commissae
3452 1963 3579 2009 sunt
3630 1955 3830 2010 habere

2250 2049 2466 2104 dubium
2500 2064 2603 2102 non
2631 2057 2733 2114 est,
2767 2048 2835 2103 ab
2864 2047 3156 2116 apostolica
3186 2045 3313 2100 sede
3340 2045 3479 2099 sicut
3505 2044 3710 2110 decuit,
3748 2060 3830 2111 po-

2252 2139 2491 2209 poscisti,
2524 2137 2664 2207 quod
2708 2146 2764 2192 ut
2812 2146 2933 2205 pote
2961 2137 3028 2190 ab
3065 2135 3266 2190 eisdem
3308 2135 3563 2203 apostolis
3596 2134 3829 2188 fundata

2255 2230 2510 2284 Ecclesiae
2560 2229 2821 2297 majorum
2886 2242 3035 2282 more
3099 2228 3329 2283 libenter
3386 2227 3707 2282 indulsimus
3765 2228 3828 2281 ad

2254 2318 2638 2374 ostendendum
2670 2327 2721 2373 te
2752 2318 3063 2389 magistrum
3084 2326 3137 2372 et
3157 2316 3640 2387 archiepiscopum,
3662 2325 3830 2371 tuam-

2253 2424 2357 2477 que
2416 2417 2653 2461 sant-tatn
2703 2402 3123 2462 Laureaccn‘sem
3188 2405 3483 2460 Ecclesiam
3540 2408 3830 2477 provinciae

2254 2498 2648 2552 Pannoiiiorum
2694 2497 2877 2550 sedem
2929 2496 3043 2549 fore
3092 2495 3577 2564 metropolitanam.
3624 2496 3829 2552 Idcirco

2257 2591 2437 2659 pallio,
2468 2591 2607 2659 quod
2638 2604 2705 2644 ex
2741 2589 3033 2658 apostolica
3072 2588 3293 2644 caritate
3340 2589 3434 2644 tibi
3474 2590 3829 2657 destinamus,

2253 2681 2362 2751 quo
2396 2682 2469 2735 uti
2508 2681 2703 2736 debeas
2741 2680 3033 2735 secundum
3080 2694 3283 2735 morem
3315 2681 3565 2737 Ecclesia:
3603 2690 3703 2736 tere
3732 2700 3831 2738 so-

2255 2775 2420 2829 lerter
2445 2772 2797 2825 admouemus
2824 2772 3127 2840 pariterque
3154 2771 3421 2838 volumus,
3450 2779 3501 2824 ut
3527 2770 3829 2842 intelligas,

2255 2863 2376 2933 quia
2408 2864 2517 2933 ipse
2545 2865 2797 2926 vestitus,
2826 2877 2933 2933 quo
2962 2862 3028 2916 ad
3058 2863 3344 2917 missarum
3381 2862 3628 2916 solemnia
3660 2877 3830 2917 orna-

2256 2954 2351 3018 ris,
2385 2955 2591 3024 signum
2625 2951 2904 3020 praetendit
2932 2953 3128 3019 crucis,
3162 2967 3256 3022 per
3284 2952 3423 3022 quod
3457 2953 3589 3007 scito
3620 2962 3674 3009 te
3705 2967 3827 3008 cum

2257 3044 2504 3097 fratribus
2551 3044 2748 3097 debere
2794 3042 3025 3109 compati
3064 3055 3127 3096 ac
3172 3042 3531 3097 mundialibus
3566 3043 3828 3097 illecebris

2257 3134 2309 3187 in
2354 3134 2544 3188 affectu
2590 3131 2847 3200 cruciﬁgi.
2902 3130 3052 3185 Unde
3094 3145 3213 3184 cum
3255 3141 3307 3185 te
3343 3131 3476 3185 foris
3524 3129 3826 3200 hujusmodi

2258 3223 2486 3291 insignio
2513 3222 2771 3285 indueris,
2797 3224 2937 3275 intus
2968 3224 3021 3276 in
3054 3222 3232 3276 animo
3256 3224 3539 3278 considera
3566 3226 3706 3296 quod
3731 3227 3828 3281 hoc

2256 3312 2326 3365 sit
2351 3313 2519 3382 magis
2562 3313 2744 3365 oneris
2774 3326 2930 3379 quam
2963 3313 3212 3378 honoris,
3244 3321 3403 3382 atque
3427 3328 3522 3369 cor
3551 3324 3696 3371 tuum
3725 3318 3828 3371 Deo

2259 3408 2470 3469 tegente
2508 3401 2575 3454 ab
2615 3400 2853 3467 appetitu
2899 3401 3053 3454 istius
3094 3402 3273 3456 saeculi
3303 3403 3380 3457 sic
3412 3412 3674 3474 tempera,
3700 3416 3756 3461 ut
3781 3417 3827 3461 ct

2257 3493 2594 3545 commissam
2618 3491 2836 3558 exsequi
2854 3490 3289 3559 gubernationem
3308 3492 3543 3559 studeas,
3564 3504 3616 3548 et
3634 3495 3827 3564 adepta:

2254 3578 2516 3648 dignitati,
2539 3580 2687 3648 cujus
2712 3579 3015 3634 soblimaris
3036 3580 3233 3649 ofﬁcio,
3259 3588 3313 3635 et
3335 3581 3604 3650 probitate
3630 3598 3826 3637 morum

2256 3676 2311 3722 et
2352 3671 2635 3724 vivacitate
2688 3670 3063 3723 sollicitudinis
3103 3684 3165 3724 ac
3206 3671 3447 3726 custodia
3478 3671 3829 3744 integerrima:

2259 3757 2382 3812 ﬁdei
2434 3773 2719 3827 congruas,
2767 3767 3029 3824 quatenus
3077 3766 3131 3812 tu
3186 3759 3302 3827 ipse
3350 3774 3381 3814 a
3433 3772 3829 3817 remuneratore

2257 3849 2493 3902 omnium
2524 3850 2786 3903 bonorum
2818 3848 2952 3914 Deo,
2983 3857 3038 3903 et
3067 3849 3450 3904 benedictionis
3502 3854 3730 3921 gratiam
3758 3856 3829 3907 ri-

2257 3946 2469 4009 tamque
2499 3947 2752 3995 aeternam
2784 3945 3035 4012 consequi
3070 3945 3345 3998 merearis.
3381 3947 3575 4000 Amen.

2656 4093 3027 4150 EXEMPLAR
3052 4092 3453 4155 CONSTITUTI

2258 4217 2411 4256 FACT!
2448 4219 2478 4255 Δ
2509 4215 2700 4255 ῸΟΜΙΧΟ
2726 4203 3007 4256 SYIHIACiIO
3036 4219 3188 4268 ΡΑΡᾹ,
3223 4220 3288 4259 DE
3341 4221 3647 4263 ABROGANDA
3708 4225 3832 4264 ιεςε

2327 4287 2582 4325 οοηλσηιε
2607 4287 2753 4325 REGIS
2768 4288 3107 4327 BEPUGNANTE
3130 4290 3407 4329 LIBERTATI
3422 4292 3833 4332 εοοιεειλςτιίτςι

2331 4357 2382 4395 IN
2416 4356 2710 4395 ELECTIONE
2738 4355 3045 4406 PONTIFICI‘,
3071 4359 3137 4396 ΕΤ
3159 4360 3224 4398 DE
3249 4361 3409 4399 BEBUS
3434 4362 3600 4401 ECClJ-Z
3635 4365 3704 4403 ιιε
3719 4365 3835 4404 COS’

2328 4426 2633 4467 SERVANDIS.

2326 4543 2402 4614 (a)
2431 4544 2680 4600 Flaviano
2719 4546 2842 4617 (aL,
2868 4545 3077 4605 Flavio)
3118 4546 3323 4603 Avieno
3374 4548 3490 4603 viro
3545 4551 3838 4607 clarissimo

2249 4636 2463 4705 juniore
2480 4637 2719 4702 consule,
2744 4638 2844 4691 sub
2860 4637 2945 4693 die
2961 4654 3052 4693 vttt
3080 4639 3201 4711 (aL,
3223 4642 3385 4709 nono)
3408 4641 3590 4697 iduum
3615 4642 3839 4699 Noveru-

2254 4726 2451 4790 brium,
2497 4725 2549 4781 in
2607 4728 2824 4783 basilica
2878 4729 3017 4784 beati
3069 4729 3211 4785 Petri
3265 4732 3511 4800 apostoli,
3567 4734 3837 4788 residente

2253 4817 2543 4871 venerabili
2572 4816 2684 4873 viro
2708 4833 2840 4888 papa
2892 4818 3236 4890 Symmacho,
3288 4835 3391 4875 una
3441 4836 3562 4877 cum
3618 4840 3839 4879 venera-

2254 4907 2593 4962 hilibusviris
2616 4908 2691 4978 (li)
2715 4920 2767 4964 et
2795 4911 3061 4980 episcopis
3114 4913 3185 4981 (c)
3234 4912 3541 4981 Laurentio,
3585 4916 3837 4981 Maximo,

2258 5000 2436 5064 Petro,
2459 5000 2764 5065 Laurentio,
2780 5000 3111 5068 :Emiliano,‘
3132 5003 3387 5072 Tigridio,
3404 5004 3603 5069 Felice,
3633 5006 3838 5060 Bassia-

2261 5090 2668 5158 no,Creseonio,
2685 5091 2995 5155 Pacatiano,
3016 5092 3270 5161 Benigno,
3286 5092 3553 5161 Rufentio,
3576 5094 3839 5151 Innoceno

2334 5204 2516 5275 (c)Ms.
2551 5203 2945 5271 LucensisIQS,
2994 5207 3290 5273 Laurentio,
3322 5206 3494 5270 Petro,
3525 5210 3835 5275 /Etm'liano,

2260 5274 2450 5337 Felice,
2476 5274 2795 5344 ﬁcrcsconio,
2821 5276 3067 5344 Benigno,
3100 5275 3415 5343 Innocentio,
3446 5278 3699 5343 Maximo,
3741 5274 3836 5336 Joé

2256 5341 2702 5417 hanncLEulalio,
2732 5341 3038 5417 orlunato,
3060 5344 3321 5417 Eustalio,
3336 5341 3597 5417 locando,
3648 5341 3837 5405 Fortu-

2254 5426 2397 5477 nato,
2430 5415 2652 5481 Euticio,
2705 5416 2902 5483 Aprile,
2957 5416 3237 5477 Mercurio,
3282 5415 3590 5479 Fortunato,
3640 5422 3831 5481 Asello.

2254 5487 2535 5555 Stephano,
2571 5486 2831 5557 Maximo,
2851 5486 3143 5557 Laurentio.
3177 5486 3695 5557 Frigido,Cassiano,
3725 5490 3835 5543 Pa-

2251 5554 2501 5615 carmano.
2526 5557 2774 5621 Ruriﬁno,
2799 5556 3056 5620 Iohanne,
3090 5554 3368 5623 Stephano,
3395 5556 3609 5623 Sereno,
3638 5559 3835 5613 Procu-

2249 5627 2435 5685 lcimzo,
2470 5626 2764 5691 Laurentio,
2793 5625 3069 5685 Martiano,
3100 5623 3351 5686 Candida,
3386 5626 3694 5691 Fortunato,
3724 5628 3833 5681 Ett-

2251 5697 2438 5764 taclu'o,
2473 5697 2667 5764 Aprile,
2694 5696 2969 5765 Mercurio,
2990 5694 3292 5760 Fortunato,
3320 5696 3512 5760 Asello,
3535 5699 3826 5761 Stephano.
