3990 6390
519 448 596 511 τι
1368 474 1375 479 .
1875 432 2115 491 SYMMA

2220 432 2229 487 Ι
2266 429 2469 487 ΡΑΡᾹΞ
3755 428 3830 488 76

483 622 491 631 ,
524 564 698 635 legem
728 557 1027 631 specialiter
1058 554 1425 627 praeferentes,
1472 562 1629 621 quam
1677 546 1831 603 nobis
1880 545 2111 602 haeredi-
2138 550 2189 609 Α
2216 552 2473 614 concepta
2503 542 2737 612 videtur,
2788 543 3019 600 maxime
3050 544 3174 616 quia
3216 543 3270 601 in
3300 557 3362 601 ea
3394 545 3574 602 nullus
3604 548 3823 617 praesul

528 656 738 727 busque
781 653 976 710 nostris
1003 651 1320 708 Christianae
1357 646 1550 703 mentis
1595 644 1884 700 devotione
1932 642 2111 699 sanci-

526 747 795 805 mus..Ne
818 759 1046 817 unquam
1072 742 1352 815 praedium,
1410 754 1506 795 seu
1536 738 1792 794 rusticum
1826 752 1923 793 seu
1954 736 2114 791 urba—

527 858 679 904 num,
708 840 793 895 vel
823 846 1134 895 ornamenta
1168 843 1258 889 aut
1286 832 1580 888 ministeria
1609 830 1958 886 ecclesiarum
1987 843 2109 899 quae

528 947 671 989 nunc
698 940 843 997 sunt,
870 930 952 986 vel
976 944 1092 999 quae
1119 943 1181 983 ex
1207 924 1532 997 quibuslibet
1562 923 1727 978 titulis
1762 922 1827 977 ad
1858 921 2112 978 ecclesia-

532 1040 652 1081 rum
671 1024 788 1093 jura
811 1020 1171 1095 pervenerint,
1194 1016 1261 1072 ab
1282 1031 1348 1072 eo
1366 1014 1456 1085 qui
1479 1029 1623 1069 nunc
1647 1014 1863 1068 antistes
1886 1012 1985 1067 sub
2006 1011 2115 1067 ele-

530 1119 707 1173 ctione
728 1113 993 1171 communi
1026 1111 1183 1167 fuerit
1206 1108 1558 1173 ordinandus,
1583 1117 1639 1163 et
1672 1107 1777 1162 illis
1811 1107 1899 1177 qui
1924 1105 2115 1161 futuris

529 1208 740 1264 sarculis
770 1213 1078 1276 sequentur,
1104 1216 1422 1273 quocunque
1440 1200 1597 1255 titulo
1623 1210 1782 1269 atque
1805 1206 2115 1253 commento

530 1297 609 1370 (a)
636 1298 949 1353 alienentur.
1007 1293 1067 1349 Si
1101 1294 1220 1362 quis
1252 1306 1382 1347 vero
1418 1288 1612 1361 aliquid
1646 1304 1832 1344 eorum
1881 1288 2118 1343 alienare

530 1390 775 1455 voluerit,
831 1386 1079 1444 inefficax
1126 1394 1284 1455 atque
1340 1383 1549 1439 irritum
1598 1383 1891 1452 iudicetur;
1945 1381 2118 1450 sitque

532 1479 774 1544 facienti,
823 1477 906 1533 vel
953 1472 1330 1538 consentienti,
1385 1472 1776 1541 accipientique
1808 1470 2115 1525 anathema.

547 1572 810 1626 Maximus
841 1570 1123 1638 episcopus
1150 1566 1393 1619 Blerance
1433 1562 1535 1633 (αιε
1562 1562 1830 1630 Bledanae)
1863 1561 2118 1615 Ecclesia:

530 1662 666 1716 dixit
690 1680 703 1713 :
726 1659 881 1715 Modo
907 1665 1092 1713 sancta
1119 1655 1356 1727 synodus
1381 1654 1629 1725 dignetur
1649 1654 1882 1720 edicere,
1903 1655 1945 1708 si
1968 1653 2119 1707 licuit

530 1754 668 1808 laico
692 1751 893 1808 homini
916 1749 1199 1804 anathema
1223 1750 1273 1801 in
1292 1747 1479 1801 ordine
1500 1746 1866 1801 ecclesiastico
1890 1744 2114 1799 dictare.

533 1846 641 1899 Aut
669 1845 716 1898 si
755 1840 929 1913 potuit
958 1841 1122 1895 laicus
1164 1839 1429 1895 sacerdoti
1475 1838 1757 1893 anathema
1806 1838 2016 1905 dicere,
2064 1844 2120 1901 et

2215 638 2360 695 sedis
2386 638 2693 709 apostolicae
2722 636 3030 694 interfuisse
3052 636 3137 693 vel
3163 637 3379 708 propria
3403 640 3824 712 subscriptione

2215 730 2457 787 firmasse
2488 739 2829 786 monstratur.
2858 729 3097 785 Eulalius
3126 732 3411 801 episcopus
3445 731 3820 803 Syracusana

2215 822 2474 878 Ecclesiae
2497 822 2630 877 dixit
2656 839 2668 875 :
2694 822 2965 893 Scriptura
2988 838 3106 891 qua:
3132 821 3186 877 in
3217 823 3540 880 sacerdotali
3569 828 3819 884 concilio

2216 917 2439 973 recitata
2468 925 2573 985 est,
2604 916 3021 972 evidentissimis
3050 915 3386 973 documentis
3412 927 3626 976 constat
3658 920 3820 977 inva-

2218 1009 2353 1064 lida.
2387 1008 2645 1076 Primum,
2698 1007 2839 1079 quod
2868 1017 3051 1065 contra
3088 1008 3303 1064 Patrum
3334 1011 3542 1080 regulas
3570 1026 3601 1067 a
3627 1011 3817 1077 laicis,

2217 1101 2461 1171 quamvis
2493 1099 2779 1172 religiosis,
2807 1101 2999 1169 quibus
3031 1100 3175 1155 nulla
3215 1101 3281 1157 de
3313 1102 3707 1159 ecclesiasticis
3741 1106 3821 1161 fa-

2218 1195 2504 1250 cultatibus
2548 1194 2745 1265 aliquid
2777 1196 3094 1266 disponendi
3143 1198 3332 1269 legitur
3378 1214 3609 1270 unquam
3650 1203 3817 1258 attri-

2219 1286 2341 1341 buta
2384 1286 2625 1355 facultas,
2678 1286 2815 1342 facta
2865 1286 3091 1344 videtur.
3142 1289 3365 1358 Deinde,
3418 1291 3560 1361 quod
3606 1293 3818 1350 nullius

2220 1380 2463 1449 prtesulis
2489 1379 2794 1450 apostolicae
2822 1380 2963 1436 sedis
2991 1380 3387 1453 subscriptione
3411 1384 3619 1441 firmata
3644 1388 3817 1444 doce-

2222 1481 2323 1527 tur.
2374 1472 2525 1538 Quod
2555 1472 2601 1527 si
2628 1472 2915 1542 cujuslibet
2963 1474 3249 1544 provincia.-
3299 1476 3632 1542 sacerdotes,
3669 1480 3817 1536 intra

2223 1565 2480 1620 terminos
2508 1579 2633 1619 suos
2662 1564 2891 1621 concilio
2924 1565 3124 1629 habito,
3148 1565 3434 1636 quidquam
3463 1569 3578 1623 sine
3606 1581 3815 1626 metro-

2223 1656 2467 1727 politani,
2519 1656 2667 1712 snive
2712 1657 2965 1711 antistitis
2998 1657 3314 1713 auctoritate
3347 1658 3419 1729 (ε)
3448 1665 3806 1730 tentaverint,

2223 1748 2431 1803 irritum
2462 1764 2582 1805 esse
2610 1749 2805 1804 debere
2832 1749 3017 1803 Patres
3045 1749 3213 1803 sancti
3240 1760 3531 1806 sanxerunt
3557 1769 3570 1805 ;
3596 1764 3809 1823 quanto

2225 1841 2411 1910 magis,
2458 1838 2597 1909 quod
2628 1839 2679 1893 in
2726 1838 3017 1907 apostolica
3050 1839 3197 1905 sede,
3235 1854 3340 1896 non
3370 1842 3632 1899 existente
3662 1859 3729 1914 pr
3744 1862 3812 1901 e-

532 1946 717 1995 contra
740 1936 1149 2005 canones,quod
1174 1935 1221 1990 ei
1249 1950 1356 1991 non
1381 1934 1745 2005 competebat,
1766 1934 2113 1988 constituere.
2148 1923 2197 1983 Β
2223 1933 2362 2002 sule,
2410 1934 2496 2004 qui
2527 1934 2878 2003 praerogativa
2922 1933 3063 1988 beati
3093 1943 3117 1969 λ
3165 1934 3371 1990 meritis
3400 1938 3628 2006 apostoli
3659 1937 3812 1995 Petri

533 2028 725 2094 Dicite,
754 2028 904 2083 vobis
929 2025 1055 2097 quid
1085 2027 1334 2083 videtur?
1383 2027 1459 2081 De
1489 2043 1574 2080 me
1607 2026 1753 2080 licuit
1784 2025 1921 2081 laico
1947 2025 2117 2093 legem

532 2118 697 2175 dare?
724 2118 917 2173 Sancta
952 2118 1187 2188 synodus
1215 2118 1385 2173 dixit:
1415 2117 1529 2171 Non
1562 2117 1729 2171 licuit.
1782 2116 1846 2170 Et
1876 2116 2073 2186 adjecit
2101 2131 2115 2169 :

533 2210 677 2281 Lege
705 2210 999 2279 sequentia.
1035 2208 1320 2264 Hormisda
1348 2208 1603 2263 diaconus
1636 2207 1785 2276 legit.
1841 2206 1907 2260 Et
1956 2207 2001 2260 is
2028 2207 2119 2275 qui

532 2304 796 2375 praedium
846 2304 1097 2360 rusticum
1146 2302 1231 2357 vel
1279 2300 1542 2356 urbanum
1586 2299 1723 2370 juris
1765 2299 2119 2354 ecclesiastici

532 2395 695 2453 fuerit
723 2404 1063 2463 consecutus,
1095 2395 1305 2450 noverit
1344 2408 1403 2449 se
1432 2394 1575 2448 nulla
1610 2393 1723 2462 lege
1755 2393 1839 2447 vel
1867 2394 2113 2463 praescri-

532 2493 713 2563 ptione
741 2495 835 2564 (al.
866 2493 997 2563 legis
1022 2490 1450 2562 praescriptione)
1480 2488 1742 2543 munitum
1770 2505 1783 2543 :
1809 2487 1903 2543 sed
1932 2489 2047 2542 sive
2075 2488 2118 2543 is

530 2585 621 2654 qui
648 2584 982 2649 alienaverit,
1036 2582 1151 2638 sive
1200 2584 1243 2637 is
1288 2581 1377 2652 qui
1420 2588 1812 2651 consequenter
1842 2580 2119 2635 voluntate

529 2679 796 2734 contraria
835 2677 1093 2748 praedium
1145 2675 1450 2744 huiusmodi
1525 2676 1811 2728 alienatum
1863 2687 2119 2729 revocare

532 2772 835 2837 tentaverit,
867 2772 920 2826 id
946 2786 1066 2826 cum
1100 2770 1360 2825 fructibus
1385 2770 1652 2831 restituat,
1686 2771 1773 2838 qui
1801 2768 1931 2822 illud
1958 2768 2120 2823 fuerit

531 2871 872 2919 consecutus.
922 2861 991 2914 Et
1034 2876 1156 2913 cum
1206 2860 1437 2927 legeret,
1485 2859 1787 2927 Stephanus
1832 2860 2118 2929 episcopus

530 2955 818 3012 Venusina:
850 2954 1103 3009 Ecclesiae
1130 2968 1355 3022 surgens
1378 2967 1409 3006 e
1438 2966 1694 3008 consessu
1726 2952 1858 3007 dixit
1884 2970 1895 3005 :
1932 2952 2119 3009 Perle-

532 3057 707 3120 gatur.
737 3046 1018 3104 IIormisda
1045 3045 1301 3101 diaconus
1333 3046 1482 3117 legit.

1281 3157 1367 3211 III.

602 3252 773 3319 Quam
802 3251 962 3310 etiam
1015 3265 1223 3320 poenam
1274 3249 1471 3321 placuit
1514 3249 1823 3319 accipientis
1872 3250 2115 3306 lnercdes

533 3344 983 3417 prohaeredesque
1026 3343 1316 3412 respicere.
1366 3340 1419 3395 In
1451 3356 1556 3412 qua
1589 3356 1647 3396 re
1692 3340 1912 3396 cuilibet
1958 3341 2116 3398 cleri-

534 3451 715 3493 corum
747 3434 1147 3492 contradicendi
1181 3433 1346 3488 libera
1377 3433 1447 3487 sit
1475 3432 1715 3487 facultas.
1763 3433 2002 3502 Iniquum
2036 3443 2117 3491 est

533 3528 695 3596 enim,
721 3537 775 3583 et
800 3526 1061 3596 sacrilegii
1092 3525 1280 3595 instar,
1330 3532 1387 3579 ut
1413 3540 1531 3595 qua:
1560 3525 1641 3579 vel
1675 3540 1771 3594 pro
1803 3526 1997 3593 salute,
2031 3527 2116 3582 vel

532 3631 630 3690 pro
654 3620 835 3689 requie
858 3619 1155 3673 animarum
1187 3632 1404 3671 suarum
1430 3617 1795 3687 unusquisque
1824 3618 2116 3674 venerahii
2144 3666 2149 3669 _

532 3708 789 3763 Ecclesia:
820 3724 1111 3778 pauperum
1141 3722 1299 3760 causa
1331 3707 1636 3775 contulerit,
1687 3717 1778 3762 aut
1811 3719 1959 3763 certe
1989 3710 2115 3763 reii-

535 3802 735 3870 querit,
760 3801 824 3852 ab
855 3800 957 3865 bis,
982 3816 1114 3868 quos
1139 3799 1250 3851 haec
1277 3800 1503 3853 maxime
1528 3814 1745 3854 servare
1766 3812 2112 3869 convenerat,

535 3889 589 3945 in
618 3888 694 3959 (b)
713 3890 1036 3944 alienitatem
1069 3888 1478 3943 transferantur.
1508 3888 1683 3944 Plana:
1708 3906 2038 3961 quaecunque
2063 3893 2114 3948 in

535 3984 783 4053 gemmis,
808 3983 891 4037 vel
915 3998 1043 4036 auro
1068 3990 1228 4053 atque
1253 3992 1494 4053 argento,
1524 3999 1621 4038 nec
1646 3999 1748 4038 non
1781 3996 1832 4041 et
1859 3986 2113 4057 vestibus,

532 4076 709 4131 minus
746 4085 866 4145 apta
904 4076 1199 4141 usibusyel
1245 4076 1457 4129 ornatui
1488 4075 1807 4131 videbuntur
1836 4078 2113 4145 Ecclesiae,

532 4185 650 4239 quae
676 4169 878 4224 servari
922 4183 984 4223 ac
1028 4169 1117 4223 diu
1150 4184 1367 4225 manere
1396 4185 1501 4224 non
1551 4180 1795 4240 possunt,
1847 4168 2137 4240 subjusta'

532 4263 890 4318 mstimatione
918 4264 1237 4330 vendantur,
1271 4274 1321 4318 et
1366 4265 1664 4333 erogationi
1697 4267 1958 4336 religiosm
1988 4283 2113 4337 pro-

531 4356 731 4411 ficiant.
764 4357 1001 4425 Cumque
1032 4358 1166 4411 lecta
1209 4357 1422 4424 fuisset,
1456 4358 1798 4425 Laurentius,
1832 4362 2115 4431 episcopus

531 4446 943 4502 Mediolanensis
972 4448 1247 4513 Ecclesiae,
1272 4447 1411 4501 dixit
1436 4465 1447 4500 :
1482 4450 1585 4503 Ista
1615 4453 1877 4519 scriptura
1910 4454 2114 4508 nullum

532 4538 789 4593 Romana:
837 4539 1065 4593 civitatis
1108 4539 1279 4607 potuit
1319 4540 1554 4609 obligare
1603 4543 1943 4610 pontificem,
1996 4546 2117 4612 quia

533 4646 641 4686 non
686 4630 835 4685 licuit
882 4630 976 4698 (al.
1006 4632 1227 4700 placuit)
1277 4633 1410 4686 laico
1452 4634 1718 4688 statuendi
1768 4636 1817 4689 in
1852 4634 2111 4703 Ecclesia,

2224 2042 2321 2097 per
2350 2026 2658 2082 universum
2687 2028 2872 2082 orbem
2906 2016 3191 2097 primatum
3218 2028 3467 2084 obtinens
3496 2031 3813 2101 sacerdotii,

2222 2122 2436 2176 statutis
2467 2120 2815 2193 synodalibus
2842 2120 3122 2175 consuevit
3148 2120 3385 2178 tribuere
3418 2123 3751 2191 ﬁrmitatem,
3785 2139 3813 2179 a

2224 2214 2394 2283 laicis,
2425 2216 2547 2271 licet
2574 2214 3038 2271 consentientibus
3066 2215 3357 2286 aliquantis
3402 2217 3667 2290 episeOpis
3696 2222 3814 2291 (qui

2221 2317 2401 2363 tamen
2436 2308 2695 2376 pontifici,
2731 2325 2760 2362 a
2782 2322 2889 2377 quo
2918 2306 3228 2362 consecrari
3257 2308 3569 2378 probantur,
3615 2314 3814 2381 prteth-

2222 2398 2419 2454 dicinm
2465 2398 2665 2454 inferre
2696 2414 2801 2453 non
2853 2398 3187 2467 potuerunt),
3230 2408 3615 2467 praesumptum
3643 2402 3813 2459 fuisse

2221 2493 2594 2564 cognoscitur,
2658 2492 2865 2548 viribus
2905 2506 3094 2550 carere
3147 2507 3251 2549 non
3293 2492 3515 2549 dubium
3560 2503 3661 2561 est,
3707 2511 3811 2550 nec

2223 2602 2379 2659 posse
2409 2588 2547 2643 inter
2575 2584 2944 2642 ecclesiastica
2977 2586 3085 2641 ullo
3114 2584 3272 2641 modo
3325 2594 3521 2640 statuta
3568 2589 3811 2642 censeri?

2220 2680 2413 2735 Sancta
2453 2676 2688 2748 synodus
2716 2677 2885 2732 dixit:
2922 2677 3113 2745 Liquet
3146 2677 3442 2732 secundum
3475 2681 3811 2748 prosecutio-

2224 2789 2345 2827 nent
2391 2771 2782 2827 venerabilium
2836 2770 3444 2835 fratrum-nostrorum,
3502 2771 3808 2839 Laurentii,

2222 2864 2389 2929 Petri,
2424 2863 2640 2930 Eulalii,
2675 2863 2975 2929 Cresconii,
3006 2863 3241 2930 Maximi,
3287 2864 3368 2919 vel
3391 2864 3669 2932 Stephani,
3705 2880 3811 2920 nec

2221 2958 2361 3028 apud
2390 2972 2489 3012 nos
2520 2957 2783 3011 incertum
2814 2955 3063 3022 habetur,
3113 2955 3250 3011 hanc
3284 2955 3453 3026 ipsam
3483 2955 3810 3027 scripturam

2221 3050 2422 3106 nullius
2451 3066 2570 3106 esse
2604 3050 2882 3118 momenti,
2914 3064 3095 3120 quam,
3143 3049 3352 3105 etiamsi
3402 3052 3579 3121 aliqua
3628 3062 3809 3121 posset

2222 3146 2516 3203 subsistere
2546 3146 2778 3209 ratione,
2833 3144 3006 3199 modis
3042 3143 3291 3199 omnibus
3322 3144 3370 3198 in
3406 3144 3655 3216 synodali
3683 3160 3809 3201 con-

2224 3250 2388 3297 ventu
2414 3241 2637 3311 provida
2668 3240 3011 3297 beatitudinis
3042 3252 3234 3296 veStrae
3265 3242 3534 3296 sententia
3564 3241 3807 3297 enervari

2220 3339 2597 3405 conveniebat,
2644 3346 2697 3394 et
2728 3339 2779 3392 in
2811 3336 3022 3391 irritum
3050 3336 3263 3400 deduci,
3315 3350 3383 3391 ne
3416 3337 3465 3390 in
3499 3338 3804 3407 exemplum

2222 3439 2527 3486 remaneret
2571 3429 2929 3501 praesumendi
2961 3428 3287 3499 quibuslibet
3340 3429 3513 3494 laicis,
3567 3431 3805 3500 quamvis

2220 3523 2486 3593 religiosis
2515 3523 2599 3577 vel
2631 3522 2963 3593 potentibus,
2994 3521 3047 3576 in
3080 3536 3402 3593 quacunque
3435 3523 3655 3579 civitate
3681 3538 3806 3595 quo.

2221 3615 2353 3670 libet
2382 3614 2542 3669 modo
2569 3614 2772 3684 aliquid
2800 3615 3096 3671 decernere
3125 3614 3193 3671 de
3227 3616 3615 3671 ecclesiasticis
3642 3618 3803 3672 facul-

2222 3706 2447 3769 tatibus;
2501 3721 2730 3775 quarum
2781 3706 2911 3761 solis
2959 3706 3328 3761 sacerdotibus
3360 3706 3682 3775 diSponendi
3728 3708 3806 3763 in-

2219 3800 2458 3855 discussc
2491 3815 2519 3855 a
2550 3800 2659 3854 Deo
2686 3813 2811 3855 cura
2842 3800 3127 3854 commissa
3160 3799 3402 3857 docetur.
3455 3799 3804 3871 Symmachus

2219 3891 2505 3962 episcopus
2548 3890 2727 3945 dixit:
2773 3890 2946 3956 Modo,
2994 3894 3117 3960 quia
3164 3892 3301 3946 Deus
3344 3894 3803 3992 prtcsentiam‘ye-

2219 3994 2383 4037 Stram
2416 3983 2649 4039 votivam
2674 3982 2801 4037 mihi
2828 3984 2927 4037 sub
2955 3983 3192 4052 qualibet
3212 3984 3494 4039 occasione
3517 3982 3803 4051 conces'sit,

2220 4081 2340 4130 vo!o
2371 4078 2436 4149 (si
2470 4077 2666 4147 placet)
2700 4093 2811 4132 rem
2846 4077 2960 4130 ﬁeri
2997 4078 3226 4142 firmam,
3248 4092 3416 4148 quam
3445 4078 3610 4132 credo
3638 4079 3805 4134 cccle-

2218 4170 2445 4223 siastieis
2478 4168 2817 4222 facultatibus
2848 4168 3161 4235 convenire,
3192 4178 3249 4223 ut
3272 4179 3570 4239 agnoscant
3596 4184 3803 4236 omnes,

2217 4274 2349 4329 quos
2382 4259 2433 4312 in
2472 4274 2557 4314 me
2590 4275 2755 4314 vanus
2804 4259 2949 4312 furor
2993 4259 3267 4326 excitavit,
3322 4260 3454 4314 nihil
3506 4276 3593 4315 me
3640 4261 3801 4330 magis

2217 4351 2432 4406 studere
2466 4366 2624 4419 quam
2690 4360 2743 4403 ut
2787 4350 2993 4403 salvum
3025 4364 3144 4406 esse
3188 4350 3357 4420 possit
3389 4352 3532 4419 quod
3565 4352 3696 4405 mibi
3726 4362 3805 4407 est

2217 4456 2247 4495 a
2278 4440 2387 4495 Deo
2411 4442 2510 4495 sub
2537 4442 2939 4510 dispensatione
2971 4442 3342 4509 commissum,
3384 4444 3477 4498 sed
3504 4453 3561 4499 et
3590 4444 3806 4514 quibus-

2220 4535 2348 4590 libet
2382 4536 2829 4607 (successoribus)
2862 4538 3025 4592 Deum
3059 4538 3389 4605 timentibus,
3441 4548 3655 4609 gratum
3686 4556 3807 4595 esse

2221 4625 2435 4692 debeat,
2464 4636 2517 4681 et
2546 4628 2610 4681 ad
2642 4630 2991 4683 ecclesiastici
3021 4630 3319 4684 custodiam
3350 4632 3658 4701 patrimonii
3688 4647 3801 4702 per-

532 4734 729 4792 praeter
747 4738 935 4792 papam
953 4723 1271 4787 Romanum,
1301 4724 1496 4779 habere
1519 4726 1748 4796 aliquam
1774 4737 2109 4797 ροιρειειριη,
2142 4688 2196 4751 D
2222 4718 2411 4773 tinerc.
2465 4718 2659 4777 Sancta
2706 4720 2944 4791 synodus
2989 4720 3161 4775 dixit:
3201 4721 3413 4777 Scimus
3447 4726 3805 4792 provisionem

533 4813 616 4868 cui
652 4812 726 4883 (c)
758 4813 1085 4883 obsequendi
1113 4816 1209 4883 (al.
1244 4816 1626 4887 subsequendi)
1666 4830 1845 4874 manet
1877 4822 2111 4876 necessi-

536 4915 638 4972 tas,
666 4922 769 4960 non
800 4908 1085 4961 auctoritas
1107 4907 1426 4975 imperandi,
1448 4910 1675 4964 maxime
1702 4926 1822 4965 cum
1860 4927 1956 4966 nec
1981 4927 2111 4983 papa

535 4997 804 5054 Romanus
829 4999 1225 5069 subscripserit,
1262 5018 1358 5057 nec
1387 5004 1607 5073 alicujus
1636 5005 1928 5061 secundum
1953 5022 2112 5063 cano-

533 5106 632 5148 nes
654 5093 1045 5161 metropolitani
1076 5096 1281 5164 lcgatur
1308 5111 1578 5152 assensus.
1608 5097 1796 5156 Petrus
1824 5102 2109 5172 episcopus

532 5185 859 5239 Ravennatis
882 5185 1133 5240 Ecclesiae
1161 5188 1293 5241 dixit
1322 5205 1335 5239 :
1368 5189 1639 5258 Scriptura
1682 5207 1801 5261 qua:
1842 5194 1896 5247 in
1928 5204 2111 5250 nostra

532 5277 944 5347 congregatione
975 5278 1181 5347 vulgata
1211 5290 1311 5348 est,
1343 5282 1503 5336 nullis
1550 5298 1667 5338 eam
1699 5286 1902 5341 viribus
1932 5289 2111 5342 subsi-

529 5379 673 5423 stere
700 5368 795 5441 (at.
824 5369 1098 5439 sustineri)
1132 5369 1468 5428 manifestum
1494 5384 1579 5429 est
1614 5394 1627 5431 :
1672 5378 1794 5445 quia
1825 5392 1923 5432 nec
1949 5394 2109 5436 cano-

531 5462 685 5516 nibus
713 5461 981 5527 convenit,
1006 5470 1060 5517 et
1080 5460 1159 5533 (ιλ)
1189 5464 1317 5517 laica
1350 5465 1444 5534 (al.
1474 5480 1505 5520 a
1534 5466 1668 5523 laica
1694 5469 1855 5539 nunc)
1883 5483 2111 5539 persona

602 5655 627 5683 ιι
656 5644 808 5700 Hunc
838 5647 1011 5700 locum
1036 5659 1243 5711 expone
1268 5686 1283 5711 ,
1333 5646 1471 5716 sicut
1501 5648 1842 5716 przecedente
1871 5653 2102 5709 concilio

498 5692 768 5791 Jexposita
808 5724 930 5791 sunt
971 5716 1085 5771 hazc
1109 5692 1283 5791 verba,
1310 5692 2107 5791 ελΕῙαδτεὲἷιῖνῖἶἨαῆινᾝξῖιξ

527 5786 744 5857 apostoli
768 5787 1021 5852 meritum,
1056 5796 1156 5841 etc.
1186 5788 1310 5841 Ssv.
1341 5789 1540 5843 BINIUS.

599 5858 674 5928 (a)
704 5856 779 5917 Id.
812 5873 939 5927 ms.,
965 5858 1189 5913 alienare
1217 5860 1430 5915 voluerit
1456 5858 1710 5931 inefﬁcax.

2220 4825 2450 4870 vestram
2480 4816 2799 4871 necessariis
2841 4816 3080 4882 studere,
3136 4828 3189 4872 et
3239 4818 3359 4873 ideo
3408 4821 3459 4874 in
3508 4833 3685 4877 vestra
3724 4834 3807 4878 est

2220 4916 2483 4978 potestate
2511 4909 2781 4977 sequenda
2806 4910 3117 4989 disponere.
3145 4913 3499 4981 Symmachus
3521 4916 3805 4985 episcopus

2218 5001 2476 5056 Ecclesia:
2503 5000 2779 5057 catholicae
2808 5001 2960 5057 urbis
2980 5002 3164 5057 Romae
3190 5002 3322 5059 dixit
3350 5023 3359 5056 :
3386 5006 3572 5075 Magna
3592 5009 3806 5077 quidem

2220 5094 2523 5150 venerando
2548 5103 2605 5150 et
2632 5093 2954 5150 sacerdotali
2984 5093 3211 5151 debetur
3245 5097 3452 5152 cultura
3476 5101 3804 5169 'proposito,

2220 5192 2301 5245 cui
2334 5188 2578 5244 imminet
2603 5188 2669 5243 de
2690 5187 2890 5254 studio,
2921 5203 3042 5259 quae
3071 5196 3217 5243 recta
3258 5200 3402 5257 sunt,
3454 5206 3561 5247 non
3608 5194 3674 5249 de
3711 5210 3809 5247 ne-

2218 5284 2492 5352 cessitate,
2511 5283 2820 5353 disponere.
2841 5283 2945 5339 Sed
2968 5284 3220 5354 quoniam
3254 5286 3305 5339 in
3334 5286 3603 5356 aliquibus
3632 5289 3805 5343 aliena

2221 5376 2634 5446 postulantibus,
2690 5375 2942 5431 vitiorum
2992 5386 3164 5431 mater
3204 5380 3462 5445 avaritia,
3516 5383 3809 5450 repudiatis

2224 5470 2519 5526 honestatis
2545 5470 2838 5541 repagulis,
2884 5480 3053 5527 totum
3088 5480 3235 5542 putat
3264 5474 3523 5544 expedire
3575 5476 3715 5547 quod
3746 5477 3812 5532 li-

2284 5650 2360 5722 (b)
2392 5650 2469 5705 Id.
2501 5666 2627 5722 ms.,
2656 5652 3061 5708 alterantudine.

2285 5722 2357 5795 (ι’)
2389 5722 2465 5795 l_d_.
2491 5739 2617 5792 ms.,
2652 5724 3020 5795 subsequendi.

2310 5793 2366 5862 ιι)
2401 5793 2477 5848 Id.
2511 5808 2637 5861 ms.,
2669 5810 2700 5848 α
2729 5793 2861 5847 ιαὶέα
2895 5810 3048 5849 nunc.

2310 5795 2366 5862 ιι)
2401 5795 2477 5848 Id.
2511 5808 2637 5861 ms.,
2669 5810 2700 5848 α
2729 5795 2861 5847 laica
2895 5810 3048 5849 nunc.

2287 5795 2355 5934 ἓε)
2388 5862 2459 5921 ld.
2501 5878 2624 5935 ms.,
2662 5871 2895 5922 testatum
2920 5865 3098 5935 fuerit.
3160 5856 3179 5871 ’
