3990 6390
192 386 255 444 7':
544 352 549 357 ⁷
1386 384 1742 443 Eptsrom:
1782 382 1870 440 ET
1910 385 2245 443 neuneu.
3376 390 3443 445 7s

189 498 280 551 bet
303 512 316 551 :
340 505 393 552 et
418 496 512 565 ita,
544 495 668 552 dum
692 495 884 568 praedae
911 496 1078 552 inhiat
1100 496 1354 569 patientia
1377 512 1623 567 superna:
1652 498 1757 566 pie-
1787 496 1841 561 Α
1867 496 1974 553 fata
2004 501 2309 557 conditione
2350 500 2616 569 domibus,
2663 499 2897 567 alienare
2929 468 3235 568 tentaveiit,
3278 502 3441 555 dona-

187 590 314 643 tatis
362 589 633 655 abutitur,
699 589 1135 660 exspectantibus
1190 589 1579 646 correctionem
1624 590 1762 646 etelo

188 682 517 749 moderante,
566 681 781 753 judiciis
823 698 882 739 se
926 684 1232 739 existimant
1273 699 1378 739 non
1414 683 1605 750 teneri,
1640 698 1762 738 cum

188 775 387 829 clarum
414 775 501 841 sit,
534 774 674 844 quod
705 774 843 845 apud
865 784 1043 831 certos
1074 776 1126 831 in
1157 776 1495 832 occasionem
1520 774 1761 847 rapiendi

187 865 440 936 procedat
462 865 655 922 divina:
684 880 833 921 mora
864 867 1164 923 sentcntiae.
1192 866 1294 923 Sed
1329 868 1481 923 nobis
1510 883 1642 937 quos
1665 880 1759 936 pa-

185 958 399 1011 storalis
430 972 556 1012 cura
597 966 649 1017 et
680 957 1046 1013 ecclesiastica
1090 955 1357 1030 astringit,
1404 972 1500 1028 pro
1547 956 1763 1026 dispen-

185 1048 387 1103 satione
414 1048 634 1114 credita,
665 1048 799 1103 ratio
826 1048 1097 1105 reddenda
1125 1049 1437 1105 substantite
1464 1068 1475 1102 :
1500 1064 1634 1120 opus
1656 1058 1756 1116 est,

184 1149 239 1195 ut
269 1140 680 1195 sollicitudinem
726 1152 985 1209 nostrain,
1020 1157 1125 1197 non
1156 1143 1328 1198 solum
1358 1141 1423 1197 ad
1453 1142 1755 1213 prmsentia,

184 1236 274 1292 sed
304 1235 462 1290 etiam
492 1236 556 1291 ad
586 1246 829 1293 secutura
864 1237 1055 1291 smcula
1088 1236 1440 1306 porrigamus,
1467 1250 1533 1290 ne
1559 1235 1622 1290 ad
1645 1234 1757 1289 ani-
1827 1294 1838 1302 ,

184 1344 282 1383 mte
315 1336 512 1382 nostrae
558 1326 879 1383 detrimenta
910 1328 1205 1399 contingat,
1246 1328 1292 1383 si
1324 1327 1377 1383 bi
1408 1327 1495 1398 qui
1537 1334 1758 1397 possunt

186 1420 398 1475 statutis
426 1418 618 1474 debere
648 1420 1029 1486 innocentiam,
1079 1427 1463 1489 praesumentes
1498 1418 1565 1474 de
1592 1417 1756 1473 Iiber-

186 1520 313 1579 tate,
364 1511 707 1581 deliquerint,
757 1526 876 1566 cum
920 1511 1168 1582 religiosa
1219 1511 1424 1582 possint
1473 1519 1526 1566 et
1574 1517 1755 1566 nostra

187 1603 511 1658 successoris
541 1604 709 1658 nostri
742 1611 1007 1673 potestate
1042 1602 1235 1668 fulciri,
1266 1602 1469 1674 legibus
1500 1601 1755 1658 ecclesia-

188 1695 333 1751 sticis
360 1696 670 1751 servientes.

925 1812 1011 1867 IV.

1867 599 1971 658 tor,
2012 592 2271 649 alienatur
2317 609 2381 651 ac
2430 594 2710 662 venditor,
2764 592 2984 650 honoris
3026 593 3105 648 sui
3151 594 3442 650 amissione

1864 682 2164 739 mulctetur.

2595 756 2708 832 vn.

1934 855 2223 921 Przeterea,
2243 856 2331 928 qui
2360 857 2569 927 petierit
2587 865 2677 913 aut
2695 856 2983 928 acceperit,
3002 854 3089 913 vel
3107 855 3193 927 qui
3220 847 3437 926 presbyQ

1864 956 2123 1014 terorum,
2146 956 2237 1002 aut
2262 948 2631 1015 diaconorum,
2652 964 2746 1005 seu
2780 948 3117 1005 defensorum
3144 947 3289 1003 danti
3317 946 3437 1001 sub-

1861 1040 2151 1111 scripserit,
2180 1056 2284 1111 quo
2314 1041 2479 1096 iratus
2515 1043 2653 1096 Deus
2684 1041 2890 1098 animas
2932 1041 3177 1112 percutit,
3213 1039 3437 1095 anathe-

1860 1143 2002 1188 mate
2028 1133 2264 1188 feriatur.
2297 1132 2483 1201 Sitque
2513 1133 2817 1201 accipienti,
2853 1134 2938 1189 vel
2983 1132 3338 1190 subscribenti
3368 1131 3436 1186 de

1860 1224 2104 1293 personis
2127 1224 2370 1294 superius
2393 1223 2820 1294 comprehensis,
2866 1225 2921 1280 id
2948 1234 3029 1283 est
3058 1240 3190 1297 quas
3214 1228 3430 1281 anathe«

1862 1322 2004 1368 mate
2036 1313 2182 1368 feriri
2214 1314 2518 1369 censuimus
2556 1312 2821 1385 (instituta
2864 1330 3022 1386 poena
3076 1316 3417 1371 contuberna.

1859 1402 1986 1458 lium
2016 1405 2271 1476 servata),
2305 1420 2463 1475 quam
2513 1405 2866 1475 praemisimus
2894 1405 2948 1461 in
2988 1407 3285 1463 alienatore
3317 1407 3431 1461 vin~

1858 1495 2019 1551 dicta.
2054 1496 2163 1552 Nisi
2192 1497 2329 1553 forte
2354 1507 2408 1553 et
2435 1498 2692 1554 alienator
2718 1498 2841 1567 sibi,
2873 1500 2995 1554 dum
3024 1502 3237 1571 repetit,
3268 1504 3430 1573 et,qul

1856 1588 2143 1660 acceperit,
2173 1590 2335 1647 celeri
2366 1592 2703 1648 restitutione
2735 1593 3087 1664 pr05pexerit.

2579 1705 2708 1761 VIII.

1928 1805 2080 1873 Quod
2108 1806 2152 1861 si
2181 1806 2389 1864 minore
2419 1808 2610 1863 animae
2630 1824 2740 1864 suae
2762 1824 2911 1876 cura,
2936 1809 3217 1879 quisquam
3248 1825 3425 1867 reme-

246 1902 342 1957 llis
362 1917 489 1974 ergo
518 1903 814 1975 perpensis,
832 1918 1084 1959 mansuro
1113 1918 1234 1960 cum
1259 1902 1351 1959 Dei
1383 1903 1549 1961 nostri
1579 1904 1750 1959 consi-
1779 1869 1830 1931 Β
1858 1900 2001 1957 dium
2032 1902 2265 1958 oblatum
2298 1904 2439 1959 forte
2488 1905 2799 1975 neglexerit,
2851 1918 3012 1974 supra
3055 1920 3117 1961 ea
3148 1920 3428 1973 poenarum

177 1994 453 2050 deratione
478 1995 716 2066 decreto,
745 1996 1036 2062 sancimus,
1079 2006 1134 2052 ut
1166 1996 1293 2051 nulli
1322 1996 1629 2067 apostolica:
1668 2011 1753 2052 se-

176 2087 277 2155 dis,
314 2090 549 2158 prazsuli,
594 2105 624 2145 a
655 2092 903 2161 praesenti
953 2091 1040 2146 die
1072 2090 1284 2161 (donec,
1309 2091 1624 2160 disponente
1651 2089 1750 2145 do-

174 2181 343 2248 mino,
390 2181 669 2237 catholicae
710 2182 831 2237 fidei
885 2182 1139 2237 manserit
1186 2179 1426 2235 doctrina
1479 2180 1747 2250 salutaris)

171 2274 332 2329 liceat
360 2275 617 2344 praedium
672 2275 947 2341 rusticum,
1001 2284 1423 2345 quantaecunque
1464 2273 1621 2328 fuerit
1668 2273 1750 2328 vel

170 2367 573 2438 magnitudinis,
593 2369 680 2423 vel
698 2368 1001 2438 exiguitatis
1024 2368 1122 2421 sub
1145 2375 1399 2435 perpetua
1428 2366 1752 2421 alienatione

166 2460 259 2515 vel
288 2461 706 2516 commutatione
756 2460 820 2514 ad
850 2459 1268 2529 cujuslibetjura
1295 2459 1602 2512 transferre.
1645 2458 1753 2512 Nec

169 2555 488 2622 cujuSquam
536 2563 857 2608 excusentur
886 2552 1224 2607 necessitatis
1277 2551 1517 2615 obtentu,
1560 2548 1754 2619 quippe

169 2659 297 2699 cum
328 2659 433 2699 non
462 2643 527 2700 sit
558 2644 861 2715 personale,
914 2640 1057 2713 quod
1100 2642 1366 2712 loquimur
1393 2659 1404 2693 :
1442 2654 1539 2695 nec
1564 2640 1755 2711 aliquis

165 2735 489 2793 clericorum
531 2736 615 2791 vel
664 2736 919 2790 laicorunt
954 2734 1053 2789 sub
1091 2734 1189 2787 hac
1217 2732 1499 2787 occasione
1538 2740 1752 2801 accepta

164 2835 401 2883 tueatur.
455 2826 559 2883 Sed
592 2840 691 2881 nec
719 2826 794 2896 (a)
827 2826 879 2880 in
914 2822 1305 2879 nsufructuario
1338 2821 1459 2892 jure
1488 2820 1753 2891 aliquibus

163 2918 297 2975 dare
340 2918 518 2985 liceat,
575 2932 674 2974 nec
702 2916 838 2987 data
882 2918 1136 2983 retinere,
1182 2924 1377 2985 praeter
1420 2915 1665 2981 clericos,
1697 2923 1753 2971 et

165 3014 439 3084 captivos,
470 3020 631 3083 atque
655 3013 963 3083 peregrinos
988 3030 1001 3067 :
1027 3028 1094 3068 ne
1124 3012 1277 3067 malze
1301 3009 1629 3066 tractationis
1650 3009 1752 3064 mi-

161 3106 428 3161 nistretur
456 3105 691 3172 occasio,
720 3120 839 3160 cum
862 3104 1174 3171 liberalitati
1205 3103 1278 3157 illi
1326 3101 1426 3156 alia
1459 3100 1533 3174 (ὁ)
1558 3100 1749 3157 itinera

159 3206 529 3255 τεεθτγρηιυτ.
928 3268 969 3323 v

232 3364 389 3421 Sane
413 3371 619 3418 tantum
650 3362 841 3419 domus
870 3362 924 3416 in
950 3361 1275 3432 quibuslibet
1300 3359 1523 3416 urbibus
1546 3358 1749 3415 consti-

1854 2010 2071 2065 genera,
2121 2012 2239 2067 qua:
2270 1997 2517 2067 superius
2548 2007 2800 2055 tenentur
2835 1998 3089 2068 ascripta,
3136 2008 3317 2054 contra
3348 1997 3430 2054 fas

1854 2088 1899 2143 si
1947 2088 2088 2158 quod
2137 2100 2451 2158 conceptum
2502 2090 2661 2147 fuerit
2704 2090 3113 2159 documentum,
3164 2090 3430 2146 universis

1854 2185 2075 2243 viribus.
2110 2184 2353 2254 quamvis
2382 2186 2448 2240 ab
2488 2186 2638 2240 initio
2678 2186 2850 2240 nullas
2883 2184 3144 2248 habuerit,
3194 2184 3270 2254 (Ῑ)
3299 2182 3427 2239 effe-

1854 2283 2017 2330 tetur.
2063 2274 2167 2329 Sed
2199 2277 2361 2330 etiam
2406 2276 2564 2331 liceat
2604 2276 3009 2347 quibuscunqne
3050 2274 3427 2330 ecclesiasticis

1854 2366 2101 2437 personis
2126 2381 2313 2422 vocem
2350 2347 2793 2425 'contradictionis
2832 2368 3045 2434 afferre,
3091 2375 3145 2421 et
3173 2366 3426 2422 ecclesia.

1856 2452 1988 2508 stica
2019 2451 2336 2507 auctoritate
2368 2452 2559 2518 fulciri,
2609 2453 2683 2507 ita
2717 2462 2773 2509 ut
2801 2469 2923 2508 cum
2963 2452 3219 2509 fructibus
3262 2452 3429 2521 possit

1858 2542 2090 2596 alienata
2117 2558 2404 2611 reposcere
2430 2562 2441 2595 :
2469 2559 2565 2598 nec
2595 2544 2776 2612 aliquo
2797 2558 2855 2598 se
2878 2552 3001 2597 ante
3030 2543 3259 2597 tribunal
3280 2542 3429 2599 Chri-

1858 2633 1925 2688 sti
1966 2632 2244 2689 obstaculo
2292 2634 2513 2699 muniat,
2554 2634 2645 2705 qui
2686 2649 2713 2687 a
2744 2634 3004 2704 religiosis
3045 2634 3324 2689 animabus
3363 2632 3430 2688 ad

1857 2724 2210 2780 substantiam
2244 2740 2533 2796 pauperum
2567 2726 2842 2791 derelicta,
2875 2737 3059 2781 contra
3091 2726 3167 2781 fas
3194 2727 3311 2781 sine
3334 2724 3431 2779 ali-

1856 2830 1957 2886 qua
1990 2816 2201 2886 pietatis
2248 2816 2679 2872 consideratione
2719 2816 2991 2888 dispergit.
3042 2816 3208 2886 llujus
3248 2827 3427 2873 autem

1855 2908 2246 2964 constitutionis
2289 2910 2459 2979 legem
2504 2911 2554 2965 in
2600 2911 2889 2981 apostolica
2932 2919 3137 2966 tantum
3184 2910 3425 2967 volumus

1854 3000 1982 3057 sede
2025 3002 2247 3071 servari,
2300 3000 2355 3055 in
2399 3002 2659 3057 universis
2687 3002 2946 3058 Ecclesiis
2987 3018 3079 3073 per
3129 3004 3426 3074 provincias

1852 3093 2145 3151 secundum
2174 3095 2470 3151 animarum
2518 3096 3023 3162 considerationem,
3072 3111 3251 3166 quem,
3300 3112 3424 3167 pro-

1856 3185 2029 3255 posito
2056 3185 2327 3256 religionis
2354 3187 2640 3243 convenire
2688 3197 2926 3245 rectores
2952 3203 3139 3245 earum
3171 3188 3420 3256 viderint.

1776 3250 1825 3315 Ο
1852 3291 2003 3333 more
2029 3286 2239 3333 servato

2420 3405 2870 3447 SUBSCRIPTIONBI.

72 4865 84 4870 ⁷
152 4866 284 4922 fata:
334 4864 587 4936 quolibet
630 4865 811 4935 modo,
862 4874 1056 4935 praeter
1104 4880 1314 4932 aurum,
1365 4874 1639 4935 argentum
1669 4874 1768 4931 vel

158 3464 316 3525 tutae,
336 3470 561 3527 quarum
586 3464 782 3511 statum
802 3469 1019 3512 necesse
1041 3463 1121 3511 est
1147 3468 1378 3523 expensa
1410 3467 1515 3509 non
1542 3451 1750 3507 modica

158 3550 482 3614 sustentari,
532 3551 762 3620 acceptis
795 3549 863 3619 (si
904 3548 1087 3604 offerri
1130 3546 1437 3618 contigerit)
1481 3545 1580 3601 sub
1606 3545 1750 3615 justa

156 3641 228 3712 (c)
262 3640 665 3696 existimatione
692 3639 973 3704 reditibus,
1022 3647 1076 3694 et
1113 3638 1276 3693 divini
1326 3638 1514 3691 timore
1540 3633 1748 3705 judicii,

156 3732 237 3804 (ά)
264 3742 668 3788 commutentur
699 3732 796 3802 (al.
831 3728 1291 3799 commodentur).

1924 3481 2119 3537 Caelius
2160 3483 2512 3554 Symmachus
2555 3486 2838 3555 episcopus
2867 3485 3118 3541 Ecclesia
3168 3484 3422 3540 Romana:

1855 3571 1976 3627 huic
2003 3575 2294 3628 constituto
2324 3592 2350 3627 τι
2380 3576 2533 3629 nobis
2560 3576 2701 3631 facto
2726 3577 3038 3645 subscripsi.

1923 3668 2120 3725 leius
2150 3670 2468 3726 Laurentius
2488 3673 2771 3743 episcopus
2795 3681 2996 3727 sanctae
3012 3670 3424 3728 Mediolanensis

1854 3762 2109 3818 Ecclesiae
2146 3763 2270 3819 huic
2301 3766 2591 3820 constituto
2620 3781 2647 3819 a
2691 3764 2981 3822 venerabili
3011 3779 3144 3836 papa
3180 3765 3427 3837 Symma-

921 3843 1008 3899 Vl.
1852 3854 1954 3911 cbo
1981 3855 2121 3911 facto
2151 3856 2471 3926 subscripsi.
2920 3929 2925 3933 _

229 3947 361 4002 Pari
388 3946 547 4002 etiam
593 3946 941 4002 ecclesiarum
986 3960 1082 4013 per
1115 3956 1303 3999 omnes
1332 3941 1585 3996 Romanae
1615 3938 1748 3994 civi-
1923 3948 2115 4004 petrus
2176 3950 2458 4019 episcopus
2527 3951 2805 4007 catholica;
2855 3953 3177 4008 Ravennatis
3226 3962 3425 4007 sancta;

152 4041 290 4095 tatis
322 4040 530 4107 titulos,
562 4038 652 4108 qui
674 4050 796 4092 sunt
822 4035 1141 4108 presbyteri,
1173 4035 1257 4090 vel
1285 4033 1585 4104 quicunque
1630 4030 1746 4085 fue-

1867 4040 2110 4097 Ecclesice
2155 4041 2281 4097 huic
2310 4044 2602 4099 constituto
2632 4060 2659 4097 a
2691 4046 2981 4099 venerabili
3020 4060 3152 4113 papa
3195 4044 3423 4098 Simma-

150 4130 249 4198 rit,
276 4128 511 4199 astringi
542 4128 783 4182 volumus
813 4129 929 4196 lege
964 4126 1214 4181 custodes
1239 4144 1252 4179 :
1278 4124 1402 4194 quia
1432 4121 1581 4178 nefas
1608 4121 1753 4176 dictu
1854 4132 1956 4187 eho
1990 4132 2131 4186 [θειο
2161 4134 2472 4202 subscripsi,

148 4230 264 4284 est,
300 4219 631 4287 obligatione
665 4261 677 4284 ,
728 4234 829 4287 qua
868 4233 927 4272 se
955 4234 1047 4287 per
1076 4217 1347 4271 caritatem
1380 4212 1578 4268 Christi
1620 4226 1751 4268 con-
1929 4233 1955 4261 ι
1991 4224 2226 4279 Eulatius
2269 4226 2550 4294 episcopus
2601 4226 2855 4280 Ecclesia:
2910 4228 3256 4297 Syracosanze
3303 4226 3425 4281 huic

147 4311 339 4367 nectit
373 4325 612 4364 summus
646 4310 902 4378 pontifex,
937 4324 998 4363 ea
1032 4310 1300 4365 hominem
1333 4306 1551 4363 secundi
1584 4306 1636 4360 in
1668 4320 1758 4361 ec-
1856 4314 2146 4369 constituto
2186 4329 2215 4369 a
2243 4316 2536 4371 venerabili
2586 4330 2722 4388 papa
2753 4316 3074 4391 Symmacho
3120 4318 3256 4375 facto
3294 4318 3421 4375 sub-

148 4404 330 4460 clesia
365 4401 573 4456 ordinis
600 4418 704 4456 non
737 4403 924 4457 teneri.
965 4401 1277 4471 Quicunque
1312 4409 1489 4455 tamen
1520 4400 1591 4471 (ε)
1618 4399 1753 4455 obli-
1855 4405 2067 4475 scripsi.

150 4504 338 4565 gatus,
374 4491 493 4559 Dei,
522 4502 577 4547 et
607 4492 807 4548 decreti
832 4492 987 4562 hujus
1019 4492 1306 4546 immemor
1328 4491 1479 4561 cujus
1501 4491 1755 4546 Romana:
1997 4497 2144 4553 Felix
2178 4498 2615 4557 Interamnensis,

151 4585 407 4642 civitatis
452 4584 757 4640 sacerdotes
795 4584 1037 4639 volumus
1089 4584 1347 4655 religiosis
1396 4584 1621 4641 nexibus
1664 4583 1833 4689 de-D
1994 4588 2314 4647 Cresconius
2336 4591 2676 4647 Tudertinus.

151 4678 384 4744 vinciri,
439 4676 491 4732 in
523 4677 874 4733 conSIitutum
910 4693 1147 4748 prtesens
1195 4678 1557 4745 committens,
1602 4676 1757 4747 quid-
1781 4676 1825 4689 "
1998 4683 2317 4740 AEmilianus
2349 4684 2725 4741 Verceuensis.

150 4788 320 4845 quam
356 4771 432 4827 de
470 4770 591 4841 jure
625 4772 895 4827 titulorum
936 4772 1017 4827 vel
1058 4772 1300 4828 ecclesiae
1337 4771 1578 4843 superius
1622 4786 1756 4842 prae-
1999 4773 2271 4830 Jocundus
2306 4772 2745 4844 Subaugustanus
2779 4774 2871 4844 (al.
2898 4774 3285 4847 Augustanus).

2000 4865 2267 4936 Tigridius
2296 4866 2578 4924 Taurinas.

2004 4957 2186 5014 Vitalis
2218 4958 2525 5014 Fundanus.

2004 5049 2199 5105 Bassus
2224 5050 2319 5120 (al.
2351 5050 2661 5121 Bassianus)
2692 5051 3037 5109 Mutinensis.

2004 5144 2021 5174 ¹
2044 5141 2361 5201 Pacatianus
2387 5143 2776 5200 Comaclensis.

152 4973 434 5030 gemmas,
471 4966 645 5013 vestes
676 4972 908 5028 quoque,
952 4959 997 5012 si
1028 4968 1171 5026 sunt,
1225 4958 1309 5015 vel
1356 4959 1400 5014 si
1430 4959 1757 5014 accesserint

152 5051 339 5120 aliqua
371 5049 617 5114 mobilia,
660 5049 728 5105 ad
778 5059 1090 5105 ornamenta
1135 5048 1312 5108 divina
1348 5051 1566 5107 minime
1592 5050 1757 5122 perti-

154 5143 370 5211 nentia,
428 5151 687 5213 perpetuo
710 5141 856 5213 jure,
908 5144 1147 5214 exceptis
1190 5144 1448 5199 duntaxat
1492 5144 1589 5200 sub
1616 5158 1753 5215 prae-

1956 5356 2009 5426 a)
2039 5356 2113 5412 Id.
2146 5371 2273 5426 ms.,
2298 5373 2351 5410 in
2376 5357 2643 5425 usufructu
2666 5368 2814 5407 rura.

1953 5427 2003 5495 b)
2036 5427 2112 5482 Id.
2146 5443 2272 5495 ms.,
2301 5429 2537 5482 retinere.

1956 5495 2001 5565 ε)
2034 5499 2109 5554 Id.
2142 5514 2267 5565 ms.,
2298 5495 2648 5552 aestimatione.

1952 5568 2009 5634 ά)
2042 5569 2114 5624 Id.
2144 5584 2270 5634 ms.,
2304 5568 2697 5623 committentur.

1954 5640 2002 5709 e)
2031 5641 2107 5701 Id.
2138 5656 2267 5709 ms.,
2293 5640 2500 5694 oblitus.

1953 5710 1997 5783 ι’)
2030 5711 2106 5767 Id.
2135 5710 2553 5783 ms.,geﬂ'ecetur.

1922 5774 1963 5853 ηδ’
1979 5774 2225 5854 Dionys.,
2251 5774 2593 5853 'Pa'gatianus.
2624 5774 2793 5831 Hann.

232 5377 259 5405 ι
294 5366 351 5420 In
379 5362 549 5420 rebus
596 5363 759 5432 gestis
790 5362 861 5429 δέ
887 5360 1147 5484 Fulgentii
1177 5359 1469 5443 Ruspens‘is
1488 5358 1750 5441 episcopi,

232 5454 279 5484 ξιξ
299 5438 375 5484 de
411 5433 623 5484 Eulalio
655 5433 944 5484 habentur:
1022 5429 1210 5484 ulaltus
1243 5447 1316 5484 utr
1343 5445 1543 5484 eximia:
1571 5441 1750 5483 sancti-

160 5438 279 5493 hmc
299 5438 375 5492 de
410 5429 623 5489 Eulalio
655 5433 944 5488 habentur:
971 5429 1210 5485 Eulalius
1243 5429 1316 5485 vir
1343 5430 1543 5485 eximia:
1571 5430 1755 5483 sancti-

160 5510 302 5575 tatis,
341 5504 667 5561 admirabilis
689 5504 1070 5570 hospitalitatis,
1099 5503 1474 5575 perfectissima:
1496 5501 1745 5575 caritatis,

160 5582 213 5632 in
235 5571 1157 5651 cujussordet/testium”sapientia:
1172 5571 1455 5651 spiritualis
1485 5571 1755 5651 abscondi-

163 5659 270 5715 tus,
295 5642 500 5702 'multos
530 5644 834 5700 talentorum
857 5645 1223 5699 dominicorum
1256 5644 1592 5711 negotiatione
1617 5642 1753 5696 dita-

165 5723 268 5775 bat.
311 5720 523 5773 Virtute
548 5717 678 5770 enim
714 5716 1029 5771 discretionis
1065 5730 1214 5785 super
1247 5716 1417 5769 omnia
1457 5716 1749 5783 decoratus,

165 5788 555 5859 monachorum
584 5788 947 5859 professionem
966 5801 1115 5858 super
1144 5785 1315 5841 omnia
1343 5786 1614 5858 diligebat,
1642 5791 1748 5841 etc.

169 5859 303 5921 st.
335 5858 546 5918 Brants.

1267 6009 1359 6021 ..ι-οη*
1374 6008 1383 6015 '

3480 5896 3509 5975 Σ
