  <div class='ocr_page' id='page_1' title='image "/cluster/home/n/w/nwhite01/storage/ocr_20150623/62/hvd.32044015706393/045.png"; bbox 0 0 3990 6390; ppageno 0'>
   <div class='ocr_carea' id='block_1_1' title="bbox 593 405 2554 474">
    <p class='ocr_par' dir='ltr' id='par_1_1' title="bbox 593 405 2554 474">
     <span class='ocr_line' id='line_1_1' title="bbox 593 405 2554 474; baseline 0.004 -10"><span class='ocrx_word' id='word_1_1' title='bbox 593 405 658 465; x_wconf 77' lang='lat'><strong>79</strong></span> <span class='ocrx_word' id='word_1_2' title='bbox 1888 413 2156 472; x_wconf 80' lang='lat' dir='ltr'><strong>PETRUS</strong></span> <span class='ocrx_word' id='word_1_3' title='bbox 2194 415 2554 474; x_wconf 81' lang='lat' dir='ltr'><strong>DlACONUS.</strong></span> 
     </span>
    </p>
   </div>
   <div class='ocr_carea' id='block_1_2' title="bbox 735 527 1301 587">
    <p class='ocr_par' dir='ltr' id='par_1_2' title="bbox 735 527 1301 587">
     <span class='ocr_line' id='line_1_2' title="bbox 735 527 1301 587; baseline 0.005 -6"><span class='ocrx_word' id='word_1_4' title='bbox 735 527 995 583; x_wconf 81' lang='lat' dir='ltr'><strong>Maximus</strong></span> <span class='ocrx_word' id='word_1_5' title='bbox 1021 529 1301 587; x_wconf 84' lang='lat' dir='ltr'><strong>Bleranus.</strong></span> 
     </span>
    </p>
   </div>
   <div class='ocr_carea' id='block_1_3' title="bbox 735 618 1472 691">
    <p class='ocr_par' dir='ltr' id='par_1_3' title="bbox 735 618 1472 691">
     <span class='ocr_line' id='line_1_3' title="bbox 735 618 1472 691; baseline 0.004 -19"><span class='ocrx_word' id='word_1_6' title='bbox 735 618 1018 691; x_wconf 65' lang='lat' dir='ltr'><strong>\larlyrius</strong></span> <span class='ocrx_word' id='word_1_7' title='bbox 1049 621 1472 678; x_wconf 73' lang='lat' dir='ltr'><strong>Terracinensns.</strong></span> 
     </span>
    </p>
   </div>
   <div class='ocr_carea' id='block_1_4' title="bbox 744 710 1345 784">
    <p class='ocr_par' dir='ltr' id='par_1_4' title="bbox 744 710 1345 784">
     <span class='ocr_line' id='line_1_4' title="bbox 744 710 1345 784; baseline 0.003 -20"><span class='ocrx_word' id='word_1_8' title='bbox 744 710 1031 767; x_wconf 80' lang='lat' dir='ltr'><strong>Rulentius</strong></span> <span class='ocrx_word' id='word_1_9' title='bbox 1057 713 1345 784; x_wconf 88' lang='lat' dir='ltr'><strong>lgnatinus.</strong></span> 
     </span>
    </p>
   </div>
   <div class='ocr_carea' id='block_1_5' title="bbox 740 803 1342 862">
    <p class='ocr_par' dir='ltr' id='par_1_5' title="bbox 740 803 1342 862">
     <span class='ocr_line' id='line_1_5' title="bbox 740 803 1342 862; baseline 0.002 -5"><span class='ocrx_word' id='word_1_10' title='bbox 740 803 970 858; x_wconf 88' lang='lat' dir='ltr'><strong>Basilius</strong></span> <span class='ocrx_word' id='word_1_11' title='bbox 991 804 1342 862; x_wconf 87' lang='lat' dir='ltr'><strong>Tollentinas.</strong></span> 
     </span>
    </p>
   </div>
   <div class='ocr_carea' id='block_1_6' title="bbox 734 895 1912 968">
    <p class='ocr_par' dir='ltr' id='par_1_6' title="bbox 734 895 1912 968">
     <span class='ocr_line' id='line_1_6' title="bbox 734 895 1912 968; baseline -0.001 -17"><span class='ocrx_word' id='word_1_12' title='bbox 734 895 1092 951; x_wconf 87' lang='lat' dir='ltr'><strong>Martinianus</strong></span> <span class='ocrx_word' id='word_1_13' title='bbox 1120 898 1135 926; x_wconf 84' lang='grc'>¹</span> <span class='ocrx_word' id='word_1_14' title='bbox 1162 896 1402 951; x_wconf 81' lang='lat' dir='ltr'><strong>Ortensis</strong></span> <span class='ocrx_word' id='word_1_15' title='bbox 1429 896 1523 967; x_wconf 85' lang='lat' dir='ltr'><strong>(al.</strong></span> <span class='ocrx_word' id='word_1_16' title='bbox 1551 895 1912 968; x_wconf 86' lang='lat' dir='ltr'><strong>Ortonensis).</strong></span> 
     </span>
    </p>
   </div>
   <div class='ocr_carea' id='block_1_7' title="bbox 733 985 1455 1056">
    <p class='ocr_par' dir='ltr' id='par_1_7' title="bbox 733 985 1455 1056">
     <span class='ocr_line' id='line_1_7' title="bbox 733 985 1455 1056; baseline 0.006 -19"><span class='ocrx_word' id='word_1_17' title='bbox 733 985 1000 1055; x_wconf 89' lang='lat' dir='ltr'><strong>Benignus</strong></span> <span class='ocrx_word' id='word_1_18' title='bbox 1029 985 1455 1056; x_wconf 73' lang='lat' dir='ltr'><strong>Aquaeviveusis.</strong></span> 
     </span>
    </p>
   </div>
   <div class='ocr_carea' id='block_1_8' title="bbox 730 1075 1487 1134">
    <p class='ocr_par' dir='ltr' id='par_1_8' title="bbox 730 1075 1487 1134">
     <span class='ocr_line' id='line_1_8' title="bbox 730 1075 1487 1134; baseline 0.007 -5"><span class='ocrx_word' id='word_1_19' title='bbox 730 1075 1054 1131; x_wconf 90' lang='lat' dir='ltr'><strong>Fortunatus</strong></span> <span class='ocrx_word' id='word_1_20' title='bbox 1080 1076 1487 1134; x_wconf 90' lang='lat' dir='ltr'><strong>Sucssanensis.</strong></span> 
     </span>
    </p>
   </div>
   <div class='ocr_carea' id='block_1_9' title="bbox 733 1166 1494 1240">
    <p class='ocr_par' dir='ltr' id='par_1_9' title="bbox 733 1166 1494 1240">
     <span class='ocr_line' id='line_1_9' title="bbox 733 1166 1494 1240; baseline 0.005 -18"><span class='ocrx_word' id='word_1_21' title='bbox 733 1166 1020 1224; x_wconf 71' lang='lat' dir='ltr'><strong>Severinus</strong></span> <span class='ocrx_word' id='word_1_22' title='bbox 1047 1166 1494 1240; x_wconf 78' lang='lat' dir='ltr'><strong>Tyndarinensis.</strong></span> 
     </span>
    </p>
   </div>
   <div class='ocr_carea' id='block_1_10' title="bbox 728 1258 1412 1328">
    <p class='ocr_par' dir='ltr' id='par_1_10' title="bbox 728 1258 1412 1328">
     <span class='ocr_line' id='line_1_10' title="bbox 728 1258 1412 1328; baseline 0.006 -16"><span class='ocrx_word' id='word_1_23' title='bbox 728 1258 1000 1328; x_wconf 87' lang='lat' dir='ltr'><strong>Eucarpus</strong></span> <span class='ocrx_word' id='word_1_24' title='bbox 1031 1261 1412 1316; x_wconf 76' lang='lat' dir='ltr'><strong>Messanensis.</strong></span> 
     </span>
    </p>
   </div>
   <div class='ocr_carea' id='block_1_11' title="bbox 724 1349 1316 1420">
    <p class='ocr_par' dir='ltr' id='par_1_11' title="bbox 724 1349 1316 1420">
     <span class='ocr_line' id='line_1_11' title="bbox 724 1349 1316 1420; baseline 0.005 -17"><span class='ocrx_word' id='word_1_25' title='bbox 724 1349 958 1404; x_wconf 76' lang='lat' dir='ltr'><strong>Joannes</strong></span> <span class='ocrx_word' id='word_1_26' title='bbox 983 1349 1316 1420; x_wconf 82' lang='lat' dir='ltr'><strong>Spoletinus.</strong></span> 
     </span>
    </p>
   </div>
   <div class='ocr_carea' id='block_1_12' title="bbox 728 1441 1388 1510">
    <p class='ocr_par' dir='ltr' id='par_1_12' title="bbox 728 1441 1388 1510">
     <span class='ocr_line' id='line_1_12' title="bbox 728 1441 1388 1510; baseline 0.002 -14"><span class='ocrx_word' id='word_1_27' title='bbox 728 1441 1036 1510; x_wconf 87' lang='lat' dir='ltr'><strong>Stephanus</strong></span> <span class='ocrx_word' id='word_1_28' title='bbox 1068 1443 1388 1499; x_wconf 71' lang='lat' dir='ltr'><strong>Venusinus.</strong></span> 
     </span>
    </p>
   </div>
   <div class='ocr_carea' id='block_1_13' title="bbox 722 1531 1452 1590">
    <p class='ocr_par' dir='ltr' id='par_1_13' title="bbox 722 1531 1452 1590">
     <span class='ocr_line' id='line_1_13' title="bbox 722 1531 1452 1590; baseline 0.004 -5"><span class='ocrx_word' id='word_1_29' title='bbox 722 1531 1041 1587; x_wconf 76' lang='lat' dir='ltr'><strong>Valentinus</strong></span> <span class='ocrx_word' id='word_1_30' title='bbox 1067 1535 1452 1590; x_wconf 82' lang='lat' dir='ltr'><strong>Amiterninus.</strong></span> 
     </span>
    </p>
   </div>
   <div class='ocr_carea' id='block_1_14' title="bbox 727 1624 1404 1683">
    <p class='ocr_par' dir='ltr' id='par_1_14' title="bbox 727 1624 1404 1683">
     <span class='ocr_line' id='line_1_14' title="bbox 727 1624 1404 1683; baseline 0.007 -5"><span class='ocrx_word' id='word_1_31' title='bbox 727 1624 994 1680; x_wconf 82' lang='lat' dir='ltr'><strong>Romulus</strong></span> <span class='ocrx_word' id='word_1_32' title='bbox 1025 1624 1404 1683; x_wconf 62' lang='lat' dir='ltr'><strong>Prmnrstinus.</strong></span> 
     </span>
    </p>
   </div>
   <div class='ocr_carea' id='block_1_15' title="bbox 725 1717 1980 1796">
    <p class='ocr_par' dir='ltr' id='par_1_15' title="bbox 725 1717 1980 1796">
     <span class='ocr_line' id='line_1_15' title="bbox 725 1717 1980 1796; baseline 0.004 -25"><span class='ocrx_word' id='word_1_33' title='bbox 725 1717 933 1772; x_wconf 86' lang='lat' dir='ltr'><strong>Probus</strong></span> <span class='ocrx_word' id='word_1_34' title='bbox 961 1718 1390 1796; x_wconf 81' lang='lat' dir='ltr'><strong>Cartnelanensis</strong></span> <span class='ocrx_word' id='word_1_35' title='bbox 1415 1721 1509 1794; x_wconf 86' lang='lat' dir='ltr'><strong>(al.</strong></span> <span class='ocrx_word' id='word_1_36' title='bbox 1538 1720 1980 1791; x_wconf 86' lang='lat' dir='ltr'><strong>Camarineusis).</strong></span> 
     </span>
    </p>
   </div>
   <div class='ocr_carea' id='block_1_16' title="bbox 725 1806 1396 1868">
    <p class='ocr_par' dir='ltr' id='par_1_16' title="bbox 725 1806 1396 1868">
     <span class='ocr_line' id='line_1_16' title="bbox 725 1806 1396 1868; baseline 0.003 -5"><span class='ocrx_word' id='word_1_37' title='bbox 725 1806 1039 1866; x_wconf 86' lang='lat' dir='ltr'><strong>Vindemius</strong></span> <span class='ocrx_word' id='word_1_38' title='bbox 1073 1813 1396 1868; x_wconf 80' lang='lat' dir='ltr'><strong>Antiatinus.</strong></span> 
     </span>
    </p>
   </div>
   <div class='ocr_carea' id='block_1_17' title="bbox 724 1899 1362 1960">
    <p class='ocr_par' dir='ltr' id='par_1_17' title="bbox 724 1899 1362 1960">
     <span class='ocr_line' id='line_1_17' title="bbox 724 1899 1362 1960; baseline 0.006 -4"><span class='ocrx_word' id='word_1_39' title='bbox 724 1899 996 1957; x_wconf 87' lang='lat' dir='ltr'><strong>Candidus</strong></span> <span class='ocrx_word' id='word_1_40' title='bbox 1027 1903 1362 1960; x_wconf 86' lang='lat' dir='ltr'><strong>Tiburtinus.</strong></span> 
     </span>
    </p>
   </div>
   <div class='ocr_carea' id='block_1_18' title="bbox 727 1991 1350 2068">
    <p class='ocr_par' dir='ltr' id='par_1_18' title="bbox 727 1991 1350 2068">
     <span class='ocr_line' id='line_1_18' title="bbox 727 1991 1350 2068; baseline 0.01 -22"><span class='ocrx_word' id='word_1_41' title='bbox 727 1991 1049 2051; x_wconf 86' lang='lat' dir='ltr'><strong>Fortunatus</strong></span> <span class='ocrx_word' id='word_1_42' title='bbox 1081 1995 1350 2068; x_wconf 88' lang='lat' dir='ltr'><strong>Fulginas.</strong></span> 
     </span>
    </p>
   </div>
   <div class='ocr_carea' id='block_1_19' title="bbox 717 2084 1396 2160">
    <p class='ocr_par' dir='ltr' id='par_1_19' title="bbox 717 2084 1396 2160">
     <span class='ocr_line' id='line_1_19' title="bbox 717 2084 1396 2160; baseline 0.01 -22"><span class='ocrx_word' id='word_1_43' title='bbox 717 2084 1110 2146; x_wconf 90' lang='lat' dir='ltr'><strong>Proculeianus</strong></span> <span class='ocrx_word' id='word_1_44' title='bbox 1149 2091 1396 2160; x_wconf 89' lang='lat' dir='ltr'><strong>Sepinas.</strong></span> 
     </span>
    </p>
   </div>
   <div class='ocr_carea' id='block_1_20' title="bbox 714 2177 1282 2237">
    <p class='ocr_par' dir='ltr' id='par_1_20' title="bbox 714 2177 1282 2237">
     <span class='ocr_line' id='line_1_20' title="bbox 714 2177 1282 2237; baseline 0.004 -5"><span class='ocrx_word' id='word_1_45' title='bbox 714 2177 1014 2234; x_wconf 77' lang='lat' dir='ltr'><strong>Martianus</strong></span> <span class='ocrx_word' id='word_1_46' title='bbox 1044 2181 1282 2237; x_wconf 72' lang='lat' dir='ltr'><strong>1Esinus.</strong></span> 
     </span>
    </p>
   </div>
   <div class='ocr_carea' id='block_1_21' title="bbox 717 2269 1426 2329">
    <p class='ocr_par' dir='ltr' id='par_1_21' title="bbox 717 2269 1426 2329">
     <span class='ocr_line' id='line_1_21' title="bbox 717 2269 1426 2329; baseline 0.007 -5"><span class='ocrx_word' id='word_1_47' title='bbox 717 2269 1079 2328; x_wconf 79' lang='lat' dir='ltr'><strong>Maximianus</strong></span> <span class='ocrx_word' id='word_1_48' title='bbox 1111 2273 1426 2329; x_wconf 88' lang='lat' dir='ltr'><strong>Perusinus.</strong></span> 
     </span>
    </p>
   </div>
   <div class='ocr_carea' id='block_1_22' title="bbox 713 2359 1468 2432">
    <p class='ocr_par' dir='ltr' id='par_1_22' title="bbox 713 2359 1468 2432">
     <span class='ocr_line' id='line_1_22' title="bbox 713 2359 1468 2432; baseline 0.003 -18"><span class='ocrx_word' id='word_1_49' title='bbox 713 2359 1099 2432; x_wconf 81' lang='lat' dir='ltr'><strong>Chrysogonus</strong></span> <span class='ocrx_word' id='word_1_50' title='bbox 1127 2362 1468 2418; x_wconf 84' lang='lat' dir='ltr'><strong>Albanensis.</strong></span> 
     </span>
    </p>
   </div>
   <div class='ocr_carea' id='block_1_23' title="bbox 707 2449 1348 2523">
    <p class='ocr_par' dir='ltr' id='par_1_23' title="bbox 707 2449 1348 2523">
     <span class='ocr_line' id='line_1_23' title="bbox 707 2449 1348 2523; baseline 0.002 -19"><span class='ocrx_word' id='word_1_51' title='bbox 707 2449 1005 2523; x_wconf 85' lang='lat' dir='ltr'><strong>Eutychius</strong></span> <span class='ocrx_word' id='word_1_52' title='bbox 1037 2454 1348 2510; x_wconf 84' lang='lat' dir='ltr'><strong>Tranensis.</strong></span> 
     </span>
    </p>
   </div>
   <div class='ocr_carea' id='block_1_24' title="bbox 711 2543 1455 2602">
    <p class='ocr_par' dir='ltr' id='par_1_24' title="bbox 711 2543 1455 2602">
     <span class='ocr_line' id='line_1_24' title="bbox 711 2543 1455 2602; baseline 0.001 -3"><span class='ocrx_word' id='word_1_53' title='bbox 711 2543 1032 2601; x_wconf 84' lang='lat' dir='ltr'><strong>Laurentius</strong></span> <span class='ocrx_word' id='word_1_54' title='bbox 1062 2549 1082 2578; x_wconf 85' lang='grc'>²</span> <span class='ocrx_word' id='word_1_55' title='bbox 1122 2546 1455 2602; x_wconf 84' lang='lat' dir='ltr'><strong>Bnianensis.</strong></span> 
     </span>
    </p>
   </div>
   <div class='ocr_carea' id='block_1_25' title="bbox 710 2637 1408 2712">
    <p class='ocr_par' dir='ltr' id='par_1_25' title="bbox 710 2637 1408 2712">
     <span class='ocr_line' id='line_1_25' title="bbox 710 2637 1408 2712; baseline 0.004 -20"><span class='ocrx_word' id='word_1_56' title='bbox 710 2637 1039 2695; x_wconf 87' lang='lat' dir='ltr'><strong>Fortunatus</strong></span> <span class='ocrx_word' id='word_1_57' title='bbox 1069 2641 1408 2712; x_wconf 80' lang='lat' dir='ltr'><strong>Anagninus.</strong></span> 
     </span>
    </p>
   </div>
   <div class='ocr_carea' id='block_1_26' title="bbox 709 2731 1458 2789">
    <p class='ocr_par' dir='ltr' id='par_1_26' title="bbox 709 2731 1458 2789">
     <span class='ocr_line' id='line_1_26' title="bbox 709 2731 1458 2789; baseline 0.003 -4"><span class='ocrx_word' id='word_1_58' title='bbox 709 2731 1033 2788; x_wconf 88' lang='lat' dir='ltr'><strong>Paschasius</strong></span> <span class='ocrx_word' id='word_1_59' title='bbox 1063 2733 1458 2789; x_wconf 85' lang='lat' dir='ltr'><strong>Vulturnensis.</strong></span> 
     </span>
    </p>
   </div>
   <div class='ocr_carea' id='block_1_27' title="bbox 719 2823 1269 2880">
    <p class='ocr_par' dir='ltr' id='par_1_27' title="bbox 719 2823 1269 2880">
     <span class='ocr_line' id='line_1_27' title="bbox 719 2823 1269 2880; baseline 0.002 -5"><span class='ocrx_word' id='word_1_60' title='bbox 719 2823 928 2876; x_wconf 73' lang='lat' dir='ltr'><strong>Marcus</strong></span> <span class='ocrx_word' id='word_1_61' title='bbox 959 2823 1269 2880; x_wconf 83' lang='lat' dir='ltr'><strong>Samninus.</strong></span> 
     </span>
    </p>
   </div>
   <div class='ocr_carea' id='block_1_28' title="bbox 714 2913 1375 2982">
    <p class='ocr_par' dir='ltr' id='par_1_28' title="bbox 714 2913 1375 2982">
     <span class='ocr_line' id='line_1_28' title="bbox 714 2913 1375 2982; baseline 0.003 -15"><span class='ocrx_word' id='word_1_62' title='bbox 714 2913 916 2982; x_wconf 80' lang='lat' dir='ltr'><strong>Aprilis</strong></span> <span class='ocrx_word' id='word_1_63' title='bbox 940 2913 1263 2969; x_wconf 84' lang='lat' dir='ltr'><strong>Nucerinus.</strong></span> <span class='ocrx_word' id='word_1_64' title='bbox 1368 2948 1375 2958; x_wconf 91' lang='grc'><strong>-</strong></span> 
     </span>
    </p>
   </div>
   <div class='ocr_carea' id='block_1_29' title="bbox 711 3008 1260 3064">
    <p class='ocr_par' dir='ltr' id='par_1_29' title="bbox 711 3008 1260 3064">
     <span class='ocr_line' id='line_1_29' title="bbox 711 3008 1260 3064; baseline 0.002 -1"><span class='ocrx_word' id='word_1_65' title='bbox 711 3008 914 3063; x_wconf 86' lang='lat' dir='ltr'><strong>Memor</strong></span> <span class='ocrx_word' id='word_1_66' title='bbox 940 3008 1260 3064; x_wconf 86' lang='lat' dir='ltr'><strong>Canusinus.</strong></span> 
     </span>
    </p>
   </div>
   <div class='ocr_carea' id='block_1_30' title="bbox 713 3097 1669 3168">
    <p class='ocr_par' dir='ltr' id='par_1_30' title="bbox 713 3097 1669 3168">
     <span class='ocr_line' id='line_1_30' title="bbox 713 3097 1669 3168; baseline 0 -14"><span class='ocrx_word' id='word_1_67' title='bbox 713 3098 1056 3154; x_wconf 85' lang='lat' dir='ltr'><strong>Innocentius</strong></span> <span class='ocrx_word' id='word_1_68' title='bbox 1087 3097 1669 3168; x_wconf 85' lang='lat' dir='ltr'><strong>Forosemproniensis.</strong></span> 
     </span>
    </p>
   </div>
   <div class='ocr_carea' id='block_1_31' title="bbox 617 3179 1493 3246">
    <p class='ocr_par' dir='ltr' id='par_1_31' title="bbox 617 3179 1493 3246">
     <span class='ocr_line' id='line_1_31' title="bbox 617 3179 1493 3246; baseline -0.002 0"><span class='ocrx_word' id='word_1_69' title='bbox 617 3179 620 3182; x_wconf 58' lang='grc'><em>’</em></span> <span class='ocrx_word' id='word_1_70' title='bbox 711 3190 1056 3246; x_wconf 85' lang='lat' dir='ltr'><strong>Florentinus</strong></span> <span class='ocrx_word' id='word_1_71' title='bbox 1087 3190 1108 3221; x_wconf 86' lang='grc'><strong><em>³</em></strong></span> <span class='ocrx_word' id='word_1_72' title='bbox 1143 3188 1493 3246; x_wconf 87' lang='lat' dir='ltr'><strong>Vestinensis.</strong></span> 
     </span>
    </p>
   </div>
   <div class='ocr_carea' id='block_1_32' title="bbox 708 3283 1216 3352">
    <p class='ocr_par' dir='ltr' id='par_1_32' title="bbox 708 3283 1216 3352">
     <span class='ocr_line' id='line_1_32' title="bbox 708 3283 1216 3352; baseline -0.002 -14"><span class='ocrx_word' id='word_1_73' title='bbox 708 3283 863 3338; x_wconf 82' lang='lat' dir='ltr'><strong>Felix</strong></span> <span class='ocrx_word' id='word_1_74' title='bbox 893 3283 1216 3352; x_wconf 83' lang='lat' dir='ltr'><strong>Nepesinus.</strong></span> 
     </span>
    </p>
   </div>
   <div class='ocr_carea' id='block_1_33' title="bbox 719 3375 1353 3433">
    <p class='ocr_par' dir='ltr' id='par_1_33' title="bbox 719 3375 1353 3433">
     <span class='ocr_line' id='line_1_33' title="bbox 719 3375 1353 3433; baseline -0.005 0"><span class='ocrx_word' id='word_1_75' title='bbox 719 3375 1055 3433; x_wconf 87' lang='lat' dir='ltr'><strong>Concordius</strong></span> <span class='ocrx_word' id='word_1_76' title='bbox 1088 3376 1353 3432; x_wconf 73' lang='lat' dir='ltr'><strong>Dlesenas.</strong></span> 
     </span>
    </p>
   </div>
   <div class='ocr_carea' id='block_1_34' title="bbox 707 3467 1824 3539">
    <p class='ocr_par' dir='ltr' id='par_1_34' title="bbox 707 3467 1824 3539">
     <span class='ocr_line' id='line_1_34' title="bbox 707 3467 1824 3539; baseline -0.005 -14"><span class='ocrx_word' id='word_1_77' title='bbox 707 3468 983 3525; x_wconf 76' lang='lat' dir='ltr'><strong>Amandus</strong></span> <span class='ocrx_word' id='word_1_78' title='bbox 1014 3467 1120 3539; x_wconf 81' lang='grc' dir='ltr'><strong>(ΑΙ.</strong></span> <span class='ocrx_word' id='word_1_79' title='bbox 1153 3467 1460 3538; x_wconf 84' lang='lat' dir='ltr'><strong>Amantius)</strong></span> <span class='ocrx_word' id='word_1_80' title='bbox 1483 3467 1824 3522; x_wconf 88' lang='lat' dir='ltr'><strong>Potentinus.</strong></span> 
     </span>
    </p>
   </div>
   <div class='ocr_carea' id='block_1_35' title="bbox 709 3558 1378 3629">
    <p class='ocr_par' dir='ltr' id='par_1_35' title="bbox 709 3558 1378 3629">
     <span class='ocr_line' id='line_1_35' title="bbox 709 3558 1378 3629; baseline -0.004 -15"><span class='ocrx_word' id='word_1_81' title='bbox 709 3561 918 3616; x_wconf 83' lang='lat' dir='ltr'><strong>Asellus</strong></span> <span class='ocrx_word' id='word_1_82' title='bbox 951 3558 1378 3629; x_wconf 87' lang='lat' dir='ltr'><strong>Populoniensis.</strong></span> 
     </span>
    </p>
   </div>
   <div class='ocr_carea' id='block_1_36' title="bbox 709 3649 1438 3707">
    <p class='ocr_par' dir='ltr' id='par_1_36' title="bbox 709 3649 1438 3707">
     <span class='ocr_line' id='line_1_36' title="bbox 709 3649 1438 3707; baseline -0.004 0"><span class='ocrx_word' id='word_1_83' title='bbox 709 3651 965 3707; x_wconf 87' lang='lat' dir='ltr'><strong>Colonius</strong></span> <span class='ocrx_word' id='word_1_84' title='bbox 988 3649 1438 3707; x_wconf 77' lang='lat' dir='ltr'><strong>Foroclodiensis.</strong></span> 
     </span>
    </p>
   </div>
   <div class='ocr_carea' id='block_1_37' title="bbox 638 3757 2148 3834">
    <p class='ocr_par' dir='ltr' id='par_1_37' title="bbox 638 3757 2148 3834">
     <span class='ocr_line' id='line_1_37' title="bbox 638 3757 2148 3834; baseline -0.005 -18"><span class='ocrx_word' id='word_1_85' title='bbox 638 3770 664 3798; x_wconf 71' lang='grc' dir='ltr'><strong>α</strong></span> <span class='ocrx_word' id='word_1_86' title='bbox 683 3760 793 3834; x_wconf 81' lang='lat' dir='ltr'><strong>Sub</strong></span> <span class='ocrx_word' id='word_1_87' title='bbox 822 3761 1127 3834; x_wconf 74' lang='lat' dir='ltr'><strong>Symmachi</strong></span> <span class='ocrx_word' id='word_1_88' title='bbox 1148 3761 1361 3834; x_wconf 86' lang='lat' dir='ltr'><strong>nomine</strong></span> <span class='ocrx_word' id='word_1_89' title='bbox 1389 3759 1610 3834; x_wconf 82' lang='lat' dir='ltr'><strong>t0tidem</strong></span> <span class='ocrx_word' id='word_1_90' title='bbox 1640 3761 1818 3815; x_wconf 87' lang='lat' dir='ltr'><strong>verbis</strong></span> <span class='ocrx_word' id='word_1_91' title='bbox 1844 3760 2072 3834; x_wconf 29' lang='lat' dir='ltr'><strong>rel‘ertur</strong></span> <span class='ocrx_word' id='word_1_92' title='bbox 2092 3757 2148 3834; x_wconf 83' lang='lat' dir='ltr'><strong>in</strong></span> 
     </span>
    </p>
   </div>
   <div class='ocr_carea' id='block_1_38' title="bbox 573 3829 2150 3902">
    <p class='ocr_par' dir='ltr' id='par_1_38' title="bbox 573 3829 2150 3902">
     <span class='ocr_line' id='line_1_38' title="bbox 573 3829 2150 3902; baseline -0.005 -12"><span class='ocrx_word' id='word_1_93' title='bbox 573 3829 880 3890; x_wconf 51' lang='lat' dir='ltr'><strong>Pmnitent.’</strong></span> <span class='ocrx_word' id='word_1_94' title='bbox 910 3832 1151 3886; x_wconf 82' lang='lat' dir='ltr'><strong>Romano</strong></span> <span class='ocrx_word' id='word_1_95' title='bbox 1180 3832 1246 3887; x_wconf 90' lang='lat' dir='ltr'><strong>ab</strong></span> <span class='ocrx_word' id='word_1_96' title='bbox 1292 3832 1527 3885; x_wconf 80' lang='lat' dir='ltr'><strong>Antonio</strong></span> <span class='ocrx_word' id='word_1_97' title='bbox 1555 3832 1832 3902; x_wconf 78' lang='lat' dir='ltr'><strong>Augustin.</strong></span> <span class='ocrx_word' id='word_1_98' title='bbox 1866 3829 2032 3894; x_wconf 91' lang='lat' dir='ltr'><strong>edito,</strong></span> <span class='ocrx_word' id='word_1_99' title='bbox 2067 3829 2150 3882; x_wconf 91' lang='lat' dir='ltr'><strong>tit.</strong></span> 
     </span>
    </p>
   </div>
   <div class='ocr_carea' id='block_1_39' title="bbox 577 3904 1531 4047">
    <p class='ocr_par' dir='ltr' id='par_1_39' title="bbox 577 3904 1531 4047">
     <span class='ocr_line' id='line_1_39' title="bbox 577 3904 870 3972; baseline -0.01 -13"><span class='ocrx_word' id='word_1_100' title='bbox 577 3904 632 3971; x_wconf 86' lang='lat'><strong>8,</strong></span> <span class='ocrx_word' id='word_1_101' title='bbox 665 3918 784 3972; x_wconf 90' lang='lat' dir='ltr'><strong>cap.</strong></span> <span class='ocrx_word' id='word_1_102' title='bbox 817 3904 870 3957; x_wconf 79' lang='lat'><strong>&#39;5.</strong></span> 
     </span>
     <span class='ocr_line' id='line_1_40' title="bbox 647 3974 1531 4047; baseline 0 -19"><span class='ocrx_word' id='word_1_103' title='bbox 647 3976 665 4005; x_wconf 82' lang='grc'>¹</span> <span class='ocrx_word' id='word_1_104' title='bbox 694 3974 941 4047; x_wconf 86' lang='lat' dir='ltr'><strong>Dionys.,</strong></span> <span class='ocrx_word' id='word_1_105' title='bbox 974 3975 1326 4046; x_wconf 74' lang='lat' dir='ltr'><strong>Augustemis.</strong></span> <span class='ocrx_word' id='word_1_106' title='bbox 1359 3976 1531 4033; x_wconf 71' lang='lat' dir='ltr'><strong>Hann.</strong></span> 
     </span>
    </p>
   </div>
   <div class='ocr_carea' id='block_1_40' title="bbox 570 4099 3581 4129">
    <p class='ocr_par' dir='ltr' id='par_1_40' title="bbox 570 4099 3581 4129">
     <span class='ocr_line' id='line_1_41' title="bbox 570 4099 3581 4129; baseline -0.001 -3"><span class='ocrx_word' id='word_1_107' title='bbox 570 4099 3581 4129; x_wconf 57' lang='lat' dir='ltr'><strong>W—w</strong></span> 
     </span>
    </p>
   </div>
   <div class='ocr_carea' id='block_1_41' title="bbox 2205 530 3090 602">
    <p class='ocr_par' dir='ltr' id='par_1_41' title="bbox 2205 530 3090 602">
     <span class='ocr_line' id='line_1_42' title="bbox 2205 530 3090 602; baseline 0 -16"><span class='ocrx_word' id='word_1_108' title='bbox 2205 536 2262 594; x_wconf 81' lang='grc' dir='ltr'><strong>Α</strong></span> <span class='ocrx_word' id='word_1_109' title='bbox 2422 532 2662 602; x_wconf 87' lang='lat' dir='ltr'><strong>Elpidius</strong></span> <span class='ocrx_word' id='word_1_110' title='bbox 2697 530 3090 586; x_wconf 83' lang='lat' dir='ltr'><strong>Volaterranos.</strong></span> 
     </span>
    </p>
   </div>
   <div class='ocr_carea' id='block_1_42' title="bbox 2423 623 3573 697">
    <p class='ocr_par' dir='ltr' id='par_1_42' title="bbox 2423 623 3573 697">
     <span class='ocr_line' id='line_1_43' title="bbox 2423 623 3573 697; baseline 0.002 -19"><span class='ocrx_word' id='word_1_111' title='bbox 2423 626 2698 693; x_wconf 91' lang='lat' dir='ltr'><strong>Projectus</strong></span> <span class='ocrx_word' id='word_1_112' title='bbox 2727 625 2838 695; x_wconf 84' lang='lat' dir='ltr'><strong>(Al.</strong></span> <span class='ocrx_word' id='word_1_113' title='bbox 2873 623 3239 697; x_wconf 86' lang='lat' dir='ltr'><strong>Projectitius)</strong></span> <span class='ocrx_word' id='word_1_114' title='bbox 3271 625 3573 682; x_wconf 79' lang='lat' dir='ltr'><strong>Forinovis.</strong></span> 
     </span>
    </p>
   </div>
   <div class='ocr_carea' id='block_1_43' title="bbox 2427 716 3035 774">
    <p class='ocr_par' dir='ltr' id='par_1_43' title="bbox 2427 716 3035 774">
     <span class='ocr_line' id='line_1_44' title="bbox 2427 716 3035 774; baseline 0.003 -2"><span class='ocrx_word' id='word_1_115' title='bbox 2427 716 2748 773; x_wconf 87' lang='lat' dir='ltr'><strong>Veneriosus</strong></span> <span class='ocrx_word' id='word_1_116' title='bbox 2771 717 3035 774; x_wconf 90' lang='lat' dir='ltr'><strong>Polensis.</strong></span> 
     </span>
    </p>
   </div>
   <div class='ocr_carea' id='block_1_44' title="bbox 2421 808 3258 865">
    <p class='ocr_par' dir='ltr' id='par_1_44' title="bbox 2421 808 3258 865">
     <span class='ocr_line' id='line_1_45' title="bbox 2421 808 3258 865; baseline -0.002 -1"><span class='ocrx_word' id='word_1_117' title='bbox 2421 808 2722 865; x_wconf 82' lang='lat' dir='ltr'><strong>Bonifacius</strong></span> <span class='ocrx_word' id='word_1_118' title='bbox 2749 809 3258 865; x_wconf 77' lang='lat' dir='ltr'><strong>Forollaminien~is.</strong></span> 
     </span>
    </p>
   </div>
   <div class='ocr_carea' id='block_1_45' title="bbox 2419 900 3047 957">
    <p class='ocr_par' dir='ltr' id='par_1_45' title="bbox 2419 900 3047 957">
     <span class='ocr_line' id='line_1_46' title="bbox 2419 900 3047 957; baseline 0 -1"><span class='ocrx_word' id='word_1_119' title='bbox 2419 901 2767 956; x_wconf 86' lang='lat' dir='ltr'><strong>Sebastianus</strong></span> <span class='ocrx_word' id='word_1_120' title='bbox 2789 900 3047 957; x_wconf 89' lang='lat' dir='ltr'><strong>Soranus.</strong></span> 
     </span>
    </p>
   </div>
   <div class='ocr_carea' id='block_1_46' title="bbox 2416 992 3039 1049">
    <p class='ocr_par' dir='ltr' id='par_1_46' title="bbox 2416 992 3039 1049">
     <span class='ocr_line' id='line_1_47' title="bbox 2416 992 3039 1049; baseline 0 -3"><span class='ocrx_word' id='word_1_121' title='bbox 2416 992 2668 1049; x_wconf 83' lang='lat' dir='ltr'><strong>Rusticus</strong></span> <span class='ocrx_word' id='word_1_122' title='bbox 2690 993 3039 1048; x_wconf 78' lang='lat' dir='ltr'><strong>Buxentinus.</strong></span> 
     </span>
    </p>
   </div>
   <div class='ocr_carea' id='block_1_47' title="bbox 2418 1086 3178 1157">
    <p class='ocr_par' dir='ltr' id='par_1_47' title="bbox 2418 1086 3178 1157">
     <span class='ocr_line' id='line_1_48' title="bbox 2418 1086 3178 1157; baseline 0 -18"><span class='ocrx_word' id='word_1_123' title='bbox 2418 1086 2712 1141; x_wconf 87' lang='lat' dir='ltr'><strong>Venantius</strong></span> <span class='ocrx_word' id='word_1_124' title='bbox 2741 1086 3178 1157; x_wconf 82' lang='lat' dir='ltr'><strong>Senogalliensis.</strong></span> 
     </span>
    </p>
   </div>
   <div class='ocr_carea' id='block_1_48' title="bbox 2416 1176 2908 1233">
    <p class='ocr_par' dir='ltr' id='par_1_48' title="bbox 2416 1176 2908 1233">
     <span class='ocr_line' id='line_1_49' title="bbox 2416 1176 2908 1233; baseline 0 -2"><span class='ocrx_word' id='word_1_125' title='bbox 2416 1176 2600 1233; x_wconf 81' lang='lat' dir='ltr'><strong>Victor</strong></span> <span class='ocrx_word' id='word_1_126' title='bbox 2626 1177 2908 1232; x_wconf 83' lang='lat' dir='ltr'><strong>Lunensis.</strong></span> 
     </span>
    </p>
   </div>
   <div class='ocr_carea' id='block_1_49' title="bbox 2417 1268 3199 1324">
    <p class='ocr_par' dir='ltr' id='par_1_49' title="bbox 2417 1268 3199 1324">
     <span class='ocr_line' id='line_1_50' title="bbox 2417 1268 3199 1324; baseline -0.004 -1"><span class='ocrx_word' id='word_1_127' title='bbox 2417 1269 2760 1324; x_wconf 89' lang='lat' dir='ltr'><strong>Innocentius</strong></span> <span class='ocrx_word' id='word_1_128' title='bbox 2792 1269 2811 1300; x_wconf 72' lang='grc'><strong><em>³</em></strong></span> <span class='ocrx_word' id='word_1_129' title='bbox 2844 1268 3199 1324; x_wconf 84' lang='lat' dir='ltr'><strong>Triferninus.</strong></span> 
     </span>
    </p>
   </div>
   <div class='ocr_carea' id='block_1_50' title="bbox 2412 1360 3056 1418">
    <p class='ocr_par' dir='ltr' id='par_1_50' title="bbox 2412 1360 3056 1418">
     <span class='ocr_line' id='line_1_51' title="bbox 2412 1360 3056 1418; baseline -0.006 0"><span class='ocrx_word' id='word_1_130' title='bbox 2412 1360 2646 1418; x_wconf 84' lang='lat' dir='ltr'><strong>Silvinus</strong></span> <span class='ocrx_word' id='word_1_131' title='bbox 2675 1362 3056 1417; x_wconf 84' lang='lat' dir='ltr'><strong>Veliterniuus.</strong></span> 
     </span>
    </p>
   </div>
   <div class='ocr_carea' id='block_1_51' title="bbox 2413 1452 2940 1524">
    <p class='ocr_par' dir='ltr' id='par_1_51' title="bbox 2413 1452 2940 1524">
     <span class='ocr_line' id='line_1_52' title="bbox 2413 1452 2940 1524; baseline 0 -16"><span class='ocrx_word' id='word_1_132' title='bbox 2413 1452 2597 1508; x_wconf 81' lang='lat' dir='ltr'><strong>Justus</strong></span> <span class='ocrx_word' id='word_1_133' title='bbox 2625 1453 2940 1524; x_wconf 83' lang='lat' dir='ltr'><strong>Signicnsis.</strong></span> 
     </span>
    </p>
   </div>
   <div class='ocr_carea' id='block_1_52' title="bbox 2413 1544 3348 1616">
    <p class='ocr_par' dir='ltr' id='par_1_52' title="bbox 2413 1544 3348 1616">
     <span class='ocr_line' id='line_1_53' title="bbox 2413 1544 3348 1616; baseline 0.001 -17"><span class='ocrx_word' id='word_1_134' title='bbox 2413 1546 2630 1600; x_wconf 82' lang='lat' dir='ltr'><strong>Ariston</strong></span> <span class='ocrx_word' id='word_1_135' title='bbox 2663 1544 2772 1616; x_wconf 81' lang='grc' dir='ltr'><strong>(ΑΙ.</strong></span> <span class='ocrx_word' id='word_1_136' title='bbox 2803 1545 3036 1616; x_wconf 83' lang='lat' dir='ltr'><strong>Aristus)</strong></span> <span class='ocrx_word' id='word_1_137' title='bbox 3066 1545 3348 1600; x_wconf 74' lang='lat' dir='ltr'><strong>Ostiensis.</strong></span> 
     </span>
    </p>
   </div>
   <div class='ocr_carea' id='block_1_53' title="bbox 2412 1637 3650 1709">
    <p class='ocr_par' dir='ltr' id='par_1_53' title="bbox 2412 1637 3650 1709">
     <span class='ocr_line' id='line_1_54' title="bbox 2412 1637 3650 1709; baseline 0 -17"><span class='ocrx_word' id='word_1_138' title='bbox 2412 1638 2680 1708; x_wconf 83' lang='lat' dir='ltr'><strong>Augustus</strong></span> <span class='ocrx_word' id='word_1_139' title='bbox 2712 1637 3066 1709; x_wconf 85' lang='lat' dir='ltr'><strong>Lyparitanus</strong></span> <span class='ocrx_word' id='word_1_140' title='bbox 3095 1638 3205 1708; x_wconf 77' lang='lat' dir='ltr'><strong>(Al.</strong></span> <span class='ocrx_word' id='word_1_141' title='bbox 3242 1637 3650 1709; x_wconf 80' lang='lat' dir='ltr'><strong>Luparitanus).</strong></span> 
     </span>
    </p>
   </div>
   <div class='ocr_carea' id='block_1_54' title="bbox 2412 1730 3201 1801">
    <p class='ocr_par' dir='ltr' id='par_1_54' title="bbox 2412 1730 3201 1801">
     <span class='ocr_line' id='line_1_55' title="bbox 2412 1730 3201 1801; baseline -0.003 -15"><span class='ocrx_word' id='word_1_142' title='bbox 2412 1730 2564 1786; x_wconf 78' lang='lat' dir='ltr'><strong>Felix</strong></span> <span class='ocrx_word' id='word_1_143' title='bbox 2592 1732 2888 1799; x_wconf 85' lang='lat' dir='ltr'><strong>Nepesinus</strong></span> <span class='ocrx_word' id='word_1_144' title='bbox 2917 1747 3011 1801; x_wconf 90' lang='lat' dir='ltr'><strong>pro</strong></span> <span class='ocrx_word' id='word_1_145' title='bbox 3045 1731 3201 1786; x_wconf 82' lang='lat' dir='ltr'><strong>Urso.</strong></span> 
     </span>
    </p>
   </div>
   <div class='ocr_carea' id='block_1_55' title="bbox 2409 1824 2943 1893">
    <p class='ocr_par' dir='ltr' id='par_1_55' title="bbox 2409 1824 2943 1893">
     <span class='ocr_line' id='line_1_56' title="bbox 2409 1824 2943 1893; baseline 0 -16"><span class='ocrx_word' id='word_1_146' title='bbox 2409 1824 2655 1878; x_wconf 86' lang='lat' dir='ltr'><strong>Asterius</strong></span> <span class='ocrx_word' id='word_1_147' title='bbox 2686 1825 2943 1893; x_wconf 83' lang='lat' dir='ltr'><strong>Aquinas.</strong></span> 
     </span>
    </p>
   </div>
   <div class='ocr_carea' id='block_1_56' title="bbox 2404 1914 2998 1985">
    <p class='ocr_par' dir='ltr' id='par_1_56' title="bbox 2404 1914 2998 1985">
     <span class='ocr_line' id='line_1_57' title="bbox 2404 1914 2998 1985; baseline 0.002 -16"><span class='ocrx_word' id='word_1_148' title='bbox 2404 1914 2742 1985; x_wconf 82' lang='lat' dir='ltr'><strong>Propinquus</strong></span> <span class='ocrx_word' id='word_1_149' title='bbox 2774 1915 2998 1971; x_wconf 88' lang='lat' dir='ltr'><strong>Trebias</strong></span> 
     </span>
    </p>
   </div>
   <div class='ocr_carea' id='block_1_57' title="bbox 2410 2009 2994 2064">
    <p class='ocr_par' dir='ltr' id='par_1_57' title="bbox 2410 2009 2994 2064">
     <span class='ocr_line' id='line_1_58' title="bbox 2410 2009 2994 2064; baseline -0.002 -1"><span class='ocrx_word' id='word_1_150' title='bbox 2410 2009 2674 2064; x_wconf 84' lang='lat' dir='ltr'><strong>Eusebius</strong></span> <span class='ocrx_word' id='word_1_151' title='bbox 2701 2009 2994 2063; x_wconf 84' lang='lat' dir='ltr'><strong>Fanestris.</strong></span> 
     </span>
    </p>
   </div>
   <div class='ocr_carea' id='block_1_58' title="bbox 2416 2103 3094 2158">
    <p class='ocr_par' dir='ltr' id='par_1_58' title="bbox 2416 2103 3094 2158">
     <span class='ocr_line' id='line_1_59' title="bbox 2416 2103 3094 2158; baseline -0.004 -1"><span class='ocrx_word' id='word_1_152' title='bbox 2416 2103 2691 2158; x_wconf 80' lang='lat' dir='ltr'><strong>Romanus</strong></span> <span class='ocrx_word' id='word_1_153' title='bbox 2710 2103 3094 2156; x_wconf 85' lang='lat' dir='ltr'><strong>Nomentanus.</strong></span> 
     </span>
    </p>
   </div>
   <div class='ocr_carea' id='block_1_59' title="bbox 2874 2233 3250 2289">
    <p class='ocr_par' dir='ltr' id='par_1_59' title="bbox 2874 2233 3250 2289">
     <span class='ocr_line' id='line_1_60' title="bbox 2874 2233 3250 2289; baseline -0.003 -1"><span class='ocrx_word' id='word_1_154' title='bbox 2874 2233 3250 2289; x_wconf 77' lang='lat' dir='ltr'><strong>DECRETUM</strong></span> 
     </span>
    </p>
   </div>
   <div class='ocr_carea' id='block_1_60' title="bbox 2844 2360 3281 2400">
    <p class='ocr_par' dir='ltr' id='par_1_60' title="bbox 2844 2360 3281 2400">
     <span class='ocr_line' id='line_1_61' title="bbox 2844 2360 3281 2400; baseline 0.007 -3"><span class='ocrx_word' id='word_1_155' title='bbox 2844 2360 3281 2400; x_wconf 62' lang='lat' dir='ltr'><strong>SYMIIACIIIPAPE.</strong></span> 
     </span>
    </p>
   </div>
   <div class='ocr_carea' id='block_1_61' title="bbox 2594 2434 3534 2510">
    <p class='ocr_par' dir='ltr' id='par_1_61' title="bbox 2594 2434 3534 2510">
     <span class='ocr_line' id='line_1_62' title="bbox 2594 2434 3534 2510; baseline 0 -20"><span class='ocrx_word' id='word_1_156' title='bbox 2594 2437 2695 2510; x_wconf 76' lang='lat' dir='ltr'><strong>(Ex</strong></span> <span class='ocrx_word' id='word_1_157' title='bbox 2720 2439 2976 2493; x_wconf 85' lang='lat' dir='ltr'><strong>Gratiano</strong></span> <span class='ocrx_word' id='word_1_158' title='bbox 3005 2453 3133 2507; x_wconf 78' lang='lat' dir='ltr'><strong>xxx,</strong></span> <span class='ocrx_word' id='word_1_159' title='bbox 3162 2453 3218 2507; x_wconf 88' lang='lat' dir='ltr'><strong>q.</strong></span> <span class='ocrx_word' id='word_1_160' title='bbox 3254 2436 3302 2501; x_wconf 76' lang='grc'><strong>1,</strong></span> <span class='ocrx_word' id='word_1_161' title='bbox 3328 2451 3450 2492; x_wconf 86' lang='lat' dir='ltr'><strong>can.</strong></span> <span class='ocrx_word' id='word_1_162' title='bbox 3479 2434 3534 2508; x_wconf 88' lang='lat'><strong>8)</strong></span> 
     </span>
    </p>
   </div>
   <div class='ocr_carea' id='block_1_62' title="bbox 2264 2528 3834 2604">
    <p class='ocr_par' dir='ltr' id='par_1_62' title="bbox 2264 2528 3834 2604">
     <span class='ocr_line' id='line_1_63' title="bbox 2264 2528 3834 2604; baseline -0.003 -19"><span class='ocrx_word' id='word_1_163' title='bbox 2264 2531 2375 2586; x_wconf 86' lang='lat' dir='ltr'><strong>Par</strong></span> <span class='ocrx_word' id='word_1_164' title='bbox 2404 2534 2695 2604; x_wconf 74' lang='lat' dir='ltr'><strong>pwnitentia</strong></span> <span class='ocrx_word' id='word_1_165' title='bbox 2727 2533 2770 2584; x_wconf 83' lang='lat' dir='ltr'><strong>ei</strong></span> <span class='ocrx_word' id='word_1_166' title='bbox 2802 2531 3066 2599; x_wconf 84' lang='lat' dir='ltr'><strong>indicitur,</strong></span> <span class='ocrx_word' id='word_1_167' title='bbox 3096 2545 3210 2604; x_wconf 66' lang='lat' dir='ltr'><strong>qua:</strong></span> <span class='ocrx_word' id='word_1_168' title='bbox 3251 2528 3568 2600; x_wconf 77' lang='lat' dir='ltr'><strong>spiritualem</strong></span> <span class='ocrx_word' id='word_1_169' title='bbox 3613 2529 3772 2594; x_wconf 75' lang='lat' dir='ltr'><strong>ﬁliam</strong></span> <span class='ocrx_word' id='word_1_170' title='bbox 3794 2536 3834 2580; x_wconf 81' lang='lat' dir='ltr'><strong>et</strong></span> 
     </span>
    </p>
   </div>
   <div class='ocr_carea' id='block_1_63' title="bbox 2483 2601 3632 2671">
    <p class='ocr_par' dir='ltr' id='par_1_63' title="bbox 2483 2601 3632 2671">
     <span class='ocr_line' id='line_1_64' title="bbox 2483 2601 3632 2671; baseline -0.004 -14"><span class='ocrx_word' id='word_1_171' title='bbox 2483 2603 2873 2671; x_wconf 71' lang='lat' dir='ltr'><strong>pwnitentialem</strong></span> <span class='ocrx_word' id='word_1_172' title='bbox 2916 2617 3060 2654; x_wconf 81' lang='lat' dir='ltr'><strong>suam</strong></span> <span class='ocrx_word' id='word_1_173' title='bbox 3084 2601 3274 2654; x_wconf 80' lang='lat' dir='ltr'><strong>violare</strong></span> <span class='ocrx_word' id='word_1_174' title='bbox 3299 2608 3632 2653; x_wconf 83' lang='lat' dir='ltr'><strong>monstratur.</strong></span> 
     </span>
    </p>
   </div>
   <div class='ocr_carea' id='block_1_64' title="bbox 2332 2712 3833 2786">
    <p class='ocr_par' dir='ltr' id='par_1_64' title="bbox 2332 2712 3833 2786">
     <span class='ocr_line' id='line_1_65' title="bbox 2332 2712 3833 2786; baseline -0.005 -14"><span class='ocrx_word' id='word_1_175' title='bbox 2332 2717 2528 2772; x_wconf 88' lang='lat' dir='ltr'><strong>Omnes</strong></span> <span class='ocrx_word' id='word_1_176' title='bbox 2556 2731 2688 2786; x_wconf 91' lang='lat' dir='ltr'><strong>quos</strong></span> <span class='ocrx_word' id='word_1_177' title='bbox 2720 2715 2771 2769; x_wconf 94' lang='lat' dir='ltr'><strong>in</strong></span> <span class='ocrx_word' id='word_1_178' title='bbox 2819 2715 3131 2784; x_wconf 66' lang='lat' dir='ltr'><strong>paenitentia</strong></span> <span class='ocrx_word' id='word_1_179' title='bbox 3178 2713 3498 2782; x_wconf 87' lang='lat' dir='ltr'><strong>suscipimus</strong></span> <span class='ocrx_word' id='word_1_180' title='bbox 3549 2713 3637 2775; x_wconf 87' lang='lat' dir='ltr'><strong>ita,</strong></span> <span class='ocrx_word' id='word_1_181' title='bbox 3668 2712 3833 2765; x_wconf 89' lang='lat' dir='ltr'><strong>nostri</strong></span> 
     </span>
    </p>
   </div>
   <div class='ocr_carea' id='block_1_65' title="bbox 2265 2801 3833 2877">
    <p class='ocr_par' dir='ltr' id='par_1_65' title="bbox 2265 2801 3833 2877">
     <span class='ocr_line' id='line_1_66' title="bbox 2265 2801 3833 2877; baseline -0.006 -15"><span class='ocrx_word' id='word_1_182' title='bbox 2265 2806 2705 2877; x_wconf 87' lang='lat' dir='ltr'><strong>suntspirituales</strong></span> <span class='ocrx_word' id='word_1_183' title='bbox 2737 2805 2848 2871; x_wconf 82' lang='lat' dir='ltr'><strong>lilii,</strong></span> <span class='ocrx_word' id='word_1_184' title='bbox 2883 2814 3019 2861; x_wconf 91' lang='lat' dir='ltr'><strong>utet</strong></span> <span class='ocrx_word' id='word_1_185' title='bbox 3062 2804 3162 2875; x_wconf 91' lang='lat' dir='ltr'><strong>ipsi</strong></span> <span class='ocrx_word' id='word_1_186' title='bbox 3194 2819 3326 2874; x_wconf 93' lang='lat' dir='ltr'><strong>quos</strong></span> <span class='ocrx_word' id='word_1_187' title='bbox 3365 2805 3444 2860; x_wconf 80' lang='lat' dir='ltr'><strong>vel</strong></span> <span class='ocrx_word' id='word_1_188' title='bbox 3476 2802 3620 2856; x_wconf 91' lang='lat' dir='ltr'><strong>nobis</strong></span> <span class='ocrx_word' id='word_1_189' title='bbox 3664 2801 3833 2854; x_wconf 87' lang='lat' dir='ltr'><strong>susci-</strong></span> 
     </span>
    </p>
   </div>
   <div class='ocr_carea' id='block_1_66' title="bbox 2263 2893 3832 2968">
    <p class='ocr_par' dir='ltr' id='par_1_66' title="bbox 2263 2893 3832 2968">
     <span class='ocr_line' id='line_1_67' title="bbox 2263 2893 3832 2968; baseline -0.004 -16"><span class='ocrx_word' id='word_1_190' title='bbox 2263 2898 2553 2968; x_wconf 78' lang='lat' dir='ltr'><strong>pientibus,</strong></span> <span class='ocrx_word' id='word_1_191' title='bbox 2586 2898 2670 2954; x_wconf 86' lang='lat' dir='ltr'><strong>vel</strong></span> <span class='ocrx_word' id='word_1_192' title='bbox 2688 2899 2839 2954; x_wconf 78' lang='lat' dir='ltr'><strong>trinae</strong></span> <span class='ocrx_word' id='word_1_193' title='bbox 2862 2898 3144 2953; x_wconf 92' lang='lat' dir='ltr'><strong>mersionis</strong></span> <span class='ocrx_word' id='word_1_194' title='bbox 3172 2896 3428 2950; x_wconf 80' lang='lat' dir='ltr'><strong>vocabulo</strong></span> <span class='ocrx_word' id='word_1_195' title='bbox 3456 2893 3832 2964; x_wconf 73' lang='lat' dir='ltr'><strong>mergentibus,</strong></span> 
     </span>
    </p>
   </div>
   <div class='ocr_carea' id='block_1_67' title="bbox 2263 2989 3831 3062">
    <p class='ocr_par' dir='ltr' id='par_1_67' title="bbox 2263 2989 3831 3062">
     <span class='ocr_line' id='line_1_68' title="bbox 2263 2989 3831 3062; baseline -0.004 -14"><span class='ocrx_word' id='word_1_196' title='bbox 2263 2991 2402 3048; x_wconf 90' lang='lat' dir='ltr'><strong>unda</strong></span> <span class='ocrx_word' id='word_1_197' title='bbox 2435 2992 2573 3046; x_wconf 86' lang='lat' dir='ltr'><strong>sacri</strong></span> <span class='ocrx_word' id='word_1_198' title='bbox 2603 2991 2939 3062; x_wconf 85' lang='lat' dir='ltr'><strong>baptismatis.</strong></span> <span class='ocrx_word' id='word_1_199' title='bbox 2961 2990 3313 3061; x_wconf 83' lang='lat' dir='ltr'><strong>regem-ravit.</strong></span> <span class='ocrx_word' id='word_1_200' title='bbox 3343 2989 3612 3060; x_wconf 75' lang='lat' dir='ltr'><strong>Sylvester</strong></span> <span class='ocrx_word' id='word_1_201' title='bbox 3633 2998 3831 3057; x_wconf 74' lang='lat' dir='ltr'><strong>quoque</strong></span> 
     </span>
    </p>
   </div>
   <div class='ocr_carea' id='block_1_68' title="bbox 2261 3077 3832 3153">
    <p class='ocr_par' dir='ltr' id='par_1_68' title="bbox 2261 3077 3832 3153">
     <span class='ocr_line' id='line_1_69' title="bbox 2261 3077 3832 3153; baseline -0.005 -14"><span class='ocrx_word' id='word_1_202' title='bbox 2261 3085 2462 3140; x_wconf 87' lang='lat' dir='ltr'><strong>docens</strong></span> <span class='ocrx_word' id='word_1_203' title='bbox 2478 3084 2727 3138; x_wconf 90' lang='lat' dir='ltr'><strong>admonet</strong></span> <span class='ocrx_word' id='word_1_204' title='bbox 2749 3097 3179 3153; x_wconf 82' lang='lat' dir='ltr'><strong>unumquemque</strong></span> <span class='ocrx_word' id='word_1_205' title='bbox 3207 3084 3641 3145; x_wconf 86' lang='lat' dir='ltr'><strong>saeerdot.em,ut</strong></span> <span class='ocrx_word' id='word_1_206' title='bbox 3669 3077 3832 3133; x_wconf 84' lang='lat' dir='ltr'><strong>nullus</strong></span> 
     </span>
    </p>
   </div>
   <div class='ocr_carea' id='block_1_69' title="bbox 2263 3159 3825 3244">
    <p class='ocr_par' dir='ltr' id='par_1_69' title="bbox 2263 3159 3825 3244">
     <span class='ocr_line' id='line_1_70' title="bbox 2263 3159 3825 3244; baseline -0.009 -12"><span class='ocrx_word' id='word_1_207' title='bbox 2263 3193 2421 3238; x_wconf 80' lang='lat' dir='ltr'><strong>causa</strong></span> <span class='ocrx_word' id='word_1_208' title='bbox 2455 3176 2822 3231; x_wconf 81' lang='lat' dir='ltr'><strong>fornicationis</strong></span> <span class='ocrx_word' id='word_1_209' title='bbox 2853 3174 2919 3229; x_wconf 88' lang='lat' dir='ltr'><strong>ad</strong></span> <span class='ocrx_word' id='word_1_210' title='bbox 2948 3169 3098 3229; x_wconf 81' lang='lat' dir='ltr'><strong>suam</strong></span> <span class='ocrx_word' id='word_1_211' title='bbox 3133 3159 3554 3244; x_wconf 72' lang='lat' dir='ltr'><strong>poenitentialem</strong></span> <span class='ocrx_word' id='word_1_212' title='bbox 3583 3169 3825 3226; x_wconf 87' lang='lat' dir='ltr'><strong>accedat:</strong></span> 
     </span>
    </p>
   </div>
   <div class='ocr_carea' id='block_1_70' title="bbox 2262 3260 3825 3340">
    <p class='ocr_par' dir='ltr' id='par_1_70' title="bbox 2262 3260 3825 3340">
     <span class='ocr_line' id='line_1_71' title="bbox 2262 3260 3825 3340; baseline -0.007 -17"><span class='ocrx_word' id='word_1_213' title='bbox 2262 3270 2384 3340; x_wconf 91' lang='lat' dir='ltr'><strong>quia</strong></span> <span class='ocrx_word' id='word_1_214' title='bbox 2415 3269 2672 3338; x_wconf 88' lang='lat' dir='ltr'><strong>scriptum</strong></span> <span class='ocrx_word' id='word_1_215' title='bbox 2713 3276 2796 3322; x_wconf 91' lang='lat' dir='ltr'><strong>est</strong></span> <span class='ocrx_word' id='word_1_216' title='bbox 2828 3285 2841 3320; x_wconf 93' lang='lat'>:</span> <span class='ocrx_word' id='word_1_217' title='bbox 2874 3280 3060 3322; x_wconf 90' lang='lat' dir='ltr'><strong>omnes</strong></span> <span class='ocrx_word' id='word_1_218' title='bbox 3085 3280 3217 3335; x_wconf 91' lang='lat' dir='ltr'><strong>quos</strong></span> <span class='ocrx_word' id='word_1_219' title='bbox 3255 3264 3311 3318; x_wconf 92' lang='lat' dir='ltr'><strong>in</strong></span> <span class='ocrx_word' id='word_1_220' title='bbox 3341 3263 3658 3334; x_wconf 70' lang='lat' dir='ltr'><strong>poenitentia</strong></span> <span class='ocrx_word' id='word_1_221' title='bbox 3703 3260 3825 3315; x_wconf 86' lang='lat' dir='ltr'><strong>acci-</strong></span> 
     </span>
    </p>
   </div>
   <div class='ocr_carea' id='block_1_71' title="bbox 2262 3352 3824 3433">
    <p class='ocr_par' dir='ltr' id='par_1_71' title="bbox 2262 3352 3824 3433">
     <span class='ocr_line' id='line_1_72' title="bbox 2262 3352 3824 3433; baseline -0.008 -17"><span class='ocrx_word' id='word_1_222' title='bbox 2262 3362 2436 3433; x_wconf 87' lang='lat' dir='ltr'><strong>pimus</strong></span> <span class='ocrx_word' id='word_1_223' title='bbox 2466 3360 2536 3414; x_wconf 84' lang='lat' dir='ltr'><strong>ita</strong></span> <span class='ocrx_word' id='word_1_224' title='bbox 2568 3359 2660 3413; x_wconf 80' lang='lat' dir='ltr'><strong>lilii</strong></span> <span class='ocrx_word' id='word_1_225' title='bbox 2693 3358 2863 3413; x_wconf 86' lang='lat' dir='ltr'><strong>nostri</strong></span> <span class='ocrx_word' id='word_1_226' title='bbox 2907 3366 3050 3424; x_wconf 89' lang='lat' dir='ltr'><strong>sunt,</strong></span> <span class='ocrx_word' id='word_1_227' title='bbox 3088 3359 3215 3410; x_wconf 91' lang='lat' dir='ltr'><strong>utin</strong></span> <span class='ocrx_word' id='word_1_228' title='bbox 3249 3355 3568 3425; x_wconf 80' lang='lat' dir='ltr'><strong>baptismate</strong></span> <span class='ocrx_word' id='word_1_229' title='bbox 3589 3352 3824 3420; x_wconf 85' lang='lat' dir='ltr'><strong>suscepti.</strong></span> 
     </span>
    </p>
   </div>
   <div class='ocr_carea' id='block_1_72' title="bbox 2263 3434 3827 3524">
    <p class='ocr_par' dir='ltr' id='par_1_72' title="bbox 2263 3434 3827 3524">
     <span class='ocr_line' id='line_1_73' title="bbox 2263 3434 3827 3524; baseline -0.01 -15"><span class='ocrx_word' id='word_1_230' title='bbox 2263 3455 2599 3524; x_wconf 83' lang='lat' dir='ltr'><strong>Quapropter</strong></span> <span class='ocrx_word' id='word_1_231' title='bbox 2649 3452 2750 3507; x_wconf 86' lang='lat' dir='ltr'><strong>hoc</strong></span> <span class='ocrx_word' id='word_1_232' title='bbox 2807 3451 2980 3506; x_wconf 85' lang='lat' dir='ltr'><strong>scelus</strong></span> <span class='ocrx_word' id='word_1_233' title='bbox 3025 3452 3066 3505; x_wconf 89' lang='lat' dir='ltr'><strong>si</strong></span> <span class='ocrx_word' id='word_1_234' title='bbox 3097 3434 3225 3521; x_wconf 86' lang='lat' dir='ltr'><strong>quis</strong></span> <span class='ocrx_word' id='word_1_235' title='bbox 3263 3447 3685 3518; x_wconf 81' lang='lat' dir='ltr'><strong>perpetraverit,</strong></span> <span class='ocrx_word' id='word_1_236' title='bbox 3741 3457 3827 3496; x_wconf 82' lang='lat' dir='ltr'><strong>non</strong></span> 
     </span>
    </p>
   </div>
   <div class='ocr_carea' id='block_1_73' title="bbox 2263 3538 3827 3617">
    <p class='ocr_par' dir='ltr' id='par_1_73' title="bbox 2263 3538 3827 3617">
     <span class='ocr_line' id='line_1_74' title="bbox 2263 3538 3827 3617; baseline -0.011 -15"><span class='ocrx_word' id='word_1_237' title='bbox 2263 3548 2436 3602; x_wconf 89' lang='lat' dir='ltr'><strong>solum</strong></span> <span class='ocrx_word' id='word_1_238' title='bbox 2456 3545 2729 3617; x_wconf 87' lang='lat' dir='ltr'><strong>dignitatis</strong></span> <span class='ocrx_word' id='word_1_239' title='bbox 2753 3544 3010 3599; x_wconf 90' lang='lat' dir='ltr'><strong>honorem</strong></span> <span class='ocrx_word' id='word_1_240' title='bbox 3037 3544 3266 3611; x_wconf 86' lang='lat' dir='ltr'><strong>amittat,</strong></span> <span class='ocrx_word' id='word_1_241' title='bbox 3284 3555 3470 3595; x_wconf 76' lang='lat' dir='ltr'><strong>verum</strong></span> <span class='ocrx_word' id='word_1_242' title='bbox 3499 3538 3663 3592; x_wconf 90' lang='lat' dir='ltr'><strong>etiam</strong></span> <span class='ocrx_word' id='word_1_243' title='bbox 3685 3547 3827 3605; x_wconf 87' lang='lat' dir='ltr'><strong>usque</strong></span> 
     </span>
    </p>
   </div>
   <div class='ocr_carea' id='block_1_74' title="bbox 2263 3633 3676 3708">
    <p class='ocr_par' dir='ltr' id='par_1_74' title="bbox 2263 3633 3676 3708">
     <span class='ocr_line' id='line_1_75' title="bbox 2263 3633 3676 3708; baseline -0.006 -12"><span class='ocrx_word' id='word_1_244' title='bbox 2263 3641 2327 3696; x_wconf 90' lang='lat' dir='ltr'><strong>ad</strong></span> <span class='ocrx_word' id='word_1_245' title='bbox 2352 3641 2553 3696; x_wconf 73' lang='lat' dir='ltr'><strong>exitum</strong></span> <span class='ocrx_word' id='word_1_246' title='bbox 2576 3641 2698 3694; x_wconf 67' lang='lat' dir='ltr'><strong>vitae</strong></span> <span class='ocrx_word' id='word_1_247' title='bbox 2716 3653 2827 3693; x_wconf 66' lang='lat' dir='ltr'><strong>suae</strong></span> <span class='ocrx_word' id='word_1_248' title='bbox 2851 3637 2962 3708; x_wconf 86' lang='lat' dir='ltr'><strong>jugi</strong></span> <span class='ocrx_word' id='word_1_249' title='bbox 2987 3637 3316 3707; x_wconf 61' lang='lat' dir='ltr'><strong>paenitentiae</strong></span> <span class='ocrx_word' id='word_1_250' title='bbox 3336 3650 3392 3689; x_wconf 91' lang='lat' dir='ltr'><strong>se</strong></span> <span class='ocrx_word' id='word_1_251' title='bbox 3410 3633 3626 3688; x_wconf 60' lang='lat' dir='ltr'><strong>subdol.</strong></span> <span class='ocrx_word' id='word_1_252' title='bbox 3649 3641 3676 3669; x_wconf 78' lang='grc' dir='ltr'>ι</span> 
     </span>
    </p>
   </div>
   <div class='ocr_carea' id='block_1_75' title="bbox 2339 3752 3216 3824">
    <p class='ocr_par' dir='ltr' id='par_1_75' title="bbox 2339 3752 3216 3824">
     <span class='ocr_line' id='line_1_76' title="bbox 2339 3752 3216 3824; baseline -0.005 -16"><span class='ocrx_word' id='word_1_253' title='bbox 2339 3756 2358 3785; x_wconf 86' lang='grc'><strong><em>²</em></strong></span> <span class='ocrx_word' id='word_1_254' title='bbox 2395 3754 2635 3824; x_wconf 88' lang='lat' dir='ltr'><strong>Dionys.,</strong></span> <span class='ocrx_word' id='word_1_255' title='bbox 2662 3752 3015 3824; x_wconf 66' lang='lat' dir='ltr'><strong>pridnettsis.</strong></span> <span class='ocrx_word' id='word_1_256' title='bbox 3046 3752 3216 3806; x_wconf 67' lang='lat' dir='ltr'><strong>Hann.</strong></span> 
     </span>
    </p>
   </div>
   <div class='ocr_carea' id='block_1_76' title="bbox 2340 3822 3168 3895">
    <p class='ocr_par' dir='ltr' id='par_1_76' title="bbox 2340 3822 3168 3895">
     <span class='ocr_line' id='line_1_77' title="bbox 2340 3822 3168 3895; baseline -0.002 -18"><span class='ocrx_word' id='word_1_257' title='bbox 2340 3825 2359 3855; x_wconf 82' lang='grc'>³</span> <span class='ocrx_word' id='word_1_258' title='bbox 2407 3822 2650 3895; x_wconf 43' lang='lat' dir='ltr'><strong>Dionysq</strong></span> <span class='ocrx_word' id='word_1_259' title='bbox 2675 3822 3168 3895; x_wconf 50' lang='lat' dir='ltr'><strong>__l_’lrst‘iuus._llann.</strong></span> 
     </span>
    </p>
   </div>
   <div class='ocr_carea' id='block_1_77' title="bbox 2333 3892 3547 3966">
    <p class='ocr_par' dir='ltr' id='par_1_77' title="bbox 2333 3892 3547 3966">
     <span class='ocr_line' id='line_1_78' title="bbox 2333 3892 3547 3966; baseline -0.004 -18"><span class='ocrx_word' id='word_1_260' title='bbox 2333 3896 2354 3924; x_wconf 72' lang='grc'><strong>⁸</strong></span> <span class='ocrx_word' id='word_1_261' title='bbox 2387 3892 2636 3966; x_wconf 43' lang='lat' dir='ltr'><strong>Dionis”</strong></span> <span class='ocrx_word' id='word_1_262' title='bbox 2671 3893 2945 3964; x_wconf 76' lang='lat' dir='ltr'><strong>Tiferuatis</strong></span> <span class='ocrx_word' id='word_1_263' title='bbox 2974 3892 3345 3948; x_wconf 81' lang='lat' dir='ltr'><strong>Tiberiuorum.</strong></span> <span class='ocrx_word' id='word_1_264' title='bbox 3380 3895 3547 3950; x_wconf 69' lang='lat' dir='ltr'><strong>Hann.</strong></span> 
     </span>
    </p>
   </div>
   <div class='ocr_carea' id='block_1_78' title="bbox 1875 4193 2556 4241">
    <p class='ocr_par' dir='ltr' id='par_1_78' title="bbox 1875 4193 2556 4241">
     <span class='ocr_line' id='line_1_79' title="bbox 1875 4193 2556 4241; baseline -0.009 0"><span class='ocrx_word' id='word_1_265' title='bbox 1875 4196 2041 4241; x_wconf 77' lang='lat' dir='ltr'><strong>ANNO</strong></span> <span class='ocrx_word' id='word_1_266' title='bbox 2085 4193 2320 4239; x_wconf 74' lang='lat' dir='ltr'><strong>DOMINI</strong></span> <span class='ocrx_word' id='word_1_267' title='bbox 2365 4193 2556 4236; x_wconf 75' lang='lat' dir='ltr'><strong>DXHI.</strong></span> 
     </span>
    </p>
   </div>
   <div class='ocr_carea' id='block_1_79' title="bbox 1028 4296 3389 4466">
    <p class='ocr_par' dir='ltr' id='par_1_79' title="bbox 1028 4296 3389 4466">
     <span class='ocr_line' id='line_1_80' title="bbox 1028 4296 3389 4466; baseline -0.004 -1"><span class='ocrx_word' id='word_1_268' title='bbox 1028 4304 1996 4466; x_wconf 80' lang='lat' dir='ltr'><strong>PETRUS</strong></span> <span class='ocrx_word' id='word_1_269' title='bbox 2133 4296 3036 4464; x_wconf 78' lang='lat' dir='ltr'><strong>DIACON</strong></span> <span class='ocrx_word' id='word_1_270' title='bbox 3054 4299 3389 4458; x_wconf 88' lang='lat' dir='ltr'><strong>US.</strong></span> 
     </span>
    </p>
   </div>
   <div class='ocr_carea' id='block_1_80' title="bbox 1972 4539 2240 4550">
    <p class='ocr_par' dir='ltr' id='par_1_80' title="bbox 1972 4539 2240 4550">
     <span class='ocr_line' id='line_1_81' title="bbox 1972 4539 2240 4550; baseline 0.007 -2"><span class='ocrx_word' id='word_1_271' title='bbox 1972 4539 2240 4550; x_wconf 84' lang='lat'><strong>—___.</strong></span> 
     </span>
    </p>
   </div>
   <div class='ocr_carea' id='block_1_81' title="bbox 1735 4537 2688 4662">
    <p class='ocr_par' dir='ltr' id='par_1_81' title="bbox 1735 4537 2688 4662">
     <span class='ocr_line' id='line_1_82' title="bbox 1735 4537 2688 4662; baseline 0 -4"><span class='ocrx_word' id='word_1_272' title='bbox 1735 4537 2688 4662; x_wconf 61' lang='grc' dir='ltr'><strong>ΡΒοιῖῖῖῖὀΜΕΝοΝ.</strong></span> 
     </span>
    </p>
   </div>
   <div class='ocr_carea' id='block_1_82' title="bbox 2003 4677 2400 4740">
    <p class='ocr_par' dir='ltr' id='par_1_82' title="bbox 2003 4677 2400 4740">
     <span class='ocr_line' id='line_1_83' title="bbox 2003 4677 2400 4740; baseline -0.005 -11"><span class='ocrx_word' id='word_1_273' title='bbox 2003 4679 2110 4740; x_wconf 82' lang='lat' dir='ltr'><strong>(Ex</strong></span> <span class='ocrx_word' id='word_1_274' title='bbox 2139 4677 2359 4729; x_wconf 81' lang='lat' dir='ltr'><strong>Galland.</strong></span> <span class='ocrx_word' id='word_1_275' title='bbox 2381 4678 2400 4740; x_wconf 90' lang='lat'><strong>)</strong></span> 
     </span>
    </p>
   </div>
   <div class='ocr_carea' id='block_1_83' title="bbox 638 4784 3827 4865">
    <p class='ocr_par' dir='ltr' id='par_1_83' title="bbox 638 4784 3827 4865">
     <span class='ocr_line' id='line_1_84' title="bbox 638 4784 3827 4865; baseline -0.003 -15"><span class='ocrx_word' id='word_1_276' title='bbox 638 4796 680 4851; x_wconf 85' lang='lat' dir='ltr'><strong>l.</strong></span> <span class='ocrx_word' id='word_1_277' title='bbox 707 4792 1023 4865; x_wconf 86' lang='lat' dir='ltr'><strong>llesychium</strong></span> <span class='ocrx_word' id='word_1_278' title='bbox 1071 4791 1438 4862; x_wconf 83' lang='lat' dir='ltr'><strong>presbyterum</strong></span> <span class='ocrx_word' id='word_1_279' title='bbox 1469 4784 2008 4858; x_wconf 80' lang='lat' dir='ltr'><strong>Hierosolymitanum</strong></span> <span class='ocrx_word' id='word_1_280' title='bbox 2053 4802 2146 4842; x_wconf 79' lang='lat' dir='ltr'><strong>ex-</strong></span> <span class='ocrx_word' id='word_1_281' title='bbox 2182 4799 2235 4860; x_wconf 77' lang='grc' dir='ltr'><strong>ι)</strong></span> <span class='ocrx_word' id='word_1_282' title='bbox 2261 4797 2421 4854; x_wconf 83' lang='lat' dir='ltr'><strong>Opera</strong></span> <span class='ocrx_word' id='word_1_283' title='bbox 2451 4786 2621 4840; x_wconf 90' lang='lat' dir='ltr'><strong>sancti</strong></span> <span class='ocrx_word' id='word_1_284' title='bbox 2646 4784 2908 4856; x_wconf 83' lang='lat' dir='ltr'><strong>Fulgentii</strong></span> <span class='ocrx_word' id='word_1_285' title='bbox 2938 4785 3231 4855; x_wconf 61' lang='lat' dir='ltr'><strong>Ruzpensis</strong></span> <span class='ocrx_word' id='word_1_286' title='bbox 3257 4787 3494 4858; x_wconf 85' lang='lat' dir='ltr'><strong>episcopi</strong></span> <span class='ocrx_word' id='word_1_287' title='bbox 3531 4789 3728 4857; x_wconf 72' lang='lat' dir='ltr'><strong>saepius</strong></span> <span class='ocrx_word' id='word_1_288' title='bbox 3754 4801 3827 4841; x_wconf 74' lang='lat' dir='ltr'><strong>er-</strong></span> 
     </span>
    </p>
   </div>
   <div class='ocr_carea' id='block_1_84' title="bbox 568 4879 2148 4972">
    <p class='ocr_par' dir='ltr' id='par_1_84' title="bbox 568 4879 2148 4972">
     <span class='ocr_line' id='line_1_85' title="bbox 568 4879 2148 4972; baseline -0.004 -32"><span class='ocrx_word' id='word_1_289' title='bbox 568 4886 696 4956; x_wconf 91' lang='lat' dir='ltr'><strong>cipit</strong></span> <span class='ocrx_word' id='word_1_290' title='bbox 725 4884 918 4941; x_wconf 88' lang='lat' dir='ltr'><strong>Petrus</strong></span> <span class='ocrx_word' id='word_1_291' title='bbox 939 4882 1215 4972; x_wconf 48' lang='lat' dir='ltr'><strong>diacomg,</strong></span> <span class='ocrx_word' id='word_1_292' title='bbox 1262 4883 1348 4951; x_wconf 91' lang='lat' dir='ltr'><strong>qui</strong></span> <span class='ocrx_word' id='word_1_293' title='bbox 1395 4897 1460 4937; x_wconf 78' lang='lat' dir='ltr'><strong>ex</strong></span> <span class='ocrx_word' id='word_1_294' title='bbox 1507 4879 1727 4936; x_wconf 88' lang='lat' dir='ltr'><strong>Oriente</strong></span> <span class='ocrx_word' id='word_1_295' title='bbox 1758 4881 1810 4935; x_wconf 87' lang='lat' dir='ltr'><strong>in</strong></span> <span class='ocrx_word' id='word_1_296' title='bbox 1842 4895 1998 4936; x_wconf 89' lang='lat' dir='ltr'><strong>causa</strong></span> <span class='ocrx_word' id='word_1_297' title='bbox 2028 4879 2148 4936; x_wconf 85' lang='lat' dir='ltr'><strong>lidei</strong></span> 
     </span>
    </p>
   </div>
   <div class='ocr_carea' id='block_1_85' title="bbox 568 4971 2152 5032">
    <p class='ocr_par' dir='ltr' id='par_1_85' title="bbox 568 4971 2152 5032">
     <span class='ocr_line' id='line_1_86' title="bbox 568 4971 2152 5032; baseline -0.004 0"><span class='ocrx_word' id='word_1_298' title='bbox 568 4994 687 5032; x_wconf 85' lang='lat' dir='ltr'><strong>cum</strong></span> <span class='ocrx_word' id='word_1_299' title='bbox 713 4977 834 5032; x_wconf 88' lang='lat' dir='ltr'><strong>aliis</strong></span> <span class='ocrx_word' id='word_1_300' title='bbox 865 4976 1084 5032; x_wconf 83' lang='lat' dir='ltr'><strong>Romam</strong></span> <span class='ocrx_word' id='word_1_301' title='bbox 1113 4971 1416 5030; x_wconf 74' lang='lat' dir='ltr'><strong>secontulit</strong></span> <span class='ocrx_word' id='word_1_302' title='bbox 1443 4973 1640 5028; x_wconf 75' lang='lat' dir='ltr'><strong>szrculo</strong></span> <span class='ocrx_word' id='word_1_303' title='bbox 1669 4989 1718 5027; x_wconf 81' lang='lat' dir='ltr'><strong>v1</strong></span> <span class='ocrx_word' id='word_1_304' title='bbox 1763 4973 2001 5028; x_wconf 91' lang='lat' dir='ltr'><strong>ineunte.</strong></span> <span class='ocrx_word' id='word_1_305' title='bbox 2048 4971 2152 5026; x_wconf 74' lang='lat' dir='ltr'><strong>Ex-</strong></span> 
     </span>
    </p>
   </div>
   <div class='ocr_carea' id='block_1_86' title="bbox 568 5063 2150 5140">
    <p class='ocr_par' dir='ltr' id='par_1_86' title="bbox 568 5063 2150 5140">
     <span class='ocr_line' id='line_1_87' title="bbox 568 5063 2150 5140; baseline -0.002 -17"><span class='ocrx_word' id='word_1_306' title='bbox 568 5081 671 5124; x_wconf 56' lang='lat' dir='ltr'><strong>stat</strong></span> <span class='ocrx_word' id='word_1_307' title='bbox 699 5071 814 5140; x_wconf 83' lang='lat' dir='ltr'><strong>ejus</strong></span> <span class='ocrx_word' id='word_1_308' title='bbox 861 5069 1069 5125; x_wconf 88' lang='lat' dir='ltr'><strong>libellus</strong></span> <span class='ocrx_word' id='word_1_309' title='bbox 1109 5069 1170 5121; x_wconf 80' lang='lat' dir='ltr'><strong>de</strong></span> <span class='ocrx_word' id='word_1_310' title='bbox 1199 5067 1564 5121; x_wconf 83' lang='lat' dir='ltr'><strong>lucarnatione</strong></span> <span class='ocrx_word' id='word_1_311' title='bbox 1610 5076 1656 5121; x_wconf 86' lang='lat' dir='ltr'><strong>ct</strong></span> <span class='ocrx_word' id='word_1_312' title='bbox 1711 5065 1892 5122; x_wconf 81' lang='lat' dir='ltr'><strong>Gratia</strong></span> <span class='ocrx_word' id='word_1_313' title='bbox 1942 5063 2150 5120; x_wconf 86' lang='lat' dir='ltr'><strong>Domini</strong></span> 
     </span>
    </p>
   </div>
   <div class='ocr_carea' id='block_1_87' title="bbox 569 5161 2150 5231">
    <p class='ocr_par' dir='ltr' id='par_1_87' title="bbox 569 5161 2150 5231">
     <span class='ocr_line' id='line_1_88' title="bbox 569 5161 2150 5231; baseline -0.001 -15"><span class='ocrx_word' id='word_1_314' title='bbox 569 5163 729 5218; x_wconf 76' lang='lat' dir='ltr'><strong>nostri</strong></span> <span class='ocrx_word' id='word_1_315' title='bbox 757 5163 883 5228; x_wconf 73' lang='lat' dir='ltr'><strong>Iesu</strong></span> <span class='ocrx_word' id='word_1_316' title='bbox 925 5161 1114 5216; x_wconf 75' lang='lat' dir='ltr'><strong>Christi</strong></span> <span class='ocrx_word' id='word_1_317' title='bbox 1139 5161 1206 5216; x_wconf 80' lang='lat' dir='ltr'><strong>ad</strong></span> <span class='ocrx_word' id='word_1_318' title='bbox 1239 5161 1576 5229; x_wconf 85' lang='lat' dir='ltr'><strong>Fulgentium</strong></span> <span class='ocrx_word' id='word_1_319' title='bbox 1608 5172 1662 5216; x_wconf 87' lang='lat' dir='ltr'><strong>et</strong></span> <span class='ocrx_word' id='word_1_320' title='bbox 1707 5163 1839 5216; x_wconf 73' lang='lat' dir='ltr'><strong>alios</strong></span> <span class='ocrx_word' id='word_1_321' title='bbox 1871 5163 2150 5231; x_wconf 84' lang='lat' dir='ltr'><strong>episcopos</strong></span> 
     </span>
    </p>
   </div>
   <div class='ocr_carea' id='block_1_88' title="bbox 569 5252 2148 5323">
    <p class='ocr_par' dir='ltr' id='par_1_88' title="bbox 569 5252 2148 5323">
     <span class='ocr_line' id='line_1_89' title="bbox 569 5252 2148 5323; baseline -0.003 -13"><span class='ocrx_word' id='word_1_322' title='bbox 569 5255 760 5310; x_wconf 70' lang='lat' dir='ltr'><strong>Alricrc</strong></span> <span class='ocrx_word' id='word_1_323' title='bbox 802 5253 1128 5308; x_wconf 78' lang='lat' dir='ltr'><strong>iit-Sardinia</strong></span> <span class='ocrx_word' id='word_1_324' title='bbox 1179 5252 1508 5317; x_wconf 82' lang='lat' dir='ltr'><strong>cxsulantes,</strong></span> <span class='ocrx_word' id='word_1_325' title='bbox 1543 5252 1595 5306; x_wconf 90' lang='lat' dir='ltr'><strong>in</strong></span> <span class='ocrx_word' id='word_1_326' title='bbox 1627 5252 2148 5323; x_wconf 72' lang='lat' dir='ltr'><strong>orthodoxograpliis</strong></span> 
     </span>
    </p>
   </div>
   <div class='ocr_carea' id='block_1_89' title="bbox 568 5344 2145 5416">
    <p class='ocr_par' dir='ltr' id='par_1_89' title="bbox 568 5344 2145 5416">
     <span class='ocr_line' id='line_1_90' title="bbox 568 5344 2145 5416; baseline -0.001 -15"><span class='ocrx_word' id='word_1_327' title='bbox 568 5357 725 5416; x_wconf 87' lang='lat' dir='ltr'><strong>atque</strong></span> <span class='ocrx_word' id='word_1_328' title='bbox 755 5347 805 5401; x_wconf 91' lang='lat' dir='ltr'><strong>in</strong></span> <span class='ocrx_word' id='word_1_329' title='bbox 839 5345 1172 5400; x_wconf 80' lang='lat' dir='ltr'><strong>bibliothecis</strong></span> <span class='ocrx_word' id='word_1_330' title='bbox 1196 5346 1430 5407; x_wconf 84' lang='lat' dir='ltr'><strong>Patrum,</strong></span> <span class='ocrx_word' id='word_1_331' title='bbox 1464 5359 1562 5398; x_wconf 89' lang='lat' dir='ltr'><strong>nec</strong></span> <span class='ocrx_word' id='word_1_332' title='bbox 1609 5359 1715 5398; x_wconf 92' lang='lat' dir='ltr'><strong>non</strong></span> <span class='ocrx_word' id='word_1_333' title='bbox 1749 5344 1801 5398; x_wconf 93' lang='lat' dir='ltr'><strong>in</strong></span> <span class='ocrx_word' id='word_1_334' title='bbox 1848 5344 2145 5411; x_wconf 86' lang='lat' dir='ltr'><strong>appendice</strong></span> 
     </span>
    </p>
   </div>
   <div class='ocr_carea' id='block_1_90' title="bbox 567 5435 2149 5508">
    <p class='ocr_par' dir='ltr' id='par_1_90' title="bbox 567 5435 2149 5508">
     <span class='ocr_line' id='line_1_91' title="bbox 567 5435 2149 5508; baseline -0.001 -16"><span class='ocrx_word' id='word_1_335' title='bbox 567 5440 632 5493; x_wconf 89' lang='lat' dir='ltr'><strong>ad</strong></span> <span class='ocrx_word' id='word_1_336' title='bbox 660 5450 859 5494; x_wconf 89' lang='lat' dir='ltr'><strong>tomum</strong></span> <span class='ocrx_word' id='word_1_337' title='bbox 890 5437 936 5492; x_wconf 79' lang='grc' dir='ltr'><strong>Χ</strong></span> <span class='ocrx_word' id='word_1_338' title='bbox 964 5452 1183 5508; x_wconf 83' lang='lat' dir='ltr'><strong>operum</strong></span> <span class='ocrx_word' id='word_1_339' title='bbox 1237 5437 1406 5492; x_wconf 89' lang='lat' dir='ltr'><strong>sancti</strong></span> <span class='ocrx_word' id='word_1_340' title='bbox 1457 5437 1736 5506; x_wconf 83' lang='lat' dir='ltr'><strong>Augustini</strong></span> <span class='ocrx_word' id='word_1_341' title='bbox 1776 5435 1874 5508; x_wconf 81' lang='grc' dir='ltr'><strong>(α),</strong></span> <span class='ocrx_word' id='word_1_342' title='bbox 1921 5447 2149 5506; x_wconf 88' lang='lat' dir='ltr'><strong>quatuor</strong></span> 
     </span>
    </p>
   </div>
   <div class='ocr_carea' id='block_1_91' title="bbox 569 5528 2148 5600">
    <p class='ocr_par' dir='ltr' id='par_1_91' title="bbox 569 5528 2148 5600">
     <span class='ocr_line' id='line_1_92' title="bbox 569 5528 2148 5600; baseline 0 -16"><span class='ocrx_word' id='word_1_343' title='bbox 569 5531 830 5600; x_wconf 89' lang='lat' dir='ltr'><strong>capitibus</strong></span> <span class='ocrx_word' id='word_1_344' title='bbox 883 5529 948 5584; x_wconf 91' lang='lat' dir='ltr'><strong>de</strong></span> <span class='ocrx_word' id='word_1_345' title='bbox 1004 5529 1371 5584; x_wconf 86' lang='lat' dir='ltr'><strong>Incarnatioue</strong></span> <span class='ocrx_word' id='word_1_346' title='bbox 1430 5529 1684 5592; x_wconf 88' lang='lat' dir='ltr'><strong>omissis;</strong></span> <span class='ocrx_word' id='word_1_347' title='bbox 1735 5528 1964 5597; x_wconf 87' lang='lat' dir='ltr'><strong>denique</strong></span> <span class='ocrx_word' id='word_1_348' title='bbox 2009 5530 2148 5584; x_wconf 83' lang='lat' dir='ltr'><strong>inter</strong></span> 
     </span>
    </p>
   </div>
   <div class='ocr_carea' id='block_1_92' title="bbox 643 5641 1945 5715">
    <p class='ocr_par' dir='ltr' id='par_1_92' title="bbox 643 5641 1945 5715">
     <span class='ocr_line' id='line_1_93' title="bbox 643 5641 1945 5715; baseline 0.003 -20"><span class='ocrx_word' id='word_1_349' title='bbox 643 5643 722 5715; x_wconf 80' lang='grc' dir='ltr'><strong>(α)</strong></span> <span class='ocrx_word' id='word_1_350' title='bbox 749 5645 881 5713; x_wconf 81' lang='lat' dir='ltr'><strong>Aug.</strong></span> <span class='ocrx_word' id='word_1_351' title='bbox 912 5658 1036 5713; x_wconf 88' lang='lat' dir='ltr'><strong>opp.</strong></span> <span class='ocrx_word' id='word_1_352' title='bbox 1063 5650 1192 5697; x_wconf 91' lang='lat' dir='ltr'><strong>tom.</strong></span> <span class='ocrx_word' id='word_1_353' title='bbox 1232 5643 1274 5696; x_wconf 91' lang='lat' dir='ltr'><strong>tl</strong></span> <span class='ocrx_word' id='word_1_354' title='bbox 1302 5642 1356 5696; x_wconf 94' lang='lat' dir='ltr'><strong>in</strong></span> <span class='ocrx_word' id='word_1_355' title='bbox 1386 5641 1636 5711; x_wconf 89' lang='lat' dir='ltr'><strong>append.,</strong></span> <span class='ocrx_word' id='word_1_356' title='bbox 1672 5657 1789 5711; x_wconf 85' lang='lat' dir='ltr'><strong>pag.</strong></span> <span class='ocrx_word' id='word_1_357' title='bbox 1823 5643 1945 5699; x_wconf 72' lang='lat' dir='ltr'><strong>HG.</strong></span> 
     </span>
    </p>
   </div>
   <div class='ocr_carea' id='block_1_93' title="bbox 639 5783 2138 5856">
    <p class='ocr_par' dir='ltr' id='par_1_93' title="bbox 639 5783 2138 5856">
     <span class='ocr_line' id='line_1_94' title="bbox 639 5783 2138 5856; baseline 0 -18"><span class='ocrx_word' id='word_1_358' title='bbox 639 5783 718 5856; x_wconf 71' lang='grc' dir='ltr'><strong>(ὁ)</strong></span> <span class='ocrx_word' id='word_1_359' title='bbox 748 5783 967 5839; x_wconf 85' lang='lat' dir='ltr'><strong>Possev.</strong></span> <span class='ocrx_word' id='word_1_360' title='bbox 1019 5785 1214 5855; x_wconf 80' lang='lat' dir='ltr'><strong>Appar.</strong></span> <span class='ocrx_word' id='word_1_361' title='bbox 1260 5800 1399 5842; x_wconf 88' lang='lat' dir='ltr'><strong>sacr.</strong></span> <span class='ocrx_word' id='word_1_362' title='bbox 1450 5797 1579 5840; x_wconf 84' lang='lat' dir='ltr'><strong>tum.</strong></span> <span class='ocrx_word' id='word_1_363' title='bbox 1635 5786 1695 5853; x_wconf 88' lang='lat' dir='ltr'><strong>Il,</strong></span> <span class='ocrx_word' id='word_1_364' title='bbox 1727 5802 1840 5856; x_wconf 83' lang='lat' dir='ltr'><strong>pag.</strong></span> <span class='ocrx_word' id='word_1_365' title='bbox 1870 5786 1976 5840; x_wconf 67' lang='lat'><strong>252</strong></span> <span class='ocrx_word' id='word_1_366' title='bbox 2007 5785 2138 5839; x_wconf 85' lang='lat' dir='ltr'><strong>edit.</strong></span> 
     </span>
    </p>
   </div>
   <div class='ocr_carea' id='block_1_94' title="bbox 569 5854 1013 5925">
    <p class='ocr_par' dir='ltr' id='par_1_94' title="bbox 569 5854 1013 5925">
     <span class='ocr_line' id='line_1_95' title="bbox 569 5854 1013 5925; baseline -0.007 -14"><span class='ocrx_word' id='word_1_367' title='bbox 569 5854 758 5911; x_wconf 88' lang='lat' dir='ltr'><strong>Colon.</strong></span> <span class='ocrx_word' id='word_1_368' title='bbox 795 5856 916 5925; x_wconf 82' lang='lat' dir='ltr'><strong>Agri</strong></span> <span class='ocrx_word' id='word_1_369' title='bbox 925 5870 1013 5925; x_wconf 89' lang='lat' dir='ltr'><strong>pp.</strong></span> 
     </span>
    </p>
   </div>
   <div class='ocr_carea' id='block_1_95' title="bbox 2252 4875 3825 4949">
    <p class='ocr_par' dir='ltr' id='par_1_95' title="bbox 2252 4875 3825 4949">
     <span class='ocr_line' id='line_1_96' title="bbox 2252 4875 3825 4949; baseline 0.003 -17"><span class='ocrx_word' id='word_1_370' title='bbox 2252 4889 2431 4932; x_wconf 88' lang='lat' dir='ltr'><strong>cusus.</strong></span> <span class='ocrx_word' id='word_1_371' title='bbox 2465 4875 2581 4943; x_wconf 86' lang='lat' dir='ltr'><strong>Quo</strong></span> <span class='ocrx_word' id='word_1_372' title='bbox 2612 4876 2679 4931; x_wconf 90' lang='lat' dir='ltr'><strong>de</strong></span> <span class='ocrx_word' id='word_1_373' title='bbox 2705 4891 2870 4946; x_wconf 90' lang='lat' dir='ltr'><strong>opere</strong></span> <span class='ocrx_word' id='word_1_374' title='bbox 2903 4876 3221 4932; x_wconf 87' lang='lat' dir='ltr'><strong>Possevinus</strong></span> <span class='ocrx_word' id='word_1_375' title='bbox 3245 4879 3354 4949; x_wconf 83' lang='lat' dir='ltr'><strong>(b):</strong></span> <span class='ocrx_word' id='word_1_376' title='bbox 3403 4897 3422 4930; x_wconf 73' lang='grc' dir='ltr'>ι</span> <span class='ocrx_word' id='word_1_377' title='bbox 3458 4877 3717 4935; x_wconf 72' lang='lat' dir='ltr'><strong>Inventus</strong></span> <span class='ocrx_word' id='word_1_378' title='bbox 3741 4888 3825 4937; x_wconf 68' lang='lat' dir='ltr'><strong>est.</strong></span> 
     </span>
    </p>
   </div>
   <div class='ocr_carea' id='block_1_96' title="bbox 2253 4966 3826 5037">
    <p class='ocr_par' dir='ltr' id='par_1_96' title="bbox 2253 4966 3826 5037">
     <span class='ocr_line' id='line_1_97' title="bbox 2253 4966 3826 5037; baseline 0.001 -16"><span class='ocrx_word' id='word_1_379' title='bbox 2253 4966 2442 5037; x_wconf 90' lang='lat' dir='ltr'><strong>inquit,</strong></span> <span class='ocrx_word' id='word_1_380' title='bbox 2475 4967 2559 5021; x_wconf 89' lang='lat' dir='ltr'><strong>hic</strong></span> <span class='ocrx_word' id='word_1_381' title='bbox 2584 4968 2793 5021; x_wconf 86' lang='lat' dir='ltr'><strong>libellus</strong></span> <span class='ocrx_word' id='word_1_382' title='bbox 2825 4982 2930 5028; x_wconf 88' lang='lat' dir='ltr'><strong>non</strong></span> <span class='ocrx_word' id='word_1_383' title='bbox 2953 4967 3022 5022; x_wconf 84' lang='lat' dir='ltr'><strong>ita</strong></span> <span class='ocrx_word' id='word_1_384' title='bbox 3055 4970 3248 5026; x_wconf 90' lang='lat' dir='ltr'><strong>multos</strong></span> <span class='ocrx_word' id='word_1_385' title='bbox 3277 4978 3404 5024; x_wconf 86' lang='lat' dir='ltr'><strong>ante</strong></span> <span class='ocrx_word' id='word_1_386' title='bbox 3442 4985 3614 5025; x_wconf 88' lang='lat' dir='ltr'><strong>annos</strong></span> <span class='ocrx_word' id='word_1_387' title='bbox 3648 4972 3700 5024; x_wconf 94' lang='lat' dir='ltr'><strong>in</strong></span> <span class='ocrx_word' id='word_1_388' title='bbox 3730 4984 3826 5023; x_wconf 67' lang='lat' dir='ltr'><strong>ca:-</strong></span> 
     </span>
    </p>
   </div>
   <div class='ocr_carea' id='block_1_97' title="bbox 2254 5059 3831 5129">
    <p class='ocr_par' dir='ltr' id='par_1_97' title="bbox 2254 5059 3831 5129">
     <span class='ocr_line' id='line_1_98' title="bbox 2254 5059 3831 5129; baseline 0 -16"><span class='ocrx_word' id='word_1_389' title='bbox 2254 5059 2414 5114; x_wconf 91' lang='lat' dir='ltr'><strong>nobio</strong></span> <span class='ocrx_word' id='word_1_390' title='bbox 2437 5059 2747 5128; x_wconf 88' lang='lat' dir='ltr'><strong>Parisiensi,</strong></span> <span class='ocrx_word' id='word_1_391' title='bbox 2775 5061 2912 5129; x_wconf 88' lang='lat' dir='ltr'><strong>quod</strong></span> <span class='ocrx_word' id='word_1_392' title='bbox 2937 5071 3018 5116; x_wconf 82' lang='lat' dir='ltr'><strong>est</strong></span> <span class='ocrx_word' id='word_1_393' title='bbox 3057 5061 3264 5116; x_wconf 83' lang='lat' dir='ltr'><strong>ordinis</strong></span> <span class='ocrx_word' id='word_1_394' title='bbox 3312 5059 3831 5117; x_wconf 71' lang='lat' dir='ltr'><strong>Praemonstratensis</strong></span> 
     </span>
    </p>
   </div>
   <div class='ocr_carea' id='block_1_98' title="bbox 2256 5155 3831 5228">
    <p class='ocr_par' dir='ltr' id='par_1_98' title="bbox 2256 5155 3831 5228">
     <span class='ocr_line' id='line_1_99' title="bbox 2256 5155 3831 5228; baseline 0 -18"><span class='ocrx_word' id='word_1_395' title='bbox 2256 5158 2308 5211; x_wconf 92' lang='lat' dir='ltr'><strong>in</strong></span> <span class='ocrx_word' id='word_1_396' title='bbox 2339 5171 2469 5228; x_wconf 88' lang='lat' dir='ltr'><strong>agro</strong></span> <span class='ocrx_word' id='word_1_397' title='bbox 2491 5155 2834 5212; x_wconf 81' lang='lat' dir='ltr'><strong>Lovaniensi.</strong></span> <span class='ocrx_word' id='word_1_398' title='bbox 2864 5176 2881 5208; x_wconf 79' lang='grc' dir='ltr'><strong><em>ι</em></strong></span> <span class='ocrx_word' id='word_1_399' title='bbox 2909 5157 3176 5212; x_wconf 67' lang='grc' dir='ltr'><strong>(Ζωισιι-υιη</strong></span> <span class='ocrx_word' id='word_1_400' title='bbox 3203 5158 3369 5227; x_wconf 88' lang='lat' dir='ltr'><strong>probe</strong></span> <span class='ocrx_word' id='word_1_401' title='bbox 3397 5158 3630 5213; x_wconf 76' lang='lat' dir='ltr'><strong>advertit</strong></span> <span class='ocrx_word' id='word_1_402' title='bbox 3654 5159 3710 5213; x_wconf 93' lang='lat' dir='ltr'><strong>S.</strong></span> <span class='ocrx_word' id='word_1_403' title='bbox 3735 5155 3831 5210; x_wconf 78' lang='lat' dir='ltr'><strong>Ful-</strong></span> 
     </span>
    </p>
   </div>
   <div class='ocr_carea' id='block_1_99' title="bbox 2254 5243 3830 5322">
    <p class='ocr_par' dir='ltr' id='par_1_99' title="bbox 2254 5243 3830 5322">
     <span class='ocr_line' id='line_1_100' title="bbox 2254 5243 3830 5322; baseline -0.005 -18"><span class='ocrx_word' id='word_1_404' title='bbox 2254 5251 2416 5322; x_wconf 86' lang='lat' dir='ltr'><strong>gentii</strong></span> <span class='ocrx_word' id='word_1_405' title='bbox 2445 5266 2669 5320; x_wconf 79' lang='lat' dir='ltr'><strong>operum</strong></span> <span class='ocrx_word' id='word_1_406' title='bbox 2696 5250 2763 5306; x_wconf 91' lang='lat' dir='ltr'><strong>cl.</strong></span> <span class='ocrx_word' id='word_1_407' title='bbox 2795 5251 2972 5305; x_wconf 90' lang='lat' dir='ltr'><strong>editor</strong></span> <span class='ocrx_word' id='word_1_408' title='bbox 3000 5253 3093 5322; x_wconf 89' lang='lat' dir='ltr'><strong>(c),</strong></span> <span class='ocrx_word' id='word_1_409' title='bbox 3123 5262 3177 5306; x_wconf 91' lang='lat' dir='ltr'><strong>et</strong></span> <span class='ocrx_word' id='word_1_410' title='bbox 3209 5259 3329 5319; x_wconf 89' lang='lat' dir='ltr'><strong>post</strong></span> <span class='ocrx_word' id='word_1_411' title='bbox 3355 5251 3529 5320; x_wconf 71' lang='lat' dir='ltr'><strong>ipsum</strong></span> <span class='ocrx_word' id='word_1_412' title='bbox 3551 5243 3830 5305; x_wconf 68' lang='lat' dir='ltr'><strong>det-tissimi</strong></span> 
     </span>
    </p>
   </div>
   <div class='ocr_carea' id='block_1_100' title="bbox 2255 5342 3833 5417">
    <p class='ocr_par' dir='ltr' id='par_1_100' title="bbox 2255 5342 3833 5417">
     <span class='ocr_line' id='line_1_101' title="bbox 2255 5342 3833 5417; baseline -0.008 -15"><span class='ocrx_word' id='word_1_413' title='bbox 2255 5347 2492 5403; x_wconf 88' lang='lat' dir='ltr'><strong>editores</strong></span> <span class='ocrx_word' id='word_1_414' title='bbox 2522 5359 2746 5415; x_wconf 86' lang='lat' dir='ltr'><strong>operum</strong></span> <span class='ocrx_word' id='word_1_415' title='bbox 2769 5345 2828 5402; x_wconf 91' lang='lat' dir='ltr'><strong>S.</strong></span> <span class='ocrx_word' id='word_1_416' title='bbox 2855 5345 3138 5414; x_wconf 75' lang='lat' dir='ltr'><strong>Augustini</strong></span> <span class='ocrx_word' id='word_1_417' title='bbox 3182 5345 3282 5417; x_wconf 75' lang='grc' dir='ltr'><strong>(τί),</strong></span> <span class='ocrx_word' id='word_1_418' title='bbox 3318 5360 3423 5399; x_wconf 92' lang='lat' dir='ltr'><strong>non</strong></span> <span class='ocrx_word' id='word_1_419' title='bbox 3469 5359 3590 5399; x_wconf 90' lang='lat' dir='ltr'><strong>esse</strong></span> <span class='ocrx_word' id='word_1_420' title='bbox 3630 5342 3833 5397; x_wconf 81' lang='lat' dir='ltr'><strong>coniun-</strong></span> 
     </span>
    </p>
   </div>
   <div class='ocr_carea' id='block_1_101' title="bbox 2255 5434 3831 5505">
    <p class='ocr_par' dir='ltr' id='par_1_101' title="bbox 2255 5434 3831 5505">
     <span class='ocr_line' id='line_1_102' title="bbox 2255 5434 3831 5505; baseline -0.007 -11"><span class='ocrx_word' id='word_1_421' title='bbox 2255 5439 2490 5494; x_wconf 89' lang='lat' dir='ltr'><strong>dendum</strong></span> <span class='ocrx_word' id='word_1_422' title='bbox 2519 5446 2792 5493; x_wconf 88' lang='lat' dir='ltr'><strong>auctorem</strong></span> <span class='ocrx_word' id='word_1_423' title='bbox 2818 5449 3059 5493; x_wconf 89' lang='lat' dir='ltr'><strong>nostrum</strong></span> <span class='ocrx_word' id='word_1_424' title='bbox 3082 5454 3204 5493; x_wconf 90' lang='lat' dir='ltr'><strong>cum</strong></span> <span class='ocrx_word' id='word_1_425' title='bbox 3237 5437 3416 5500; x_wconf 90' lang='lat' dir='ltr'><strong>Petro,</strong></span> <span class='ocrx_word' id='word_1_426' title='bbox 3457 5437 3542 5490; x_wconf 92' lang='lat' dir='ltr'><strong>cui</strong></span> <span class='ocrx_word' id='word_1_427' title='bbox 3578 5434 3831 5505; x_wconf 71' lang='lat' dir='ltr'><strong>egregium</strong></span> 
     </span>
    </p>
   </div>
   <div class='ocr_carea' id='block_1_102' title="bbox 2259 5526 3831 5608">
    <p class='ocr_par' dir='ltr' id='par_1_102' title="bbox 2259 5526 3831 5608">
     <span class='ocr_line' id='line_1_103' title="bbox 2259 5526 3831 5608; baseline -0.006 -21"><span class='ocrx_word' id='word_1_428' title='bbox 2259 5541 2543 5588; x_wconf 83' lang='lat' dir='ltr'><strong>tractatqu</strong></span> <span class='ocrx_word' id='word_1_429' title='bbox 2578 5532 2642 5608; x_wconf 87' lang='lat' dir='ltr'><strong>de</strong></span> <span class='ocrx_word' id='word_1_430' title='bbox 2670 5531 2803 5587; x_wconf 81' lang='lat' dir='ltr'><strong>Fide</strong></span> <span class='ocrx_word' id='word_1_431' title='bbox 2832 5533 3103 5601; x_wconf 87' lang='lat' dir='ltr'><strong>inscripsit</strong></span> <span class='ocrx_word' id='word_1_432' title='bbox 3126 5541 3343 5588; x_wconf 89' lang='lat' dir='ltr'><strong>sanctus</strong></span> <span class='ocrx_word' id='word_1_433' title='bbox 3378 5529 3711 5599; x_wconf 86' lang='lat' dir='ltr'><strong>Fulgentius.</strong></span> <span class='ocrx_word' id='word_1_434' title='bbox 3741 5526 3831 5580; x_wconf 85' lang='lat' dir='ltr'><strong>Ne-</strong></span> 
     </span>
    </p>
   </div>
   <div class='ocr_carea' id='block_1_103' title="bbox 2323 5635 3819 5713">
    <p class='ocr_par' dir='ltr' id='par_1_103' title="bbox 2323 5635 3819 5713">
     <span class='ocr_line' id='line_1_104' title="bbox 2323 5635 3819 5713; baseline -0.005 -18"><span class='ocrx_word' id='word_1_435' title='bbox 2323 5645 2393 5713; x_wconf 84' lang='lat' dir='ltr'><strong>(c)</strong></span> <span class='ocrx_word' id='word_1_436' title='bbox 2437 5643 2648 5699; x_wconf 67' lang='lat' dir='ltr'><strong>Prml&#39;at.</strong></span> <span class='ocrx_word' id='word_1_437' title='bbox 2676 5642 2740 5697; x_wconf 87' lang='lat' dir='ltr'><strong>ad</strong></span> <span class='ocrx_word' id='word_1_438' title='bbox 2770 5641 2825 5698; x_wconf 88' lang='lat' dir='ltr'><strong>S.</strong></span> <span class='ocrx_word' id='word_1_439' title='bbox 2854 5642 3102 5712; x_wconf 75' lang='lat' dir='ltr'><strong>Fulgent.</strong></span> <span class='ocrx_word' id='word_1_440' title='bbox 3133 5657 3283 5712; x_wconf 87' lang='lat' dir='ltr'><strong>Opp.,</strong></span> <span class='ocrx_word' id='word_1_441' title='bbox 3318 5657 3433 5711; x_wconf 80' lang='lat' dir='ltr'><strong>pag.</strong></span> <span class='ocrx_word' id='word_1_442' title='bbox 3471 5642 3526 5705; x_wconf 90' lang='lat'><strong>8,</strong></span> <span class='ocrx_word' id='word_1_443' title='bbox 3555 5651 3610 5695; x_wconf 93' lang='lat' dir='ltr'><strong>et</strong></span> <span class='ocrx_word' id='word_1_444' title='bbox 3645 5650 3753 5693; x_wconf 91' lang='lat' dir='ltr'><strong>not.</strong></span> <span class='ocrx_word' id='word_1_445' title='bbox 3800 5635 3819 5688; x_wconf 85' lang='lat' dir='ltr'><strong>l</strong></span> 
     </span>
    </p>
   </div>
   <div class='ocr_carea' id='block_1_104' title="bbox 2253 5714 2816 5768">
    <p class='ocr_par' dir='ltr' id='par_1_104' title="bbox 2253 5714 2816 5768">
     <span class='ocr_line' id='line_1_105' title="bbox 2253 5714 2816 5768; baseline -0.011 0"><span class='ocrx_word' id='word_1_446' title='bbox 2253 5715 2318 5768; x_wconf 85' lang='lat' dir='ltr'><strong>ad</strong></span> <span class='ocrx_word' id='word_1_447' title='bbox 2345 5715 2434 5768; x_wconf 88' lang='lat' dir='ltr'><strong>lib.</strong></span> <span class='ocrx_word' id='word_1_448' title='bbox 2469 5716 2532 5768; x_wconf 87' lang='lat' dir='ltr'><strong>de</strong></span> <span class='ocrx_word' id='word_1_449' title='bbox 2564 5714 2716 5767; x_wconf 80' lang='lat' dir='ltr'><strong>Fide.</strong></span> <span class='ocrx_word' id='word_1_450' title='bbox 2814 5759 2816 5762; x_wconf 90' lang='lat'><strong>.</strong></span> 
     </span>
    </p>
   </div>
   <div class='ocr_carea' id='block_1_105' title="bbox 2327 5778 3824 5855">
    <p class='ocr_par' dir='ltr' id='par_1_105' title="bbox 2327 5778 3824 5855">
     <span class='ocr_line' id='line_1_106' title="bbox 2327 5778 3824 5855; baseline -0.005 -17"><span class='ocrx_word' id='word_1_451' title='bbox 2327 5787 2409 5855; x_wconf 74' lang='grc' dir='ltr'><strong>(ά)</strong></span> <span class='ocrx_word' id='word_1_452' title='bbox 2435 5786 2536 5839; x_wconf 84' lang='lat' dir='ltr'><strong>BB.</strong></span> <span class='ocrx_word' id='word_1_453' title='bbox 2569 5784 2811 5854; x_wconf 82' lang='lat' dir='ltr'><strong>Append.</strong></span> <span class='ocrx_word' id='word_1_454' title='bbox 2839 5785 2905 5839; x_wconf 84' lang='lat' dir='ltr'><strong>ad</strong></span> <span class='ocrx_word' id='word_1_455' title='bbox 2931 5797 3058 5840; x_wconf 82' lang='lat' dir='ltr'><strong>tom.</strong></span> <span class='ocrx_word' id='word_1_456' title='bbox 3088 5785 3150 5838; x_wconf 85' lang='lat' dir='ltr'><strong>Vl</strong></span> <span class='ocrx_word' id='word_1_457' title='bbox 3181 5799 3304 5853; x_wconf 82' lang='lat' dir='ltr'><strong>Opp.</strong></span> <span class='ocrx_word' id='word_1_458' title='bbox 3339 5783 3396 5838; x_wconf 91' lang='lat' dir='ltr'><strong>S.</strong></span> <span class='ocrx_word' id='word_1_459' title='bbox 3433 5784 3591 5852; x_wconf 77' lang='lat' dir='ltr'><strong>Aug.,</strong></span> <span class='ocrx_word' id='word_1_460' title='bbox 3622 5797 3740 5853; x_wconf 79' lang='lat' dir='ltr'><strong>pag.</strong></span> <span class='ocrx_word' id='word_1_461' title='bbox 3772 5778 3824 5832; x_wconf 82' lang='lat' dir='ltr'><strong>l7</strong></span> 
     </span>
    </p>
   </div>
   <div class='ocr_carea' id='block_1_106' title="bbox 2256 5856 2598 5911">
    <p class='ocr_par' dir='ltr' id='par_1_106' title="bbox 2256 5856 2598 5911">
     <span class='ocr_line' id='line_1_107' title="bbox 2256 5856 2598 5911; baseline 0.006 -2"><span class='ocrx_word' id='word_1_462' title='bbox 2256 5856 2309 5909; x_wconf 89' lang='lat' dir='ltr'><strong>in</strong></span> <span class='ocrx_word' id='word_1_463' title='bbox 2341 5856 2598 5911; x_wconf 84' lang='lat' dir='ltr'><strong>admonit.</strong></span> 
     </span>
    </p>
   </div>
  </div>
