3990 6390
172 390 237 445 εί
1516 378 1760 436 PROLE(

1864 379 2090 437 IENON.
3362 394 3431 450 83

174 514 277 570 quc
304 496 445 553 enim
470 495 514 551 is
530 495 934 561 eratdiaconus,
960 504 1015 549 ut
1044 493 1364 550 existimavit
1393 492 1630 547 Norisius
1652 493 1753 562 (a),
1781 498 1836 555 Α
1859 494 2065 550 aliunde
2086 497 2274 565 placet,
2312 500 2410 553 nisi
2435 515 2497 553 ex
2518 514 2575 553 eo
2603 501 2738 571 quod
2766 500 2873 572 ipse
2902 502 3199 561 donaverit:
3226 501 3427 577 errant,

174 605 348 659 neque
371 588 684 655 monachus,
712 597 768 642 ut
800 601 1078 657 perperam
1108 586 1341 641 creditus
1376 594 1460 640 est
1508 600 1537 638 a
1589 585 1748 639 Blon-

177 681 465 751 dello(b);
491 680 583 735 sed
618 680 721 745 vir,
746 688 803 733 ut
826 680 1049 745 videtur,
1088 679 1332 734 militaris
1374 696 1385 731 :
1428 679 1517 748 qui
1549 693 1667 732 cum
1696 678 1748 734 in

176 773 514 828 Paltestinam
539 786 761 841 pergere
784 771 1129 838 decrevisset,
1161 770 1614 839 intellexissetque
1636 769 1751 839 plu-

180 884 265 926 res
291 884 386 939 per
427 883 545 923 eam
591 868 917 937 provinciam
971 867 1204 921 haereses
1259 864 1458 935 passim
1500 880 1747 935 serpere,

181 973 462 1032 propterea
493 976 561 1015 ne
599 961 736 1015 ullus
790 959 891 1015 sibi
939 974 1126 1015 sensus
1180 959 1447 1015 heretica:
1476 958 1749 1027 pravitatis

178 1054 514 1122 subreperet,
544 1067 572 1104 a
629 1050 967 1106 sanctissimo
998 1065 1149 1121 teque
1191 1066 1252 1105 ac
1279 1050 1589 1107 doctissimo
1616 1050 1753 1105 Rus-

144 1160 147 1161 '
180 1146 328 1216 pensi
354 1144 609 1215 episcopo
627 1143 751 1198 ﬁdei
782 1143 1019 1212 regulam
1052 1143 1334 1212 ﬂagitarat.

250 1279 315 1334 11.
344 1278 459 1333 Jam
489 1290 616 1331 vero
640 1276 708 1331 de
738 1277 878 1331 Petri
920 1276 1128 1333 diaconi
1170 1277 1355 1332 libello
1392 1276 1565 1347 deque
1613 1277 1753 1333 illius

181 1369 551 1427 conscribendi
590 1369 868 1424 occasione
917 1370 1079 1424 verba
1122 1369 1332 1435 facturi,
1381 1368 1617 1423 virorum
1659 1369 1753 1423 do-

182 1474 388 1519 ctorum
418 1462 651 1531 vestigiis
676 1462 1073 1529 inhaerebimus,
1095 1464 1187 1533 qui
1216 1477 1277 1517 ea
1311 1463 1362 1516 in
1384 1476 1443 1517 re
1469 1462 1755 1532 aperienda

185 1555 341 1609 nobis
370 1554 639 1623 praeivisse
672 1554 811 1608 ultro
831 1555 1190 1622 agnoscimus.
1234 1554 1389 1608 Auno
1436 1553 1595 1623 igitur
1625 1553 1752 1619 518,

187 1646 287 1701 sub
317 1645 518 1699 initium
542 1644 750 1712 imperii
776 1644 990 1708 Justini,
1019 1644 1263 1699 monachi
1294 1643 1509 1714 Scytha:
1529 1658 1756 1712 quorum

187 1738 294 1791 dux
324 1745 377 1791 et
404 1735 574 1790 fautor
592 1735 826 1790 Joannes
858 1736 1174 1799 Maxentius,
1213 1751 1334 1791 cum
1365 1735 1759 1790 existimassem

183 1828 427 1883 haeresim
452 1828 815 1883 Nestoriauam
844 1838 899 1884 et
926 1828 1310 1901 Eutycbianam
1333 1830 1476 1883 haud
1504 1829 1758 1884 radicitus
1795 1862 1843 1922 Β
1867 1871 2235 1917 "censemur.

180 1920 413 1975 exscindi
444 1936 622 1991 posse,
656 1923 752 1977 nisi
784 1939 915 1976 unus
938 1938 962 1976 e
988 1922 1235 1976 Trinitate
1258 1939 1440 1993 passus
1472 1938 1742 1977 asserere-

182 2020 288 2076 tur,
322 2011 559 2085 ingentes
590 2014 771 2067 turbas
800 2013 1266 2084 ConstantinOpoli
1291 2015 1613 2081 excitarunt,
1646 2018 1763 2086 qui-

180 2100 279 2156 bus
305 2104 443 2157 lirevi
470 2111 609 2158 totus
633 2104 779 2159 orbis
808 2105 1026 2159 exarsit.
1055 2104 1227 2161 Causa
1252 2106 1556 2175 hujusmodi
1586 2106 1652 2161 ad
1676 2122 1761 2162 se-

180 2193 267 2250 dis
297 2197 606 2263 apostolicze
646 2200 848 2267 legatos
874 2198 1337 2268 Constantinopoli
1385 2210 1606 2271 agentes
1650 2203 1760 2272 pri-

178 2300 324 2340 mum
353 2288 557 2353 delata;
588 2304 709 2343 mox
752 2290 816 2343 ad
867 2291 1039 2358 ipsum
1090 2292 1429 2349 Hormisdam
1460 2294 1760 2349 Romanum

96 2438 101 2445 δ
178 2379 487 2445 pontiﬁcem
516 2378 743 2434 deducta
786 2381 1116 2448 pet-hibetur.
1153 2384 1342 2437 Verum
1386 2400 1506 2439 cum
1538 2384 1760 2439 Romam

177 2469 331 2523 missi
384 2471 767 2525 monachorum
811 2472 999 2539 legati,
1042 2488 1269 2542 quorum
1321 2475 1519 2543 primas
1571 2475 1759 2543 agebat

180 2560 373 2614 Petrus
419 2561 704 2629 Diaconus,
759 2578 949 2617 novam
1007 2564 1151 2618 illam
1206 2565 1418 2620 dicendi
1473 2566 1760 2619 formulam

182 2646 328 2704 haud
372 2651 564 2705 leviter
606 2654 864 2722 exagitari
914 2655 1303 2723 comperissent
1376 2655 1441 2708 ad
1484 2657 1765 2725 episcOpos

180 2739 378 2795 Africa:
405 2741 456 2795 in
481 2742 722 2797 Sardinia
747 2746 1053 2799 exsulantes
1078 2745 1451 2815 confugerunt.
1485 2746 1640 2799 Anno
1668 2746 1765 2800 ita-

182 2846 288 2902 que
317 2842 560 2888 vertente
573 2834 699 2899 520,
724 2846 813 2889 aut
832 2836 1046 2891 ineunte
1060 2836 1185 2907 521,
1206 2838 1443 2893 redditus
1469 2847 1551 2893 est
1575 2849 1764 2894 sancto

183 2924 463 2994 Fulgentii)
493 2929 806 2999 cae-terisque
854 2929 1277 2998 confessoribus,
1322 2948 1351 2986 a
1395 2932 1761 2988 Trasamundo

181 3014 546 3073 Vandalorum
577 3034 699 3090 rege
728 3020 927 3076 Ariano
980 3023 1031 3076 in
1081 3024 1383 3079 Sardiniam
1431 3025 1756 3093 deportatis,

182 3107 533 3177 professionis
575 3110 693 3166 fidei
740 3112 953 3169 libellus
1000 3115 1065 3169 ad
1095 3115 1337 3183 epistolae
1386 3118 1599 3171 modum
1631 3132 1761 3172 cou-

183 3208 384 3263 textus,
415 3200 557 3255 Petri
591 3202 800 3258 diaconi
824 3214 878 3259 et
904 3206 1170 3283 sociorum
1202 3206 1317 3276 ejus
1338 3210 1554 3264 nomine
1580 3209 1756 3264 consi-

183 3298 397 3359 gnatus.
443 3292 553 3346 Hos
584 3294 721 3348 inter
765 3295 1010 3351 laudatus
1039 3297 1226 3352 Petrus
1264 3299 1518 3353 diaconus
1555 3302 1758 3356 emine-

182 3381 300 3448 bat,
333 3382 419 3452 qui
439 3383 609 3453 primo
632 3386 788 3439 etiam
812 3387 931 3443 loco
960 3387 1193 3443 libellum
1224 3389 1555 3458 subscripsit.
1584 3393 1760 3458 Quan-

183 3473 474 3543 doquidem
500 3490 629 3531 vero
654 3477 1233 3546 typotbetreoscitantia
1264 3480 1758 3549 horumlegatorum

184 3567 608 3638 sub~criptiones
649 3570 828 3625 hacin
871 3582 1053 3627 nostra
1100 3572 1336 3627 editione
1380 3574 1763 3642 praetermissas

186 3659 360 3716 fuisse
381 3661 876 3729 animadvertimus,
906 3678 996 3719 eas
1029 3674 1310 3734 propterea
1340 3665 1425 3720 hic
1456 3666 1642 3721 saltem
1672 3666 1765 3720 de-

186 3752 503 3808 scribendas
532 3754 809 3810 duximus.
842 3755 933 3810 Sic
958 3765 1135 3811 autem
1165 3770 1223 3812 se
1253 3757 1481 3812 habent:

261 3843 471 3898 Pernus
493 3846 836 3901 misericordia
863 3845 954 3901 Dei
980 3849 1224 3902 diaconus
1251 3850 1563 3918 subscripsit.

261 3935 493 3992 Joannes
520 3939 866 3992 misericordia
890 3938 985 3994 Dei
1011 3943 1287 3995 monachus
1312 3943 1623 4013 subscripsit.

260 4028 530 4084 Leonrtus
555 4032 911 4086 misericordia
938 4034 1029 4088 Dei
1056 4036 1336 4089 monachus
1360 4036 1675 4105 subscripsit.

263 4121 496 4176 Joannes
520 4124 674 4176 lector
698 4125 1045 4179 misericordia
1069 4126 1164 4180 Dei
1200 4128 1514 4195 subscripsit.

266 4255 354 4309 lll.
386 4255 447 4309 Hi
478 4271 634 4325 porro
664 4272 693 4311 a
732 4260 1009 4315 monachis
1042 4262 1257 4331 Scythis
1307 4270 1551 4316 oratores
1602 4264 1772 4329 missi,

1853 583 2090 655 inquam,
2124 588 2248 643 dum
2282 590 2385 646 hoc
2411 591 2775 647 testimonium
2826 594 3069 649 tribuunt
3116 597 3428 655 lnnoeentio

1851 692 2001 747 papa:
2025 680 2076 733 in
2105 682 2332 750 epistola
2355 682 2420 738 ad
2444 685 2731 739 concilium
2763 685 3129 742 Milevitanum
3161 689 3272 757 (d):
3305 706 3427 745 nam

1852 767 2044 837 legitur
2068 770 2119 824 in
2165 772 2390 840 epistola
2429 773 2493 828 21
2532 774 2807 830 Caelestini
2849 791 2997 846 papae
3033 778 3097 831 ad
3148 781 3430 849 episcOpos

1853 857 2037 914 Gallia:
2083 862 2193 931 (e).
2240 863 2425 917 Delato
2470 867 2648 934 itaque
2678 869 2728 921 in
2775 867 3076 923 Sardiniam
3108 868 3430 939 Scytharum

1852 950 2231 1007 monachorum
2294 955 2507 1009 nomine
2548 957 2854 1026 hujusmodi
2912 960 3093 1015 libello
3125 1006 3139 1029 ,
3190 962 3428 1017 Africani

1855 1040 2039 1097 Patres
2060 1058 2215 1097 suum
2245 1043 2311 1099 de
2342 1047 2629 1113 propositis
2678 1050 3057 1117 quarstionibus
3086 1068 3303 1107 sensum
3336 1070 3429 1108 ex-

1852 1145 2099 1201 promere
2123 1133 2261 1188 haud
2291 1134 2620 1203 refngerunt.
2651 1138 2831 1209 Neque
2867 1157 3024 1209 vero,
3044 1154 3101 1198 ut
3130 1160 3249 1200 cum
3277 1146 3431 1202 Nori-

1854 1224 1937 1280 sio
1986 1226 2171 1296 loquar
2202 1227 2321 1298 (ι’),
2374 1231 2742 1285 tantummodo
2786 1234 2999 1290 illorum
3052 1239 3433 1295 monachorum

1856 1314 2013 1371 fidem
2043 1332 2107 1372 ex
2144 1318 2346 1387 integro
2376 1321 2834 1385 commendarunt,
2869 1341 3053 1381 verum
3100 1330 3259 1383 etiam
3294 1332 3429 1387 alte-

1856 1423 1973 1463 rum
2006 1418 2061 1464 et
2098 1409 2197 1479 ipsi
2230 1412 2476 1466 volumen
2529 1414 2639 1482 pari
2688 1414 2841 1468 titulo
2881 1416 2942 1470 de
2986 1417 3349 1478 lucaruatione
3383 1436 3433 1477 et

1767 1522 1775 1528 -
1860 1496 2037 1551 Gratia
2073 1499 2279 1553 Domini
2302 1503 2463 1555 nostri
2490 1501 2615 1557 Jesu
2640 1503 2825 1559 Christi
2843 1522 3226 1579 reposuerunt;
3257 1514 3308 1569 in
3329 1530 3434 1585 quo

1860 1603 2045 1645 omnes
2076 1590 2392 1661 Scytharum
2426 1596 2717 1651 sententias
2764 1599 3165 1671 approbarunt,
3210 1605 3437 1676 aliisque

1863 1680 2085 1751 insuper
2114 1680 2457 1740 solidioribus
2485 1686 2700 1741 easdem
2732 1692 3061 1760 argumentis
3107 1696 3431 1751 munierunt.

1864 1770 1925 1824 lli
1949 1780 2125 1825 autem
2153 1771 2647 1847 fuereiSepiscopi,
2663 1794 2886 1847 quorum
2907 1784 3121 1836 nomina
3138 1784 3289 1839 initio
3312 1786 3436 1842 libri

2273 1863 2437 1919 Unius
2462 1873 2635 1923 tamen
2668 1868 2929 1939 Fulgentii
2958 1872 3251 1943 Ruspensis
3282 1876 3436 1933 titulo

1868 1954 2113 2009 volumen
2150 1955 2277 2009 illud
2301 1956 2662 2013 elucubratum
2689 1961 2850 2016 fuisse
2882 1964 3225 2034 intelligimus
3255 1982 3319 2021 ex
3342 1982 3436 2023 au-

1862 2055 2032 2111 ctore,
2065 2048 2154 2117 qui
2200 2050 2441 2117 ejusdem
2476 2052 2735 2121 Fulgentii
2758 2064 2904 2124 gesta
2937 2056 3129 2111 litteris
3158 2060 3437 2129 consigna-

1864 2138 1960 2193 vit.
1987 2137 2074 2193 Sic
2093 2140 2235 2194 enim
2269 2142 2440 2211 inquit
2469 2143 2575 2213 (g):
2605 2144 3025 2215 Quandocunque
3078 2152 3437 2208 transmarinis

1863 2231 2043 2285 litteris
2064 2232 2126 2285 de
2147 2232 2249 2300 fide
2294 2234 2370 2288 vel
2419 2234 2481 2289 de
2514 2237 2724 2290 diversis
2756 2240 3115 2306 questionibus
3152 2241 3435 2314 interroga-

1863 2321 2046 2375 bantur
2063 2326 2316 2393 episcopi,
2350 2324 2626 2396 Fulgentio
2647 2332 2953 2399 respondere
2983 2347 3077 2398 pro
3103 2335 3333 2388 omnibus
3372 2336 3435 2388 ab

1864 2415 2095 2469 omnibus
2115 2417 2488 2485 imponebatur.
2517 2420 2592 2473 Eo
2622 2431 2797 2475 autem
2830 2423 2881 2476 in
2909 2439 3091 2493 opere,
3111 2428 3184 2479 ait
3213 2427 3438 2497 Fulgen-

1866 2506 2132 2561 tianorum
2157 2522 2377 2577 operum
2399 2510 2685 2581 editor(h),
2707 2532 2725 2563 ι
2746 2514 2811 2568 de
2829 2515 3197 2572 lucaruatione
3224 2514 3437 2587 quidem

1868 2597 2121 2665 praeclare
2168 2598 2541 2669 subtiliterque
2582 2602 2819 2669 disputat
2866 2604 3203 2674 Fulgentius;
3248 2609 3315 2663 de
3350 2609 3438 2662 illa

1866 2703 1995 2743 vero
2034 2690 2279 2754 formula,
2330 2690 2473 2747 Unus
2522 2696 2585 2747 de
2628 2693 2877 2750 Trinitate
2921 2714 3100 2765 passus
3127 2709 3219 2764 est,
3261 2700 3437 2757 minus

1865 2791 2047 2837 acute:
2078 2797 2198 2840 cum
2221 2784 2336 2853 ejus
2360 2785 2499 2851 loco,
2528 2787 2673 2841 velut
2693 2788 2932 2856 ejusdem
2961 2805 3171 2854 sensus,
3204 2792 3339 2846 hanc
3360 2792 3434 2847 lo-

1863 2874 2130 2931 cutionem
2161 2886 2398 2947 usurpet,
2436 2877 2549 2932 Una
2574 2880 2634 2932 de
2667 2879 2916 2935 Trinitate
2946 2898 3164 2949 persona
3186 2884 3432 2952 cruciﬁxa

1871 2980 1953 3023 est
1981 2968 2071 3040 (i).
2111 2968 2332 3036 Verum,
2358 2980 2414 3024 ut
2438 2970 2758 3042 Scytharum
2788 2973 3169 3028 monachorum
3216 2976 3434 3045 scriptio

1865 3076 2049 3132 magna
2080 3076 2143 3117 ex
2177 3072 2326 3131 parte
2352 3064 2401 3117 in
2428 3064 2746 3133 explicando
2783 3068 2969 3135 gratia:
3008 3068 3440 3136 prtedestinatio-

1866 3156 2053 3221 nisque
2083 3156 2342 3225 mysterio
2364 3156 2704 3222 versabatur;
2752 3157 2828 3212 sic
2867 3157 3130 3228 Fulgentii
3160 3159 3440 3228 responsio

1784 3229 1831 3293 C
1862 3246 1914 3300 in
1940 3246 2129 3301 iisdem
2151 3247 2409 3314 capitibus
2431 3248 2812 3304 conﬁrmandis
2836 3252 3247 3322 muniendisque
3275 3252 3439 3307 multa

1861 3348 1965 3395 est.
2005 3358 2023 3391 ι
2042 3388 2047 3395 .

1932 3431 2018 3485 lV.
2051 3414 2221 3487 Porro
2250 3433 2490 3502 quamvis
2516 3433 2753 3488 Africani
2786 3434 2972 3489 Patres
3000 3436 3049 3488 in
3073 3434 3321 3489 Sardinia
3349 3450 3443 3489 ex-

1863 3525 2101 3580 sulantes
2126 3524 2427 3593 Scythicam
2461 3525 2619 3580 iidem
2644 3526 2907 3594 Fulgentii
2940 3528 3141 3595 scripto
3170 3527 3349 3579 statim
3379 3527 3445 3577 ab

1867 3618 2019 3671 initio
2045 3615 2509 3671 commendassent
2550 3617 2632 3670 his
2680 3616 2858 3670 verbis
2896 3615 2991 3688 (ί),
3036 3616 3261 3670 Vestram
3293 3617 3445 3669 simul

1866 3707 2061 3763 alacres
2081 3717 2128 3761 et
2150 3708 2303 3777 ﬁdem
2328 3709 2654 3779 cognovimus
2695 3719 2741 3761 et
2792 3711 3041 3773 salutem;
3080 3709 3180 3761 imo
3215 3709 3267 3761 in
3295 3708 3445 3777 agni-

1867 3802 2002 3856 tione
2027 3801 2167 3868 ﬁdei,
2202 3813 2365 3854 uestra
2389 3802 2531 3855 nobis
2562 3803 2701 3855 salus
2728 3802 2942 3855 innotuit
2966 3818 2984 3855 :
3016 3817 3238 3871 magnus
3266 3810 3443 3855 tamen

1868 3891 2154 3946 Annalium
2186 3892 2673 3946 ecclesiasticorum
2719 3905 2909 3959 parens
2959 3891 3276 3961 Scytharum
3328 3904 3445 3943 mo-

1871 3983 2161 4039 nachorum
2188 3983 2508 4037 sententiam
2547 3982 2615 4036 de
2640 3996 2745 4035 uno
2771 3998 2833 4035 ex
2866 3982 3127 4035 Trinitate
3174 3995 3333 4049 passo
3359 3996 3447 4034 rc-

1872 4075 2220 4145 probandam,
2262 4076 2505 4143 adeoque
2551 4074 2764 4126 illorum
2818 4074 3133 4137 legationem
3167 4074 3229 4125 ad
3266 4073 3450 4125 Patres

1874 4166 2031 4220 Afros
2054 4166 2105 4217 in
2132 4166 2488 4233 suspicionem
2514 4162 2830 4225 vocandam,
2856 4164 2982 4231 quin
3012 4172 3062 4216 et
3082 4177 3267 4215 eorum
3293 4161 3452 4218 fidem

1875 4256 2274 4311 obtundendam
2308 4263 2362 4309 et
2389 4254 2705 4309 elevandam
2736 4254 3059 4307 existimavit
3104 4250 3199 4321 (k).
3233 4254 3298 4311 At
3327 4272 3452 4310 vero

190 4347 433 4402 libellum
480 4348 530 4400 in
576 4357 697 4403 octo
748 4351 917 4419 capita
953 4351 1216 4421 digestum
1254 4352 1317 4405 ad
1349 4354 1562 4407 exsules
1591 4354 1777 4411 Patres
1877 4349 2036 4409 iidem
2067 4349 2311 4403 monachi
2347 4358 2620 4403 strenuum
2652 4346 2791 4401 nacti
2822 4354 2947 4401 sunt
2979 4356 3257 4413 patronum
3292 4367 3303 4401 :
3350 4350 3453 4403 No-

192 4437 472 4493 Ah-ieauos
498 4438 765 4494 deterunt.
787 4442 903 4506 Quo
932 4441 982 4495 in
1005 4441 1187 4496 libello
1202 4442 1463 4511 prioribus
1486 4445 1772 4515 capitibus,

192 4547 218 4581 n
253 4530 490 4584 secundo
519 4532 768 4586 nimirum
814 4533 878 4586 ad
923 4534 1190 4602 quintum,
1233 4549 1387 4588 suam
1435 4536 1667 4603 ipsorum
1706 4538 1773 4593 de

193 4623 568 4677 lncarnatioue
596 4624 753 4679 fidem
781 4634 1089 4695 exponunt:
1121 4625 1341 4694 reliquis
1377 4642 1508 4682 vero
1540 4630 1706 4683 tribus
1738 4644 1768 4684 a

194 4723 350 4767 sexto
380 4713 443 4767 ad
477 4714 632 4769 linem
678 4730 876 4785 usque,
929 4717 996 4771 de
1023 4717 1191 4785 gratia
1233 4725 1287 4770 et
1335 4717 1503 4771 libero
1546 4720 1769 4776 arbitrio

194 4810 318 4878 quid
352 4812 583 4865 sentiant
624 4820 914 4880 exponunt.
970 4811 1159 4865 Errant
1192 4819 1390 4876 tamen,
1437 4822 1495 4865 ut
1538 4813 1769 4870 advertit

196 4902 532 4956 doctissimus
588 4904 829 4958 Norisius
859 4903 954 4973 (c),
1011 4905 1135 4957 dum
1210 4904 1312 4958 hoc
1354 4906 1763 4971 testimonium,

199 4992 383 5045 Umnia
404 4996 571 5046 studia
589 5002 635 5048 et
666 4996 835 5048 omnia
862 5011 1017 5060 opera
1038 5012 1098 5047 ac
1123 4997 1301 5048 merita
1336 5005 1662 5063 sanctorum,
1698 5001 1766 5052 ad

200 5082 289 5136 Dei
340 5084 553 5153 gloriam
599 5085 897 5154 laudemque
922 5084 1183 5155 referenda
1211 5092 1358 5149 sunt;
1385 5086 1507 5161 quia
1534 5102 1679 5141 nemo
1719 5092 1763 5145 ei

269 5238 349 5307 (a)
381 5238 556 5293 Noris.
586 5238 719 5293 llist.
751 5238 1038 5309 Pelag.lib.
1069 5255 1125 5298 ιι,
1159 5252 1276 5307 cap.
1312 5237 1395 5302 19,
1423 5252 1548 5307 opp.
1576 5250 1701 5293 tom.
1729 5241 1768 5307 l,

201 5324 315 5377 pag.
346 5308 469 5363 492.
890 5308 899 5309 ί

271 5380 362 5448 (b)
394 5379 649 5433 Blondell.
682 5379 746 5433 de
774 5379 1011 5442 Primat.,
1045 5394 1161 5449 pag.
1184 5378 1313 5432 Ml.

268 5452 340 5521 (ε)
361 5450 539 5536 .Nnoris.
569 5450 701 5504 llist.
729 5451 905 5519 Pelag.
935 5452 1026 5505 lib.
1056 5466 1114 5516 ιι,
1141 5465 1257 5519 cap.
1286 5450 1373 5517 19,
1396 5463 1520 5519 opp.
1556 5458 1685 5504 tom.
1720 5450 1773 5517 l,

203 5520 519 5661 mibi/ﬁge
546 5591 861 5645 Diac.libell.
880 5591 945 5646 de
970 5590 1176 5644 Incarn.
1202 5605 1318 5661 cap.
1336 5589 1395 5649 8,’
1413 5590 1543 5644 infra
1563 5591 1769 5647 co|.90.

272 5664 352 5731 (ε)
384 5659 602 5716 Caelest.
630 5663 785 5729 epist.
814 5662 904 5729 2|,
934 5676 1050 5730 cap.
1081 5663 1135 5728 8,
1172 5659 1288 5731 pag.
1325 5663 1462 5719 1190
1489 5677 1604 5728 seq.
1635 5663 1767 5715 edit.

206 5729 453 5787 Coutant.
1004 5729 1012 5730 '

276 5806 361 5872 (Ῑ)
388 5802 561 5857 Noris.
595 5803 631 5858 1.
658 5816 732 5868 e.,
764 5816 880 5871 pag.
907 5803 1032 5858 486.

1878 4439 2086 4507 risium,
2118 4440 2353 4509 inquam,
2387 4438 2476 4507 qui
2508 4448 2789 4507 propterea
2832 4437 3131 4494 doctissimi
3170 4439 3452 4493 cardinalis

1875 4533 2157 4588 sententia:
2183 4547 2243 4587 se
2273 4549 2375 4587 non
2406 4546 2562 4601 posse
2591 4530 2849 4592 accedere
2872 4532 3149 4601 profitetur
3170 4533 3276 4604 (t):
3308 4533 3453 4587 «Non

1884 4625 2028 4696 quod
2062 4624 2406 4697 ait(m),viro
2437 4623 2977 4693 eruditissirno,.qttem
3010 4626 3060 4679 iu
3092 4626 3453 4679 ecclesiastica

1878 4717 2097 4772 historia
2126 4717 2426 4785 principem
2455 4723 2508 4770 et
2535 4715 2705 4771 fateor
2731 4730 2784 4770 et
2813 4732 3059 4783 veneror,
3097 4732 3277 4784 parum
3310 4716 3453 4770 defe~

1877 4809 2100 4864 rendum
2126 4817 2337 4877 putem;
2372 4806 2463 4862 sed
2495 4808 2635 4877 quod
2665 4808 2708 4861 is
2740 4807 2951 4861 veritati
2988 4807 3159 4861 cultus
3208 4808 3453 4871 debetur,

1876 4912 1931 4955 ut
1963 4915 2118 4955 nemo
2142 4900 2215 4954 illi
2244 4903 2299 4953 in
2322 4914 2505 4954 amore
2526 4897 2891 4967 praferendus
2924 4898 3012 4951 sit.
3046 4915 3063 4946 ι
3098 4896 3276 4949 Latius
3305 4896 3448 4949 dein-

1872 5007 1998 5060 ceps
2030 4991 2169 5046 idem
2206 4990 2265 5044 V.
2295 4989 2357 5043 C.
2387 4990 2514 5044 alibi
2535 4990 2843 5044 eorumdcm
2870 4992 3250 5044 monachorum
3280 4998 3447 5057 patro

1871 5086 2069 5144 ciuium
2099 5083 2350 5149 suscepit,
2382 5096 2500 5135 cum
2532 5082 2583 5135 in
2609 5080 2836 5135 Historia
2871 5082 3218 5134 controversia:
3246 5080 3307 5131 de
3331 5092 3432 5129 uno

1951 5237 2031 5304 (g)
2063 5235 2170 5288 Vit.
2195 5232 2253 5288 S.
2291 5231 2530 5304 Fulgeut.
2560 5231 2788 5304 cap.20.

1952 5302 2286 5377 (lt)_Praaiat.
2322 5303 2386 5377 ad
2417 5304 2633 5377 opp._S.
2669 5302 2908 5371 Fulgent.

1952 5370 2295 5444 (ilFulgent.
2335 5375 2425 5425 lib.
2460 5375 2526 5444 de
2557 5370 2914 5436 lucarn.'eap.
2951 5370 3034 5444 10.

1952 5441 2025 5519 (j)
2063 5441 2310 5519 fulgent.
2335 5444 2431 5519 lib.
2461 5443 2915 5519 de__|_n_cnrAu.‘cap.
2951 5441 2999 5491 1.

1954 5512 2030 5581 (lt)
2062 5516 2253 5568 Baron.
2286 5513 2349 5566 ad
2384 5528 2507 5566 aun.
2532 5513 2656 5577 5i9,
2694 5512 2749 5581 §§
2772 5513 2859 5566 111
2890 5523 3039 5581 seqq.

2069 5586 2241 5657 Noris.
2272 5584 2411 5636 llist.
2439 5583 2618 5652 Pelag.
2640 5573 2749 5636 illi.”
2776 5596 2832 5645 ιι,
2862 5573 3375 5647 eap§18,opp.tom.
3412 5573 3449 5640 l,

1883 5671 2051 5784 paﬁn.)
2423 5721 2485 5775 ad
2517 5723 2652 5775 Hist.
2677 5720 2856 5787 Pelag.
