3990 6390
560 429 631 487 85
1938 431 2110 489 PETR

2220 431 2444 491 IACONI
3762 444 3796 493 8
3808 446 3833 494 ι

555 566 617 605 ea:
654 548 903 607 Trinitate
949 562 1100 615 passo
1122 547 1223 621 (a),
1253 553 1363 605 tum
1390 547 1443 604 in
1473 546 1722 621 Apologia
1770 548 2141 603 monachorum
2164 554 2221 623 Α
2244 563 2399 616 mur;
2431 548 2557 623 quin
2580 547 2690 606 imo
2706 565 2823 624 quae
2847 552 2899 607 in
2932 564 3027 607 eos
3056 551 3231 606 acrius
3256 550 3803 622 pronuntiavit,depo

554 640 1873 714 Scythiazabanonymiscrupulisvindicata(b).De
1892 641 2130 712 prmstita
2234 641 2409 697 suisse
2456 643 2575 713 jure
2610 644 2813 714 optimo
2863 644 3253 699 existimandus
3306 646 3516 700 videtur
3557 662 3570 698 :
3622 648 3825 718 quippe

552 749 581 787 a
607 734 821 790 Norisio
851 733 1129 790 monachis
1152 734 1415 805 Scythici.»
1436 735 1792 792 advocatione
1818 735 1969 807 plura
1999 750 2130 789 con-
2232 747 2391 804 quem
2432 744 2614 803 postea
2643 734 2887 790 eamdem
2931 736 3251 790 sententiam
3300 734 3353 789 in
3398 733 3678 789 Ferrando
3708 736 3825 789 dia-

554 832 763 894 texere,
797 841 904 883 non
924 834 1006 883 est
1034 825 1189 896 hujus
1219 825 1342 884 loci.
1373 826 1544 885 Adeat
1578 828 1747 885 lector
1766 826 2129 884 etttinentissi-
2233 839 2371 880 cono
2400 827 2781 896 comprobasse
2804 827 3151 897 intelligimus
3178 826 3445 903 (c)._Quod
3471 836 3744 897 superest,
3772 830 3821 883 in

552 934 697 974 mum
724 919 875 977 illum
904 928 1197 985 auctorem,
1227 921 1281 975 in
1322 919 1475 989 cujus
1503 920 1720 990 scriptis
1748 918 2125 990 pervolvendis
2230 923 2454 987 utrothe
2483 917 2668 973 libello
2708 919 3019 974 excudendo
3066 920 3377 989 praeclaram
3420 920 3586 975 secuti
3628 934 3821 975 sumus

550 1012 834 1083 voluptatis
852 1013 1094 1079 multum,
1124 1012 1409 1084 plurimum
1434 1012 1676 1069 utilitatis
1699 1027 1819 1069 eum
1842 1022 2124 1083 perceptu-
2227 1010 2513 1065 editionem
2537 1026 2756 1082 operum
2782 1014 2949 1067 sancti
2986 1012 3242 1082 Fulgentii
3274 1012 3492 1068 Parisiis
3512 1013 3817 1083 evulgatam

550 1104 931 1174 rumequidem
950 1102 2123 1175 polliceor.Czeteruntmitioremdeincepsin
2226 1115 2367 1157 anno
2390 1102 2547 1166 1684,
2575 1118 2733 1173 quam
2763 1105 3002 1175 diligenti
3039 1120 3168 1161 cura
3208 1114 3263 1161 et
3308 1107 3485 1161 studio
3532 1106 3820 1161 adornavit

552 1195 935 1255 monachorum
966 1195 1288 1269 Scytharum
1333 1195 1652 1251 sententiam
1676 1194 1745 1251 de
1773 1210 1879 1250 uno
1912 1208 1978 1248 ex
2008 1190 2123 1248 Tri-

547 1289 712 1346 nitate
739 1303 895 1360 passo
922 1303 984 1345 se
1008 1289 1187 1360 ipsum
1229 1288 1534 1347 exhibuisse
1572 1288 1857 1347 Baronium
1907 1286 2125 1343 arbitra-

616 1423 692 1493 (a)
714 1423 887 1479 Neris.
953 1424 1089 1478 Hist.
1121 1431 1362 1479 controv.
1387 1430 1506 1479 catt.
1549 1437 1675 1494 opp.
1695 1433 1825 1479 tom.
1850 1422 1932 1477 III.
1959 1435 2113 1492 pagg.

544 1492 648 1637 77(5
656 1511 831 1637 5361?;
858 1564 1082 1635 Apolog.
1104 1564 1357 1623 monach.
1391 1565 1523 1625 Ibid.
1555 1580 1709 1639 pagg.
1738 1566 1843 1626 879
1867 1581 2019 1639 seqq.

2140 1633 2190 1697 B

2229 1195 2293 1249 V.
2326 1197 2387 1250 C.
2412 1196 2585 1251 Lucas
2620 1196 2862 1252 Urbanus
2894 1197 3194 1268 Mangeant,
3249 1208 3310 1253 ut
3355 1212 3384 1252 a
3425 1198 3554 1254 viris
3580 1198 3818 1254 eruditis

2228 1287 2514 1344 edocemur
2542 1289 2644 1361 (ά).

2320 1422 2369 1497 c)
2402 1423 2595 1497 Daren.
2621 1426 2688 1480 ad
2717 1442 2841 1480 ann.
2876 1427 3001 1493 555,
3030 1425 3169 1497 §28.

2264 1493 2383 1577 λά)
2411 1493 2627 1564 Goujet,
2647 1498 2783 1577 _Bibl_.
2818 1497 2913 1551 des
2938 1493 3052 1577 aut;
3078 1499 3242 1577 (ᾕρει.Δ
3263 1507 3391 1577 tom.
3419 1498 3506 1569 III,
3532 1515 3650 1569 pag.
3688 1503 3782 1577 17ἐ

2224 1564 2329 1621 BB.
2361 1564 2415 1621 in
2450 1568 2681 1635 append.
2716 1568 2780 1623 ad
2808 1578 2937 1623 tom.
2966 1568 3032 1623 VI
3056 1583 3181 1638 opp.
3211 1570 3267 1626 S.
3292 1564 3545 1639 August,
3567 1564 3692 1643 pag.
3723 1573 3810 1628 I'i.

542 1742 3798 1774 F-'-——‘——————-—-—————I—-——————_——--——_-

803 1924 868 1981 η
1464 1862 2029 1977 νει-ιιι
2072 1861 2876 2005 ριιαθπι

716 2056 805 2112 ET
843 2055 1149 2112 ALIORUM
1185 2056 1303 2125 QUI
1340 2056 1409 2114 IN
1442 2057 1673 2115 CAUSA
1708 2058 1882 2113 FIDE!
1922 2060 1966 2113 A
2005 2010 2282 2115 διώξεις
2318 2058 2409 2112 EX
2448 2056 2745 2113 ORIENTE
2785 2056 3031 2123 ROMAM
3070 2057 3244 2114 MISS!
3281 2058 3626 2127 FUERUNT,

544 2198 723 2311 DE
831 2195 1889 2312 INCARNATIONE
1996 2196 2175 2305 ET
2290 2193 2814 2307 GRATIA
2928 2198 3056 2305 D;
3184 2198 3313 2307 N.
3439 2199 3540 2310 J.
3662 2200 3788 2313 C.

1196 2398 1305 2461 AD
1348 2396 1866 2463 FULGENTIUM
1912 2397 2012 2460 ET
2057 2395 2291 2461 ALIOS
2332 2395 2749 2459 EPISCOPOS
2794 2396 3139 2470 AFRICJE,

2014 2529 2332 2607 LIBER.

603 2672 844 2732 Dominis
872 2670 1229 2729 sanctissimis
1252 2678 1309 2726 et
1336 2683 1455 2725 cum
1478 2670 1623 2729 omni
1640 2671 1989 2728 veneratione
2018 2686 2117 2729 no-

534 2762 797 2818 minandis
843 2770 868 2798 α
917 2761 1161 2828 Datiano,
1209 2760 1524 2825 Fortunato,
1590 2760 1819 2827 Albano,
1863 2762 2111 2829 Orontio,

534 2852 709 2919 Beato,
747 2850 1046 2920 Fulgentio,
1100 2849 1354 2907 Januario
1382 2858 1435 2907 et
1483 2852 1693 2909 castoris
1722 2851 2010 2922 episcopis,
2060 2859 2116 2907 et

534 2942 593 3001 In
633 2940 833 3001 Christi
873 2942 1216 2999 confessione
1245 2942 1532 3010 decoratis,
1562 2941 1737 3011 exigui
1766 2942 1954 2999 Petrus
1993 2941 2113 2997 dia-

2220 2670 2249 2707 ἀ
2271 2670 2523 2741 perfacile
2536 2678 2803 2726 tantorum
2828 2671 3064 2728 virorum
3083 2674 3679 2749 probatissimorumquc
3699 2694 3791 2736 sa-

2220 2763 2501 2818 cerdotum
2534 2763 2855 2820 auctoritate
2894 2764 3111 2832 muniti,
3138 2767 3317 2837 iniqua
3352 2768 3668 2840 loquentium
3696 2788 3797 2831 ora

2220 2854 2501 2911 obstruere
2544 2854 2839 2923 valeamus,
2890 2864 2945 2912 et
2974 2857 3028 2912 in
3074 2857 3176 2913 ﬁde
3227 2871 3525 2916 sanctorum
3568 2861 3795 2919 Patrum

2219 2956 2646 3018 perseverantes,
2676 2948 2787 3006 Deo
2820 2958 2844 2989 ο
2877 2950 2966 3021 qui
2998 2965 3090 3006 vos
3113 2953 3448 3008 sanctimonii
3480 2953 3557 3008 sui
3576 2955 3797 3012 confes-

536 3050 724 3101 conus,
760 3036 1017 3102 Joannes,
1058 3034 1336 3100 Leontius,
1384 3034 1521 3091 alius
1562 3034 1817 3104 Joannes,
1847 3043 1901 3091 et
1928 3033 2110 3093 caeteri
2138 3082 2182 3113 μ
2218 3040 2370 3096 sione
2418 3040 2755 3112 gloriﬁcavit,
2809 3044 3008 3113 gratias
3062 3044 3382 3112 referamus,
3432 3047 3631 3102 domini
3676 3064 3797 3103 san-

534 3126 727 3184 fratres
756 3126 810 3185 in
838 3117 999 3183 causa
1035 3126 1161 3183 ﬁdei
1188 3125 1414 3183 Romam
1444 3126 1657 3183 directi.

1046 3258 1270 3315 CAPUT
1310 3258 1599 3315 PRIMUM.

537 3350 821 3406 Consentius
850 3349 1199 3405 Ecclesiarum
1227 3352 1282 3405 in
1327 3350 1451 3419 ﬁde,
1492 3352 1817 3421 confirmatio
1856 3348 2109 3419 ﬁdelium.

611 3468 748 3525 Utile
796 3478 848 3524 et
882 3467 1367 3538 pernecessarium,
1399 3468 1703 3538 sanctisque
1731 3466 1821 3521 Dei
1860 3465 2113 3522 Ecclesiis

534 3560 838 3632 specialiter
887 3560 1159 3616 credimus
1196 3558 1559 3631 profuturum,
1606 3573 1669 3615 ea
1700 3574 1816 3629 qua:
1840 3556 1905 3613 de
1932 3556 2113 3613 lucar-

535 3653 750 3706 uatione
779 3659 833 3705 et
862 3650 1262 3720 diSpensatione
1302 3650 1480 3705 divina
1529 3649 1802 3705 nobiscum
1847 3648 2110 3703 universa:

534 3752 734 3796 sancuc
749 3741 1096 3795 Orientalium
1123 3742 1377 3796 Ecclesia:
1403 3748 1592 3796 contra
1615 3740 1902 3795 haereticos
1920 3738 2107 3793 defen-

536 3834 670 3887 dunt
693 3833 806 3903 (qui
838 3834 1016 3903 pravis
1040 3842 1094 3887 et
1123 3833 1317 3904 iniquis
1352 3833 1683 3901 argumentis
1712 3832 1982 3901 antiquam
2014 3832 2113 3885 Ec-

543 3925 724 3980 clesiae
763 3924 921 3979 ﬁdem
974 3924 1268 3995 inquietare
1296 3941 1402 3979 non
1437 3926 1672 3993 cessant)
1715 3923 1985 3979 sanctitati
2012 3936 2112 3976 ve-

2215 3134 2441 3190 ctissimi
2483 3145 2538 3191 et
2583 3134 2693 3190 Deo
2730 3135 3051 3206 dignissimi.
3086 3136 3234 3194 Nunc
3262 3152 3327 3194 ea
3356 3155 3475 3210 quae
3510 3151 3795 3211 sequuntur

2215 3227 2447 3297 petimus
2471 3226 2783 3296 exploratis.

2826 3358 3052 3417 CAPUT
3092 3362 3157 3416 ll.

2218 3452 2283 3506 In
2334 3450 2537 3507 Christo
2582 3451 2698 3507 duce
2752 3461 2972 3519 naturaz,
3021 3454 3133 3507 sine
3188 3455 3507 3524 confusione,
3542 3456 3599 3511 in
3646 3473 3792 3513 unam

2773 3539 3044 3591 personam
3087 3525 3262 3579 unitw.

2285 3632 2449 3704 Igitur
2494 3633 2644 3705 juxta
2682 3642 2989 3689 sanctorum
3048 3635 3262 3690 Patrum
3287 3637 3649 3705 traditionem,
3688 3641 3782 3694 Do-

2214 3724 2417 3779 minum
2460 3732 2701 3778 nostrum
2730 3725 2915 3779 Jcsum
2945 3724 3217 3780 Christum
3262 3727 3313 3782 in
3347 3729 3554 3784 duabus
3596 3730 3790 3785 naturis

2215 3816 2381 3871 unitis
2411 3824 2466 3871 et
2497 3816 2809 3884 inconfusis,
2842 3817 2892 3871 id
2921 3828 3001 3872 est
3028 3818 3319 3876 divinltatis
3357 3830 3411 3876 et
3458 3822 3789 3878 humanitatis

2216 3908 2270 3962 in
2304 3925 2404 3963 una
2436 3909 2687 3979 petisona,
2730 3912 2840 3966 sive
2871 3909 2888 3948 τ
2923 3912 3267 3969 subsistentia
3298 3915 3642 3972 confitemur.
3691 3917 3790 3971 Nec

540 4027 667 4076 stra:
694 4033 1003 4090 suggerere,
1025 4026 1184 4088 atque
1210 4018 1276 4071 dc
1304 4017 1386 4073 his
1422 4018 1741 4073 consensum
1770 4025 1963 4070 vestrae
1989 4014 2114 4068 δρα-
2158 4002 2319 4094 .illis
2342 4002 2744 4073 acquiescentcs
2801 4004 2889 4073 qui
2924 4021 3079 4059 unam
3109 4006 3201 4059 Dci
3244 4007 3400 4062 Verbi
3440 4020 3684 4064 naturam
3718 4012 3789 4065 in-

532 4110 771 4169 titudinis
794 4110 1105 4182 suppliciter
1127 4109 1443 4179 promereri.
1464 4108 1595 4177 Quia
1623 4110 1673 4163 in
1704 4106 1853 4164 nullo
1872 4115 2109 4161 sanctam

528 4202 921 4275 gloriosamque
974 4202 1369 4259 confessionem
1433 4202 1457 4239 δ
1541 4211 1777 4258 vestram
1842 4199 2110 4254 credimus

532 4294 841 4359 dissentire,
875 4294 1173 4362 praesertim
1200 4309 1319 4348 cum
1361 4308 1467 4347 uno
1514 4292 1708 4362 ubique
1748 4291 1941 4362 spiritu
1985 4305 2112 4343 san-

530 4393 671 4437 ctam
710 4384 805 4436 Dci
830 4382 1121 4437 Ecclesium
1144 4385 1376 4452 vegetari
1409 4384 1627 4437 minime
1649 4383 1973 4438 dubitemus.
1996 4381 2107 4435 Non

2214 4102 2486 4150 carnatam
2546 4095 2913 4165 praedicantes,
2967 4099 3289 4153 venerabilis
3335 4098 3788 4157 Chalcedonensis

2214 4187 2425 4244 concilii
2478 4187 2634 4243 ﬁdem
2674 4189 2964 4259 refugiunt,
3000 4204 3096 4244 nec
3138 4191 3259 4245 illos
3296 4192 3663 4259 admittentes,
3707 4210 3771 4261 qu

2215 4278 2348 4334 duas
2372 4288 2588 4335 naturas
2616 4280 2802 4335 dolose
2842 4283 3269 4349 pronuntiantes,
3299 4298 3460 4338 unam
3512 4284 3602 4339 Dei
3633 4284 3786 4338 Verbi

2215 4382 2459 4427 naturam
2490 4373 2820 4427 incarnatam
2846 4374 3066 4429 minime
3103 4373 3786 4442 conﬁtentur,:estimantes

531 4474 674 4530 enim
708 4489 892 4543 parva,
922 4474 1028 4527 imo
1049 4474 1220 4543 potius
1249 4490 1437 4543 magna
1470 4474 1651 4528 latitia
1677 4475 1911 4528 universi
1944 4476 2110 4543 reple-

2220 4463 2322 4518 hoc
2368 4465 2590 4519 duarum
2653 4473 2963 4520 naturarum
3018 4465 3340 4536 professioni
3394 4469 3725 4523 contrarium
3771 4485 3783 4519 ε

531 4566 728 4622 buntur
756 4565 1077 4634 Orientales,
1117 4566 1162 4620 si
1194 4566 1530 4620 sanctitatem
1560 4574 1793 4621 vestram
1828 4567 1961 4631 suis,
2004 4567 2111 4622 imo

533 4658 705 4729 magis
750 4659 1050 4727 catholicis,
1092 4659 1340 4713 noverint
1395 4658 1447 4712 in
1498 4657 1745 4713 omnibus
1805 4658 2111 4713 consentire

530 4750 887 4820 dogmatibus.
927 4751 1077 4807 Unde
1104 4750 1412 4821 suppliciter
1437 4750 1665 4820 petimus
1691 4759 1743 4805 et
1765 4749 2107 4805 obsecramus

530 4842 917 4900 beatitudinem
965 4851 1218 4909 vestram,
1260 4852 1523 4912 quatenus
1548 4841 1788 4911 diligenti
1829 4841 2106 4895 examina-

531 4933 698 5003 tione,
750 4950 809 4989 ea
858 4951 976 5005 qum
1001 4934 1222 4989 inferius
1253 4934 1596 4989 continentur
1645 4933 1989 4989 discutientes
2028 4934 2108 5002 (ut

530 5026 687 5083 decet
714 5027 1025 5081 verissimos
1067 5035 1121 5081 et
1148 5025 1443 5097 intrepidos
1474 5022 1673 5083 ChriSIi
1705 5026 2107 5096 praedicatores)

529 5119 744 5187 scriptis
784 5119 1101 5173 sententiam
1152 5127 1387 5175 vestram
1430 5120 1580 5175 nobis
1612 5130 1633 5159 ο
1668 5118 1969 5188 patefacere
2016 5118 2106 5187 ju-

527 5212 704 5266 beatis
730 5227 743 5264 :
784 5216 843 5265 ut
867 5210 933 5273 si,
967 5210 1077 5264 Deo
1105 5221 1412 5279 praestante,
1448 5211 1723 5267 catholica:
1755 5211 1879 5267 ﬁdei
1908 5224 2104 5265 conve-

530 5305 684 5359 niens
726 5311 781 5357 et
826 5301 1135 5385 apostolicis
1180 5302 1554 5359 traditionibus
1594 5314 1779 5359 nostra
1819 5302 1957 5372 apud
2005 5316 2103 5357 vos

531 5400 692 5467 (sicut
726 5412 832 5451 non
863 5395 1177 5467 diffidimus)
1204 5396 1367 5452 fuerit
1416 5396 1683 5470 expositio
1730 5394 2098 5464 comprobata,

600 5547 622 5573 ³
657 5536 806 5602 Ant.,
834 5534 1087 5589 Diacono.

598 5605 625 5645 b
654 5608 777 5672 Ms.,
806 5608 1187 5676 gloriosamque
1218 5607 1582 5679 confessionem
1626 5606 1876 5662 credimus
1916 5605 2111 5661 dissen-

530 5689 643 5822 mf;
765 5788 780 5813 ,
838 5750 1067 5822 pateﬁeri
1080 5749 1331 5822 jubeatis.

600 5817 627 5855 ά
658 5820 902 5892 gignis;
934 5820 1061 5876 editi
1080 5817 1241 5888 'vero,
1270 5830 1316 5875 et
1338 5821 1513 5892 facile.

605 5899 627 5927 ο
662 5888 824 5959 Editi,
861 5892 950 5961 qui
995 5908 1108 5948 nos.
1144 5892 1251 5950 Sed
1283 5888 1473 5950 melius
1522 5892 1728 5949 videtur
1763 5892 1906 5963 quod
1943 5892 2103 5954 habet

2213 4558 2367 4625 quasi
2410 4559 2606 4627 aliquid
2655 4560 2797 4613 aliud
2839 4575 2998 4628 quam
3028 4560 3161 4614 duas
3208 4567 3424 4615 naturas
3455 4560 3787 4616 ineﬁ'ahiliter

2213 4647 2407 4714 unitas,
2462 4664 2563 4702 una
2609 4650 2702 4704 Dei
2746 4650 2906 4705 Verbi
2936 4660 3125 4705 natura
3177 4651 3451 4707 incarnata
3494 4653 3784 4725 signiﬁcet;

2212 4740 2369 4796 beato
2396 4740 2597 4811 Cyrillo
2625 4742 2999 4797 Alexandrinm
3037 4743 3267 4798 civitatis
3296 4744 3535 4799 antistite
3561 4754 3586 4793 8
3621 4746 3671 4798 in
3703 4759 3783 4798 se°

2213 4830 2386 4887 cunda
2406 4831 2633 4900 epistola
2666 4834 2732 4887 ad
2763 4834 3078 4889 Successum
3110 4836 3420 4904 episcopum
3475 4834 3787 4890 Diocesaria:

2214 4927 2285 4979 ita
2312 4925 2581 4981 scribente
2612 4942 2624 4978 :
2665 4945 2683 4977 ί
2714 4926 2769 4981 Si
2797 4927 2937 4981 enim
2987 4943 3142 4983 unam
3165 4937 3406 4983 naturam
3426 4927 3662 4984 dicentes
3692 4928 3782 4983 Dei

2213 5018 2400 5085 Verbi,
2430 5019 2779 5074 tacuissemus
2812 5034 2923 5074 non»
2971 5020 3258 5076 inferentes
3298 5021 3650 5086 incantatam,
3692 5020 3782 5074 sed

2211 5112 2356 5169 velut
2394 5112 2705 5183 abjicientcs
2742 5113 3226 5183 dispensationem;
3277 5123 3396 5170 erat
3428 5115 3535 5179 illis
3566 5115 3784 5170 forsitan

2213 5220 2319 5260 non
2367 5204 2731 5274 improbabilis
2774 5220 2973 5271 sermo,
3014 5207 3389 5262 simulantibus
3432 5208 3781 5276 interrogare,

2213 5298 2301 5354 ubi
2333 5307 2413 5354 est
2443 5298 2497 5352 in
2546 5298 2875 5354 humanitate
2905 5299 3202 5369 perfectio?
3246 5308 3337 5355 aut
3366 5300 3636 5370 quomodo
3662 5299 3785 5353 sub-

2208 5390 2400 5455 stantia
2429 5397 2611 5445 nostra
2660 5390 2941 5447 subsistit?
2973 5392 3235 5460 Quoniam
3264 5407 3392 5448 vero
3423 5399 3478 5449 et
3528 5392 3785 5464 perfecﬁo

2216 5542 2342 5601 r_n_s.,
2368 5514 2607 5601 quinos}:
2632 5526 2754 5594 quia
2784 5526 3081 5601 episcopos
3109 5527 3432 5599 compellant
3464 5530 3652 5585 exsilio
3686 5545 3781 5601 pro

2212 5596 2411 5654 Christi
2439 5596 2719 5652 divinitate
2749 5596 3031 5668 gloriosos.

2206 5758 2254 5803 α
2286 5676 2306 5715 ί
2325 5677 2512 5802 ιβᾱὶιί,
2542 5676 2745 5735 Lovan.
2785 5694 2873 5735 an.
2902 5680 3041 5737 I556
3061 5690 3114 5738 et
3140 5680 3300 5737 Basil.
3333 5679 3529 5737 habent
3557 5683 3654 5737 sive
3674 5681 3763 5736 sub

2254 5766 2319 5803 an
2346 5766 2415 5803 ta.

2254 5766 2415 5803 antra.

2283 5838 2308 5875 κ
2340 5829 2652 5902 Ηωοᾉνεώε
2681 5831 2731 5885 in
2760 5832 2977 5886 secunda
3015 5832 3229 5902 cpistola
3268 5832 3463 5889 absunt
3508 5832 3577 5889 ab
3603 5833 3776 5897 editis,

2206 5900 2453 5972 leguntur
2472 5900 2527 5956 in
2550 5916 2650 5957 ms.
