3990 6390
226 386 299 443 35
1095 377 1297 433 LIBER
1326 378 1420 432 DE
1454 378 1959 435 lNCARNATlONE
1994 381 2085 440 ET
2123 387 2405 457 GRATIA,
2440 392 2585 446 ETC.
2702 438 2709 447 .
3425 396 3493 454 86

228 506 418 577 quacin
436 502 768 559 humanitate
795 510 957 569 est,et
975 500 1220 559 essentiae
1236 507 1431 555 nostra:
1453 500 1813 554 manifestatio
1844 499 1896 559 Α
1920 507 2213 573 composita
2246 524 2367 566 esse
2396 527 2501 567 non
2526 512 2693 583 possit
2722 522 2735 567 Ξ
2772 525 2869 565 nec
2892 512 3115 579 cogitas,
3140 513 3284 582 quod
3311 514 3491 569 divina

226 598 373 655 illata
403 605 519 664 est,
573 610 669 666 per
693 595 743 649 id
774 594 915 666 quod
954 594 1153 649 dlctum
1184 604 1266 649 est
1321 594 1597 649 incarnata
1627 633 1641 659 ,
1695 592 1803 662 jam

227 702 253 732 ι
272 691 520 749 desinant
547 689 891 745 arundineam
910 688 1111 759 virgam
1144 688 1360 745 sibimet
1385 695 1767 758 supponentes.
1783 705 1801 737 ι

833 824 1056 881 CAPUT
1095 825 1179 882 III.

567 918 727 975 Beata
762 916 918 991 Virgo
940 919 1144 988 proprie
1169 917 1262 973 Dei
1287 927 1467 975 mater.

301 1036 517 1091 Beatam
547 1049 678 1089 vero
711 1033 966 1103 virginem
998 1032 1214 1088 Mariam
1245 1046 1351 1087 non
1381 1040 1599 1103 propter
1628 1033 1807 1103 digni-

226 1137 388 1183 tatem
416 1125 646 1180 hominis
668 1123 808 1179 illius
825 1124 916 1195 qui
944 1139 1011 1179 ex
1039 1125 1151 1193 ipsa
1185 1134 1340 1179 natus
1364 1134 1451 1179 est
1478 1124 1661 1194 (quem
1685 1140 1810 1195 gra-

226 1224 294 1276 tia
328 1232 382 1275 et
410 1235 512 1274 non
542 1228 727 1273 natura
761 1220 923 1274 Deum
944 1214 1157 1289 quidam
1188 1220 1348 1289 impie
1376 1218 1669 1288 prrcdicare
1700 1235 1804 1274 non

225 1313 513 1381 metuunt),
543 1310 638 1367 sed
671 1312 885 1382 proprie
915 1318 970 1367 et
999 1311 1290 1365 secundum
1318 1311 1603 1367 veritatem
1630 1312 1805 1367 credi-

225 1420 345 1460 mus
374 1404 635 1469 Θιοτὸκον,
661 1404 712 1458 id
737 1412 820 1458 est
851 1404 945 1458 Dei
975 1404 1313 1473 genitricem,
1342 1418 1408 1458 eo
1435 1404 1575 1474 quod
1601 1404 1806 1473 peperit

227 1512 355 1554 vere
385 1508 439 1554 et
464 1497 677 1567 proprie
702 1496 869 1551 Deum
896 1494 1130 1551 Verbum
1162 1496 1517 1562 incarnatum,
1550 1505 1605 1552 et
1632 1496 1805 1551 homi-

232 1606 357 1646 nem
380 1589 593 1655 factum,
621 1596 781 1661 atque
804 1588 1162 1643 essentialiter
1184 1589 1297 1643 sive
1314 1589 1629 1644 naturaliter
1655 1592 1803 1643 carni

232 1682 458 1737 unitum.
489 1681 772 1750 Propterea
796 1681 954 1736 etiam
980 1681 1339 1747 essentialem,
1359 1683 1475 1736 sive
1504 1685 1801 1737 naturalem

225 1772 419 1829 factam
448 1783 757 1827 naturarum
790 1772 1081 1827 unitionem
1114 1774 1433 1830 omnimodis
1461 1776 1800 1843 conﬁtemur;

224 1882 331 1921 non
362 1868 495 1921 sicut
520 1867 618 1931 illi,

220 1967 305 2013 sto
337 1958 363 1997 δ
412 1960 575 2013 Deum
622 1958 854 2011 Verbum
908 1959 1219 2028 inoperasse
1255 1960 1599 2016 contendunt.
1658 1963 1803 2030 Quos

219 2051 495 2121 redarguit
554 2051 737 2105 beatus
781 2050 1066 2121 Gregorius
1123 2051 1489 2107 Nazianzenus
1518 2053 1583 2108 ad
1625 2053 1808 2109 Clido-

216 2144 393 2211 nium,
428 2143 610 2195 dicens
639 2162 651 2198 :
685 2160 699 2191 ι
741 2140 797 2195 Si
826 2144 941 2212 quis
964 2142 1100 2196 sicut
1130 2142 1181 2197 in
1217 2142 1476 2214 propheta
1504 2144 1795 2199 secundum

216 2237 444 2305 gratiam
477 2235 606 2289 dicit
636 2234 944 2303 inoperasse
976 2234 1142 2289 Deum
1196 2234 1449 2303 Verbum,
1500 2244 1555 2291 et
1580 2252 1684 2291 non
1722 2253 1806 2292 cs-

213 2328 517 2385 sentialiter
568 2327 760 2381 factam
814 2326 1099 2381 conﬁtetur
1127 2326 1447 2395 unitionem,
1495 2330 1564 2383 sit
1608 2345 1806 2386 vacuus

216 2419 463 2475 melioris
493 2418 897 2487 inoperationis,
932 2418 1101 2486 magis
1123 2428 1300 2475 autem
1333 2420 1525 2488 plenus
1558 2421 1627 2475 sit
1658 2422 1809 2477 dete-

111 2500 129 2517 ⁶
216 2512 406 2566 rioris.
448 2530 465 2561 ι
498 2509 605 2564 Nec
636 2511 773 2562 sicut
804 2510 877 2564 illi
904 2511 998 2579 qui
1042 2510 1335 2566 secundum
1366 2511 1805 2579 illustrationem,

215 2613 317 2660 aut
348 2602 689 2659 dilectionem
716 2612 805 2658 aut
830 2603 1184 2668 aﬁ'ectionem,
1214 2604 1548 2673 personalem
1580 2608 1659 2662 vel
1683 2608 1808 2664 sub—

212 2693 595 2758 sistentialem,
616 2694 730 2747 sive
754 2694 1046 2750 secundum
1076 2696 1472 2763 auctoritatem,
1499 2706 1592 2751 aut
1620 2710 1806 2768 poten-

212 2786 367 2849 tiam,
420 2791 509 2837 ant
555 2784 915 2854 aequalitatem
973 2784 1211 2849 honoris,
1266 2785 1563 2842 unitionem
1597 2799 1804 2845 tentant

211 2884 459 2930 astruere
485 2883 818 2929 naturarum.
845 2874 991 2943 Quos
1020 2874 1179 2946 paulo
1202 2877 1451 2947 superius
1476 2892 1799 2937 memoratus

211 2967 405 3023 beatus
448 2966 679 3038 Cyrillus
707 2966 1126 3022 anathematizat
1172 2968 1357 3025 dicens
1389 2982 1574 3027 contra
1603 2972 1791 3029 Nesto-

208 3062 353 3117 rium
380 3070 401 3097 ε
435 3074 451 3113 :
485 3078 502 3111 s
541 3060 594 3114 Si
616 3060 733 3131 quis
766 3062 814 3114 in
844 3076 949 3116 uno
992 3061 1205 3117 Christo
1235 3063 1425 3119 dividit
1473 3066 1798 3124 substantias

208 3149 382 3224 posttl
435 3152 752 3217 unitionem,
785 3152 895 3206 sola
938 3166 1032 3208 eas
1062 3156 1317 3210 societate
1362 3167 1685 3214 connectens
1712 3176 1796 3215 se-

210 3245 447 3302 cundum
478 3244 818 3314 dignitatem,
864 3244 1235 3302 auctoritatem
1276 3259 1367 3302 aut
1395 3252 1711 3319 potentiam,
1748 3265 1803 3310 et
1830 3259 1875 3323 C

208 3355 321 3395 non
356 3339 522 3407 magis
564 3337 998 3408 conjunctionem
1032 3355 1149 3409 qua:
1182 3349 1261 3395 est
1293 3345 1585 3397 secnttdunt
1622 3346 1794 3400 unita-

210 3442 326 3487 tcm
378 3433 700 3498 naturalem,
755 3431 1036 3484 anathema
1079 3432 1169 3486 sit.
1226 3450 1244 3484 ι
1299 3433 1437 3489 Deus
1477 3434 1621 3489 enim
1669 3436 1798 3491 Ver-

207 3525 364 3591 bum,
398 3540 501 3577 non
528 3525 743 3577 nomine
771 3537 959 3590 vacuo,
1014 3539 1116 3578 non
1148 3525 1402 3593 particula
1432 3526 1533 3595 sui,
1568 3529 1664 3583 sed
1704 3544 1799 3584 na-

208 3626 331 3673 tura
360 3616 502 3671 Deus
538 3623 737 3682 tantus,
771 3625 1003 3685 quantus
1051 3626 1105 3670 et
1137 3615 1296 3671 Pater
1322 3627 1424 3685 est,
1453 3620 1671 3689 :equalis
1705 3636 1799 3690 per

207 3712 395 3765 omnia
443 3708 611 3775 Patri,
646 3717 844 3777 praeter
876 3708 977 3763 hoc
1002 3711 1375 3767 tantummodo
1403 3712 1544 3783 quod
1579 3713 1668 3768 ille
1699 3712 1797 3768 Pa-

204 3811 296 3859 ter
322 3810 421 3867 est,
446 3801 545 3857 istc
571 3799 764 3868 Filius,
791 3812 994 3856 naturae
1023 3816 1082 3857 se
1109 3800 1590 3874 humanaeluniens,
1626 3803 1795 3860 factus

203 3902 296 3950 est
324 3891 507 3949 homo.
540 3893 675 3948 Hinc
701 3894 864 3948 etiam
894 3908 922 3947 a
969 3895 1171 3950 sanctis
1196 3896 1445 3952 Patribus
1474 3898 1796 3956 adunatione

201 4002 276 4047 ex
307 3986 586 4042 divinitate
613 3998 664 4041 et
693 3986 1020 4041 humanitate
1042 3986 1292 4044 Christus
1320 3988 1577 4044 Dominus
1610 4002 1796 4048 noster

202 4078 544 4147 compositus
573 4077 914 4146 prwdicatur.
949 4078 1113 4145 Quod.
1148 4079 1341 4135 nolens
1372 4081 1565 4136 Paulus
1609 4084 1795 4138 Samo-

204 4179 435 4228 satenus
464 4169 727 4231 conﬁteri,
773 4168 1056 4224 damnatus
1088 4180 1173 4225 est
1201 4169 1267 4223 ab
1297 4171 1635 4226 Antiocheao
1662 4188 1793 4228 con-

207 4260 360 4329 cilio,
418 4257 717 4314 Malchionc
770 4259 1084 4331 presbytero
1153 4262 1393 4330 ejusdem
1448 4262 1796 4319 Antiocheam

204 4350 491 4417 Ecclesiae,
539 4349 655 4404 viro
706 4366 803 4421 per
844 4352 1022 4406 omnia
1064 4351 1445 4422 eruditissimo,
1487 4364 1542 4411 et
1580 4355 1648 4410 ab
1680 4356 1799 4411 uni-

202 4446 382 4502 versis
408 4442 778 4499 sacerdotibns
804 4445 890 4514 qui
923 4454 1107 4499 contra
1138 4446 1391 4501 eumdum
1417 4447 1639 4502 Paulum
1662 4464 1795 4504 con-

203 4548 470 4598 venerant
502 4548 657 4607 ,tune
710 4539 907 4606 electo,
942 4540 1033 4611 qui
1095 4554 1362 4595 summum
1412 4541 1791 4613 disputationis

1916 603 2174 672 sapientia
2202 605 2339 661 sicut
2370 616 2493 663 ante
2523 624 2678 678 quam
2711 622 2770 663 se
2795 608 3139 674 exinanisset,
3167 608 3490 665 indiminuta

1915 698 2246 764 permansit;
2281 700 2351 753 ita
2395 709 2451 754 et
2503 702 2553 754 in
2606 701 2705 757 hac
2737 700 3097 756 exinanitione
3122 716 3282 770 quam
3326 702 3495 771 gessit

1912 788 2357 856 misericorditer,
2409 791 2723 848 indiminuta
2766 803 2924 861 atque
2952 793 3355 849 indcmutabilis
3400 808 3493 849 ex-

1910 882 2062 938 stitit.
2092 883 2159 939 Et
2191 883 2292 937 hoc
2324 884 2484 938 etiam
2528 886 2697 954 dicis,
2748 887 2885 957 quod
2928 887 3185 957 sapientia
3227 887 3495 943 habitaret

1910 974 1965 1029 in
1993 989 2057 1030 eo
2108 977 2247 1029 sicut
2304 975 2605 1030 habitamus
2638 986 2692 1033 et
2722 991 2818 1033 nos
2853 978 2903 1032 in
2933 978 3175 1033 domibus
3206 987 3229 1015 ε
3268 987 3327 1033 ut
3356 979 3491 1033 alter

1913 1069 1974 1123 in
2003 1070 2202 1132 altero;
2237 1068 2331 1124 sed
2374 1084 2550 1139 neque
2600 1086 2722 1140 pars
2762 1072 2953 1127 domus
2996 1086 3091 1126 nos
3137 1085 3342 1135 sumus,
3391 1084 3489 1125 nec

1911 1162 2079 1219 nostri
2132 1177 2251 1233 pars
2318 1160 2508 1216 domus
2559 1170 2663 1216 est.
2717 1180 2737 1214 ι
2785 1163 3040 1218 Similiter
3084 1165 3243 1219 etiam
3302 1166 3489 1218 heatus

1910 1258 2233 1314 Athanasius
2269 1258 2320 1312 in
2352 1257 2531 1313 libello
2560 1256 2713 1326 cujus
2742 1266 2824 1312 est
2854 1258 3058 1323 titulus,
3078 1258 3223 1323 Quod
3259 1273 3386 1312 unus
3422 1259 3486 1310 sit

1910 1349 2163 1418 Christus,
2195 1349 2566 1403 hmreticorum
2600 1348 2886 1402 vanitatem
2915 1350 3175 1418 refutans,
3209 1361 3486 1421 postquam

1908 1442 1975 1499 de
2002 1442 2122 1498 Filii
2154 1443 2245 1499 Dei
2280 1442 2559 1497 divinitate
2579 1442 2952 1513 inquisitiones
2982 1459 3169 1499 eorum
3194 1445 3488 1514 superfluas

1910 1539 2281 1609 approbasset,
2318 1538 2385 1592 ita
2416 1537 2789 1608 prosequitur:
2826 1556 2843 1588 ι
2875 1538 2983 1603 Sic,
3008 1538 3200 1608 inquit,
3234 1541 3391 1595 etiam
3420 1539 3488 1594 de

1912 1632 2276 1687 incarnatione
2313 1631 2616 1701 inquirunt:
2665 1630 2967 1699 Quomodo,
3013 1631 3276 1700 inquiunt,
3311 1632 3484 1688 incar-

1909 1738 2066 1779 natur
2095 1726 2235 1779 Deus
2264 1724 2533 1792 quomodo
2560 1724 2965 1792 incorporatur?
2983 1726 3252 1795 quomodo
3278 1740 3487 1794 compo-

1910 1816 2055 1869 nitur
2082 1816 2147 1870 ad
2182 1831 2398 1886 parvum
2426 1815 2798 1887 corpusculum
2834 1814 3179 1883 ineapahili's?
3217 1816 3483 1885 quomodo

652 1868 737 1935 qui
773 1874 1022 1936 tanquam
1051 1866 1102 1921 in
1134 1866 1412 1937 propheta,
1448 1872 1519 1922 ita
1554 1870 1607 1923 in
1640 1867 1796 1925 Chri-
2084 1866 2225 1920 ".r
2252 1866 2262 1869 ⁷
2432 1866 2881 1921 ’“¹’”“”Ῑ“”.”
2956 1866 2969 1883 ⁸
3062 1866 3167 1934 ⁷
3224 1866 3313 1920 τῖ

652 1958 661 1969 ,
735 1959 795 1976 ,η
910 1959 922 1976 ,
980 1974 1025 1976 Ἃ
1269 1975 1275 1976 γ
1361 1969 1399 1976 ,ί
1469 1960 1481 1976 ,
1567 1972 1576 1976 Α
1662 1963 1696 1976 η
1837 1889 2096 1963 Bunltur
2158 1921 2425 1963 mercatus
2472 1918 2675 1974 creato,
2734 1918 3223 1976 IttCtrcumscuptus
3258 1922 3487 1962 Circum-

1912 2002 2146 2072 scripto?
2177 2011 2267 2055 aut
2296 2000 2564 2071 quomodo
2612 2001 2663 2053 in
2700 2007 2874 2069 partes
2903 2014 3123 2070 magnus
3154 2000 3259 2065 ille,
3297 2009 3346 2053 ct
3381 1999 3482 2052 im-

1911 2110 2131 2149 mensus
2163 2104 2213 2147 ct
2262 2093 2607 2148 individuus?
2641 2092 2697 2148 Si
2753 2101 2927 2145 autem
2963 2091 3272 2161 magnitudo
3298 2091 3385 2145 illa
3422 2091 3473 2145 in

1910 2202 2073 2258 parvo
2099 2188 2214 2239 loco
2244 2196 2516 2241 contracta
2539 2194 2641 2250 est,
2672 2196 2759 2241 aut
2784 2200 3002 2254 parvum
3033 2184 3162 2239 illud
3184 2184 3379 2239 factum
3402 2191 3486 2239 est

1908 2295 2181 2350 magnum,
2213 2289 2300 2333 aut
2319 2295 2461 2349 pars,
2481 2287 2535 2334 et
2559 2294 2664 2334 non
2697 2279 2869 2332 omnis
2897 2277 3142 2331 divinitas
3164 2276 3311 2331 carni
3339 2276 3485 2331 unita

1908 2383 2018 2435 est;
2052 2373 2191 2440 quod
2222 2382 2304 2426 est
2359 2372 2579 2441 impium
2603 2370 2849 2425 credere.
2881 2371 2943 2424 Et
2983 2369 3215 2437 prolapsi
3246 2375 3372 2422 sunt
3412 2382 3481 2430 ex

1910 2464 2012 2517 hoc
2042 2464 2183 2531 quod
2215 2464 2439 2518 dicunt:
2494 2462 2790 2529 Quomodo,
2826 2472 2880 2517 et
2906 2462 3049 2532 quali
3086 2460 3277 2514 modo?
3304 2471 3356 2514 et
3381 2474 3483 2531 qua

1910 2554 2172 2608 sententia
2199 2565 2251 2607 et
2285 2553 2505 2620 perﬁdia
2534 2553 2693 2607 etiam
2725 2551 2809 2605 isti
2835 2562 2887 2606 ct
2917 2550 3355 2606 inhabitationcm
3387 2566 3485 2622 pro

1908 2646 2277 2702 incarnatione
2306 2644 2324 2682 τ
2352 2644 2553 2716 Opinati
2586 2654 2729 2707 sunt,
2758 2655 2808 2700 et
2833 2660 2930 2714 pro
2957 2645 3161 2699 unitate
3189 2653 3242 2698 et
3272 2658 3486 2713 compo-

1905 2739 2103 2795 sitione
2131 2740 2551 2809 in0perationcm
2575 2738 2880 2804 humanam,
2900 2748 2953 2793 et
2981 2753 3079 2808 pro
3104 2753 3203 2792 una
3235 2738 3485 2793 substan-

1906 2834 1975 2887 tia
2007 2832 2213 2886 Domini
2244 2832 2409 2886 nostri
2442 2831 2569 2886 Jesu
2596 2829 2817 2897 Christi,
2860 2829 2992 2886 duas
3020 2830 3392 2886 subsistentias
3430 2840 3486 2888 et

1903 2924 2036 2981 duas
2071 2940 2346 2995 personas,
2390 2935 2440 2981 et
2481 2940 2573 2996 pro
2606 2936 2785 2978 sancta
2817 2936 2870 2979 et
2909 2924 3164 2980 incll‘abili
3196 2924 3481 2989 Trinitatc,

1902 3018 2311 3087 quaternitatem
2345 3016 2655 3072 indecenter
2685 3018 3107 3086 dogmatizantes
3140 3027 3192 3071 et
3237 3019 3417 3087 impie.
3458 3035 3477 3070 ι

1903 3109 2105 3165 Rursus
2130 3111 2319 3165 beatus
2344 3110 2632 3181 Gregorius
2655 3110 2704 3164 in
2737 3111 2983 3165 scrmohe
3005 3110 3069 3165 de
3105 3109 3267 3165 Filio:
3308 3130 3325 3161 ι
3364 3110 3481 3167 Uno

1906 3211 2103 3267 autem,
2136 3202 2329 3273 inquit,
2354 3202 2586 3273 capitulo
2614 3218 2753 3267 meo,
2786 3214 2841 3258 ut
2868 3203 3055 3256 altiora
3090 3202 3482 3272 quidemascri-

1906 3295 2001 3351 bas
2031 3297 2319 3364 divinitati,
2345 3306 2397 3351 ct
2427 3296 2501 3350 illi
2535 3308 2736 3352 natura:
2776 3312 2893 3364 qua:
2924 3296 3260 3366 passionibus
3283 3305 3334 3351 et
3363 3310 3483 3350 cor-

1904 3406 2032 3461 pore
2054 3390 2308 3463 probatur
2334 3406 2453 3446 esse
2480 3391 2725 3461 superior
2752 3406 2764 3442 :
2794 3389 3077 3445 humiliora
3110 3404 3238 3443 vero
3265 3405 3483 3460 compo-

1902 3485 2007 3539 sito
2040 3485 2263 3547 tribuas,
2302 3484 2388 3553 qui
2419 3492 2634 3553 propter
2670 3493 2719 3538 te
2758 3492 2929 3538 semet
2965 3483 3137 3552 ipsum
3166 3480 3480 3549 cxinavivit,

1900 3585 1955 3630 et
2001 3576 2309 3629 incarnatus
2360 3587 2460 3629 est.
2500 3598 2517 3625 ι
2556 3574 2689 3628 llinc
2717 3590 2845 3642 ergo
2875 3574 3171 3628 rectissime
3214 3571 3483 3626 credimus

1902 3668 2042 3738 quod
2090 3669 2281 3738 plenus
2309 3677 2363 3721 et
2394 3666 2660 3736 perfectus
2694 3664 2833 3720 Deus
2877 3664 3133 3728 Verbum,
3166 3664 3326 3718 etiam
3365 3673 3483 3733 post

1900 3777 2077 3818 assum
2086 3773 2228 3832 ptam
2250 3774 2465 3817 carnem
2491 3761 2694 3815 nullum
2716 3767 3058 3831 augmentum
3077 3759 3483 3813 detrimentum-

1899 3874 2002 3928 que
2028 3857 2328 3927 pertulerit,
2358 3857 2465 3911 imo
2489 3855 2730 3910 unitione
2755 3867 2849 3909 sua
2890 3850 3215 3907 itteﬁabilcnt
3255 3851 3481 3921 gloriam

1899 3950 2184 4007 contulerit
2210 3958 2497 4019 assumpta:
2523 3958 2747 4005 naturae.

2514 4078 2740 4133 CAPUT
2774 4077 2861 4131 IV.

1904 4172 2024 4226 Non
2068 4183 2141 4226 est
2189 4172 2326 4239 facta
2346 4171 2659 4240 quaternitas
2700 4169 2961 4249 indeitate
2999 4183 3088 4235 per
3112 4166 3481 4220 incarnationis

2534 4248 2846 4309 mysterium.

1972 4356 2080 4411 llac
2110 4350 2177 4410 de
2217 4368 2378 4410 causa
2404 4352 2680 4409 Trinitatis
2728 4352 2889 4408 etiam
2940 4345 3060 4421 pos’t
3099 4350 3481 4407 lncarnationis

1897 4449 2208 4519 mysterium
2227 4449 2257 4503 Ἰ
2275 4447 2460 4503 rinitas
2479 4448 2692 4510 man‘sit,
2714 4445 2838 4519 quia
2866 4444 3006 4500 idem
3040 4438 3179 4499 Deus
3218 4443 3473 4510 Verbum,

1893 4545 2054 4601 etiam
2085 4558 2207 4599 cum
2235 4542 2450 4618 propria
2479 4555 2641 4618 carne
2668 4554 2805 4595 unus
2832 4548 2915 4595 est
2942 4554 3007 4595 ex
3037 4538 3295 4593 'l‘rinitate
3322 4557 3335 4593 :
3372 4554 3479 4594 non

202 4642 481 4690 certamen
510 4645 541 4687 a
571 4630 801 4687 concilio
842 4642 1143 4687 memorato
1175 4633 1497 4702 suscipiens,
1529 4634 1606 4689 ita
1648 4650 1792 4691 eum-
1820 4642 1873 4703 υ
1898 4636 2038 4709 quod
2073 4651 2199 4691 caro
2220 4614 2338 4705 eius
2378 4636 2446 4689 sit
2474 4634 2543 4691 de
2570 4614 2869 4690 substantia
2904 4632 3203 4699 Trinitatis,
3237 4632 3329 4687 sed
3356 4634 3478 4703 quia

200 4727 328 4783 dem
358 4724 667 4781 lmreticum
698 4726 841 4781 inter
860 4732 1055 4781 caetera
1081 4723 1374 4796 redarguit,
1399 4726 1586 4784 dicens
1611 4744 1624 4784 :
1660 4747 1677 4779 ι
1710 4728 1786 4785 Ex

199 4820 538 4889 simplicibus
583 4817 642 4873 ﬁt
684 4827 833 4875 certe
877 4819 1254 4888 compositum,
1304 4819 1441 4875 sicut
1471 4820 1525 4875 in
1572 4820 1787 4878 Christo

198 4914 352 4981 Jesu,
385 4914 475 4982 qui
525 4927 590 4967 ex
636 4912 747 4967 Deo
779 4909 956 4967 Verbo
990 4920 1044 4967 et
1089 4910 1323 4967 humano
1354 4926 1599 4983 corpore,
1644 4915 1784 4985 quod

200 5016 284 5065 est
329 5021 398 5063 ex
425 5006 629 5061 semine
677 5004 864 5071 David,
898 5018 1037 5061 unus
1082 5003 1253 5059 factus
1304 5013 1407 5070 est,
1442 5021 1781 5079 nequaquam

197 5098 425 5155 ulterius
454 5096 718 5153 divisione
748 5096 946 5167 aliqua,
979 5094 1073 5151 sed
1104 5095 1309 5151 unitate
1352 5095 1673 5156 subsistens.
1704 5098 1781 5156 Tu

197 5206 331 5248 vero
356 5190 552 5251 videris
576 5189 1011 5247 mihisecundum
1038 5190 1141 5245 hoc
1172 5188 1316 5246 nolle
1336 5192 1781 5261 compositionem

196 5284 378 5357 fateri,
409 5296 466 5345 ut
510 5303 619 5343 non
662 5285 961 5345 substantia
1008 5284 1080 5341 sit
1114 5286 1170 5341 in
1199 5299 1265 5341 eo
1310 5284 1487 5341 Filius
1522 5286 1640 5356 Dei,
1684 5289 1779 5347 sed

198 5380 464 5448 sapientia
492 5380 785 5436 secundum
834 5378 1319 5450 participationem.
1369 5378 1483 5436 Hoc
1529 5382 1671 5438 enim
1701 5382 1782 5439 di-

203 5470 351 5539 xisti,
400 5472 525 5543 quia
570 5471 830 5541 sapientia
885 5454 1228 5542 dispendium
1258 5471 1520 5543 patiatur,
1554 5484 1606 5530 et
1646 5474 1773 5534 ideo

269 5637 298 5666 ⁸
327 5628 437 5697 AL,
471 5628 722 5685 deserant.

269 5698 296 5738 δ
330 5700 403 5753 lta
426 5694 535 5754 'ms.
555 5717 569 5765 ;
593 5710 646 5756 at
666 5697 816 5764 edd.,
850 5694 1055 5752 Donum
1076 5698 1302 5753 verbum.

274 5781 297 5841 ς
328 5770 559 5841 Cyrillus
584 5771 851 5826 anathem.
877 5770 929 5825 5.

268 5836 297 5877 ἀ
336 5836 499 5910 Εόίιὶ,
524 5852 635 5914 post
668 5844 932 5911 unitatem,
966 5839 1087 5907 Ms.,
1114 5850 1225 5915 post
1246 5842 1541 5897 unitionem.

1893 4744 2019 4785 caro
2043 4726 2137 4785 Dei
2168 4727 2331 4783 Verbi
2364 4738 2467 4798 est,
2493 4727 2582 4799 qui
2611 4736 2693 4783 est
2748 4742 2881 4781 unus
2904 4741 2970 4782 ex
2998 4725 3283 4781 Trinitate.
3346 4724 3469 4795 Ipse

1891 4821 2033 4877 enim
2074 4819 2316 4886 omnino,
2366 4830 2419 4875 ct
2468 4834 2573 4875 non
2628 4818 2763 4873 alius
2791 4819 3021 4872 ascendit
3056 4818 3108 4871 in
3138 4818 3339 4884 cretum,
3392 4818 3477 4889 qui

1888 4915 2149 4971 descendit
2178 4915 2240 4969 de
2268 4914 2413 4978 casto,
2432 4910 2601 4968 Filius
2624 4913 2843 4967 hominis
2872 4915 2959 4981 qui
2985 4924 3058 4967 est
3085 4914 3137 4965 in
3157 4911 3472 4983 cwloann.

1889 5026 1968 5078 tn,
1996 5011 2108 5083 15).
2136 5010 2469 5080 Quapropter
2497 5016 2552 5063 et
2580 5008 2748 5063 Deum
2783 5007 3015 5063 Verbum
3050 5021 3263 5077 passum
3286 5022 3470 5075 carne,

1892 5112 1946 5158 et
2000 5101 2317 5155 cruciﬁxum
2371 5114 2554 5166 carne,
2586 5107 2641 5156 et
2670 5099 2937 5171 sepultum
2970 5113 3133 5155 carne
3178 5099 3473 5155 secundum

1892 5196 2103 5251 beatum
2152 5193 2412 5267 Cyrillum
2442 5202 2467 5240 ε
2502 5192 2815 5263 proﬁtemur
2843 5191 3109 5248 dicentem
3140 5209 3154 5247 :
3201 5210 3221 5244 t
3266 5191 3323 5247 Si
3354 5191 3475 5261 quis

1891 5305 1997 5346 non
2026 5288 2309 5346 conﬁtetur
2348 5287 2515 5343 Deum
2564 5284 2794 5342 Verbum
2826 5301 3042 5357 passum
3075 5299 3260 5353 carne,
3297 5284 3472 5337 cruci-

1891 5384 2055 5439 ﬁxum
2086 5396 2269 5448 carne,
2300 5388 2357 5436 et
2396 5387 2625 5435 mortem
2655 5392 2817 5435 carne
2865 5388 3129 5448 gustasse,
3165 5376 3472 5445 factumque

1890 5463 2306 5550 primogenitum
2336 5488 2405 5529 ex
2431 5471 2681 5540 mortuis,
2725 5472 3022 5526 secundum
3053 5466 3195 5543 quod
3229 5476 3311 5523 est
3340 5468 3469 5537 vita,

1959 5648 1981 5675 °
2012 5637 2150 5694 Editi
2179 5636 2307 5693 Lov.
2342 5642 2397 5692 et
2424 5634 2612 5702 Basil.,
2640 5640 2697 5687 ut
2721 5639 2848 5685 atter
2870 5630 2922 5683 in
2944 5628 3130 5682 altera.

1958 5707 1977 5747 ί
2011 5708 2175 5775 Edit.,
2209 5707 2427 5776 operati.

1960 5789 1983 5831 α
2011 5779 2173 5851 Cyril.
2203 5778 2388 5835 anath.
2418 5777 2504 5832 15.

2472 5962 2498 5997 ν
