3990 6390
218 430 288 485 89
1071 428 1265 485 LKBER
1304 430 1392 484 DE
1431 430 1934 489 INCARNATIONE
1972 436 2060 491 ET
2097 437 2356 494 GRATIA
2379 479 2394 505 ,
2436 439 2586 498 ETC.
3400 463 3469 521 90

219 562 344 612 nus,
375 555 557 614 utpote
585 546 748 612 Deus,
781 551 836 602 u’t
874 563 969 603 nos
996 564 1023 602 a
1052 549 1307 605 servitute
1338 561 1590 620 perpetua
1621 562 1676 607 et
1706 569 1797 622 po-
1822 560 1877 618 Α
1906 554 2020 619 Dei,
2051 570 2113 610 ex
2145 573 2246 612 una
2281 574 2456 615 massa
2487 562 2799 630 perditionis
2841 566 2977 621 alios
3020 568 3217 625 salvari
3246 572 3478 629 dicimus

222 650 417 695 testate
460 639 659 694 diaboli
708 640 961 697 liberaret
995 651 1156 713 atque
1181 644 1245 697 ad
1279 660 1456 699 veram
1491 646 1793 702 libertatem

218 732 522 793 reduceret,
565 731 735 786 factus
756 741 837 788 est
871 747 1076 799 servus,
1107 736 1378 804 accipiens
1402 736 1630 793 formam
1653 740 1794 794 servi

219 826 441 897 (Philip.
478 842 534 890 ll,
558 828 633 896 7).
663 828 797 882 ilinc
822 839 903 883 est
929 829 1069 897 quod
1100 829 1228 885 dicit
1258 831 1322 885 ad
1365 832 1620 889 Judaaos:
1653 832 1795 887 Tunc

213 938 327 975 rere
343 921 490 975 liberi
501 923 661 989 eritis,
679 924 722 976 si
742 939 828 977 vos
847 922 896 974 F
900 924 1019 978 ilius
1042 914 1321 979 liberaverit
1346 924 1523 995 (Joan.
1546 942 1655 988 vm,
1672 926 1763 995 36)
1777 965 1790 979 .

216 1012 484 1068 Putabant
508 1014 653 1068 enim
686 1029 745 1069 se
772 1014 1148 1085 vereliberos,
1171 1020 1261 1088 qui
1290 1018 1540 1072 humanis
1563 1034 1792 1088 occupa-

215 1105 450 1159 tionibus
482 1105 782 1161 intentione
834 1110 1123 1163 vanissima
1170 1110 1501 1166 serviebant.
1553 1110 1620 1167 Ut
1664 1126 1791 1182 ergo

212 1196 345 1251 falsa
374 1198 595 1253 libertas
624 1199 774 1255 fieret
804 1208 827 1236 ι
860 1214 986 1255 vera
1014 1200 1252 1268 libertas,
1278 1203 1329 1257 id
1363 1212 1446 1258 est
1468 1211 1526 1258 ut
1562 1203 1789 1259 humana

213 1288 436 1361 libertas
466 1289 623 1344 ﬁeret
647 1290 950 1346 Christiana
980 1292 1219 1359 libertas,
1247 1295 1433 1349 eadem
1465 1296 1687 1350 libertas
1720 1297 1787 1350 li-

208 1382 459 1438 beratore
489 1384 736 1453 indiguit,
792 1401 894 1455 qua
941 1397 1122 1456 posset
1172 1402 1265 1457 per
1307 1390 1423 1457 ejus
1464 1388 1689 1459 gratiam
1721 1390 1789 1444 ab

208 1475 650 1543 occupationibus
678 1475 926 1532 humanis
950 1493 1161 1548 aversa,
1201 1495 1263 1535 ea
1299 1482 1623 1557 cogitarect
1645 1482 1788 1537 desi-

209 1568 424 1636 derare,
454 1586 571 1639 quae
602 1572 875 1640 pertinent
903 1573 971 1628 ad
1012 1574 1177 1628 vitam
1206 1584 1482 1629 aeternam.
1526 1574 1654 1630 Sine
1684 1576 1785 1630 hac

212 1660 377 1730 igitur
415 1662 581 1731 gratia
632 1672 809 1733 potest
851 1664 1067 1734 quidem
1106 1667 1343 1737 cogitare
1382 1677 1435 1722 et
1477 1668 1785 1725 desiderare

209 1752 461 1819 humana,
501 1769 606 1809 non
653 1767 833 1812 autem
866 1768 1043 1827 potest
1078 1760 1343 1830 cogitare,
1382 1772 1473 1815 aut
1500 1760 1657 1827 velle,
1688 1776 1783 1817 seu

204 1844 511 1903 desiderare
536 1848 736 1917 divina,
762 1866 987 1920 quorum
1007 1853 1233 1921 primum
1264 1862 1348 1909 est
1375 1862 1430 1908 et
1459 1857 1781 1924 praecipuum

1903 643 2138 702 bonitate
2167 657 2222 703 et
2262 653 2431 719 gratia
2462 653 2580 719 Dei,
2612 655 2748 709 alios
2778 656 2923 725 justo
2951 667 3003 713 et
3033 662 3245 716 occulto
3272 664 3477 732 judicio

1899 732 2220 806 derelinqui.
2265 741 2516 812 Alioquin
2564 744 2765 811 dicant,
2807 748 2849 801 si
2896 760 3137 818 possunt,
3168 751 3221 807 hi
3250 756 3336 823 qui
3375 757 3476 811 hoc

1898 827 2091 885 divinae
2112 832 2331 899 justitia:
2355 846 2408 889 et
2432 838 2654 892 bonitati
2677 845 3004 897 contrarium
3045 845 3344 910 aestimant;
3377 864 3473 903 cur

1897 920 1942 975 is
1966 924 2053 991 qui
2084 939 2273 980 omnes
2299 926 2544 983 homines
2567 932 2678 985 vult
2708 934 2885 989 salvos
2918 934 3031 989 fieri
3062 946 3113 991 et
3142 937 3207 991 ad
3242 940 3470 1009 agnitio—

1898 1026 2018 1064 nem
2066 1015 2305 1070 veritatis
2347 1022 2549 1086 veuire,
2600 1030 2706 1076 tam
2751 1025 2945 1079 multas
2990 1030 3212 1084 virtutes
3254 1031 3378 1085 fecit
3418 1035 3469 1088 in

1894 1103 2171 1161 Corozaim
2201 1120 2255 1164 et
2284 1111 2589 1181 Bethsaida,
2622 1126 2675 1170 et
2698 1119 2899 1174 nullam
2942 1121 3128 1178 harum
3162 1126 3380 1198 inTer
3415 1140 3469 1185 et

1895 1196 2092 1256 Sidone
2121 1202 2296 1258 facere
2327 1206 2520 1272 voluit,
2550 1209 2639 1263 ubi
2666 1212 2708 1264 si
2740 1212 2894 1268 facta:
2918 1214 3163 1284 fuissent,
3186 1196 3317 1273 sicut
3352 1219 3469 1288 ipse

1894 1296 2138 1356 testatur,
2171 1295 2384 1363 forsitan
2414 1298 2465 1351 in
2492 1299 2658 1354 cinere
2687 1310 2732 1354 et
2765 1302 2933 1356 cilicio
2969 1310 3311 1376 pmnitentiam
3335 1311 3467 1382 egis-

1889 1381 2237 1453 sent(Matth.
2286 1403 2357 1452 xl,
2387 1388 2517 1456 Ἦν
2567 1390 2672 1444 Aut
2716 1406 2811 1445 cur
2859 1393 2913 1447 in
2955 1397 3081 1451 Asia
3122 1408 3176 1453 et
3219 1381 3465 1472 Bithynia

1889 1477 2204 1544 Apostolum
2251 1482 2417 1535 vetuit
2467 1484 2687 1537 verbum
2739 1486 2929 1541 salutis
2970 1493 3288 1549 annuntiare
3327 1495 3462 1565 (Act.

1888 1578 1997 1630 xvr,
2030 1566 2081 1630 6,
2117 1565 2207 1637 7)?
2237 1569 2389 1635 Quod
2415 1573 2459 1626 si
2503 1572 2599 1627 ista
2635 1588 2909 1645 nequeunt
2937 1583 3344 1650 comprehendi,
3374 1602 3463 1642 re-

1887 1654 2049 1712 deant
2078 1659 2143 1713 ad
2176 1676 2256 1728 se,
2304 1673 2357 1719 et
2411 1664 2743 1722 invenientes
2792 1684 2851 1724 se
2900 1671 3168 1742 homines,
3216 1678 3463 1736 desinant

1886 1761 2131 1815 quaerere
2151 1767 2248 1806 cur
2277 1755 2410 1810 alios
2441 1757 2610 1811 salvet
2641 1760 2870 1827 gratuito
2887 1760 3049 1825 dono,
3074 1764 3207 1819 alios
3230 1766 3462 1823 derelin-

1886 1850 2014 1905 quat
2038 1841 2184 1910 justo
2212 1855 2264 1899 et
2296 1846 2509 1901 occulto
2533 1848 2756 1917 judiéio,
2799 1852 2887 1920 qui
2938 1864 3252 1918 potestatem
3302 1858 3462 1915 habet

200 1935 623 2007 mndalnemum,
642 1950 695 1996 ει
718 1943 935 2013 crepido
954 1945 1366 2014 quodammodo,
1401 1946 1511 2001 sive
1538 1947 1775 2001 omnium
1809 1932 1855 1991 B
1882 1943 1943 1981 ea:
1969 1931 2143 1985 eadem
2180 1950 2348 1989 massa
2383 1937 2530 1991 aliud
2559 1954 2645 1991 vas
2668 1943 2833 2008 facere
2864 1942 2916 1995 in
2946 1944 3208 2007 honorem,
3232 1947 3379 2000 aliud
3406 1950 3459 2001 in

200 2028 463 2085 bonorum
495 2033 671 2102 origo,
702 2034 927 2090 credere
960 2037 1015 2089 in
1045 2035 1325 2090 Dominum
1362 2039 1540 2108 gloria:
1568 2040 1776 2108 cruci/i-

198 2136 319 2174 xum
350 2121 399 2193 (Ι
428 2122 547 2179 Cor.
582 2140 638 2191 tt,
674 2125 749 2196 8).
776 2125 927 2195 Quod
958 2130 1142 2198 utique
1174 2144 1277 2184 non
1308 2139 1387 2185 est
1413 2146 1475 2185 ex
1518 2132 1775 2185 naturalis

197 2216 406 2273 arbitrii
436 2218 708 2275 libertate.
754 2220 884 2287 Quia
930 2239 1029 2277 non
1082 2224 1177 2277 hoc
1202 2241 1322 2278 caro
1349 2236 1397 2279 et
1430 2226 1654 2296 sanguis,
1686 2228 1776 2280 sed

195 2316 343 2377 pater
371 2310 584 2365 caelestis
605 2314 795 2368 revelat
823 2313 1039 2381 (Matth.
1063 2332 1174 2383 xvr,
1204 2317 1315 2384 l7),
1338 2319 1423 2372 cui
1445 2317 1775 2384 voluerit,ad

194 2411 376 2453 veram
400 2415 524 2457 eum
551 2405 828 2460 attraheus
852 2407 1177 2474 libertatem,
1196 2424 1299 2463 non
1333 2410 1563 2464 violenta
1589 2426 1777 2465 neres-

193 2492 379 2557 sitate,
412 2494 505 2549 sed
538 2496 870 2552 infundendo
893 2500 1210 2553 suavitatem
1243 2516 1337 2570 per
1361 2501 1618 2569 Spiritum
1648 2516 1774 2555 san-

196 2592 366 2649 ctum,
396 2596 454 2640 ut
484 2602 607 2642 mox
650 2589 935 2645 credentes
978 2590 1223 2646 dicamus
1258 2592 1381 2663 quia
1431 2592 1676 2647 Dominus
1705 2604 1778 2647 est

192 2671 352 2728 Jesus
383 2674 436 2743 (1
460 2675 583 2732 Cor.
616 2694 715 2744 xu,
742 2679 819 2751 5),
845 2682 984 2750 quod
1018 2697 1176 2737 nemo
1200 2698 1292 2751 per
1320 2685 1615 2741 naturalem
1636 2686 1780 2741 arbi-

190 2765 280 2820 trii
309 2766 613 2824 libertatem
647 2780 825 2837 potest
852 2773 1053 2841 dicere,
1104 2775 1203 2829 nisi
1231 2776 1294 2842 in
1332 2776 1536 2846 Spiritu
1567 2788 1773 2835 sancto.

190 2858 414 2915 Frustra
456 2877 585 2933 ergo
628 2866 875 2933 garriunt
910 2868 998 2937 qui
1049 2868 1271 2923 dicunt:
1302 2869 1474 2923 Meum
1517 2880 1600 2925 est
1638 2872 1776 2928 velle

188 2953 436 3021 credere,
470 2954 564 3010 Dei
594 2965 773 3013 autem
803 2960 990 3029 gratia:
1020 2968 1105 3015 est
1133 2961 1421 3031 adjuvare;
1453 2976 1573 3017 cum
1609 2963 1771 3020 etiam

187 3044 366 3114 ipsum
393 3049 619 3115 credere,
651 3050 794 3119 quod
825 3060 905 3105 est
927 3065 1247 3108 consensum
1279 3054 1770 3123 praebereﬁeritati,

187 3138 345 3192 nobis
376 3154 405 3193 a
437 3140 548 3195 Deo
587 3143 703 3197 dari
749 3153 976 3201 testetur
1022 3146 1313 3216 Apostolus
1352 3148 1578 3203 dicens:
1618 3148 1773 3203 Vobis

186 3233 327 3286 enim
356 3235 533 3289 datum
555 3246 628 3291 est
658 3253 689 3290 a
716 3238 936 3306 Christo,
966 3256 1070 3295 non
1094 3242 1263 3296 solum
1292 3252 1347 3296 ut
1367 3244 1421 3297 in
1450 3260 1563 3297 eum
1592 3246 1767 3299 creda-

188 3324 280 3390 tis,
310 3337 483 3379 verum
520 3328 673 3382 etiam
702 3339 757 3383 ut
782 3347 876 3399 pro
903 3329 994 3385 illo
1031 3334 1301 3403 patiamini
1336 3332 1557 3405 (Philip.
1587 3350 1626 3401 ι,
1649 3334 1765 3405 29).
1796 3307 1842 3370 C

791 3464 1018 3521 CAPUT
1051 3464 1159 3519 VII.

186 3548 329 3606 Deus
350 3552 479 3606 alios
502 3553 621 3623 facit
650 3556 855 3631 credere
877 3572 972 3610 sua
992 3557 1233 3631 bonitate,
1265 3556 1395 3611 alios
1423 3556 1609 3613 deserit
1623 3559 1769 3631 justo

683 3627 908 3697 judicio,
939 3629 1029 3681 sed
1058 3629 1277 3683 occulto.

256 3734 364 3790 Sed
388 3736 653 3804 dicunt,si
673 3739 916 3795 nolentes
934 3740 1077 3795 Deus
1101 3741 1223 3796 facit
1249 3750 1306 3795 ut
1333 3741 1497 3823 velint
1518 3742 1766 3811 credere,

184 3830 365 3884 nullus
393 3840 571 3885 autem
604 3842 686 3886 est
722 3833 809 3898 qui
843 3834 1158 3888 naturaliter
1192 3834 1271 3903 (ut
1301 3834 1499 3903 dicitis)
1533 3834 1560 3872 ι»
1595 3837 1769 3904 possit

184 3920 435 3987 credere,
469 3930 561 3976 aut
591 3923 789 3993 aliquid
820 3924 944 3978 boni
979 3924 1123 3979 velle
1151 3925 1293 3995 quod
1332 3928 1561 3995 pertinet
1588 3927 1653 3979 ad
1688 3928 1770 3981 vi-

186 4023 297 4067 tam
328 4024 621 4082 aeternam;
653 4032 748 4071 cur
772 4033 900 4087 ergo
932 4035 1036 4073 non
1070 4019 1198 4074 facit
1218 4035 1406 4075 omnes
1440 4021 1619 4075 velle?
1645 4035 1766 4077 cum

181 4118 292 4159 non
318 4104 389 4157 sit
417 4120 770 4173 personarum
799 4110 1041 4177 acceptio
1071 4110 1211 4178 apud
1242 4109 1433 4175 Deum,
1466 4110 1765 4179 praesertim

183 4213 311 4252 cunt
342 4198 411 4252 de
442 4198 559 4265 ipso
588 4201 847 4266 scriptum
880 4203 989 4255 sit:
1023 4202 1125 4266 Qui
1179 4205 1282 4256 vult
1328 4220 1499 4257 omnes
1544 4205 1767 4258 homines

178 4287 355 4339 salvos
387 4284 535 4356 ﬁeri,
563 4298 608 4341 et
638 4289 704 4341 ad
734 4291 1047 4359 agnitionem
1080 4292 1302 4344 veritatis
1346 4293 1513 4344 venire
1546 4290 1599 4362 I
1625 4291 1764 4347 Tim.

183 4394 243 4444 II,
278 4376 358 4447 4).
395 4380 498 4432 Aut
541 4380 684 4434 enim
728 4382 857 4450 vult,
902 4393 957 4437 et
1007 4398 1111 4438 non
1145 4392 1342 4452 potest,
1376 4394 1469 4438 aut
1510 4386 1767 4440 mentitur

179 4468 461 4539 Scriptura
512 4472 711 4527 divina.
744 4474 894 4541 Quod
938 4477 982 4530 si
1024 4475 1213 4531 horum
1257 4478 1538 4548 quodlibet
1562 4479 1765 4535 sentire

181 4573 263 4617 est
312 4564 554 4633 impium,
604 4576 770 4621 restat
819 4578 873 4621 ut
928 4586 1031 4623 non
1065 4570 1157 4625 ille
1197 4574 1390 4627 excitet
1424 4572 1757 4627 voluntatem

1882 2023 2240 2077 contumeliam
2283 2025 2459 2096 (Rom.
2492 2044 2567 2093 lx,
2604 2030 2734 2099 21):
2773 2040 2825 2086 et
2862 2023 3093 2089 clament
3132 2052 3237 2090 una
3279 2034 3467 2093 nobis?

1879 2113 2037 2177 cum‘,
2091 2114 2197 2169 imo
2236 2117 2384 2185 juxta
2426 2120 2777 2189 Apostolum:
2812 2124 2855 2174 0
2895 2125 3115 2178 altitudo
3170 2128 3459 2181 divitiarum

1882 2201 2146 2269 sapientite
2161 2216 2206 2257 et
2232 2208 2458 2263 scientiw
2483 2207 2574 2262 Dei
2595 2210 2614 2262 .’
2647 2210 2811 2276 Quam
2862 2213 3212 2269 inscrutabilia
3239 2228 3355 2270 sunt
3368 2221 3459 2288 ju-

1878 2289 2012 2345 dicia
2040 2297 2172 2364 ejus,
2191 2304 2235 2348 et
2258 2298 2627 2367 investigabiles
2658 2302 2750 2352 via:
2775 2303 2918 2370 ejus!
2949 2303 3074 2368 Quis
3100 2307 3232 2359 enim
3265 2322 3455 2378 sagno-

1877 2384 1947 2435 vit
1974 2402 2181 2440 sensum
2224 2386 2475 2444 Domini?
2504 2400 2589 2443 aut
2616 2392 2699 2461 qui
2721 2394 3045 2447 consiliarius
3075 2400 3183 2466 ejus
3208 2397 3342 2464 fuit?
3367 2406 3457 2451 aut

1877 2477 1989 2543 quis
2020 2479 2161 2545 prior
2188 2478 2328 2530 dedit
2349 2480 2448 2543 illi,
2476 2491 2522 2533 et
2545 2482 2847 2533 retribuetur
2864 2483 2947 2535 ei?
2966 2488 3206 2550 quoniam
3237 2503 3299 2539 ex
3319 2488 3453 2555 ipso.

1887 2572 1934 2617 et
1963 2581 2053 2631 per
2077 2566 2263 2635 ipsum,
2294 2576 2341 2620 et
2368 2567 2420 2620 in
2451 2569 2565 2636 ipso
2593 2579 2710 2622 sunt
2735 2572 2928 2625 omnia.
2963 2572 3075 2643 Ipsi
3095 2576 3261 2645 gloria
3290 2578 3341 2629 in
3363 2594 3457 2631 ste-

1881 2654 1999 2707 cula
2025 2654 2347 2709 stcculorum.
2416 2658 2573 2712 Amen
2605 2659 2780 2727 (Rom.
2826 2676 2879 2725 ι,
2922 2662 3135 2732 33-56).
3177 2664 3456 2723 Manifeste

1880 2760 2009 2815 ergo
2036 2764 2137 2800 non
2158 2749 2319 2815 nobis,
2352 2751 2442 2804 sed
2468 2752 2711 2821 Apostolo
2735 2754 2959 2807 omnino
3000 2756 3220 2824 resistit,
3254 2758 3343 2827 qui
3374 2758 3456 2813 di-

1878 2842 1950 2893 cit
1980 2857 1990 2889 :
2021 2838 2133 2893 Nisi
2162 2854 2266 2909 ego
2296 2842 2443 2910 prius
2470 2842 2711 2909 voluero,
2736 2845 2903 2912 gratia
2931 2846 2996 2899 ad
3034 2861 3118 2899 me
3149 2861 3254 2900 non
3286 2848 3449 2903 venit.

1877 2935 2031 3001 Quod
2062 2934 2283 2989 omnino”
2312 2936 2444 2989 nihil
2474 2936 2615 2991 aliud
2651 2946 2734 2991 est
2756 2938 2957 3002 dicere,
3005 2940 3107 2993 nisi
3140 2940 3298 3008 prius
3325 2940 3455 2997 dare

1877 3024 2009 3092 Deo,
2034 3037 2089 3082 ut
2112 3026 2436 3081 retribuatur
2464 3026 2561 3080 illi.

2472 3159 2697 3216 CAPUT
2726 3159 2858 3218 VIII.

2120 3248 2297 3304 Omnis
2326 3262 2490 3305 motus
2521 3252 2663 3307 bona:
2684 3253 2955 3307 voluntatis
2986 3269 3050 3307 ex
3082 3252 3207 3307 Dea.

1950 3359 2055 3415 Sed
2089 3375 2197 3417 nos
2211 3373 2500 3433 sequentes
2526 3364 2773 3420 eumdem
2804 3367 3105 3435 apostoluin
3130 3383 3344 3425 omnem
3368 3370 3454 3426 bo-

1876 3464 2063 3505 narum
2115 3454 2500 3522 cogitationum
2531 3457 2817 3525 originem,
2863 3469 2883 3495 ε
2925 3460 3447 3530 consensionemque

1875 3556 2083 3607 earum,
2116 3552 2170 3599 et
2195 3546 2521 3599 voluntatem
2541 3562 2607 3601 ex
2643 3548 2750 3601 Deo
2782 3556 2836 3602 et
2866 3564 2959 3618 per
2982 3550 3147 3603 Deum
3180 3563 3234 3606 et
3263 3553 3316 3606 in
3346 3554 3455 3611 Deo

1873 3632 2127 3711 dicimus,
2158 3636 2248 3705 qui
2276 3652 2463 3705 pravas
2497 3636 2771 3692 hominum
2801 3638 3107 3695 voluntates
3136 3650 3192 3699 et
3224 3645 3455 3699 terrenis

1873 3727 2082 3783 actibus
2112 3729 2436 3800 implicatas,
2472 3746 2565 3798 per
2612 3731 2935 3787 inlusionem
2979 3742 3033 3787 et
3059 3729 3085 3770 ἀ
3119 3732 3451 3804 in0peratio-

1874 3836 1997 3875 nem
2029 3821 2359 3876 intrinsecus
2389 3823 2557 3877 sancti
2591 3822 2824 3892 Spiritus
2861 3823 3096 3878 absolvit
3125 3834 3179 3879 et
3210 3826 3451 3896 corrigit,

1870 3914 2013 3969 sit-ut
2062 3914 2319 3983 scriptum
2367 3923 2486 3969 est:
2521 3914 2859 3986 Prwparatur
2884 3917 3119 3971 voluntas
3161 3926 3192 3970 α
3233 3918 3454 3974 Domino

1873 4008 2058 4080 (Prov.
2091 4024 2201 4073 nn,
2234 4010 2322 4069 55,
2353 4026 2454 4064 sec.
2489 4008 2683 4079 LXX).
2717 4009 2850 4064 Hinc
2873 4010 3031 4063 etiam
3076 4010 3264 4065 beatus
3295 4012 3444 4066 Basi-

1872 4101 1974 4154 lius
1995 4100 2341 4156 Caesariensis
2370 4101 2676 4169 episcopus,
2708 4101 2762 4154 in
2794 4102 3035 4154 oratione
3078 4103 3452 4171 sacri-altaris,

1876 4208 2035 4262 quam
2086 4208 2224 4263 pene
2265 4193 2550 4247 universus
2600 4193 2905 4261 frequentat
2933 4192 3148 4259 Oriens,
3178 4195 3318 4249 inter
3344 4210 3454 4251 caa-

1874 4292 2023 4338 tera:
2064 4304 2081 4335 ‹
2119 4284 2288 4349 Dona,
2319 4284 2507 4353 inquit,
2536 4283 2782 4351 Doti-ine,
2808 4285 3060 4357 virtutem
3089 4300 3150 4339 ac
3184 4294 3453 4343 tutamen-

1871 4387 1980 4434 tum
2010 4393 2022 4430 :
2057 4378 2224 4432 malas
2252 4392 2560 4447 qumsumus
2590 4378 2761 4432 honos
2799 4378 2983 4445 facito,
3018 4379 3186 4434 bonos
3216 4381 3267 4434 in
3299 4381 3452 4436 boni-

1870 4477 1979 4523 tate
2008 4483 2299 4523 conserva:
2333 4466 2510 4521 omnia
2542 4468 2687 4523 enim
2742 4478 2917 4536 potes,
2967 4478 3022 4523 et
3074 4486 3178 4523 non
3230 4483 3310 4524 est
3362 4472 3451 4541 qui

1866 4560 2197 4616 contradicat
2228 4560 2319 4614 tibi
2354 4581 2366 4615 :
2399 4574 2520 4613 cum
2550 4560 2693 4614 enim
2723 4560 2957 4615 volueris
2979 4558 3174 4629 sal'vas,
3200 4562 3450 4617 etnullus

184 4653 496 4722 humanam,
524 4657 620 4711 sed
646 4672 763 4712 eam
793 4668 1071 4730 exspectet,
1098 4661 1165 4715 ab
1195 4662 1431 4728 homine,
1463 4672 1519 4717 υι
1550 4680 1759 4733 {Equum
1790 4674 1841 4734 ι)
1867 4653 2070 4710 resistit
2091 4653 2352 4707 voluntati
2386 4664 2510 4707 tuae.
2551 4672 2571 4706 ι
2608 4653 2749 4708 Ecce
2778 4666 2936 4723 quam
2976 4655 3230 4720 breviter,
3263 4671 3449 4725 quam-

181 4744 253 4799 sit
284 4746 337 4800 in
367 4747 668 4805 volentibus
697 4753 996 4820 praemium,
1016 4752 1065 4807 in
1085 4754 1391 4810 nolentibus
1417 4766 1594 4810 autem
1618 4756 1762 4826 justa

180 4833 473 4890 damnatio.
526 4837 648 4893 Haec
706 4840 749 4893 si
804 4845 871 4895 ita
915 4852 1059 4905 sunt,
1096 4852 1154 4895 ut
1195 4844 1435 4898 hmretiei
1486 4845 1754 4913 jartitant,

182 4929 544 4997 comprehensa
582 4940 701 4985 sunt
742 4932 809 4987 ab
854 4933 983 5001 ipsis
1027 4934 1415 5000 inscrutabilia,
1470 4944 1524 4991 et
1553 4940 1755 4992 incom-

181 5019 561 5085 prehensibilia
595 5022 690 5076 Dei
716 5023 940 5092 judicia.
994 5025 1050 5081 Si
1098 5026 1261 5091 enim,
1314 5036 1370 5080 ut
1409 5026 1504 5096 ipsi
1548 5029 1754 5093 volunt,

183 5114 424 5167 nolentes
465 5112 704 5179 damnat,
752 5115 922 5169 salvat
966 5125 1143 5170 autem
1176 5116 1451 5177 volentes;
1506 5117 1633 5172 nihil
1676 5128 1758 5173 est

182 5206 397 5258 omnino
441 5208 581 5275 quod
629 5217 902 5277 qumratur
949 5211 1196 5264 ulterius.
1249 5210 1332 5273 Et,
1384 5220 1642 5279 quantum
1691 5212 1756 5265 ad

182 5292 339 5359 ipsos,
374 5295 507 5350 fallit
545 5299 818 5368 Scriptura
849 5300 1056 5367 divina,
1081 5316 1198 5371 qua!
1226 5300 1760 5372 incomprehensibilia

185 5381 268 5437 Dei
300 5396 529 5442 testatur
546 5390 749 5459 judicia
772 5390 948 5459 (Rom.
978 5408 1049 5456 χι,
1070 5392 1185 5461 55).
1218 5392 1326 5446 Nos
1356 5402 1535 5447 autem
1561 5394 1760 5449 incom-

182 5476 558 5541 preltensibilia
613 5481 896 5538 credentes
952 5492 1006 5539 et
1061 5483 1498 5540 demonstrantes
1552 5485 1753 5555 judicia

248 5645 270 5672 ι
303 5638 539 5694 liberant
567 5640 634 5695 ab
654 5641 809 5696 editis
836 5658 954 5696 vera
982 5642 1216 5708 libertas;
1239 5644 1294 5696 id
1319 5652 1411 5709 est,
1446 5652 1500 5697 ut
1524 5644 1747 5697 humana

183 5703 377 5762 libertas
406 5710 581 5777 ﬁeret;
609 5721 662 5766 at
689 5714 971 5768 substituta
1001 5724 1122 5769 sunt
1142 5703 1258 5769 hmo
1282 5731 1344 5769 ex
1378 5703 1481 5775 ms.

248 5781 463 5855 "_Editi,
490 5793 651 5855 potest
680 5784 879 5838 credere
906 5786 959 5838 in
987 5782 1126 5855 Filio
1156 5786 1271 5855 Dei.
1314 5788 1384 5842 At
1426 5801 1554 5853 ms.,
1587 5786 1746 5855 possit

184 5851 375 5904 credere
398 5863 485 5906 aut
513 5852 660 5917 velle,
688 5855 946 5922 abestque
970 5857 1023 5909 in
1052 5853 1188 5910 Filio
1224 5854 1339 5910 Dei.

1864 4762 1966 4816 que
1994 4745 2236 4800 disnicte
2264 4744 2453 4800 doctor
2482 4747 2732 4815 egregius
2757 4747 2885 4800 olim
2918 4747 3041 4801 huic
3062 4749 3447 4804 controversia:

1864 4840 2022 4893 linem
2056 4839 2472 4906 posuit,doeens
2500 4854 2594 4909 per
2616 4838 2754 4893 hanc
2781 4854 3015 4909 precem,
3043 4855 3146 4895 non
3167 4856 3194 4894 a
3215 4856 3272 4896 se
3297 4842 3443 4911 ipsis,

1869 4930 1964 4986 sed
1996 4947 2023 4983 a
2058 4930 2166 4984 Deo
2197 4930 2365 4983 malos
2392 4930 2637 4984 homines
2672 4930 2845 4984 bonos
2887 4931 3021 4996 lieri,
3070 4946 3170 4985 nec
3216 4947 3311 4986 sna
3342 4935 3445 4988 vir-

1868 5032 2004 5088 tute,
2035 5022 2126 5076 sed
2157 5022 2351 5076 divinae
2386 5022 2572 5091 gratia:
2603 5023 2894 5092 adjutorio,
2941 5025 2994 5078 in
3046 5024 3157 5094 ipsa
3208 5026 3447 5085 bonitate

1868 5128 2232 5185 perseverare.
2263 5113 2521 5168 Similiter
2552 5113 2737 5169 beatus
2768 5114 3109 5172 Innocentius
3139 5120 3446 5176 apostolica!

1864 5208 2007 5262 sedis
2055 5205 2297 5273 antistes,
2342 5207 2393 5259 in
2448 5207 2673 5275 epistula
2724 5207 2789 5262 ad
2847 5209 3132 5263 concilium
3190 5211 3418 5264 Milevita

1866 5315 1991 5353 num
2024 5308 2085 5353 σε
2126 5318 2142 5350 ι
2182 5301 2391 5362 Omnia,
2428 5301 2616 5370 inquit,
2666 5300 2840 5355 studia
2886 5310 2943 5357 et
2980 5304 3158 5356 omnia
3190 5318 3351 5370 opera
3386 5317 3445 5355 ac

1866 5393 2054 5446 merita
2084 5400 2390 5445 sanctorum
2450 5393 2514 5444 ad
2550 5393 2638 5447 Dei
2680 5393 2905 5461 gloriam
2956 5393 3278 5459 laudemque
3309 5392 3444 5445 refe-

1867 5484 2031 5539 renda
2058 5494 2182 5540 sunt
2213 5503 2224 5537 :
2259 5485 2382 5554 quia
2413 5500 2570 5538 nemo
2598 5488 2645 5539 ei
2675 5486 2893 5541 aliunde
2920 5488 3114 5571 placet,
3142 5485 3245 5538 nisi
3282 5500 3344 5538 ex
3379 5502 3443 5539 eo

1933 5652 1954 5680 ε
1992 5642 2157 5716 Editi,
2190 5659 2462 5713 earumque
2499 5647 2899 5716 confessionem;
2942 5644 3036 5699 sed
3080 5642 3279 5699 rectius
3311 5659 3410 5698 ms.

1857 5715 2332 5783 consensionemque
2361 5731 2561 5767 earum.

1928 5784 1954 5820 ά
1979 5785 2068 5841 Sic
2088 5802 2213 5849 ms.;
2246 5795 2300 5838 at
2329 5785 2380 5837 in
2410 5786 2652 5847 excusis,
2686 5796 2732 5839 et
2765 5787 3131 5855 operationem.

1927 5865 1950 5891 ε
1984 5857 2110 5911 Vide
2135 5858 2186 5911 in
2218 5855 2491 5910 lecstini
2531 5868 2649 5920 cap.
2680 5859 2731 5912 8.
