3990 6390
574 462 633 517 91
1151 448 1350 503 PETRI
1389 445 1654 503 DIACONI
1694 446 1895 502 LIBER
1936 449 2023 505 DE
2062 446 2563 506 lNCARNATIONE
2601 446 2691 503 ET
2728 447 3025 517 GRATIA,
3066 446 3218 504 ETC.

562 560 702 628 quod
734 560 848 630 ipse
878 560 1178 618 donaverit.
1208 582 1225 615 ι
1250 563 1398 631 Quod
1430 562 1757 629 diligentius,
1781 563 2143 618 manifestius-
2170 566 2225 625 Α
2248 564 2343 618 filii
2372 565 2611 620 caritatis
2639 579 2749 619 sua:
2799 561 2938 635 (Col.
2970 579 3007 619 ι.
3040 562 3152 633 15),
3201 570 3256 617 et
3298 578 3363 620 ex
3408 565 3548 619 vasis
3580 566 3673 620 irae
3705 566 3837 623 facit

563 669 664 724 que
714 657 763 708 in
812 656 1036 726 epistola
1068 671 1161 711 sua
1196 667 1221 692 οι
1252 656 1314 709 ad
1353 671 1538 724 papam
1580 655 1855 712 Zozimum
1890 700 1905 726 ,
1975 657 2139 727 repli-

562 745 756 811 cando,
814 748 979 815 ipsius
1036 762 1182 818 papae
1228 749 1547 801 sententiam
1580 750 1850 818 explicant
1894 749 2140 803 Africana

563 837 793 892 concilia
825 837 1087 893 dicendo:
1126 838 1256 892 illud
1296 848 1476 893 autem
1525 840 1666 909 quod
1700 840 1752 895 in
1784 839 1977 895 litteris
2009 854 2141 911 quas

560 928 628 983 ad
654 930 931 985 universas
962 929 1266 999 provincias
1311 931 1513 985 curasti
1546 945 1666 986 esse
1694 930 2007 997 mittendas,
2042 946 2139 1000 po-

561 1021 737 1089 suisti,
785 1020 1003 1075 dicens:
1042 1039 1060 1070 ι
1094 1020 1201 1075 Nos
1245 1029 1422 1075 tamen
1472 1022 1733 1077 instinctu
1784 1022 1879 1077 Dei
1935 1022 2140 1094 (omnia

561 1114 701 1167 enim
729 1115 861 1168 bona
884 1114 946 1167 ad
979 1123 1252 1170 auctorem
1299 1130 1454 1170 suum
1486 1116 1770 1173 referenda
1819 1127 1965 1185 sunt,
2002 1118 2141 1174 unde

561 1205 869 1277 nascuntur)
904 1205 970 1260 ad
1009 1205 1234 1262 fratrum
1269 1216 1324 1262 et
1355 1209 1802 1279 coepiscoporum
1836 1220 2139 1266 nostrorum

562 1299 941 1354 conscientiam
976 1300 1232 1356 universa
1265 1303 1585 1361 retulimus:
1619 1306 1695 1358 sic
1742 1305 2035 1375 accipimus
2062 1308 2143 1362 di-

559 1402 724 1461 ctum,
754 1405 811 1450 ut
841 1397 959 1451 illos
990 1397 1079 1466 qui
1110 1405 1295 1452 contra
1348 1398 1443 1453 Dei
1506 1399 1828 1468 adjutorium
1876 1402 2142 1457 extollunt

558 1485 761 1541 arbitrii
805 1487 1128 1552 libertatem,
1180 1488 1431 1543 districto
1480 1489 1655 1558 gladio
1703 1491 1945 1547 veritatis
1998 1494 2141 1549 velut

559 1579 754 1633 cursim
788 1580 1059 1635 transiens
1088 1590 1412 1649 amputares.
1457 1582 1591 1649 Quid
1623 1583 1766 1638 enim
1811 1594 1918 1640 tam
1972 1587 2140 1642 libero

557 1670 728 1728 fecisti
773 1670 1019 1737 arbitrio,
1052 1688 1210 1743 quam
1261 1675 1402 1743 quod
1458 1674 1706 1731 universa
1738 1676 1791 1731 in
1823 1676 2140 1737 humilitatis

556 1774 757 1819 nostra:
782 1764 1165 1819 conscientiam
1197 1766 1461 1821 retulisti?
1489 1777 1543 1823 et
1567 1778 1745 1825 tamen
1770 1771 2021 1829 instinctu
2043 1774 2136 1833 Dei

554 1854 747 1910 factum
784 1855 1013 1912 fideliter
1034 1858 1415 1928 sapienterque
1445 1861 1642 1928 vidisti,
1676 1866 1945 1921 veraciter
1973 1866 2137 1923 fiden-

2246 672 2374 713 vasa
2419 656 2805 711 misericordia:
2839 656 3016 727 (itam.
3042 670 3117 722 ιι,
3146 654 3239 722 22,
3265 655 3378 726 25).
3410 657 3563 724 Quod
3588 659 3723 713 adeo
3751 668 3839 714 to-

2246 757 2356 804 tum
2386 747 2551 803 divini
2581 747 2761 817 operis
2784 762 2907 804 esse
2937 746 3184 815 sentitur,
3220 756 3278 801 ut
3300 745 3414 802 hzec
3439 748 3695 803 eiiicienti
3718 750 3838 805 Deo

2243 840 2539 910 gratiarum
2571 853 2789 909 semper
2813 840 2951 893 actio
2980 837 3258 909 laudisque
3287 837 3557 893 confessio
3586 854 3682 909 pro
3704 840 3836 895 illu-

2247 932 2545 987 minatione
2584 931 2793 999 talium,
2824 929 2912 985 vel
2942 929 3283 985 correctione
3303 928 3583 986 referatur.
3626 949 3643 981 ι
3682 930 3835 986 Rur-

2244 1037 2337 1078 sus
2367 1032 2486 1094 post
2522 1037 2724 1092 pauca:
2764 1041 2783 1074 ι
2823 1031 2847 1059 ο
2877 1022 2974 1077 His
3004 1035 3155 1092 ergo,
3206 1021 3398 1091 inquit,
3444 1022 3837 1079 ecclesiasticis

2244 1116 2439 1185 regulis
2468 1125 2519 1170 ct
2546 1130 2611 1170 ex
2636 1115 2817 1169 divina
2849 1115 3078 1184 sumptis
3109 1114 3431 1170 auctoritate
3464 1114 3829 1186 documentis,

2245 1210 2315 1265 ita
2349 1209 2637 1277 adjuvantc
2659 1208 2886 1263 Domino
2915 1208 3216 1264 confirmati
3247 1221 3455 1275 sumus,
3489 1218 3545 1263 ut
3582 1211 3832 1263 omnium

2244 1301 2504 1356 bonorum
2536 1301 2817 1356 affectuum
2864 1310 3024 1371 atque
3063 1314 3310 1371 operum,
3342 1311 3395 1355 et
3427 1302 3665 1355 omnium
3714 1313 3834 1356 stu-

2244 1394 2453 1449 diorum
2498 1396 2842 1465 omniumque
2888 1395 3165 1459 virtutum,
3199 1394 3393 1464 quibus
3423 1394 3492 1449 ab
3521 1395 3672 1449 initio
3701 1396 3831 1452 fidei

2244 1490 2311 1545 ad
2336 1489 2503 1545 Deum
2540 1489 2792 1555 tenditur,
2828 1489 2995 1544 Deum
3027 1488 3377 1557 profiteamur
3423 1496 3739 1554 auctorem;
3773 1500 3829 1544 et

2243 1597 2347 1637 non
2369 1582 2651 1636 dubitemus
2682 1582 2748 1637 ab
2778 1580 2946 1651 ipsius
2973 1581 3143 1651 gratia
3171 1580 3347 1635 omnis
3380 1581 3613 1636 hominis
3636 1588 3828 1638 merita

2244 1674 2547 1745 praeveniri,
2584 1690 2675 1743 per
2704 1690 2861 1743 quem
2894 1673 2953 1729 fit
2981 1682 3038 1729 ut
3058 1673 3256 1743 aliquid
3287 1674 3413 1729 boni
3449 1683 3504 1730 et
3527 1674 3663 1731 velle
3690 1678 3828 1731 inci-

2243 1768 2470 1836 piamus,
2502 1777 2553 1820 et
2581 1766 2777 1822 facere.
2805 1765 2922 1833 Quo
2949 1766 3133 1834 utique
3150 1765 3371 1832 auxilio,
3402 1774 3459 1821 et
3486 1782 3712 1823 munere
3736 1770 3826 1825 Dei

2242 1876 2343 1913 non
2374 1860 2607 1929 aufertur
2650 1859 2864 1913 liberum
2892 1858 3183 1925 arbitrium,
3214 1860 3302 1913 sed
3342 1860 3623 1926 liberatur;
3661 1870 3726 1916 ut
3760 1862 3826 1918 de

559 1958 746 2019 terque
768 1950 971 2017 dixisti,
1000 1952 1121 2007 ideo
1153 1954 1333 2021 utique
1354 1956 1476 2024 quia
1509 1966 1831 2027 preparatur
1855 1961 2087 2017 voluntas
2106 1980 2133 2016 α

2248 1951 2533 2006 tenebrOso
2585 1950 2842 2018 lucidum,
2876 1949 2941 2005 de
2969 1963 3136 2019 pravo
3179 1958 3405 2017 rectum,
3454 1952 3523 2005 de
3574 1952 3824 2021 languido

556 2041 778 2097 Domino
801 2041 1015 2115 (Ibid.),
1050 2054 1103 2098 et
1132 2056 1192 2100 ut
1226 2046 1349 2101 boni
1376 2048 1578 2118 aliquid
1607 2061 1760 2119 agant
1793 2056 2029 2121 paternis
2055 2056 2138 2110 in-

557 2134 939 2203 spirationibus
994 2152 1215 2192 suorum
1265 2139 1378 2208 ipse
1429 2140 1597 2209 tangit
1644 2144 1807 2198 corda
1857 2145 2135 2202 filiorum:

562 2227 817 2295 Quotquot
856 2228 985 2283 enim
1028 2230 1213 2301 spiritu
1263 2230 1358 2284 Dei
1406 2243 1650 2302 aguntur,
1686 2235 1738 2288 hi
1769 2236 1865 2304 [itii
1891 2246 2011 2291 sunt
2044 2240 2138 2293 Dei

564 2321 741 2389 (llam.
786 2336 899 2387 vni,
942 2321 1068 2392 54);
1104 2332 1162 2377 ut
1192 2338 1289 2378 nec
1320 2334 1563 2379 nostrum
1596 2325 1790 2383 deesse
1842 2330 2138 2387 sentiamus

554 2414 854 2483 arbitrium,
887 2424 942 2470 et
972 2415 1022 2469 in
1048 2415 1203 2471 bonis
1241 2419 1545 2489 quibusque
1574 2421 1863 2476 voluntatis
1888 2423 2134 2482 humanas

553 2505 776 2575 singulis
822 2506 1083 2573 motibus,
1116 2507 1287 2578 magis
1332 2510 1476 2565 illius
1514 2516 1817 2579 praevenire
1847 2532 1950 2570 non
1979 2516 2135 2574 dubi-

553 2605 728 2654 temus
755 2600 1012 2669 gratiam;
1042 2601 1183 2670 quod
1209 2602 1277 2656 ita
1305 2603 1445 2658 Deus
1477 2605 1529 2659 in
1558 2606 1815 2663 cordibus
1831 2608 2128 2681 hominum,

551 2694 790 2762 atquein
823 2694 940 2762 ipso
968 2694 1140 2749 libero
1180 2706 1435 2764 operetur
1468 2698 1709 2763 arbitrio,
1744 2711 1801 2755 ut
1827 2714 2009 2757 sancta
2041 2719 2131 2760 co-

550 2784 758 2852 gitatio,
790 2785 933 2853 pium
969 2787 1271 2856 consilium,
1305 2790 1587 2858 omnisque
1630 2801 1808 2847 motus
1850 2793 2005 2848 bonae
2044 2811 2135 2851 vo-

552 2875 772 2930 luntatis
792 2890 858 2930 ex
896 2876 1007 2932 Deo
1036 2878 1127 2941 sit,
1158 2879 1281 2946 quia
1316 2894 1412 2948 per
1442 2880 1590 2936 illum
1619 2883 1821 2953 aliquid
1854 2884 1980 2940 boni
2015 2902 2136 2955 pos-

552 2980 773 3030 sumus;
830 2966 946 3021 sine
997 2983 1103 3037 quo
1152 2968 1283 3023 nihil
1338 2986 1641 3039 possumus.
1689 2994 1709 3028 »
1751 2974 1845 3031 His
1896 2992 2134 3049 congrue

552 3057 895 3112 beatissimus
919 3058 1244 3116 leestinus
1268 3064 1322 3117 in
1352 3065 1575 3133 epistola
1609 3067 1675 3123 ad
1705 3068 1887 3125 Gallos
1909 3071 2031 3125 data
2055 3072 2081 3110 δ
2115 3092 2127 3129 :

559 3168 577 3199 ι
616 3148 745 3204 Cum
785 3150 952 3217 enim,
996 3153 1191 3223 inquit,
1244 3164 1547 3212 sanctarum
1595 3160 1831 3230 plebium
1874 3167 2132 3234 pra-sules

555 3243 804 3296 mandata
852 3244 954 3299 sibi
1012 3246 1279 3316 legatione
1314 3260 1336 3288 ο
1371 3250 1663 3321 funguntur
1709 3256 1848 3324 apud
1898 3258 2131 3316 divinam

2243 2058 2450 2108 sanum,
2482 2043 2549 2095 de
2579 2042 2902 2112 imprudenti
2931 2042 2999 2095 sit
3028 2040 3329 2111 providum.
3372 2060 3391 2094 ι
3426 2042 3707 2097 Terminat
3732 2060 3822 2099 au-

2243 2147 2347 2191 tem
2378 2137 2518 2190 idem
2552 2136 2806 2205 magister
2836 2134 2973 2189 hanc
3000 2135 3169 2204 ipsam
3198 2134 3481 2204 epistolam
3505 2144 3666 2204 atque
3696 2152 3821 2192 con-

2242 2229 2407 2285 cludit
2434 2229 2527 2293 ita,
2558 2228 2774 2283 dicens:
2813 2225 2831 2265 ι
2872 2245 2891 2279 ι
2928 2227 3064 2294 Quia
3094 2226 3159 2282 ad
3191 2227 3551 2282 confitendam
3590 2229 3817 2298 gratiam

2240 2320 2360 2388 Dei,
2386 2319 2539 2389 cujus
2581 2321 2730 2389 operi
2758 2333 2820 2374 ac
2848 2319 3140 2387 dignationi
3184 2319 3314 2375 nihil
3348 2321 3569 2389 penitus
3607 2322 3815 2377 subtra-

2239 2409 2474 2467 hendum
2511 2418 2613 2476 est,
2641 2410 2771 2465 satis
2797 2409 3051 2465 suftlcere
3090 2408 3386 2476 credimus,
3443 2410 3702 2480 quidquid
3736 2426 3815 2469 sa-

2237 2504 2471 2559 cundnm
2501 2502 2783 2572 prmdictas
2812 2501 3024 2572 regulas
3050 2502 3361 2573 apostolica:
3388 2501 3534 2557 sedis
3564 2518 3663 2558 nos
3685 2504 3813 2559 scri-

2236 2605 2325 2667 pta
2351 2598 2669 2662 docuerunt,
2697 2603 2753 2650 ut
2782 2608 3000 2665 prorsus
3027 2608 3134 2649 non
3162 2594 3448 2665 opinemur
3471 2595 3812 2661 catholicum,

2236 2693 2377 2762 quod
2393 2691 2945 2762 apparueritpraeiixis
2958 2684 3240 2747 sententiis
3265 2705 3388 2747 esse
3410 2693 3757 2747 contrarium.
3788 2710 3807 2744 ι

2236 2785 2382 2853 Haec,
2414 2785 2759 2845 sanctissimi,
2791 2798 2897 2838 non
2939 2784 3089 2854 quasi
3133 2782 3499 2854 ignorantibus
3521 2797 3813 2852 suggerere

2236 2864 3017 2944 necessariummstimavimus,
3034 2875 3125 2932 sed
3144 2876 3211 2931 ad
3223 2875 3594 2932 confutandum
3618 2890 3809 2931 eorum

2235 2971 2549 3037 amentiam,
2577 2970 2667 3041 qui
2700 2985 2761 3026 ea
2791 2979 2848 3024 ut
2876 2984 3016 3025 nova
3046 2968 3312 3039 dogmata,
3349 2978 3404 3024 et
3431 2978 3455 3016 8
3481 2969 3694 3036 penitus
3715 2968 3809 3024 Ec:

2235 3066 2414 3123 clesiis
2466 3064 2698 3120 inaudita
2730 3063 3022 3133 refugiunt,
3068 3064 3192 3119 huic
3220 3062 3497 3134 parvitatis
3518 3072 3715 3118 nostra:
3744 3062 3805 3116 li-

2235 3161 2378 3216 bello
2426 3160 2668 3215 inserere
2700 3158 2829 3213 utile
2866 3157 3241 3225 indicavimus.
3293 3155 3529 3223 Quarum
3575 3158 3803 3211 omnium

2236 3262 2543 3308 sanctorum
2574 3250 2792 3306 Patrum
2842 3250 3033 3305 imbuti
3076 3244 3357 3317 doctrinis,
3391 3250 3801 3305 anathematiza-

553 3335 919 3407 clementiam,
954 3337 1171 3395 humani
1208 3344 1420 3412 generis
1453 3358 1616 3416 agunt
1666 3321 1905 3420 causam,
1936 3363 1987 3407 et
2021 3364 2127 3410 tota
2160 3321 2206 3385 Ο
2238 3360 2357 3399 mus
2400 3342 2669 3414 Pelagium
2717 3350 2771 3397 et
2796 3340 3132 3403 Caelestinum,
3158 3341 3321 3396 simul
3358 3338 3521 3395 etiam
3552 3340 3801 3395 lulianum

552 3438 732 3481 secum
753 3426 989 3485 Ecclesia
1011 3432 1439 3502 congemiscente
1467 3439 1735 3507 postulant
1753 3452 1804 3496 et
1822 3456 2130 3515 precantur,

552 3527 609 3574 ut
642 3519 942 3578 infidelibus
971 3524 1199 3582 donetur
1228 3528 1383 3599 fides,
1416 3540 1471 3585 ut
1497 3532 1795 3591 idololatra}
1815 3538 1880 3591 ab
1906 3540 2130 3596 infideli-

549 3608 671 3663 tatis
698 3625 807 3666 sute
835 3614 1127 3670 liberentur
1154 3621 1459 3688 erroribus;
1486 3633 1542 3678 ut
1570 3625 1788 3695 Judmis,
1813 3630 1987 3684 ablato
2010 3647 2130 3686 cor-

550 3699 630 3754 dis
668 3702 950 3771 velamine,
999 3706 1088 3761 lux
1142 3711 1379 3766 veritatis
1424 3726 1713 3784 appareat;
1756 3728 1813 3773 ut
1858 3720 2122 3792 haeretici,

550 3796 827 3851 catholica:
860 3797 983 3853 fidei
1013 3803 1355 3871 perceptione
1404 3809 1740 3877 resipiscam,
1782 3820 1841 3865 ut
1868 3813 2130 3869 schisma-

550 3886 641 3940 tici
683 3887 928 3955 spiritum
972 3892 1222 3947 rediviva:
1266 3895 1503 3951 caritatis
1548 3902 1830 3969 accipiant,
1879 3914 1934 3958 ut
1966 3906 2131 3976 lapsis

548 3979 878 4048 ptenitentite
912 3983 1146 4039 remedia
1190 3987 1557 4058 conferantur,
1608 4002 1668 4047 ut
1713 3993 1942 4065 denique
1986 4011 2131 4056 cate-

544 4068 829 4125 chumenis
875 4074 941 4126 ad
985 4077 1405 4145 regenerationis
1453 4095 1790 4139 sacramenta
1834 4088 2127 4159 perductis,

544 4163 777 4218 caelestis
805 4166 1189 4223 misericordia:
1217 4172 1333 4226 aula
1360 4185 1650 4230 reseretur.
1676 4176 1993 4237 Htecautem
2020 4199 2125 4239 non

496 4317 503 4324 ἰ
544 4253 927 4322 perfunctorie,
965 4273 1135 4327 neque
1178 4259 1405 4316 inaniter
1429 4279 1457 4317 a
1490 4264 1721 4322 Domino
1750 4270 1855 4338 peti
1889 4271 1913 4307 ά
1947 4290 2125 4329 rerum

545 4343 779 4411 ipsarum
811 4358 1071 4402 monstrat
1104 4350 1354 4417 effectus;
1392 4358 1822 4429 quandoquidem
1855 4381 1919 4418 ex
1973 4371 2115 4423 omni

546 4449 784 4492 errorum
827 4453 1026 4509 genere
1062 4442 1327 4511 plurimos
1358 4446 1607 4515 dignatur
1651 4456 1941 4519 attrahere,
1993 4475 2128 4529 quos

546 4544 741 4587 ernens
772 4532 835 4587 de
856 4542 1120 4603 potestate
1143 4538 1504 4609 tenebrarum,
1533 4544 1787 4601 transfert
1816 4548 1867 4602 in
1902 4566 2126 4620 regnum

2241 3438 2616 3501 Eclanensem,
2647 3446 2699 3489 et
2728 3436 2815 3503 qui
2868 3435 2973 3491 illis
3021 3433 3217 3491 similia
3260 3434 3503 3502 sapiunt;
3554 3434 3800 3503 praecipue

2240 3530 2408 3585 libros
2435 3529 2615 3585 Fausti
2643 3529 2940 3585 Galliarum
2979 3525 3240 3598 episcopi,
3271 3527 3361 3597 qui
3391 3525 3460 3583 de
3490 3526 3797 3581 monasxerio

2239 3624 2505 3679 Lirinensi
2548 3632 2831 3692 provectus
2862 3631 2965 3687 est,
2995 3636 3135 3691 quos
3161 3631 3348 3677 contra
3382 3620 3794 3690 pra‘destinatio-

2238 3718 2321 3772 nis
2350 3715 2671 3771 sententiam
2702 3715 2932 3784 scriptos
2962 3727 3081 3769 esse
3109 3729 3215 3769 non
3237 3712 3457 3768 dubium
3484 3722 3589 3767 est.
3624 3712 3679 3766 in
3702 3709 3793 3780 qui-

2238 3813 2337 3867 bus
2368 3826 2473 3865 non
2521 3810 2697 3864 solum
2742 3820 2929 3862 contra
2980 3806 3171 3860 horum
3218 3805 3455 3860 omnium
3508 3816 3793 3859 sanetorum

2236 3909 2475 3974 Patrum,
2509 3920 2690 3959 verum
2718 3903 2875 3957 etiam
2902 3910 3088 3956 contra
3121 3900 3289 3970 ipsius
3317 3898 3564 3970 Apostoli
3596 3896 3621 3934 δ
3656 3895 3792 3954 tradi-

2239 4002 2437 4056 tionem
2489 3998 2747 4062 veniens,
2803 3996 3039 4049 humano
3089 3992 3259 4047 labori
3310 3990 3585 4061 subiungit
3634 3989 3791 4061 gratiae

2236 4091 2585 4160 adjuturium,
2628 4097 2788 4157 atque
2838 4094 2999 4141 totam
3042 4084 3265 4140 omnino
3312 4082 3510 4138 Christi
3552 4093 3790 4138 evacuans

2236 4184 2482 4254 gratiam,
2505 4182 2756 4250 antiquos
2799 4187 3012 4233 sanctos
3040 4191 3145 4232 non
3176 4191 3239 4232 ea
3268 4176 3438 4246 gratia
3470 4190 3574 4245 qua
3608 4184 3664 4229 et
3692 4186 3787 4231 nos,

2237 4274 2527 4332 secundum
2569 4271 2711 4341 quod
2745 4271 2902 4325 docet
2930 4269 3271 4326 beatissimus
3301 4268 3496 4323 Petrus
3543 4266 3787 4336 apostolus

2240 4368 2375 4438 (Act.
2407 4381 2497 4431 xv,
2529 4362 2639 4435 ii),
2661 4362 2754 4418 sed
2786 4370 2988 4417 natura:
3016 4360 3372 4431 possibilitate
3392 4358 3635 4415 salvatos
3661 4354 3787 4425 impie

2238 4461 2538 4530 profitetur.

614 4732 831 4824 {Edim
862 4736 930 4789 “‘1
972 4755 1157 4809 ΡαΡαηι
1188 4739 1505 4799 Romanum.
1544 4744 1667 4810 MS”
1700 4748 1770 4800 ad
1806 4756 2003 4821 papam‘
2025 4751 2128 4808 Zo-
2153 4754 2206 4815 D
2232 4771 2393 4824 neque
2418 4753 2637 4806 inaniter
2667 4770 2697 4806 a
2725 4751 2768 4803 D
2787 4751 2953 4824 omina
2989 4750 3115 4817 peti,
3150 4748 3245 4808 sed
3267 4746 3559 4816 eﬂicariter,
3589 4746 3781 4812 ipsalltttl

540 4801 742 4857 simum.

611 4893 637 4931 δ
663 4894 883 4953 C(elest.
918 4914 1037 4970 cap.
1061 4904 1115 4955 ‘2.

615 4999 637 5025 ο
668 4989 827 5057 Editi,
851 4997 1147 5064 fungantur.

611 5078 637 5115 ά
666 5082 755 5137 Sic
802 5101 881 5141 ms
948 5096 1001 5141 et
1048 5089 1177 5144 editi
1215 5103 1407 5162 praeter
1449 5098 1633 5167 Basil.,
1674 5102 1725 5158 in
1774 5121 1880 5177 quo
1912 5107 2111 5175 legitur

2235 4823 2439 4895 precum
2474 4835 2716 4877 monstrat
2745 4823 2978 4886 effectus.

2307 4910 2327 4935 ε
2357 4897 2574 4951 lecst.
2609 4909 2728 4963 cap.
2767 4895 2853 4949 i2.

2308 4968 2321 5005 τ
2364 4967 2528 5030 Idem,
2554 4981 2677 5035 cap.
2714 4965 2799 5020 15.

2301 5050 2323 5085 Β
2354 5050 2461 5090 ΑΙ..
2492 5052 2636 5090 vene.

2301 5050 2323 5085 ε
2426 5078 2436 5090 .
2524 5052 2636 5089 ene.

2298 5108 2322 5145 ¹ί
2354 5039 2590 5171 ἒίιοήξεά
2623 5106 2749 5162 editi
2781 5114 2980 5175 autem,
3007 5100 3484 5160 contradictionem.

3767 452 3845 508 9!

3880 5161 3885 5283 l

3880 5161 3885 5283 l

3939 3458 3941 3511 l

3937 3536 3939 3573 l

3935 3588 3937 3633 l
