3990 6390
205 411 278 466 δδ
1196 404 1481 459 VIGILIUS
1520 403 1604 457 TA
1616 400 1911 457 PSENSIS.
1960 400 2527 477 PROLEGOMENON.
3392 412 3462 473 94

213 531 3391 581 πεπτω-Μ

1448 622 1611 667 ANNO
1656 621 1885 667 DOMINI
1930 622 2160 666 DXVIII.

561 727 1631 893 VIGILIUS
1764 723 3096 887 TAPSENSIS.

1310 1055 1787 1137 NOTITIA
1852 1054 1989 1133 EX
2058 1056 2351 1134 CAVE.

269 1200 517 1277 Vigilius,
540 1208 694 1271 gente
725 1198 871 1265 Afer,
903 1199 1191 1269 Tapsensis
1224 1198 1337 1254 sive
1360 1196 1681 1269 'l‘apsitanus
1713 1194 1766 1251 in
1794 1196 1852 1263 Α
1946 1197 2095 1255 Liber
2122 1199 2183 1254 de
2216 1198 2421 1255 Unitate
2448 1196 2712 1257 Trinitatis
2754 1201 2823 1257 ad
2864 1200 3128 1271 Optatum,
3166 1201 3279 1259 sive
3326 1202 3449 1260 Dia-

200 1293 469 1363 provincia
499 1293 773 1364 Byzacena
803 1292 1107 1362 episcopus,
1130 1291 1324 1345 claruit
1349 1306 1487 1345 anno
1512 1290 1639 1358 484,
1664 1304 1769 1359 quo

179 1385 482 1451 ,llunnerici
522 1386 660 1454 regis
691 1393 958 1456 praecepto
986 1384 1357 1454 Carthaginem
1403 1392 1674 1448 evocatus,
1714 1390 1771 1435 ut

199 1479 456 1533 rationem
488 1478 609 1533 ﬁdei
640 1492 749 1533 suae
786 1477 1056 1544 redderet,
1090 1478 1307 1546 Eugenii
1340 1475 1769 1546 Carthaginensis

203 1571 509 1641 professioni
540 1571 660 1625 ﬁdei
720 1571 1058 1640 subscripsit,
1091 1580 1141 1625 et
1182 1584 1298 1623 cum
1328 1584 1391 1623 eo
1424 1583 1519 1639 pro
1552 1566 1653 1623 lida
1680 1580 1770 1623 ca-

205 1664 398 1719 tholica
419 1672 720 1719 constanter
744 1663 1008 1719 militavit.
1034 1662 1387 1718 Saevientibus
1408 1663 1457 1715 in
1476 1659 1770 1716 catholicos

202 1759 449 1814 Vandalis
491 1759 700 1814 Arianis
740 1759 961 1828 patriam
1006 1772 1154 1811 suam
1199 1756 1499 1811 deseruisse
1534 1754 1761 1809 videtur.

195 1847 683 1921 Constantinopolin
728 1849 1025 1919 profectum
1075 1864 1192 1904 esse
1224 1890 1238 1917 ,
1280 1858 1437 1918 atque
1488 1846 1557 1904 ibi
1602 1846 1767 1902 libros

193 1951 377 1997 contra
430 1943 725 2015 Eutychem
769 1941 1109 2009 condidisse,
1166 1940 1341 2011 prodit
1382 1938 1766 2008 Tlteodulphus

192 2033 588 2089 Aurelianensis
614 2079 627 2102 ,
661 2042 714 2088 et
738 2032 937 2088 IEneas
968 2031 1306 2087 Parisiensis.
1359 2030 1606 2101 Vigilium
1639 2046 1767 2086 sane

189 2125 326 2181 inter
350 2128 567 2183 Graecos
596 2127 807 2183 demum
839 2134 1102 2181 versatum
1131 2140 1249 2181 esse
1278 2140 1345 2180 ex
1389 2126 1558 2194 primo
1588 2124 1765 2195 operis

188 2217 341 2274 istius
372 2220 508 2275 libro
530 2235 634 2275 non
657 2222 884 2277 obscure
914 2219 1198 2291 colligitur.
1224 2218 1509 2289 Perperam
1534 2232 1651 2273 cum
1676 2217 1766 2272 Vi-

185 2312 315 2383 gilio
340 2313 653 2369 Tridentino
674 2315 958 2380 confusus;
988 2312 1318 2380 Scriptorum
1350 2312 1501 2367 istius
1523 2326 1583 2365 ac
1610 2325 1767 2380 supe-

185 2401 346 2460 rioris
376 2406 477 2460 sevi
512 2406 752 2461 notitiam
783 2404 875 2459 diu
901 2404 1053 2475 fugit.
1082 2401 1237 2459 Certe
1268 2402 1463 2471 scripta
1492 2402 1606 2471 ejus
1627 2402 1764 2457 inter

187 2492 414 2548 aliorum
443 2508 600 2564 opera
631 2488 986 2559 delituerant,
1028 2495 1125 2549 sub
1163 2494 1387 2549 aliorum
1420 2491 1643 2546 fortasse
1671 2506 1765 2545 uo-

1874 1286 2027 1359 logos
2060 1290 2197 1343 inter
2227 1289 2284 1343 S.
2331 1289 2681 1360 Augustinum
2721 1298 2775 1346 et
2823 1291 3148 1348 Felicianum
3189 1294 3443 1350 Arianum

1870 1396 1899 1435 a
1942 1379 2136 1451 Vigilio
2176 1383 2466 1438 conﬁctos:
2517 1384 2657 1439 inter
2706 1382 2991 1453 Augustini
3048 1401 3210 1458 opera
3260 1388 3445 1445 haberi

1871 1472 2025 1527 solet.

1942 1564 2019 1619 De
2048 1563 2295 1621 Trinitate
2325 1566 2567 1619 adversus
2616 1566 2970 1635 Varimadum,
3006 1582 3100 1625 seu
3144 1570 3441 1629 litterarum

1870 1656 2149 1712 Metatliesi
2195 1658 2543 1726 Marivadum,
2585 1666 2745 1714 sectae
2781 1658 2990 1715 Arianae
3038 1660 3344 1730 diaconum,
3391 1676 3445 1721 et

1870 1747 2173 1803 liunnerico
2213 1750 2323 1818 regi
2370 1748 2654 1804 admodum
2705 1750 3016 1821 gratiosum,
3050 1750 3170 1807 libri
3203 1761 3312 1810 tres
3344 1757 3444 1811 sub

1826 1853 1843 1889 ι
1870 1838 2025 1895 ldacii
2049 1838 2187 1896 Clari
2212 1841 2425 1897 nomine
2447 1856 2475 1895 a
2502 1841 2693 1912 Vigilio
2714 1842 2839 1897 olim
2859 1843 3170 1914 evulgati,et
3182 1845 3282 1902 sub
3302 1846 3444 1917 ejus-

1882 1931 1993 1987 dem
2020 1932 2232 1987 nomine
2256 1932 2393 2003 typis
2424 1933 2621 2002 smpius
2647 1932 2911 2003 impressi.

1937 2022 2087 2079 Liber
2107 2034 2282 2079 contra
2308 2024 2608 2079 Palladium
2637 2024 2883 2079 Arianum
2903 2025 3215 2098 episcopum,
3239 2027 3444 2084 duabus

1865 2127 2119 2174 constans
2165 2118 2426 2190 partibus,
2470 2133 2694 2189 quarum
2725 2120 2871 2189 prior
2915 2134 3011 2189 pro
3040 2119 3249 2176 concilii
3280 2120 3443 2193 Aqui-

1867 2212 2077 2269 leiensis
2108 2227 2232 2269 ann.
2258 2214 2355 2269 581
2388 2214 2549 2269 habiti
2571 2214 2702 2270 actis
2730 2214 2965 2271 exhibita
2987 2223 3069 2272 est
3094 2214 3146 2271 in
3177 2214 3443 2272 collectio-

1866 2307 2020 2362 nibus
2041 2307 2413 2372 concillorum,
2438 2323 2556 2378 quae
2580 2313 2700 2378 post
2716 2322 2913 2363 annum
2939 2308 3076 2365 1550
3097 2308 3439 2379 prodierunt;

1867 2399 2033 2454 altera
2072 2398 2225 2452 binas
2264 2398 2423 2452 habet
2452 2398 2736 2464 editiones,
2779 2407 3081 2470 utramque,
3115 2408 3173 2455 ut
3208 2399 3437 2467 videtur,

1871 2491 2101 2560 aVigilio
2122 2532 2135 2555 ,
2162 2490 2477 2560 evnigatam.
2510 2490 2689 2545 Prima
2715 2490 2899 2545 eadem
2929 2500 3012 2546 est
3040 2506 3159 2547 cum
3176 2490 3442 2549 Ambrosii

186 2586 336 2641 mine
364 2585 431 2639 ab
453 2587 567 2655 ipso
595 2586 786 2657 Vigilio
819 2587 1045 2657 primum
1077 2586 1217 2641 edita
1248 2599 1310 2640 ac
1340 2584 1633 2657 supposita,
1661 2584 1759 2639 hac
1790 2568 1837 2629 Β
1865 2581 2003 2635 libro
2030 2579 2093 2634 de
2116 2578 2247 2633 Fide
2264 2597 2353 2634 seu
2393 2581 2453 2633 de
2493 2578 3021 2635 Consubstantialitate
3055 2579 3180 2635 Filii
3201 2598 3310 2634 cum
3337 2579 3443 2634 Pa-

183 2677 377 2731 saltem
420 2677 650 2741 ratione,
697 2678 770 2732 uti
812 2687 1056 2733 accurate
1093 2676 1305 2745 conjicit
1345 2674 1665 2743 Cbilﬂetius,
1710 2683 1765 2729 ut

180 2768 511 2823 Arianorum
552 2769 729 2825 odium
761 2780 918 2840 atque
960 2769 1207 2823 invidiam
1237 2769 1461 2839 fugeret.
1502 2768 1763 2838 tantisque

181 2859 489 2915 numinibus
519 2861 796 2930 prmtensis
842 2860 941 2915 sibi
973 2859 1254 2931 suffugium
1286 2904 1299 2929 ,
1338 2859 1550 2929 scriptis
1580 2870 1760 2914 aucto-

183 2952 398 3007 ritatem
425 2962 651 3022 pareret.
682 2952 917 3008 Tandem
941 2967 1101 3023 opera
1120 2953 1233 3023 ejus
1260 2952 1491 3023 undique
1511 2953 1751 3023 quaesita,

177 3051 231 3097 et
251 3044 459 3099 auctori
489 3059 585 3099 suo
612 3044 899 3113 vindicata,
943 3046 1162 3116 collegit
1189 3045 1505 3100 Franciscus
1543 3043 1757 3099 Chiflle-

176 3136 282 3192 tius
314 3151 475 3207 supra
515 3137 757 3194 laudatus
786 3180 800 3204 ,
831 3147 883 3195 et
910 3138 1151 3209 sequenti
1182 3137 1369 3193 ordine
1396 3136 1678 3206 disposuit.

245 3234 505 3290 Adversus
536 3234 834 3301 Nestorium
863 3242 908 3288 et
938 3232 1219 3304 Eutychem
1247 3233 1361 3287 libri
1394 3232 1434 3285 V
1462 3249 1554 3305 pro
1584 3232 1755 3302 defen-

171 3326 316 3381 sione
336 3326 521 3396 synodi
550 3325 991 3393 Chalcedonensis,
1020 3325 1107 3396 qui
1131 3324 1229 3379 'sub
1250 3324 1429 3395 Vigilii
1454 3323 1753 3377 Tridentini

170 3420 395 3474 nomine
418 3418 699 3488 aliquoties
725 3417 1055 3487 prodierunt,
1089 3401 1288 3486 Tiguri,
1328 3415 1485 3481 1559,
1511 3413 1702 3470 deinde
1724 3429 1752 3467 a

170 3511 481 3567 Cassandro
511 3512 638 3567 editi
676 3511 889 3575 Colon.,
933 3511 1100 3576 1575,
1144 3510 1311 3573 in-8”,
1342 3516 1396 3564 et
1426 3512 1565 3563 inter
1592 3522 1752 3577 opera

169 3601 480 3669 Cassandri,
515 3618 567 3672 p.
600 3601 726 3669 5H,
766 3600 1158 3656 emendatiores
1183 3608 1235 3653 et
1260 3599 1522 3653 auctiores
1553 3612 1581 3651 a
1609 3597 1752 3653 Josia

168 3695 409 3752 Simlero
434 3696 561 3751 editi
598 3697 837 3764 Basileaz,
872 3695 1028 3759 1571,
1061 3701 1220 3763 atque
1249 3693 1395 3747 alibi.

238 3790 522 3846 Altercatio
562 3789 653 3843 sub
698 3790 901 3843 nomine
938 3786 1208 3841 Athanasii
1232 3785 1489 3839 adversus
1530 3783 1708 3838 Arium
1732 3828 1747 3853 ,

1848 2671 1977 2733 tre:
2006 2671 2256 2740 secunda,
2279 2687 2399 2743 quae
2422 2673 2630 2728 auctior
2652 2683 2753 2738 est,
2780 2673 2967 2729 eadem
2990 2682 3069 2728 est
3092 2687 3212 2728 cum
3238 2672 3440 2743 Grego-

1863 2764 1927 2821 rii
1968 2763 2283 2819 Nazianzeni
2319 2764 2561 2819 Oratione
2598 2765 2687 2821 59.
2726 2764 2886 2835 Operi
2928 2764 3281 2834 subjiciuntur
3321 2763 3441 2821 dua:

1861 2856 2073 2912 concilii
2125 2857 2480 2927 Aquileiensis
2533 2858 2804 2928 epistolae,
2858 2858 3022 2915 altera
3070 2858 3139 2912 ad
3183 2860 3439 2932 episcopos

1862 2945 2068 3014 Galliae,
2092 2949 2258 3003 altera
2286 2949 2355 3001 ad
2383 2947 2686 3004 Gratianum
2713 2959 2767 3005 et
2805 2948 3221 3005 Valentinianum
3250 2951 3435 3022 iMpp.,

1860 3056 1979 3113 quae
2010 3042 2219 3097 concilii
2242 3043 2377 3098 actis
2408 3042 2823 3099 annumerandze
2848 3053 2991 3099 sunt.
3024 3042 3174 3112 Quod
3192 3043 3257 3098 ad
3288 3044 3434 3113 prio-

1859 3149 1971 3190 rem
2003 3135 2212 3200 attinet,
2244 3136 2527 3192 confictam
2572 3152 2691 3194 esse
2731 3152 2761 3192 a
2804 3137 2993 3209 Vigilio
3034 3137 3171 3193 hanc
3199 3137 3437 3208 disputa-

1857 3226 2057 3283 tionem
2103 3228 2203 3283 sub
2244 3234 2483 3283 actorum
2534 3229 2723 3300 synodi
2768 3212 3141 3301 Aquileiensis
3182 3231 3431 3301 nomine,

1857 3318 2015 3389 longo
2053 3319 2507 3389 conjecturarum,
2566 3321 2741 3391 potius
2777 3337 2933 3391 quam
2976 3329 3432 3392 argumentorum,

1856 3411 2067 3481 agmine
2098 3411 2373 3467 contendit
2400 3410 2701 3468 Chimetius
2736 3433 2747 3466 :
2782 3413 2923 3484 quod
2946 3412 3159 3484 quidem
3194 3412 3319 3468 mihi
3347 3428 3433 3469 ne-

1856 3517 2119 3573 quaquam
2143 3504 2435 3560 verisimile
2466 3504 2711 3561 videtur:
2746 3520 2918 3575 neque
2941 3513 3101 3560 tanta:
3129 3513 3273 3570 sunt,
3298 3519 3431 3574 quas

1856 3595 2032 3663 aﬂert,
2062 3596 2402 3661 ratiunculre;
2446 3606 2505 3652 ut
2539 3598 2592 3651 in
2632 3598 2695 3652 iis
2722 3596 3030 3653 reiellendis
3055 3598 3425 3654 lmmoremur.

1856 3686 2015 3742 Certe
2035 3687 2295 3756 genuinus
2320 3686 2467 3744 hisce
2487 3688 2698 3745 concilii
2721 3688 3076 3759 Aquileiensis
3100 3689 3246 3745 Actis
3268 3704 3428 3744 nemo

1854 3780 2091 3836 movebit
2122 3780 2293 3848 litem,
2321 3782 2447 3849 quin
2486 3780 2672 3837 eadem
2711 3781 2949 3851 ratione,
2992 3789 3047 3836 et
3088 3781 3276 3837 iisdem
3316 3779 3428 3837 fere

167 3885 283 3939 sive
316 3882 516 3953 Dialogi
542 3883 645 3937 duo
675 3883 725 3937 in
749 3882 974 3939 concilio
994 3881 1209 3936 Nicmuo
1232 3880 1372 3935 inter
1399 3878 1747 3934 Athanasium
1786 3947 1820 3953 _
1853 3872 2180 3942 argumentis
2210 3871 2433 3927 aliarum
2474 3872 2800 3945 synodorum
2833 3874 2962 3927 Acta
2990 3872 3045 3926 in
3085 3872 3301 3928 dublum
3332 3886 3428 3927 vo-

166 3986 219 4034 et
244 3978 428 4032 Arium
462 3976 647 4044 habiti,
671 3975 841 4031 Probo
866 3974 1064 4045 judice.

240 4069 451 4137 Dialogi
476 4068 576 4122 sive
597 4067 960 4121 Altercationes
992 4063 1111 4131 111,
1140 4063 1208 4118 ab
1242 4062 1531 4117 Athanasio
1562 4071 1746 4116 contra

162 4160 358 4216 Arium
382 4200 394 4222 ,
427 4159 715 4215 Sthenium
747 4168 798 4213 et
829 4158 1110 4211 Photinum
1157 4170 1338 4210 coram
1372 4154 1545 4208 Probo
1568 4153 1747 4223 judice

163 4252 397 4309 habitae.
442 4250 585 4304 Idem
611 4266 729 4303 cum
762 4250 936 4319 priore
964 4263 1097 4319 opus
1136 4247 1461 4303 censendum
1493 4252 1613 4311 est,
1645 4246 1748 4300 hoc

164 4351 380 4399 tantum
413 4340 720 4399 discrimine
758 4340 1063 4396 distinctum
1096 4355 1111 4396 :
1141 4339 1280 4409 quod
1313 4340 1459 4409 prius
1488 4338 1540 4393 in
1571 4336 1747 4393 Africa

164 4436 438 4505 aVigilio,
488 4433 613 4489 dum
658 4430 929 4487 Vandalus
966 4430 1139 4485 adhuc
1184 4430 1424 4495 timeret,
1466 4440 1520 4485 et
1566 4428 1634 4483 ab
1680 4427 1746 4483 iis

164 4529 387 4601 agnosci
417 4527 602 4594 nollet,
633 4526 886 4595 scriptum
913 4524 1100 4591 fuerit;
1133 4538 1194 4577 ac
1237 4522 1303 4578 ab
1327 4522 1501 4577 Africa
1530 4535 1745 4591 egresso

164 4624 383 4679 demum
416 4619 745 4690 recognitum
771 4617 1083 4689 praefatione
1117 4615 1437 4680 mutilatum,
1471 4614 1602 4669 locis
1632 4612 1743 4683 ple-

164 4713 352 4783 risque
386 4712 681 4777 eiimatum,
703 4720 759 4765 et
789 4710 993 4778 integro
1020 4706 1155 4761 libro
1186 4705 1345 4761 tertio
1375 4704 1528 4759 Probi
1548 4702 1742 4774 judicis

164 4805 486 4862 sententiam
534 4796 817 4872 complex'o
864 4808 1099 4855 auctum.
1143 4798 1436 4867 Utrumque
1477 4798 1529 4851 in
1578 4810 1739 4850 unum

164 4915 299 4970 opus
331 4898 758 4967 compaginatum
810 4895 909 4949 sub
955 4892 1127 4961 Vigiiii
1173 4890 1474 4946 Tridentini
1527 4889 1741 4945 nomine

164 4994 334 5051 edidit
357 4992 552 5061 Georg.
581 4988 881 5044 Cassander
908 5000 1010 5042 una
1042 5001 1162 5040 cum
1193 4984 1339 5039 libris
1360 4983 1611 5038 adversus
1638 4983 1743 5037 Eu-

165 5085 443 5158 tycheten,
468 5081 679 5147 Colon.,
712 5079 873 5145 1575,
907 5086 961 5133 et
992 5078 1129 5131 inter
1156 5090 1317 5145 opera
1348 5089 1441 5129 sua
1471 5090 1590 5144 pag.
1613 5073 1738 5129 460.

166 5179 368 5250 Dialogi
402 5178 607 5247 priores
626 5176 731 5231 duo
762 5174 900 5229 inter
923 5170 1197 5227 Athanasii
1221 5184 1380 5239 Opera
1404 5169 1576 5223 locum
1604 5166 1743 5223 male

164 5271 411 5325 obtinere
440 5267 631 5323 solent.

1773 3947 1824 4010 (ἶ
1850 3979 1974 4019 care
2003 3964 2189 4035 possit.

1922 4054 2215 4111 Solutiones
2238 4054 2578 4125 objectionum
2604 4055 2934 4121 Arianorum,
2958 4067 3091 4121 quas
3111 4054 3284 4123 primo
3306 4052 3425 4105 Dia-

1846 4147 1970 4215 logo
2001 4147 2099 4199 sub
2124 4145 2340 4199 nomine
2369 4144 2643 4198 Athanasii
2676 4152 2865 4197 contra
2895 4142 3128 4196 Arianos
3156 4156 3184 4194 a
3208 4140 3424 4209 Vigilio,

1848 4247 2133 4306 antequam
2178 4236 2464 4290 secundam
2510 4234 2844 4302 dialogorum
2877 4235 3101 4289 istorum
3133 4234 3421 4289 editionem

1851 4329 2146 4395 moliretur,
2175 4327 2412 4396 adjectas
2437 4341 2555 4382 esse
2585 4326 2802 4396 conjicit
2828 4324 3150 4381 Chiflletius.

1916 4422 2089 4491 Opera
2122 4422 2222 4475 ista
2252 4435 2408 4490 supra
2450 4427 2757 4475 enumerata
2798 4419 2849 4473 in
2890 4434 3053 4474 unum
3085 4419 3332 4490 collegit,
3362 4433 3425 4475 ac

1847 4515 1987 4569 notis
2015 4522 2063 4567 et
2091 4512 2556 4584 dissertationibus
2587 4509 2844 4566 illustrata
2877 4510 3241 4568 edidit-Petrus
3258 4512 3426 4566 Fran-

1843 4604 2015 4660 ciscus
2040 4603 2357 4667 Chillletius,
2393 4603 2636 4671 Divione,
2682 4602 2840 4670 1664,
2886 4601 3051 4656 in-4°.
3100 4601 3306 4658 Exinde
3328 4602 3421 4656 ba-

1843 4696 2035 4753 bentur
2065 4694 2406 4750 Bibliotheca:
2429 4695 2572 4749 Patr.
2598 4701 2730 4748 tom.
2764 4691 2896 4757 Vlil,
2927 4708 2982 4763 p.
3013 4693 3135 4747 722.

1916 4788 2190 4842 Altercatio
2214 4787 2317 4840 sive
2340 4785 2590 4855 Dialogus
2612 4784 2669 4840 S.
2699 4785 2979 4855 Augustini
3007 4801 3119 4838 cum
3154 4783 3426 4840 Pascentio

1843 4878 2036 4933 Ariano
2057 4893 2228 4932 coram
2246 4877 2424 4947 judice
2448 4875 3001 4945 l.aurentio,aVigilio
3030 4875 3287 4943 conficta,
3312 4885 3366 4931 et
3393 4892 3423 4933 a

1844 4973 2093 5031 Patribus
2124 4971 2483 5028 Benedictinis
2500 4971 2803 5026 novissimae
2829 4984 3049 5040 operum
3071 4970 3127 5025 S.
3146 4971 3423 5041 Augustini

1844 5066 2097 5122 editionis
2129 5064 2467 5121 curatoribus
2496 5064 2727 5134 primum
2759 5064 2812 5120 in
2839 5063 3013 5120 lucem
3040 5072 3215 5131 eruta,
3240 5072 3293 5120 et
3312 5064 3427 5134 epis

1844 5160 2100 5215 stolarum
2129 5158 2245 5228 ejus
2266 5157 2546 5228 appendici
2574 5157 2838 5213 subnexa.

1916 5250 2219 5321 Symbolum
2241 5250 2362 5319 ﬁdei
2385 5250 2477 5305 sub
2516 5249 2785 5304 Athanasii
2812 5250 3013 5305 nomine
3045 5247 3421 5316 circumlatum,

234 5361 310 5416 De
334 5360 601 5425 Triuitate,
633 5359 734 5413 sive
763 5358 826 5411 de
855 5356 999 5411 unita
1028 5354 1280 5417 Trinitate
1319 5352 1536 5407 Deitatis
1564 5362 1742 5407 contra
1766 5312 1820 5373 Β
1844 5352 1899 5399 ει
1941 5344 2078 5398 inter
2120 5342 2265 5397 illius
2303 5356 2465 5412 opera
2497 5343 2791 5412 vulgatum.
2831 5341 2887 5397 Id
2930 5341 3145 5413 Vigilio,
3191 5354 3289 5394 nos
3317 5352 3423 5399 non

166 5452 494 5507 Marivadum
523 5451 771 5505 Arianum
798 5450 912 5504 libri
941 5447 1079 5502 XII.
1111 5446 1329 5517 Neapoli
1354 5447 1404 5501 in
1449 5445 1739 5515 Campania

164 5547 374 5614 scripti,
407 5552 462 5600 et
501 5542 789 5598 Athanasio
818 5540 1111 5612 suppositi;
1144 5540 1243 5596 sub
1273 5539 1423 5609 cujus
1453 5539 1612 5594 etiam
1642 5552 1742 5594 no-

165 5641 307 5695 mine
329 5646 536 5709 septem
567 5636 775 5708 priores
803 5635 926 5691 libri
955 5634 1007 5689 in
1052 5633 1285 5689 editione
1315 5632 1591 5688 Athanasii
1618 5632 1743 5688 fieis-

82 5782 89 5785 _
166 5728 501 5801 deibergensi
554 5727 896 5798 prodierunt;
951 5725 1143 5796 integri
1192 5740 1320 5780 vero
1360 5723 1638 5780 duodecim
1686 5724 1738 5779 in

163 5810 403 5897 'editione
438 5821 744 5886 Parisiensi,
791 5818 843 5873 in
886 5818 1131 5874 undecim
1166 5826 1341 5872 tamen
1385 5816 1525 5873 male
1558 5815 1734 5886 divisi,

165 5904 376 5972 duobus
400 5912 782 5985 posterioribus
808 5911 960 5969 libris
985 5910 1040 5967 in
1061 5925 1223 5967 unum
1250 5907 1512 5965 conﬂatis.

1846 5436 2031 5499 invita,
2053 5435 2129 5489 uti
2150 5434 2444 5503 credimus,
2460 5434 2711 5502 veritate,
2725 5433 3098 5491 ascribendum
3120 5444 3423 5488 censemus.

1848 5528 1981 5585 Vide
2004 5528 2153 5599 plura
2183 5528 2236 5583 in
2260 5528 2572 5583 Athanasio.

1916 5625 2180 5682 Caeterum
2203 5638 2231 5680 a
2262 5624 2464 5695 Vigilio
2491 5622 2745 5695 quodam,
2773 5620 3026 5676 Africano
3044 5616 3315 5690 episcopo,
3341 5618 3424 5677 iu-

1846 5720 2118 5778 colentum
2143 5718 2205 5771 de
2230 5717 2371 5772 mille
2391 5731 2665 5783 annorum,
2697 5713 2784 5785 qui
2816 5713 2869 5766 in
2906 5710 3215 5782 Apocalypsi
3240 5712 3426 5785 pradi-

1848 5822 2052 5880 cuntur,
2094 5810 2432 5879 intelligentia
2469 5813 2740 5861 tractatum
2777 5802 3079 5861 confectum
3105 5817 3226 5861 esse
3254 5804 3426 5875 prodit

1845 5904 2201 5964 Cassiodorus
2232 5903 2253 5974 (
2280 5902 2459 5959 Divin.
2486 5899 2636 5955 Lect.
2667 5898 2708 5957 ι.
2750 5914 2791 5970 I,
2816 5913 2867 5956 c.
2897 5897 2977 5972 9).
3005 5896 3194 5957 Utrum
3217 5898 3263 5955 is
3289 5896 3408 5967 νίαί
