3990 6390
531 398 601 455 95
1480 446 1483 449 ,
1851 385 1880 438 ν
1892 383 2072 439 ιωωι
2112 383 2479 441 TAPSENSIS
3735 383 3814 437 96

532 515 632 570 lius
653 520 833 566 noster
856 510 1017 564 fuerit
1039 509 1197 579 plane
1224 508 1482 563 incertum
1504 514 1603 559 εει.
1624 502 1677 557 ld
1697 514 1923 569 certum,
1950 516 2107 571 opus,
2137 502 2189 563 Α
2216 502 2403 569 sciam,
2434 504 2641 559 ratione
2671 508 2882 573 ductus,
2918 506 3115 559 nullius
3156 505 3472 560 auctoritate
3496 504 3681 560 fultus.
3721 502 3811 556 De

531 607 899 676 qualecunque
923 601 1101 665 fuerit,
1134 599 1418 653 interiisse.

605 696 845 765 Denique
868 695 1048 748 mirari
1073 694 1217 759 licet,
1245 692 1369 762 quid
1396 690 1495 746 sibi
1528 690 1654 745 velit
1678 688 1974 743 Casimirus
2000 686 2108 742 Ou-

531 792 645 854 din,
675 790 763 860 qui
786 804 891 843 non
922 803 1029 841 uno
1061 804 1111 841 tn
1142 788 1257 841 loco
1280 784 1501 839 Arnobii
1532 783 1770 839 Junioris
1799 797 1920 836 cum
1946 781 2106 834 Sera-

532 884 690 953 pione
730 882 1034 935 conflictum
1066 877 1255 948 Vigilio
1292 885 1475 931 nostro
1507 876 1727 941 tribuat,
1770 874 1935 939 nulla,
1968 873 2112 943 quod

2216 593 2315 647 hac
2336 595 2477 649 enim
2505 610 2561 650 re
2594 612 2659 651 ne
2694 601 2790 673 γρὺ
2822 598 3033 668 quidem
3068 598 3249 666 habet,
3280 599 3367 667 qui
3400 598 3579 652 omnia
3615 594 3808 665 Vigilii

2214 701 2379 756 opera
2395 692 2645 757 corrasit,
2669 706 2810 759 smpe
2833 692 3005 745 dictus
3026 691 3349 756 Lhiﬂletius;
3376 692 3620 761 quamvis
3642 690 3808 745 illum

2216 780 2266 833 in
2292 790 2468 848 partes
2497 796 2685 836 vocare
2709 784 2845 838 velle
2876 785 3136 839 videatur.

551 1044 3800 1070 Μ

1178 1164 1961 1328 graius
2058 1142 3165 1295 TAPSENSIS

663 1341 738 1410 c
989 1349 1861 1479 CONTRA
1996 1348 3357 1507 EUTYCHETEM

1754 1544 2021 1622 LIBRI
2044 1512 2052 1521 ’
2080 1545 2572 1640 QUINQUE.

1986 1711 2310 1724 ἡ.

1551 1815 2034 1924 LIBER
2109 1816 2775 1926 PRIMUS.

599 1994 642 2061 ι
677 1989 716 2043 l.
758 1987 998 2057 Magnum
1027 1994 1081 2042 et
1122 2000 1284 2057 grave
1331 1985 1451 2040 fidei
1492 1985 1807 2055 periculum,
1840 1984 1980 2053 quod
2010 1998 2109 2039 nec
2140 1986 2186 2045 B
2214 1983 2468 2037 sitionum
2511 1984 2952 2059 laqueisaoimas
2978 1986 3161 2040 venari
3199 1987 3551 2043 Christianas.
3582 1990 3695 2047 Sed
3720 1993 3802 2047 ni-

526 2084 676 2139 facile
724 2082 947 2144 sentiri,
1010 2095 1108 2135 nec
1158 2079 1309 2133 facile
1367 2093 1396 2132 a
1450 2078 1715 2147 plerisque
1770 2078 1943 2132 valeat
1996 2078 2106 2132 evi-

525 2178 621 2232 tari
670 2174 962 2248 (quoniam
1034 2180 1117 2228 est
1191 2171 1399 2239 pietatis
1446 2171 1623 2239 specie
1680 2170 2105 2239 obumbratnm)

523 2286 617 2342 per
644 2271 837 2325 multas
866 2270 1101 2325 Orientis
1133 2270 1397 2326 Ecclesias
1434 2268 1727 2324 domestica
1764 2270 2107 2324 contentione

523 2363 754 2433 grassari
786 2364 1181 2431 comperimus;
1215 2372 1267 2417 et
1301 2378 1367 2419 eo
1407 2377 1575 2431 usque
1607 2362 1863 2432 pertinaci
1902 2364 2107 2418 animo-

521 2470 638 2509 rum
669 2454 1026 2509 obstinatione
1046 2454 1282 2521 defendi,
1309 2462 1363 2508 ut
1393 2469 1491 2509 nec
1520 2455 1859 2524 antiquorum
1889 2453 2103 2508 Patrum

521 2546 892 2601 traditionibus
923 2590 937 2614 ,
983 2562 1081 2602 nec
1130 2547 1497 2618 religiosorum
1553 2548 1850 2616 principum
1901 2549 2105 2619 severis

519 2638 882 2693 sanctionibus
919 2640 1089 2708 possit
1110 2639 1193 2695 vel
1223 2642 1452 2709 potuerit
1478 2641 1764 2708 amputari.
1795 2640 2104 2697 Praeventus

521 2732 660 2787 enim
708 2732 853 2787 falsae
892 2734 1159 2801 opinionis
1194 2747 1381 2787 errore
1434 2733 1699 2788 humanus
1745 2734 1978 2803 auditus,
2037 2734 2105 2789 ad

520 2823 633 2877 veri
662 2824 924 2877 rationem
956 2823 1354 2892 percipiendam
1387 2824 1550 2878 durus
1573 2834 1628 2878 et
1669 2825 1998 2891 perdifficilis
2027 2825 2107 2879 in-

522 2912 781 2979 venitur,
822 2917 1246 2993 quantiscunque
1302 2917 1527 2971 testibus
1574 2926 1844 2987 urgeatur.
1906 2918 2108 2972 Mavult

524 3008 665 3061 enim
700 3008 843 3074 pravi
872 3008 1136 3078 dogmatis
1165 3010 1502 3071 sententiam,
1548 3025 1649 3079 qua
1682 3010 1848 3065 semel
1879 3010 2106 3066 infectus

524 3109 626 3164 est,
658 3102 961 3169 perversius
982 3100 1274 3166 vindicare,
1310 3117 1467 3172 quam
1504 3103 1641 3158 hanc
1668 3103 1910 3159 eamdem
1946 3107 2105 3161 tantis

524 3189 815 3245 divinarum
848 3192 1308 3263 humanarumque
1356 3194 1526 3265 legum
1576 3197 1980 3252 auctoritatibus
2024 3214 2105 3253 re-

524 3284 744 3341 futatam
788 3288 1053 3343 salubrius
1100 3283 1401 3345 immutare.
1468 3290 1593 3345 Hcce
1643 3305 1770 3361 ergo
1816 3291 2100 3362 perniciosi

2209 2074 2281 2128 hil
2312 2090 2528 2141 novum,
2556 2077 2685 2130 nihil
2710 2079 3050 2148 peregrinum
3075 2080 3331 2135 Ecclesite
3354 2081 3613 2139 fortitudo
3641 2101 3806 2155 expe-

2208 2169 2364 2234 ritur,
2398 2169 2590 2224 talibus
2623 2186 2754 2237 pene
2784 2171 2852 2226 ab
2870 2173 3130 2227 universis
3158 2175 3422 2230 hzereticis
3442 2179 3800 2247 quaestionum

2211 2263 2507 2317 turbinibus
2526 2265 2753 2334 agitata;
2778 2266 3103 2336 triumphum
3130 2270 3195 2321 de
3212 2271 3515 2335 contrariis,
3534 2281 3587 2327 et
3610 2272 3800 2328 immo-

2212 2358 2472 2413 bilitatem
2505 2360 2694 2429 sortita
2718 2360 2786 2415 de
2808 2361 3066 2417 adversis.
3100 2363 3228 2417 Nam
3260 2364 3384 2418 dum
3418 2380 3478 2421 se
3498 2376 3682 2422 contra
3714 2368 3803 2423 Sa-

2208 2436 2428 2504 bellium
2462 2451 2728 2521 armigero
2756 2453 3045 2508 cartamine
3076 2463 3306 2521 aptaret,
3331 2455 3453 2511 Filii
3492 2468 3651 2525 atque
3678 2458 3800 2529 Spi-

2208 2542 2341 2596 ritus
2357 2543 2526 2595 sancti
2550 2556 2900 2610 personarum
2917 2546 3457 2603 exstantiasvindicat
3473 2566 3488 2614 ;
3506 2551 3646 2620 quod
3665 2552 3803 2607 alius

2208 2635 2276 2689 sit
2307 2635 2395 2702 qui
2422 2636 2611 2705 gignit,
2656 2647 2709 2690 et
2748 2637 2882 2691 alius
2919 2640 3285 2709 quigignitur;
3316 2652 3369 2696 et
3398 2643 3533 2697 alius
3577 2646 3643 2699 sit
3672 2660 3801 2715 pro-

2208 2729 2425 2794 cedens,
2479 2730 2614 2785 alius
2644 2730 2710 2785 de
2739 2746 2844 2799 quo
2889 2733 3157 2801 procedit;
3208 2736 3345 2791 alius
3378 2737 3604 2803 mittens,
3655 2739 3803 2794 alius

2209 2820 2434 2885 missus;
2464 2820 2599 2874 alius
2634 2822 2773 2876 Deus
2806 2822 3036 2877 Verbum
3066 2827 3156 2896 qui
3193 2826 3259 2880 de
3289 2824 3499 2897 Virgine
3527 2830 3800 2899 nascitur,

2210 2911 2344 2965 alius
2370 2913 2526 2967 Pater
2552 2914 2639 2983 qui
2671 2925 2948 2984 permanet
2976 2932 3190 2988 semper
3246 2921 3499 2987 innatus;
3532 2922 3670 2978 alius
3708 2928 3800 2994 qui

2210 3017 2308 3073 per
2329 3004 2784 3074 dispensationem
2817 3009 3016 3074 carnis,
3050 3020 3237 3066 cuncta
3271 3023 3467 3068 nostrai
3501 3013 3797 3084 fragilitatis

2209 3095 2384 3152 officia
2416 3101 2616 3167 explet,
2669 3103 2806 3157 alius
2838 3104 2995 3158 Pater
3018 3105 3109 3174 qui
3157 3107 3272 3161 sine
3304 3107 3387 3161 his
3417 3110 3667 3165 omnibus
3692 3126 3797 3165 ma.

2210 3202 2319 3245 net.
2350 3192 2543 3247 Videas
2572 3194 2712 3249 illico
2740 3196 2922 3251 Arium
2963 3208 3207 3266 tanquam
3253 3200 3592 3270 triumphalis
3635 3204 3795 3259 vieto-

2209 3285 2301 3340 riaa
2324 3298 2568 3356 suscepta
2612 3291 2830 3344 materia
2855 3292 3046 3347 elatius
3072 3294 3347 3359 insultare,
3372 3305 3425 3349 et
3449 3296 3550 3350 sub
3567 3295 3795 3351 detesta-

524 3379 853 3435 discriminis
900 3382 1111 3437 lethalis
1157 3392 1211 3437 et
1253 3383 1523 3437 mortifera
1565 3383 1732 3453 pestis
1779 3384 1917 3438 intra
1952 3399 2112 3439 vene-
2138 3379 2311 3436 (δὺίιί
2346 3380 2579 3449 perfidiae
2607 3397 2717 3436 suae
2765 3383 2913 3451 jugo,
2939 3384 3173 3439 fidelium
3205 3387 3343 3441 velle
3359 3388 3499 3444 colla
3532 3389 3793 3459 subigere.

525 3472 723 3528 randos
757 3473 1011 3530 Ecclesiae
1041 3475 1217 3530 aditus
1236 3477 1305 3529 ita
1331 3486 1522 3533 cuncta
1550 3476 1779 3532 ferocius
1806 3478 2106 3547 populatur,

523 3574 581 3621 ut
620 3582 685 3622 eo
732 3567 853 3637 plus
898 3578 1109 3636 noceat,
1138 3584 1246 3638 quo
1289 3571 1466 3626 minus
1518 3586 1713 3628 nocere
1772 3571 2106 3641 intelligitur.

524 3659 613 3715 Sic
642 3662 782 3716 enim
815 3662 1067 3717 teterrimi
1106 3663 1293 3733 anguis
1313 3665 1499 3719 edocta
1530 3665 1859 3735 magisterio,
1894 3664 2111 3719 insidia-

524 3766 643 3806 rum
676 3767 889 3807 suarum
921 3755 1178 3823 ancipites
1206 3757 1419 3824 laqueos
1447 3755 1633 3811 dextra
1670 3757 1909 3825 laevaque
1939 3766 2112 3811 teten-

526 3844 626 3911 dit,
657 3855 714 3899 ut
744 3855 1130 3915 perangustum
1164 3858 1218 3903 et
1250 3848 1406 3902 nimis
1435 3849 1658 3904 arduum
1689 3851 2113 3906 commeantibus

525 3935 733 3992 itineris
753 3938 1267 4009 callemoreliquerit.
1302 3941 1357 3996 Si
1383 3942 1522 3995 enim
1549 3942 1815 4011 paululum
1840 3944 1890 3997 in
1914 3951 2116 3997 utram-

525 4043 629 4099 que
650 4038 851 4099 partein
885 4032 1122 4086 nutantia
1154 4031 1389 4088 volueris
1433 4031 1634 4089 inferre
1671 4035 1912 4104 vestigia,
1973 4034 2115 4109 illico

524 4124 768 4194 capieris.
2028 4174 2035 4179 .

596 4217 660 4273 ll.
712 4217 855 4274 Inter
901 4218 1131 4274 Nestorii
1180 4233 1309 4289 ergo
1358 4217 1627 4288 quondam
1675 4218 1932 4274 ECCleSiLD
1975 4220 2113 4274 Con-

526 4313 1032 4381 stantinopolitanm,
1080 4328 1184 4366 non
1226 4315 1449 4367 rectoris
1490 4314 1583 4367 sed
1614 4313 1973 4382 dissipatoris,
2008 4330 2114 4367 non

531 4403 759 4472 pastoris
787 4402 881 4457 sed
909 4403 1225 4471 praedatoris
1254 4404 1567 4472 sacrilegum
1609 4404 1822 4475 dogma,
1857 4415 1909 4459 et
1952 4407 2117 4476 Euty-

530 4493 699 4547 che-tis
740 4492 997 4547 nefariam
1044 4501 1099 4545 et
1143 4491 1509 4546 detestabilem
1541 4496 1836 4564 zsectam,
1896 4496 1967 4549 ita
2000 4511 2118 4549 ser-

534 4585 767 4654 pentino:
793 4583 1140 4652 grassationis
1186 4597 1307 4637 sese
1353 4582 1619 4637 calliditas
1665 4585 2005 4651 temperavit,
2061 4594 2120 4640 ut

535 4684 819 4743 utrumque
849 4675 967 4728 sine
991 4673 1270 4742 utriusque
1294 4674 1528 4742 periculo
1550 4674 1788 4744 plerique
1814 4676 1983 4728 vitare
2011 4692 2115 4732 non

2215 3472 2529 3545 Cognoscite
2561 3475 2823 3543 inquiens,
2860 3477 3118 3545 potiorem
3146 3494 3265 3533 esse
3290 3480 3381 3549 qui
3414 3482 3579 3535 mittit
3610 3497 3675 3536 eo
3701 3483 3785 3551 qui

2214 3565 2480 3621 mittitur:
2515 3565 2819 3620 inferiorem
2851 3582 2971 3621 esse
3004 3569 3094 3638 qui
3135 3570 3469 3639 obsequitur,
3503 3571 3794 3642 digniorem

2218 3658 2305 3712 cui
2334 3659 2697 3712 munificentia
2725 3658 3027 3714 exhibetur.

2288 3751 2373 3805 ill.
2416 3751 2761 3807 Manichteum
2792 3752 2979 3808 itidem
3023 3769 3142 3808 cum
3185 3754 3251 3809 de
3280 3756 3510 3812 veritate
3551 3757 3793 3811 dominici

2216 3846 2458 3903 corporis
2496 3844 2753 3911 obtundo,
2797 3846 2936 3915 quod
2984 3861 3088 3900 non
3136 3845 3312 3903 fallaci
3356 3848 3698 3905 simulatione
3748 3857 3793 3902 et

2219 3935 2535 4004 quibusdam
2588 3936 2893 3989 illusionum
2944 3939 3229 4006 praestigiis
3261 3938 3421 3992 fuerit
3467 3951 3793 4008 susceptum,

2219 4034 2511 4081 tumentem
2544 4026 2774 4096 Virginis
2806 4028 2981 4081 alvum
3024 4029 3230 4099 allego;
3266 4031 3555 4097 praestolati
3597 4041 3795 4101 tempo-

2218 4118 2296 4173 ris
2326 4132 2521 4181 moras,
2564 4132 2695 4188 quas
2741 4119 2939 4173 diutius
2972 4121 3109 4173 intra
3155 4122 3382 4176 materni
3437 4125 3575 4178 uteri
3630 4124 3797 4192 hospi-

2218 4209 2374 4274 tium,
2405 4224 2573 4279 usquc
2602 4209 2663 4263 ad
2699 4210 2989 4279 legitimum
3037 4220 3218 4279 partus
3246 4212 3388 4267 diem
3416 4217 3619 4284 peregit
3651 4215 3699 4284 3
3725 4216 3798 4267 in-

2219 4301 2373 4355 sinuo
2408 4319 2419 4354 :
2456 4302 2722 4370 puerperii
2748 4316 2932 4368 cunas,
2960 4304 3193 4373 vagitum
3225 4305 3459 4369 infantis,
3485 4307 3659 4361 aetatis
3685 4322 3799 4376 pro—

2220 4392 2439 4457 fectum,
2467 4394 2531 4448 ad
2557 4392 2796 4447 ultimum
2832 4394 3097 4462 passionis
3123 4380 3580 4463 ludibria,‘cruc‘s
3610 4399 3800 4467 patibu-

2221 4485 2355 4549 lum,
2396 4486 2728 4541 confixiones
2774 4486 3067 4555 clavorum,
3115 4490 3283 4559 aperti
3333 4491 3515 4544 lateris
3560 4506 3798 4547 cruorem

2222 4578 2381 4631 simul
2409 4588 2461 4632 et
2500 4580 2737 4645 laticem,
2774 4580 3201 4645 descensionem,
3240 4585 3596 4651 sepulturam,
3626 4601 3800 4641 resur-

2222 4669 2535 4738 rectionem,
2568 4682 2620 4724 et
2654 4672 2793 4740 quod
2824 4673 2937 4741 ipse
2963 4690 3173 4744 quoque
3204 4675 3460 4732 Dominus
3490 4681 3598 4732 ait:
3641 4679 3801 4733 Vultis

533 4768 780 4841 possint;
825 4768 949 4820 dum
1002 4766 1047 4820 si
1095 4765 1215 4836 quis
1266 4765 1495 4820 Nestorii
1544 4766 1817 4832 perfidiam
1874 4767 2112 4835 damnat,
2140 4772 2191 4832 ῐ)
2217 4784 2295 4821 me
2318 4769 2570 4833 occidere,
2601 4769 2857 4824 hominem
2897 4776 2986 4839 qui
3008 4774 3268 4827 veritatem
3298 4772 3497 4829 locutus
3524 4792 3633 4829 sum
3673 4776 3802 4829 vobis

533 4860 845 4931 Eutychetis
876 4867 1087 4929 putatur
1118 4859 1288 4913 errori
1316 4860 1687 4915 succumbere.
1722 4858 1949 4913 Rursum
1986 4860 2111 4915 dum

534 4954 880 5024 Eutychianze
934 4952 1154 5005 haeresis
1202 4951 1527 5019 impietatem
1578 4951 1827 5017 destruit,
1880 4953 2113 5007 Nestorii

532 5047 772 5117 arguitur
792 5045 985 5115 dogma
1012 5046 1237 5114 erigere.
1269 5043 1371 5098 Sed
1397 5043 1492 5098 has
1535 5044 1768 5098 inanium
1813 5046 2114 5100 accusatiu-

532 5155 659 5197 num
688 5138 909 5194 nebulas
939 5137 1013 5191 illi
1045 5136 1325 5191 offundunt
1355 5138 1641 5207 praecipue,
1672 5137 1760 5207 qui
1782 5146 1875 5191 aut
1899 5138 2113 5207 imperi-

534 5233 620 5288 tiae
650 5231 801 5296 vitio,
832 5241 923 5285 aut
948 5231 1306 5285 contentionis
1354 5230 1540 5284 morbo
1578 5236 1874 5297 uagi-utaut;
1906 5238 1960 5283 et
1987 5228 2112 5282 dum

532 5327 819 5400 petulantis
845 5324 1006 5380 animi
1042 5324 1329 5395 supercilio
1358 5324 1655 5394 eriguntur,
1684 5322 1978 5391 antiquitus
2010 5330 2115 5376 tra-

528 5421 668 5475 ditas
707 5436 735 5473 a
778 5418 1024 5473 Patribus
1052 5416 1172 5470 fidei
1214 5416 1425 5486 regulas
1470 5415 1539 5469 ob
1586 5414 1685 5468 hoc
1735 5413 1907 5467 solum
1932 5413 2112 5482 despi-

527 5520 697 5583 ciunt,
732 5524 790 5568 ut
827 5515 964 5569 male
1007 5520 1294 5581 conceptas
1328 5509 1622 5565 uovitatum
1654 5520 1867 5561 suarum
1897 5516 2112 5562 senten-

528 5605 629 5659 tias
659 5602 910 5661 Ecclesize
953 5605 1328 5660 intromittant.
1360 5602 1443 5656 0h
1488 5601 1538 5655 id
1568 5601 1726 5655 etiam
1772 5600 1947 5668 nobis,
1995 5611 2113 5656 tan-

528 5710 685 5766 quam
724 5695 1014 5751 dialecticae
1063 5696 1194 5749 artis
1246 5694 1508 5764 magistri,
1563 5707 1666 5745 non
1711 5703 1957 5762 tanquam
1989 5709 2116 5748 vere

528 5787 729 5843 Christi
776 5788 1045 5858 discipuli,
1074 5789 1322 5859 ancipitis
1351 5786 1719 5855 responsionis
1752 5784 2113 5838 inevitabilem

528 5881 895 5951 syllogismum
925 5883 1167 5947 tendunt,
1201 5881 1524 5938 arbitrantes
1554 5892 1712 5948 posse
1734 5890 1792 5931 se
1820 5875 1901 5929 his
1925 5890 2130 5944 prope:

2219 4859 2397 4931 (Joan.
2431 4878 2550 4925 vm,
2578 4862 2689 4929 40).
2722 4864 2784 4917 Ει
2808 4865 3094 4934 Apostolus
3120 4883 3132 4918 :
3162 4865 3310 4920 Sicut
3339 4884 3425 4937 per
3458 4884 3617 4921 unum
3645 4868 3801 4921 homi-

2220 4967 2333 5005 nem
2361 4969 2517 5017 mors,
2562 4954 2633 5006 ita
2661 4964 2705 5007 et
2746 4971 2836 5026 per
2872 4973 3029 5009 unum
3056 4956 3308 5011 hominem
3332 4961 3635 5013 resurrectio
3668 4975 3801 5013 mor-

2222 5044 2497 5114 tuorum(l
2540 5044 2659 5099 Cor.
2692 5062 2780 5114 xv,
2830 5047 2945 5117 2|).
3004 5048 3070 5102 Et
3097 5067 3108 5100 :
3139 5049 3284 5103 Unus
3329 5051 3578 5104 mediator
3623 5051 3716 5104 Dei
3758 5062 3802 5104 et

2220 5135 2475 5188 hominum
2508 5137 2658 5191 homo
2705 5137 2935 5193 Christus
2976 5139 3128 5194 Iesus
3160 5139 3214 5211 (Ι
3268 5141 3400 5197 Tim.
3431 5158 3498 5205 tl,
3546 5144 3625 5213 5).
3684 5144 3803 5197 H:rc

2222 5242 2306 5280 me
2334 5237 2513 5281 contra
2545 5228 2893 5283 Manichaeum
2934 5239 3307 5301 perorantem,
3347 5232 3607 5289 Photinus
3639 5243 3801 5287 tutum

2219 5320 2360 5374 velut
2392 5331 2742 5390 przrparatum
2772 5323 2970 5387 cibum,
3002 5325 3334 5381 avidioribus
3359 5327 3600 5394 perfidia:
3641 5328 3801 5381 fanci~

2219 5412 2317 5466 bus
2346 5415 2530 5465 nititur
2555 5422 2913 5468 transvorare.
2947 5414 3151 5469 llursus
3194 5431 3315 5470 cum
3359 5432 3446 5471 me
3471 5427 3653 5473 contra
3686 5434 3800 5471 eum

2219 5506 2384 5561 armis
2408 5506 2631 5560 vivificze
2661 5506 2904 5563 lectionis
2928 5509 3250 5577 instruxero,
3284 5520 3338 5565 et
3366 5513 3532 5566 multa
3563 5516 3797 5567 testimo-

2220 5598 2427 5651 niorum
2455 5598 2627 5665 jtcula
2649 5639 2663 5663 ,
2704 5598 2894 5652 Filium
2941 5599 3035 5653 Dei
3069 5602 3232 5655 Deum
3262 5617 3451 5657 verum
3480 5618 3600 5659 esse
3627 5617 3801 5658 eonte-

2220 5691 2414 5744 stantia
2445 5692 2746 5758 vihravero,
2782 5708 3001 5748 necesse
3037 5694 3205 5749 habeo
3253 5696 3390 5750 inter
3432 5707 3622 5752 caetera
3647 5702 3802 5751 etiam

2222 5783 2347 5837 illud
2380 5798 2672 5853 oppenere,
2702 5784 2840 5853 quod
2870 5786 2919 5838 in
2942 5786 3327 5839 similitudinem
3351 5786 3616 5841 hominum
3642 5789 3802 5858 [artua

2223 5875 2318 5940 sit,
2349 5884 2395 5927 et
2426 5873 2603 5927 habitu.
2636 5877 2863 5929 inventus
2897 5888 2950 5930 ut
2980 5882 3126 5931 homo
3148 5876 3374 5946 (Philip.
3410 5896 3474 5945 ll,
3512 5881 3585 5949 7).
3625 5882 3677 5935 ln
3706 5894 3801 5949 quo
