3990 6390
237 474 304 532 97
1352 478 1625 537 CONTRA
1662 484 2130 547 EUTYCHETEM
2170 493 2298 548 LIB.
2340 496 2380 550 l.
3415 516 3487 575 98

233 604 322 643 tne
353 587 470 641 loco
516 586 837 640 Manichacus
886 589 1197 655 strangulat,
1230 600 1282 645 et
1332 592 1397 645 ad
1449 608 1507 649 se
1537 611 1810 654 recursum
1839 605 1893 666 Α
1919 618 2104 658 rursus
2126 606 2177 660 in
2200 610 2385 665 eadem
2408 615 2649 683 corporis
2677 617 2843 676 forma
2863 631 3336 699 compungentium
3362 648 3489 691 σου-

234 678 279 699 ρ-
295 678 423 699 -:---
461 694 572 699 -___u
604 686 707 699 ιρι.-
744 678 943 699 --..-.-n!..
969 677 1123 699 -_.!_-E
1158 695 1241 699 ---
1266 682 1395 699 -|._--
1416 698 1421 699 ,
1636 686 1677 699 οιι
1778 697 1786 699 μ
1922 694 1956 699 --
2030 697 2037 699 ξ

233 678 427 733 fecisse
455 694 574 732 cum
604 686 711 731 tota
739 678 946 732 ovantis
966 677 1126 731 animi
1151 682 1505 739 exsultatione
1533 686 1811 743 vociferat.

233 771 337 827 Sed
379 771 601 825 multum
627 780 727 834 est,
752 779 803 825 et
833 771 991 826 nimis
1016 786 1321 841 operosum,
1358 776 1479 829 talia
1515 782 1814 835 sententia-

236 878 352 916 rum
387 861 649 918 tendicula
672 862 968 927 revolvere,
998 863 1190 933 quibus
1222 864 1485 921 haeretica:
1541 870 1815 925 machina-

238 956 399 1011 tionis
422 940 778 1009 fraudulenta
814 955 1086 1026 subreptio
1124 958 1422 1016 libertatem
1450 962 1725 1019 catholica:
1754 964 1815 1019 fi-

235 1048 320 1101 dei
354 1048 538 1101 nititur
569 1048 857 1116 captivare.

310 1139 398 1194 IV.
448 1141 511 1194 Et
540 1142 790 1210 quoniam
834 1149 1016 1195 contra
1064 1140 1161 1195 has
1206 1158 1394 1197 omnes
1436 1143 1811 1199 hmretieorum

235 1244 415 1302 pestes
442 1231 750 1301 plenissime
774 1246 802 1285 a
836 1218 1033 1287 nostris
1058 1235 1349 1302 majoribus
1377 1237 1704 1303 disputatum
1733 1247 1815 1292 est

232 1322 397 1392 (quod
428 1325 587 1379 etiam
623 1325 669 1378 si
705 1324 755 1377 in
788 1325 987 1379 erroris
1016 1340 1202 1379 eorum
1231 1325 1649 1382 destructionem
1683 1329 1811 1383 nulli

234 1418 596 1472 conderentur
643 1418 785 1484 libri,
818 1419 919 1473 hoc
962 1419 1134 1489 ipsum
1167 1421 1339 1474 solum
1378 1420 1518 1489 quod
1564 1420 1815 1476 haeretici

233 1512 718 1579 suntpronuntiati,
743 1513 1163 1567 orthodoxorum
1191 1514 1465 1568 securitati
1494 1514 1810 1584 sufﬁceret),

236 1616 377 1655 nunc
407 1602 535 1656 istos
566 1602 837 1657 videamus
860 1617 1087 1672 quorum
1134 1614 1364 1659 mentem
1395 1606 1584 1674 anguis
1624 1604 1711 1659 ille
1736 1616 1813 1661 te-

238 1694 488 1747 terrimus
526 1708 554 1746 a
594 1694 838 1749 castitate
871 1696 1012 1761 fidei,
1050 1711 1167 1764 quae.
1216 1706 1297 1751 est
1333 1697 1384 1750 in
1415 1696 1628 1751 Christo
1662 1697 1810 1764 Jesu,

236 1784 306 1838 ita
341 1785 595 1852 corrupit,
634 1794 691 1838 ut
740 1786 793 1839 in
835 1795 1075 1855 apertum
1116 1788 1363 1842 nefanda:
1413 1788 1814 1857 praedicationis

230 1874 550 1931 adulterium
590 1876 819 1931 frontem
860 1892 1045 1933 eorum
1095 1877 1439 1947 impudentiae
1469 1880 1607 1934 callo
1636 1879 1810 1933 obdu-

1922 694 1987 749 lis
2026 697 2077 750 in
2117 708 2579 764 consummatione
2620 716 2874 783 temporis
2921 694 3041 775 sese
3077 694 3513 787 demonstrabit-

1914 786 2047 841 Nam
2078 790 2120 843 si
2153 790 2340 849 harum
2370 796 2592 855 duarum
2620 819 2723 858 una
2752 808 3007 865 exstincta
3042 813 3126 868 vel
3157 817 3331 883 potius
3360 832 3489 874 con-

1915 892 2147 951 sumpta,
2174 886 2357 941 relicta
2388 901 2624 963 estuna;
2656 897 2707 951 id
2730 914 3060 972 consequens
3092 907 3194 961 erit
3221 918 3278 962 ut
3309 911 3487 965 Domi-

1916 987 2015 1026 nus
2054 972 2211 1028 Jesus
2248 974 2516 1047 Christus,
2550 993 2642 1039 aut
2692 988 2832 1043 Deus
2864 997 3250 1063 tantummodo,
3293 1015 3398 1054 non
3436 1011 3489 1056 et

1916 1058 2077 1115 homo
2132 1063 2291 1133 idem,
2334 1078 2425 1122 aut
2468 1070 2629 1127 homo
2674 1081 3062 1148 tantummodo,
3110 1058 3311 1143 non-et
3349 1089 3489 1147 Deus

1916 1150 2056 1257 idem
2088 1154 2403 1225 impiissime
2433 1166 2772 1232 prazdicetur.
2811 1172 2924 1227 Non
2957 1176 3131 1248 itaque
3154 1181 3409 1237 debemus
3437 1187 3487 1257 5

1916 1259 2011 1313 per
2040 1245 2177 1301 hanc
2204 1250 2378 1305 stultae
2399 1255 2795 1323 prmdicationis
2827 1245 3112 1331 insaniam,
3145 1245 3487 1340 dignationis:

1914 1336 2294 1412 dignitatisque
2314 1360 2528 1403 cassare
2551 1354 2885 1419 mysterium.
2907 1336 3239 1425 Dignationis
3264 1336 3487 1435 scilicet,

1915 1430 2037 1497 quia
2070 1430 2209 1486 Deus
2236 1434 2485 1504 dignatus
2512 1449 2594 1494 est
2617 1440 2730 1495 ﬁeri
2762 1444 2941 1500 homo.
2976 1447 3258 1519 Dignitatis
3288 1430 3486 1525 autem,

1915 1523 2036 1591 quia
2068 1524 2225 1580 Verbi
2250 1540 2437 1584 natura
2469 1532 2518 1585 in
2545 1536 2725 1588 carnis
2749 1523 3488 1605 adunationeimmutabiliter

1918 1627 2283 1682 permanente,
2318 1636 2411 1687 per
2443 1623 2594 1677 unius
2618 1640 2859 1694 personae
2890 1644 3139 1688 arcanum
3166 1636 3305 1691 idem
3332 1640 3490 1695 homo

1914 1715 2001 1759 est
2031 1707 2188 1763 Deus.
2216 1710 2281 1764 Et
2310 1711 2396 1767 hic
2423 1729 2615 1769 sensus
2638 1718 2933 1775 catholicus
2958 1734 3267 1783 naturarum
3296 1731 3348 1785 in
3371 1748 3490 1789 sese

1916 1802 2220 1855 coeuntium
2244 1804 2620 1862 adttnationem
2650 1826 2754 1864 non
2786 1822 2991 1869 naturae
3022 1817 3271 1873 unionem
3302 1823 3491 1879 admit-

1919 1890 2011 1955 tit;
2044 1891 2167 1946 dum
2199 1909 2265 1949 ex
2295 1895 2501 1952 duabus
2523 1902 2789 1970 adunatis,
2815 1904 3109 1978 iisdemque
3130 1916 3488 1985 manentibus,

228 1975 370 2021 ctam
403 1968 709 2033 armaverit,
740 1977 798 2021 ut
822 1968 941 2037 jure
972 1970 1023 2021 in
1040 1967 1116 2022 eis
1143 1969 1512 2037 propheticum
1537 1969 1664 2023 illud
1694 1984 1807 2024 oras

1921 1998 2058 2038 unus
2098 1986 2235 2042 Deus
2276 1989 2521 2061 idemque
2564 1997 2725 2049 homo
2772 1967 3309 2059 crediturIChristus.
3358 1967 3491 2076 Quia

226 2058 407 2112 culum
438 2058 609 2112 valeat
664 2056 963 2113 redundare
991 2071 1005 2111 :
1031 2055 1217 2112 Facies
1249 2059 1523 2112 meretricis
1563 2063 1701 2128 facta
1739 2069 1812 2113 est

226 2148 319 2201 tibi
341 2146 473 2220 (Jer.
509 2163 588 2214 ttt,
624 2149 703 2218 5).
737 2148 867 2203 Nam
898 2151 942 2204 si
990 2164 1096 2203 non
1135 2150 1208 2203 ita
1248 2159 1351 2215 est,
1394 2150 1519 2219 quid
1551 2151 1652 2205 sibi
1683 2165 1812 2221 ergo

226 2238 344 2291 vult
381 2238 522 2306 quod
571 2253 671 2294 nec
701 2241 861 2293 tantis
898 2239 1246 2295 conciliorum
1279 2240 1531 2308 decretis,
1563 2257 1663 2297 nec
1704 2251 1810 2296 tam

226 2327 475 2397 plurimis
514 2329 855 2399 antiquorum
898 2329 1113 2384 Patrum
1145 2330 1429 2385 sententiis
1459 2331 1687 2386 cedunt?
1710 2333 1814 2387 Ac-

225 2426 424 2472 cusant
466 2418 628 2488 igitur
668 2434 766 2474 nos
803 2419 927 2473 dum
960 2420 1235 2489 utriusque
1287 2430 1485 2476 natura:
1538 2422 1811 2477 Christum

226 2510 486 2576 fatemur,
520 2521 770 2582 tanquam
794 2513 929 2569 duos
954 2514 1214 2581 Christos,
1246 2532 1410 2569 unum
1454 2518 1641 2581 Deum,
1686 2519 1818 2573 alte—

235 2616 359 2655 rum
391 2600 685 2667 hominem,
713 2604 863 2671 juxta
892 2604 1163 2658 infandum
1196 2605 1428 2659 Nestorii
1455 2622 1694 2661 errorem
1723 2623 1817 2676 per

226 2693 547 2751 dualitatem
579 2705 781 2752 natura:
807 2698 1082 2753 videamur
1108 2714 1372 2756 asserere.
1403 2702 1504 2756 Sed
1534 2717 1629 2757 nos
1654 2718 1817 2757 unum

225 2782 424 2852 Deum,
448 2787 803 2857 eumdemque
831 2788 1025 2843 Filium
1051 2791 1165 2857 Dei,
1191 2800 1246 2845 et
1273 2792 1505 2847 hominis
1524 2793 1579 2863 4
1600 2793 1814 2861 Filium,

224 2888 338 2928 non
363 2874 499 2930 duos
527 2876 878 2946 proﬁtemur:
911 2890 965 2934 et
1016 2880 1091 2935 ita
1131 2882 1365 2937 Verbum
1406 2884 1545 2939 intra
1592 2886 1814 2955 virginei

223 2964 366 3019 uteri
392 2975 618 3033 secreta,
653 2970 834 3024 carnis
866 2970 969 3025 sibi
998 2971 1147 3027 initia
1175 2975 1505 3043 consevisse,
1539 2976 1589 3030 id
1620 2985 1705 3032 est
1729 2978 1813 3031 in-

220 3064 508 3110 carnatum
539 3056 723 3125 fuisse,
754 3070 812 3114 ut
836 3068 1016 3115 tamen
1050 3060 1207 3118 Verbi
1256 3072 1445 3119 natura
1492 3079 1598 3120 non
1641 3076 1817 3120 muta-

222 3152 380 3199 retur
418 3146 469 3200 in
517 3162 756 3204 carnem.
808 3149 1047 3220 Itemque
1091 3152 1266 3207 carnis
1310 3163 1550 3208 naturam
1598 3156 1668 3210 ita
1719 3171 1812 3225 per

222 3236 571 3305 suscipientis
596 3240 1033 3296 commixtionem
1066 3242 1119 3297 in
1153 3243 1313 3299 Verbi
1344 3248 1600 3301 transisse
1630 3262 1814 3315 perso-

221 3340 376 3430 nam,
399 3337 457 3382 ut
483 3345 588 3385 non
613 3338 789 3386 tamen
820 3332 979 3389 fuerit
1001 3335 1056 3389 in
1078 3334 1251 3392 Verbo
1277 3350 1611 3410 consumpta.
1638 3341 1813 3395 Manet
1839 3347 1887 3412 ο
1917 3332 2243 3438 intelligam,

220 3419 372 3474 enim
401 3431 647 3493 utraque,
682 3425 733 3479 id
760 3436 841 3480 est
882 3426 1040 3483 Verbi
1076 3430 1360 3499 carnisque
1408 3441 1617 3496 natura,
1649 3442 1703 3488 et
1744 3448 1811 3489 ex

221 3511 310 3566 his
340 3510 546 3568 duabus
573 3513 839 3586 hodieque
887 3519 1230 3575 manentibus
1267 3535 1401 3575 unus
1431 3531 1514 3576 est
1543 3523 1810 3589 Christus,

219 3618 440 3675 unaque
473 3620 717 3674 persona.
753 3609 882 3677 Quis
909 3612 1051 3666 enim
1081 3615 1337 3684 sacrilega
1373 3616 1627 3685 Opinione
1653 3616 1811 3671 indu-

219 3705 309 3750 tus
340 3710 577 3768 eousque
602 3700 868 3770 desipiat?
890 3702 1020 3770 Quis
1052 3703 1105 3757 itt
1145 3712 1251 3758 tam
1297 3705 1579 3775 abruptum
1612 3709 1811 3762 erroris

216 3786 499 3841 baratrum
529 3792 877 3860 semetipsum
929 3792 1156 3863 injiciat,
1192 3804 1243 3847 ut
1292 3794 1481 3849 Filium
1530 3796 1645 3865 Dei,
1694 3798 1813 3851 sine

217 3889 323 3929 sua
358 3892 435 3946 pri
459 3879 571 3946 pria
597 3895 778 3945 earne,
804 3899 959 3951 quam
980 3886 1029 3938 in
1060 3899 1226 3940 sacra:
1250 3885 1475 3956 Virginis
1500 3901 1653 3941 utcru
1675 3888 1805 3943 iuefo

214 3964 368 4019 fabili
416 3968 688 4023 societatis
734 3971 1091 4039 permixtione
1147 3975 1216 4027 ita
1269 3976 1481 4030 sibimet
1534 3978 1806 4045 adunavit,

214 4066 285 4110 ut
316 4054 550 4113 Verbum
571 4058 755 4127 homo,
781 4070 835 4115 et
866 4061 1026 4116 homo
1051 4063 1213 4129 Deus,
1244 4066 1489 4135 idemque
1514 4083 1669 4133 unus,
1703 4084 1807 4123 non

209 4148 446 4201 mutatis
475 4158 785 4203 naturarum
828 4152 1116 4221 generibus
1145 4153 1313 4217 fieret,
1350 4167 1505 4226 neget
1547 4160 1704 4213 hodie
1726 4174 1811 4213 se-

208 4237 355 4292 dere
376 4236 442 4290 ad
466 4238 737 4293 dexteram
762 4240 957 4308 Patris,
978 4255 1367 4314 venturumque
1391 4246 1635 4315 judicare
1664 4250 1811 4303 vivos

208 4336 276 4382 et
297 4335 571 4395 mortuos;
589 4346 709 4384 cum
732 4332 905 4401 ipsum
920 4334 1207 4390 Dominum
1226 4337 1429 4393 dixisse
1452 4355 1557 4393 non
1586 4341 1807 4407 nesciat,

205 4418 350 4474 Cum
382 4423 572 4475 venerit
594 4419 764 4479 Filius
788 4426 1008 4480 hominis
1031 4428 1080 4481 in
1102 4429 1266 4499 gloria
1292 4428 1464 4484 Putris
1488 4432 1569 4483 sui
1591 4430 1805 4498 (Matth.

206 4524 328 4573 xvt,
357 4509 488 4580 27)?
509 4511 623 4568 Non
655 4517 818 4585 quod,
846 4526 903 4571 ut
932 4532 1075 4587 smpe
1104 4518 1356 4585 diximus,
1389 4520 1523 4576 alius
1550 4523 1619 4575 sit
1643 4521 1810 4575 Filius

206 4600 473 4667 hominis,
501 4605 635 4659 alius
663 4605 830 4662 Filius
859 4608 953 4662 Dei
981 4626 994 4662 :
1034 4610 1124 4665 scd
1154 4626 1318 4682 usque
1359 4612 1494 4668 adeo
1522 4611 1808 4669 ostendere

206 4690 385 4746 voluit
415 4696 585 4748 nostri
624 4699 835 4767 generis
867 4710 1113 4754 naturam
1157 4716 1249 4770 per
1287 4701 1684 4757 commixtionis
1727 4703 1804 4756 in-
1830 4714 1884 4774 ι)

212 4781 492 4839 dividuam
526 4788 783 4843 unitatem
826 4805 931 4844 non
984 4790 1152 4847 fuisse
1190 4804 1585 4861 eonsutnptam,
1637 4806 1690 4847 ut
1742 4808 1801 4849 se

205 4871 378 4927 ctiant
410 4874 463 4928 itt
485 4877 624 4931 caelo
656 4881 884 4947 positum
929 4881 1120 4937 Filiuut
1154 4885 1385 4939 hominis
1415 4885 1577 4951 dicat,
1621 4895 1677 4940 ut
1707 4901 1800 4955 per

205 4966 327 5020 veri
358 4966 765 5041 appellationem
796 4973 1046 5039 nominis,
1073 4973 1350 5028 veritatem
1400 4990 1655 5044 agn-lacus
1701 4990 1795 5029 tta-

205 5067 347 5112 turre
380 5062 666 5114 manentis.
695 5061 748 5115 Si
774 5078 902 5132 ergo
934 5080 1073 5117 nunc
1100 5080 1267 5133 usque
1302 5075 1480 5119 manet
1510 5063 1669 5120 Verbi
1711 5065 1795 5118 in-

206 5160 471 5204 temerata
519 5165 729 5220 natura,
765 5162 946 5208 manet
974 5156 1159 5219 etiam,
1192 5172 1347 5223 quam
1388 5155 1526 5209 idem
1574 5156 1687 5210 sine
1713 5156 1793 5211 sui

207 5243 507 5297 mutatione
536 5248 792 5315 suscepit,
828 5246 1174 5300 humanitatis
1204 5246 1409 5299 illibata
1439 5256 1648 5300 natura.

286 5332 347 5386 V.
380 5335 656 5401 Quomodo
704 5336 1005 5391 defenditur
1053 5339 1207 5392 hodie
1262 5354 1361 5391 una
1409 5352 1528 5392 esse
1563 5346 1793 5393 tantum-

204 5426 370 5478 modo
400 5428 594 5481 Christi
629 5431 853 5482 natura?
882 5432 935 5483 Si
962 5431 1037 5484 sic
1066 5441 1147 5483 est
1176 5446 1190 5483 :
1236 5430 1477 5498 profecto
1521 5429 1682 5500 igitur
1728 5445 1793 5486 ex

206 5523 417 5576 duabus
448 5524 637 5578 abolita
672 5536 754 5580 est
784 5542 905 5580 una.
935 5526 1189 5594 Qtttenzuu
1224 5526 1419 5594 igitur?
1450 5526 1504 5581 Si
1535 5525 1789 5589 humana,

204 5614 319 5668 sola
342 5625 427 5668 est
453 5632 578 5685 ergo
611 5616 772 5671 Verbi
803 5628 1015 5683 natura,
1042 5625 1095 5671 et
1127 5616 1318 5671 falsum
1358 5618 1459 5670 erit
1489 5615 1612 5685 quia
1640 5614 1793 5669 Chri-

203 5721 322 5765 stus
350 5711 507 5766 Jesus
528 5712 605 5767 sic
636 5713 815 5766 veniet
844 5710 1297 5781 quemadmodum
1344 5711 1490 5763 νί›υε
1520 5717 1603 5763 est
1634 5708 1710 5762 ire
1740 5708 1793 5760 in

203 5805 422 5859 caelum.
445 5802 750 5875 Corporeus
774 5820 998 5874 namque
1020 5820 1113 5874 per
1138 5804 1302 5860 nosui
1325 5804 1535 5874 generis
1556 5801 1790 5872 speciem

204 5897 526 5955 intuentium
576 5898 747 5956 oculis
791 5898 930 5956 idem
986 5896 1245 5954 Dominus
1287 5893 1605 5967 apparebat;
1652 5892 1790 5950 sicut

1914 2077 2205 2133 secundum
2252 2080 2383 2136 istos
2418 2086 2504 2153 qui
2552 2101 2708 2140 unam
2751 2095 3119 2147 tantummodo
3163 2100 3493 2157 contendunt

1914 2186 2034 2226 esse
2077 2184 2341 2245 naturam,
2381 2187 2471 2232 aut
2503 2179 2662 2235 Verbi
2716 2195 2912 2240 mutata
2957 2197 3039 2242 est
3082 2190 3134 2244 in
3165 2206 3402 2260 carnem,
3436 2205 3492 2251 ut

1915 2262 2066 2318 fieret
2094 2280 2230 2332 una;
2260 2278 2352 2322 aut
2373 2272 2549 2325 carnis
2580 2273 2631 2326 in
2656 2272 2834 2330 Verbo
2858 2292 3171 2350 consumpta
3193 2293 3293 2351 est,
3327 2296 3378 2339 ut
3405 2302 3492 2342 ex-

1914 2357 2163 2412 stantiam
2208 2361 2290 2413 sui
2329 2376 2423 2429 per
2467 2362 2549 2416 sui
2595 2364 2937 2423 abolitionem
2989 2373 3239 2428 amittens
3274 2378 3492 2433 omnino

1916 2462 2034 2502 esse
2068 2464 2170 2502 non
2208 2452 2393 2518 possit,
2428 2462 2485 2515 ut
2520 2456 2635 2509 sola
2666 2457 2826 2513 Verbi
2869 2474 3142 2517 remaneat
3181 2481 3303 2518 una.
3336 2468 3491 2533 Quod

1916 2551 2075 2606 quam
2106 2539 2176 2590 sit
2213 2539 2452 2605 impium,
2490 2558 2756 2613 quamque
2797 2551 3111 2619 sacrilegum
3158 2557 3493 2621 apertissime

1920 2626 2050 2682 mihi
2093 2643 2414 2698 cognoscere
2456 2633 2681 2701 videtur,
2740 2639 2983 2709 quisquis
3028 2644 3321 2712 apostolica
3370 2646 3495 2717 dog-

1919 2728 2082 2783 mata,
2128 2734 2232 2774 non
2268 2720 2496 2777 humana
2547 2737 2848 2781 commenta
2889 2739 3146 2786 sectatur.
3195 2733 3327 2800 Quia
3368 2752 3495 2792 vero

1918 2807 2058 2864 idem
2090 2809 2229 2865 Deus
2266 2812 2427 2867 homo
2474 2823 2576 2879 est,
2627 2822 2682 2869 et
2722 2816 2861 2871 idem
2912 2819 3071 2877 homo
3110 2823 3252 2878 Deus
3296 2836 3400 2891 est,
3428 2842 3494 2883 ex

1917 2907 2143 2969 utroque
2169 2900 2486 2969 subsistens,
2521 2912 2745 2975 utroque
2769 2923 2874 2963 non
2895 2924 3105 2978 carens,
3134 2929 3262 2984 appu
3273 2925 3353 2971 ret
3372 2932 3494 2974 eum

1916 2991 2194 3062 utriusque
2215 3007 2335 3049 esse
2358 3002 2586 3063 naturae,
2609 2997 2729 3067 quia
2753 3011 2999 3057 neutrum
3024 3014 3200 3073 potest
3227 3011 3492 3065 amittere.

1986 3083 2075 3139 Vl.
2107 3084 2214 3139 Cur
2244 3094 2419 3141 autem
2442 3086 2552 3154 isti,
2577 3090 2658 3143 vel
2690 3093 2957 3159 quomodo
2989 3095 3040 3149 in
3063 3098 3321 3154 ambabus
3342 3111 3495 3156 natu-

1914 3174 1989 3229 ris
2008 3177 2350 3246 proprietatis
2370 3194 2565 3235 nomen
2584 3180 2869 3253 refugiunt,
2896 3187 3076 3241 nescio
3098 3204 3223 3243 num
3245 3205 3311 3246 eo
3332 3205 3495 3263 usque

1915 3268 2153 3337 perfidia:
2181 3270 2444 3325 velamine
2479 3272 2837 3343 obducuntur,
2877 3286 2935 3332 ut
2976 3294 3080 3334 non
3120 3280 3355 3350 videant,
3389 3299 3494 3343 non

2274 3368 2327 3422 in
2357 3368 2566 3425 Christo
2587 3372 2732 3426 aliud
2760 3372 3046 3441 divinitati,
3075 3378 3222 3434 aliud
3251 3381 3494 3437 humani-

1917 3461 2008 3514 tati
2033 3460 2150 3530 ejus
2170 3476 2484 3530 congruere,
2517 3466 2643 3521 licet
2662 3466 2729 3522 sit
2764 3475 3044 3538 utrumque
3070 3486 3373 3531 commune.
3403 3477 3494 3533 Ait

1915 3566 2146 3621 namque
2186 3551 2462 3620 discipulis
2490 3556 2633 3609 suis:
2664 3557 2724 3611 Si
2757 3557 3037 3627 diligentis
3078 3578 3154 3615 me
3181 3564 3492 3635 gaudentis,

1912 3645 2034 3712 quia
2056 3644 2184 3697 vado
2211 3646 2279 3698 ad
2307 3642 2536 3713 Patrem,
2570 3648 2687 3717 quia
2720 3647 2879 3703 Pater
2905 3652 3071 3721 major
3102 3668 3180 3707 me
3218 3664 3290 3708 est
3311 3654 3490 3725 (Joan.

1913 3753 2020 3804 xtv,
2039 3736 2149 3808 28).
2179 3739 2241 3793 Et
2265 3739 2453 3793 iterum
2481 3758 2492 3794 :
2526 3739 2748 3809 Expedit
2776 3744 2912 3799 vobis
2935 3756 2986 3800 ut
3008 3764 3098 3819 ego
3119 3765 3227 3802 eam
3249 3766 3268 3815 ;
3292 3752 3335 3803 si
3359 3751 3492 3804 enim

1914 3845 2013 3883 non
2030 3830 2218 3896 abiero,
2239 3828 2540 3889 Paracletus
2563 3835 2631 3887 ad
2657 3850 2741 3889 vos
2763 3851 2863 3889 non
2889 3840 3047 3893 veniet
3072 3838 3251 3911 (Joan.
3280 3856 3389 3903 xw,
3415 3841 3489 3911 7).

1913 3921 1981 3976 Ει
2004 3931 2150 3977 certe
2180 3922 2411 3979 Verbum
2441 3926 2554 3991 Dei,
2584 3927 2756 3982 virtus
2780 3928 2895 3994 Dei,
2924 3931 3183 3999 sapientia
3215 3932 3327 3999 Dei,
3353 3947 3493 3987 sem~

1913 4028 2009 4081 per
2036 4011 2177 4081 apud
2218 4014 2430 4070 Patrem
2467 4028 2523 4071 et
2560 4018 2613 4071 in
2656 4017 2811 4073 Patre
2848 4019 2964 4084 fuit,
2996 4022 3155 4075 etiam
3195 4023 3410 4091 quando
3439 4025 3490 4081 in

1913 4104 2068 4159 nobis
2091 4106 2366 4160 nobiscum
2399 4108 2518 4163 fuit.
2550 4109 2734 4177 Neque
2774 4112 2916 4163 enim
2945 4125 3065 4165 cum
3098 4122 3305 4166 terrena
3334 4115 3491 4167 mise-

1896 4198 2197 4252 ricorditer
2237 4199 2483 4265 incoluit,
2524 4200 2590 4255 de
2626 4201 2831 4256 caelesti
2875 4200 3201 4257 habitatione
3250 4204 3490 4259 recessit.

1913 4286 2045 4342 Cum
2090 4288 2246 4342 Patre
2298 4288 2441 4342 enim
2489 4290 2683 4360 ubique
2736 4300 2818 4345 est
2864 4300 3005 4345 totus
3040 4292 3152 4360 pari
3190 4292 3486 4361 divinitate,

1913 4396 2072 4453 quam
2115 4382 2290 4438 nullus
2315 4385 2552 4437 continet
2591 4385 2755 4438 locus.
2798 4383 2967 4439 Plena
2998 4394 3125 4439 sunt
3151 4386 3346 4457 quippe
3376 4402 3488 4443 om-

1914 4476 2001 4528 nia
2048 4474 2202 4540 Filio,
2232 4489 2331 4529 nec
2350 4483 2440 4543 est
2478 4476 2667 4545 aliquis
2706 4475 2853 4530 locus
2882 4476 3181 4531 divinitatis
3208 4476 3324 4547 ejus
3354 4493 3488 4547 pra:-

1911 4566 2079 4621 sentia
2111 4581 2329 4622 vacuus.
2356 4566 2506 4624 Unde
2526 4581 2671 4637 ergo,
2702 4578 2753 4622 et
2781 4581 2886 4637 quo
2910 4558 2969 4621 se
2992 4567 3189 4622 iturum
3216 4566 3377 4623 dicit?
3398 4579 3486 4625 aut

1911 4663 2180 4731 quomodo
2224 4678 2281 4719 se
2315 4663 2381 4718 ad
2417 4665 2623 4719 Patrem
2657 4674 3021 4731 perrecturutn
3058 4665 3270 4728 asserit,
3316 4680 3343 4718 a
3383 4681 3485 4735 quo

1908 4758 2025 4813 sine
2069 4758 2231 4814 dubio
2260 4774 2527 4828 nunquam
2572 4759 2828 4812 recessit?
2875 4757 2978 4813 Sed
3030 4756 3130 4811 hoc
3171 4770 3280 4813 erat
3314 4760 3391 4815 ire
3420 4760 3484 4814 ad

1908 4848 2117 4905 Patrem
2152 4862 2202 4905 et
2232 4852 2486 4906 recedere
2518 4868 2544 4902 a
2588 4850 2758 4908 nobis.
2793 4849 3004 4905 auferre
3035 4848 3101 4904 de
3140 4848 3239 4904 hoc
3286 4851 3484 4905 mundo

1907 4952 2148 4997 naturam
2174 4942 2229 5010 Β
2264 4958 2420 5012 quam
2466 4953 2776 5010 susceperat
2820 4957 2885 4997 ex
2940 4942 3109 4995 nobis.
3158 4941 3314 4995 Vides
3358 4957 3483 5011 ergo

1905 5036 2079 5090 eidem
2110 5043 2311 5090 naturm
2335 5035 2607 5106 proprium
2639 5035 2802 5090 fuisse
2834 5046 2888 5089 nt
2916 5035 3217 5090 auferretur
3239 5042 3294 5088 et
3314 5033 3483 5089 abiret

1905 5146 1934 5185 a
1965 5129 2138 5194 nobis,
2176 5144 2294 5199 qua:
2339 5128 2390 5182 in
2424 5128 2527 5183 fine
2564 5136 2863 5197 temporum
2895 5126 3163 5182 reddenda
3202 5134 3283 5181 est
3307 5124 3479 5185 nobis,

1903 5226 2198 5283 secundum
2233 5222 2594 5281 attestantium
2635 5237 2817 5277 vocem
2865 5221 3211 5291 angelorum:
3250 5216 3347 5270 llic
3385 5213 3478 5267 Je-

1900 5336 1985 5376 sus
2011 5320 2100 5389 qui
2126 5329 2354 5387 receptus
2384 5327 2454 5372 est
2484 5334 2515 5369 a
2546 5313 2700 5377 vobis,
2736 5315 2808 5367 sic
2849 5312 3031 5377 veniet,
3054 5304 3479 5378 quemadmodum

1899 5414 2097 5468 vidistis
2126 5428 2237 5465 eum
2270 5420 2467 5464 euntem
2506 5411 2559 5463 in
2590 5408 2769 5461 (telum
2810 5404 2944 5475 (Act.
2980 5418 3016 5469 t,
3057 5402 3161 5467 II).
3204 5396 3330 5451 Nam
3361 5394 3480 5450 vide

1902 5506 2242 5567 miraculum,
2263 5502 2385 5557 vide
2402 5503 2678 5569 utriusque
2702 5509 2902 5555 natura:
2928 5489 3266 5566 proprietatis
3284 5495 3480 5559 mystc-

1901 5599 2061 5655 rium.
2100 5596 2193 5651 Dei
2239 5594 2403 5650 Filius
2450 5593 2741 5649 secundum
2774 5591 3153 5643 humanitatem
3203 5596 3352 5636 suam
3394 5594 3481 5635 re-

1900 5693 2062 5749 cessit
2084 5710 2111 5748 a
2142 5692 2316 5756 nobis,
2347 5686 2640 5743 secundum
2675 5681 3001 5735 divinitatem
3020 5690 3169 5727 suam
3193 5674 3263 5726 ait
3285 5671 3476 5726 nobis:

1908 5789 2037 5844 Ecce
2062 5806 2151 5861 ego
2177 5789 2430 5841 vobiscum
2469 5797 2580 5834 sum
2614 5777 2848 5849 omnibus
2878 5769 3052 5824 diebus
3079 5784 3236 5838 usque
3267 5766 3332 5861 ad
3358 5780 3479 5818 con.

1900 5858 2283 5941 summationent
2316 5872 2489 5932 swculi
2511 5866 2727 5940 (Matth.
2765 5881 2956 5933 xxvttt,
2977 5862 3091 5935 20).
3122 5861 3181 5920 Si
3204 5858 3480 5919 10biscutn
