3990 6390
581 400 652 459 99
1894 390 2116 450 VlGlLil
2155 388 2521 451 TAPSENSIS
3734 397 3829 454 100

584 520 691 581 est,
730 509 1000 581 quomodo
1038 508 1295 566 recessit?
1322 506 1380 565 Si
1425 506 1700 564 nobiscum
1747 512 1848 573 est,
1882 504 2153 577 quomodo
2180 500 2401 573 Aquod
2445 505 2633 575 crevit,
2682 521 2792 564 non
2847 508 2965 576 Dei,
3017 511 3107 579 qui
3154 510 3324 565 nostri
3377 509 3587 580 generis
3619 523 3827 564 carnem

586 604 692 659 ait:
727 600 940 657 Veniant
973 601 1081 657 dies
1105 601 1314 672 quando
1356 599 1647 653 desidentis
1685 598 1818 651 diem
1845 613 2006 651 unum
2034 593 2164 655 Filii
2263 597 2589 665 assumpsit?
2612 598 2667 655 Si
2696 600 2749 655 in
2777 600 2865 655 illa
2891 600 3274 670 gloriosissima
3306 602 3553 669 passione
3582 598 3829 654 Dominus

588 694 829 761 hominis,
859 703 905 749 et
929 710 1031 749 non
1054 692 1282 748 uidebitis
1321 689 1471 761 (Luc.
1516 705 1651 755 xvn,
1682 689 1809 759 2‘2)?
1851 688 1957 746 Sed
1986 695 2041 744 et
2068 702 2167 743 no-
2263 684 2419 741 Jesus
2441 686 2685 745 Christus
2722 700 2812 745 aut
2838 690 3013 760 capite
3042 692 3389 760 plecteretur,
3416 700 3507 745 aut
3545 689 3831 759 quibusque

590 787 793 843 hiscum
823 792 926 855 est,
957 794 1013 842 et
1040 799 1144 841 non
1172 792 1256 841 est
1286 780 1587 838 nobiscum.
1616 781 1756 848 Quia
1787 795 1922 850 quos
1953 779 2169 850 reliquit
2266 778 2383 834 aliis
2418 782 2782 837 membrorum
2817 782 3235 838 abscissionibus
3266 784 3643 845 mulctaretur;
3694 789 3829 850 puta-

587 888 643 937 et
669 894 701 935 a
730 879 924 949 quibus
966 877 1209 933 discessit
1247 874 1579 931 humanitate
1618 887 1735 938 sua,
1773 885 1885 928 non
1928 870 2166 940 reliquit,
2267 886 2457 927 musne
2486 873 2570 929 isti
2597 874 2858 941 dicerent,
2887 884 3092 945 partem
3120 874 3276 955 Verbi
3302 888 3425 927 cum
3455 871 3633 941 capite
3662 886 3830 939 ampu-

589 988 691 1031 nee
709 972 944 1029 deseruit
964 969 1249 1027 divinitate
1274 982 1389 1023 sua.
1426 967 1529 1022 Per
1561 965 1789 1022 formam
1832 964 1973 1019 enim
2004 961 2166 1029 servi,

590 1078 749 1135 quam
777 1062 992 1118 abstulit
1018 1075 1047 1115 a
1080 1060 1235 1115 nobis
1278 1060 1331 1114 in
1364 1058 1589 1123 coelum,
1622 1057 1819 1112 absens
1857 1063 1938 1110 est
1973 1053 2165 1109 nobis:

589 1170 688 1228 per
725 1155 946 1211 formam
981 1151 1097 1220 Dei,
1128 1167 1233 1222 qua
1272 1166 1385 1206 non
1406 1148 1609 1205 recedit
1637 1162 1669 1202 a
1722 1147 1898 1216 nobis,
1930 1146 1985 1199 in
2013 1146 2171 1201 terris

590 1260 824 1318 praesens
851 1254 932 1302 est
951 1245 1109 1301 nobis
1138 1261 1151 1297 :
1184 1254 1368 1298 tamen
1401 1252 1455 1297 et
1480 1254 1718 1313 praesens
1746 1247 1800 1295 et
1835 1238 2032 1294 absens
2058 1237 2172 1307 ipse

590 1351 726 1394 unus
752 1339 1001 1408 idemque
1027 1343 1112 1393 est
1137 1335 1320 1390 nobis.
2140 1387 2148 1394 ,

658 1429 768 1485 Vll.
797 1428 936 1485 Audi
962 1436 1017 1486 et
1046 1427 1207 1482 aliam
1230 1426 1505 1497 utriusque
1527 1433 1738 1480 natura:
1768 1424 2170 1493 proprietatem.

588 1524 867 1595 Sepultum
900 1523 995 1579 Dei
1031 1522 1228 1577 Filium
1261 1536 1451 1578 omnes
1494 1521 1743 1591 legimus,
1774 1533 1963 1574 omnes
2002 1516 2177 1572 credi-

588 1633 727 1683 mus,
779 1631 966 1671 omnes
1003 1614 1199 1684 pariter
1250 1614 1625 1683 praedicamus,
1672 1627 1773 1667 nec
1817 1611 1959 1666 ullus
2013 1609 2177 1664 audet

588 1708 860 1778 ambigere
881 1706 1237 1762 Christianus.
1261 1706 1377 1761 Jam
1404 1705 1512 1773 hic,
1538 1706 1581 1759 si
1602 1705 1796 1774 placet,
1819 1701 2038 1773 paciﬁca
2062 1714 2175 1755 mo-

587 1802 865 1857 deratione
919 1808 1234 1867 tractemus,
1284 1798 1411 1869 quid
1467 1798 1586 1868 ejus
1642 1797 1879 1867 potuerit
1929 1793 2170 1865 sepeliri,

2270 972 2455 1029 tatam,
2480 974 2535 1021 et
2561 966 2718 1021 aliam
2761 977 2964 1035 partem
2994 981 3115 1021 cum
3156 965 3403 1019 manibus
3428 959 3828 1018 detruncatam?

2271 1054 2337 1108 Et
2379 1055 2502 1124 quia
2533 1057 2880 1111 circumcisus
2918 1065 3022 1123 est,
3061 1055 3359 1111 cavendum
3397 1062 3481 1109 est
3527 1066 3599 1107 ne
3642 1059 3829 1120 partem

2272 1144 2431 1200 Verbi
2462 1159 2582 1201 cum
2610 1147 2699 1203 illa
2722 1150 2948 1203 membri
2979 1149 3368 1218 exspoliations
3395 1148 3686 1217 opinentur
3712 1144 3831 1213 pari-

2272 1244 2354 1291 ter
2385 1248 2741 1307 amputatam;
2764 1239 2908 1310 quod
2940 1254 3039 1295 nec
3064 1239 3224 1296 hodie
3253 1240 3322 1295 de
3345 1240 3603 1295 truncatis
3629 1236 3832 1291 homini

2273 1327 2373 1383 bus
2394 1344 2579 1384 verum
2601 1331 2743 1386 dicat
2780 1333 3018 1401 quisquis
3052 1333 3320 1388 salubrius
3359 1341 3414 1387 et
3449 1332 3653 1388 rectius
3693 1331 3830 1399 sapit.

2274 1417 2459 1489 Neque
2490 1424 2632 1475 enim
2665 1422 2745 1478 fas
2777 1433 2861 1479 est
2887 1424 3120 1494 opinari,
3155 1425 3297 1494 quod
3329 1440 3447 1480 cum
3476 1424 3715 1480 hominis
3740 1436 3832 1478 ma-

2276 1524 2377 1563 nus
2408 1510 2782 1577 absciduntur,
2831 1514 3032 1582 pariter
3077 1516 3272 1569 anima:
3326 1515 3497 1584 portio
3543 1514 3829 1569 desecetur.

2278 1602 2481 1660 Lumen
2512 1622 2723 1677 quoque
2753 1607 2893 1663 istud
2919 1608 3126 1664 visibile
3158 1625 3252 1678 per
3281 1609 3543 1678 quaslibet
3571 1610 3829 1663 oculorum

2278 1697 2555 1765 passiones
2580 1697 2819 1753 aufertur
2839 1699 2906 1754 ab
2932 1700 3179 1765 homine;
3202 1700 3259 1770 8
3286 1714 3383 1754 nec
3413 1707 3593 1753 tamen
3620 1697 3746 1752 illud
3770 1697 3829 1751 lu~

2278 1802 2401 1843 men
2449 1789 2687 1846 aufertur
2732 1790 2801 1846 ab
2837 1791 3038 1859 anima,
3080 1806 3188 1861 quo
3224 1790 3362 1845 valet
3411 1789 3551 1844 inter
3594 1787 3829 1858 justitiam

591 1902 768 1948 utrum
797 1893 1049 1959 Verbum,
1080 1907 1150 1946 an
1175 1893 1373 1958 anima,
1402 1907 1470 1946 an
1500 1904 1720 1960 corpus,
1752 1905 1823 1943 an
1854 1888 2012 1944 simul
2042 1901 2161 1942 om-
2191 1878 2243 1941 B
2266 1877 2708 1952 iniquitatemque
2745 1882 3073 1940 discernere.
3125 1883 3299 1941 Unum
3363 1882 3507 1938 enim
3561 1880 3827 1953 corporis.

592 1985 714 2040 nia?
743 1984 847 2040 Sed
879 1984 1263 2054 perabsurdum
1286 1991 1391 2049 est,
1412 1991 1507 2037 aut
1527 1981 1778 2048 Verbum,
1813 1989 1906 2035 aut
1934 1980 2169 2034 animam

592 2073 775 2129 dicere
803 2074 982 2129 linteis
1011 2074 1285 2129 obvoluta.
1314 2075 1502 2128 Restat
1531 2087 1660 2143 ergo
1684 2081 1742 2126 ut
1768 2071 1944 2126 solum
1974 2083 2170 2139 corpus

596 2170 734 2240 quod
757 2168 1001 2225 exanime
1022 2178 1156 2234 erat,
1180 2168 1322 2237 quod
1344 2169 1504 2223 etiam
1527 2165 1897 2235 sepelientium
1926 2162 2170 2217 manibus

591 2259 884 2326 ferebatur,
914 2259 1076 2316 fuerit
1103 2260 1155 2313 in
1193 2258 1419 2314 sindone
1458 2257 1845 2313 circumdatum
1893 2264 1949 2311 et
1990 2256 2043 2310 in
2086 2269 2171 2310 se-

593 2349 763 2418 pulcri
789 2350 992 2421 gremio
1022 2351 1361 2405 collocatum.
1395 2349 1527 2404 Nam
1569 2350 1653 2404 hic
1675 2348 2035 2419 argumentari
2062 2361 2171 2402 non

590 2456 727 2524 opus
749 2452 854 2509 est,
884 2443 971 2499 ubi
995 2458 1055 2499 se
1075 2444 1189 2513 ipsa
1210 2444 1406 2499 veritas
1434 2442 1769 2498 manifestius
1802 2441 2001 2512 prodit.
2046 2441 2171 2497 Ver-

588 2537 716 2592 bum
740 2538 831 2593 Dei
852 2539 1236 2613 exsequiarum
1258 2537 1435 2594 oliicio
1466 2552 1572 2593 non
1600 2536 1776 2607 eguit:
1809 2535 1987 2590 anima
2014 2550 2169 2605 sepe-

588 2628 671 2684 liri
697 2644 804 2686 non
838 2634 1009 2699 potuit
1041 2649 1055 2684 :
1102 2630 1219 2685 sola
1266 2630 1427 2700 igitur
1451 2643 1578 2685 caro
1613 2630 1905 2699 sepultura
1930 2627 2167 2684 ofﬁcium

589 2721 788 2778 habuit.
832 2722 900 2776 Et
929 2733 1107 2780 tamen
1153 2723 1434 2777 Dominum
1464 2722 1647 2777 Jesum
1682 2722 1951 2777 Christum
1991 2721 2166 2791 sepul-

589 2820 701 2867 tum
725 2813 1014 2883 apostolica
1037 2814 1327 2867 auctoritas
1350 2812 1550 2867 docuit.
1568 2813 1756 2867 Cernis
1778 2826 1905 2882 ergo
1924 2826 2045 2866 esse
2067 2810 2170 2864 ali-

588 2903 716 2974 quid
748 2904 1022 2973 proprium
1066 2905 1244 2959 carnis
1275 2902 1418 2972 quod
1460 2901 1620 2958 Verbi
1666 2916 1785 2959 esse
1815 2917 1923 2959 non
1958 2900 2165 2973 possit;

590 2998 687 3052 sed
731 2996 856 3051 ideo
880 2996 1041 3051 etiam
1072 2995 1233 3051 Verbi
1269 3009 1412 3063 esse,
1444 2995 1569 3066 quia
1600 2993 1761 3052 Verbi
1800 3004 1882 3052 est
1924 2995 2013 3053 illa
2042 3008 2168 3051 caro

589 3090 672 3145 cui
706 3097 927 3159 possunt
951 3088 1064 3144 haec
1093 3088 1269 3143 omnia
1297 3088 1471 3157 aptius
1498 3088 1811 3144 convenire.

660 3180 796 3235 Vlll.
827 3178 1074 3236 Crevisse
1102 3189 1249 3236 certe
1279 3194 1374 3250 per
1402 3181 1577 3236 aetatis
1604 3181 1892 3249 curricula,
1918 3188 1972 3236 et
1998 3194 2168 3251 usque

2271 1972 2413 2027 aliud
2444 1973 2636 2029 animae
2666 1985 2750 2029 est
2771 1976 3068 2045 proprium.

2342 2071 2429 2125 1X.
2466 2070 2596 2126 Illud
2626 2071 2830 2127 interea
2854 2080 2937 2127 est
2989 2086 3095 2140 prae
3119 2068 3331 2125 caeteris
3378 2068 3561 2123 animo
3588 2076 3824 2123 contuen-

2272 2163 2417 2231 dum,
2452 2163 2590 2233 quod
2637 2164 2682 2218 si
2730 2174 2916 2219 natura
2941 2164 3033 2219 Dei
3062 2163 3300 2232 ejusdem
3331 2160 3659 2215 conditionis
3687 2167 3827 2219 esset,

2272 2265 2331 2310 ut
2359 2270 2452 2325 per
2473 2270 2532 2310 se
2576 2263 2735 2324 atque
2765 2255 2817 2308 in
2845 2268 2904 2309 se
2934 2254 3199 2323 aliquibus
3230 2252 3536 2321 passionum
3568 2248 3829 2320 generibus

2272 2346 2589 2403 subderetur
2615 2390 2629 2414 ,
2681 2348 2825 2401 nttlla
2856 2336 2999 2402 esset
3042 2345 3282 2415 profecto
3326 2344 3621 2398 humanum
3662 2352 3827 2408 corpus

2270 2438 2586 2509 suscipiendi
2610 2441 2919 2494 necessitas.
2950 2438 3084 2505 Quid
3108 2438 3248 2492 enim
3274 2450 3404 2506 cpus
3430 2444 3545 2490 erat
3570 2434 3683 2489 Deo
3708 2446 3827 2486 mor-

2271 2532 2452 2588 talium
2476 2533 2581 2589 sibi
2611 2540 2855 2589 naturam
2884 2533 3207 2601 adsciscere,
3241 2532 3282 2584 si
3316 2531 3485 2599 potuit
3514 2536 3700 2583 natura
3733 2528 3825 2593 ejus

2270 2625 2457 2681 mortis
2489 2625 2694 2695 legibus
2740 2625 3061 2695 subjacere?
3089 2624 3225 2691 Quia
3255 2637 3385 2679 vero
3427 2634 3573 2676 mors
3597 2634 3717 2690 qua
3753 2631 3827 2685 per

2271 2718 2711 2788 transgressionis
2758 2715 3254 2788 praevaricationem
3303 2714 3642 2783 obrepserat,
3677 2716 3827 2764 morte

2269 2812 2578 2881 perimenda
2618 2792 2737 2866 erat
2754 2852 2767 2876 ,
2792 2811 2929 2865 sicut
2970 2810 3084 2880 ipse
3110 2807 3369 2862 Dominus
3400 2804 3726 2875 praedixerat,
3757 2800 3829 2852 di-

2269 2918 2397 2960 cens
2424 2922 2435 2955 :
2464 2903 2567 2957 Ero
2595 2919 2728 2957 mors
2756 2912 2863 2970 tua,
2888 2918 2917 2955 ο
2948 2918 3083 2955 mors
3110 2901 3286 2972 (Osee,
3314 2916 3431 2965 xm,
3460 2896 3545 2967 ιι)
3572 2937 3586 2963 ,
3618 2907 3827 2949 necesse

2270 2994 2454 3051 habuit
2479 2996 2569 3051 Dei
2593 2995 2757 3052 Filius
2788 2995 2976 3050 altiore
3005 3003 3166 3063 atque
3194 2992 3459 3062 profundo
3488 2988 3823 3059 dispensatio-

2269 3089 2355 3143 nis
2380 3104 2489 3142 sutc
2506 3088 2753 3158 consilio,
2777 3098 2835 3142 ut
2862 3089 2982 3157 quia
3007 3087 3120 3155 ipse
3153 3095 3355 3139 natura}
3382 3092 3463 3137 est
3486 3078 3824 3152 impassibilis.

2271 3182 2539 3252 passibilis
2562 3191 2767 3237 naturae
2790 3196 2982 3250 corpus
3010 3178 3327 3248 susciperet,
3353 3180 3404 3231 in
3436 3190 3541 3245 quo
3567 3174 3765 3245 injuriis
3784 3181 3823 3225 et

591 3273 658 3329 ad
682 3273 899 3327 robusta
925 3270 1176 3341 juvenilis
1203 3273 1447 3340 corporis
1473 3271 1711 3327 membra
1738 3271 2046 3342 pervenisse
2070 3271 2168 3327 Do-
2190 3252 2237 3317 C
2270 3278 2605 3347 passionibus
2641 3290 2872 3346 eousque
2903 3274 3227 3341 afﬁceretur,
3257 3280 3314 3325 ut
3341 3285 3511 3339 usque
3558 3269 3627 3325 ad
3668 3266 3822 3322 mortis

594 3364 796 3420 minam
827 3362 1009 3419 Jesum
1050 3364 1099 3434 7
1127 3362 1397 3419 Christum
1428 3364 1714 3435 Evangelia
1748 3364 1985 3421 tradunt.
2011 3366 2057 3421 Ο
2085 3374 2164 3433 ιιι,

592 3460 681 3531 qui
697 3458 829 3515 nihil
858 3459 943 3514 vis
960 3470 1078 3514 esse
1101 3460 1375 3529 proprium
1397 3460 1596 3527 carnis,
1623 3468 1846 3530 putasne
1873 3460 2015 3531 quod
2032 3459 2165 3515 Ver-

590 3553 717 3610 bum
744 3568 868 3610 cum
899 3565 965 3609 ea
1004 3566 1188 3621 carne,
1234 3568 1337 3623 qua
1377 3569 1441 3609 ex
1475 3554 1691 3623 Virgine
1745 3563 1903 3609 natus
1933 3562 2166 3623 est,-per

588 3654 803 3701 aetatum
833 3647 1221 3712 successiones,
1250 3657 1303 3701 et
1332 3661 1426 3716 per
1446 3646 1776 3703 incrementa
1801 3648 2162 3702 membrorum

589 3739 787 3807 pariter
814 3738 1001 3804 crevit,
1028 3747 1080 3792 et
1112 3739 1168 3791 in
1196 3738 1454 3806 majorem
1486 3741 1565 3793 sui
1594 3740 1836 3809 corporis
1860 3740 2056 3794 molem
2078 3753 2166 3793 so-

589 3826 808 3881 lidatum
849 3828 972 3881 est?
1014 3826 1153 3894 Noli,
1198 3844 1329 3897 rogo
1378 3838 1450 3893 te,
1501 3830 1764 3887 cavillari.
1819 3830 1957 3899 elige
2003 3845 2164 3885 unum

588 3920 732 3990 quod
770 3920 921 3976 velis.
952 3918 1208 3975 Crescere
1254 3921 1419 3987 istud,
1461 3931 1513 3976 et
1550 3921 1905 3990 grandescere
1954 3922 2163 3978 Domini

588 4010 714 4067 Jesu
741 4011 964 4079 Christi,
997 4021 1053 4068 et
1083 4027 1247 4081 usque
1283 4012 1348 4067 ad
1387 4014 1673 4083 perfectam
1701 4014 1989 4085 juvenilem
2036 4026 2165 4072 aeta-

587 4112 694 4159 tem
726 4105 1027 4173 pervenire,
1057 4103 1207 4174 cujus
1225 4102 1342 4159 est?
1360 4104 1547 4172 Verbi,
1574 4120 1642 4159 an
1669 4106 1869 4161 carnis.
1889 4108 2013 4163 Scio
2032 4111 2164 4177 'quas

585 4197 856 4265 angustias
885 4196 1123 4265 patiaris,
1154 4196 1345 4267 quibus
1388 4197 1610 4253 anheles
1640 4197 1882 4253 testibus.
1921 4197 1975 4255 Si
2015 4198 2162 4253 dicas

585 4288 859 4356 proprium
898 4302 1017 4342 esse
1046 4290 1221 4342 carnis
1246 4290 1623 4358 proprietatem
1646 4301 1852 4345 natum
1878 4290 2081 4346 fateris.
2105 4292 2161 4348 Si

586 4373 735 4430 dicas
773 4384 827 4431 et
861 4376 1036 4430 carnis
1075 4390 1196 4431 esse
1245 4387 1299 4431 et
1326 4378 1485 4433 Verbi
1533 4380 1696 4450 (quod
1727 4382 1943 4450 quidem
1976 4396 2161 4437 verum

585 4473 670 4519 est
698 4479 794 4534 per
818 4466 1077 4521 unitatem
1102 4482 1366 4536 personae,
1399 4484 1508 4525 non
1536 4486 1632 4539 per
1662 4475 2046 4541 proprietatem
2070 4491 2164 4530 na-

589 4554 775 4625 turas);
807 4556 871 4620 si,
912 4557 1147 4627 inquam,
1173 4558 1318 4613 dicas
1354 4558 1519 4615 Verbi
1558 4575 1676 4617 esse
1728 4562 1829 4618 hoc
1858 4566 2031 4619 aetatis
2069 4582 2155 4621 au-

2266 3370 2601 3441 dispendium
2662 3387 2757 3441 per
2788 3370 2973 3425 mortis
3024 3366 3314 3423 obnoxiam
3364 3375 3611 3420 naturam
3658 3374 3819 3432 perve-

2267 3464 2443 3533 niens,
2476 3472 2704 3520 mortem
2758 3464 2810 3518 in
2841 3464 2952 3518 suis
2996 3461 3210 3517 sedibus
3241 3461 3551 3531 perimeret,
3583 3467 3639 3514 et
3664 3462 3820 3512 cuncta

2265 3557 2458 3615 inferni
2500 3558 2620 3629 jura
2668 3554 2875 3613 victrici
2905 3555 3298 3627 congressionis
3340 3554 3615 3623 triumpho
3643 3550 3820 3619 compi-

2265 3649 2402 3717 lans,
2431 3652 2494 3706 ad
2542 3664 2765 3720 superos
2797 3650 3098 3720 repedat-et.
3131 3649 3291 3704 Vides
3320 3663 3445 3717 ergo
3476 3663 3585 3702 non
3616 3648 3684 3703 ob
3709 3641 3820 3699 aliud

2267 3744 2433 3798 Deum
2482 3751 2682 3798 natura:
2714 3752 2911 3798 nostra:
2960 3758 3020 3798 se
3069 3742 3373 3813 permisisse
3424 3749 3481 3795 ut
3529 3748 3819 3798 moreretur.

2266 3836 2366 3891 nisi
2389 3837 2508 3906 quia
2540 3837 2655 3906 ejus
2700 3845 2887 3891 natura
2927 3835 3267 3891 mortalitatis
3302 3833 3613 3889 conditione
3646 3833 3818 3904 penitus

2266 3945 2371 3985 non
2403 3939 2640 3998 tenetur;
2670 3944 2733 3984 ac
2781 3930 2860 3986 sic
2914 3944 3031 3984 esse
3070 3927 3267 3999 aliquid
3318 3926 3594 3997 proprium
3642 3926 3819 3981 Christo

2265 4021 2404 4091 quod
2436 4020 2721 4090 divinitati,
2767 4020 2909 4075 aliud
2949 4020 3090 4090 quod
3140 4018 3457 4073 humanitati
3509 4017 3818 4073 conveniat:

2273 4113 2401 4168 licet
2444 4123 2661 4184 prepter
2692 4114 2945 4169 unitatem
2979 4127 3248 4183 personae,
3281 4118 3335 4167 et
3382 4125 3527 4166 mors
3558 4110 3627 4165 ad
3659 4106 3819 4165 divini.

2268 4214 2448 4277 tatem,
2479 4215 2533 4262 et
2562 4206 2928 4262 immortalitas
2953 4207 3017 4261 ad
3044 4204 3282 4275 ejusdem
3321 4204 3412 4260 Dci
3444 4204 3708 4260 referatur
3746 4201 3819 4253 hu-

2267 4299 2595 4355 manitatem.
3014 4352 3017 4355 .

2336 4393 2405 4448 Χ.
2466 4392 2805 4449 Metuendum
2858 4388 2987 4448 sane
3014 4401 3095 4448 est
3146 4406 3214 4447 ne
3264 4390 3350 4447 isti
3403 4389 3490 4461 qui
3533 4388 3818 4444 inanissima

2266 4497 2410 4543 metu
2460 4490 2732 4558 utriusque
2777 4498 2979 4543 naturae
3023 4487 3401 4559 proprietatem
3435 4486 3638 4543 idcirco
3666 4485 3819 4541 nolunt

2267 4580 2528 4650 accipere,
2562 4596 2626 4636 ne
2652 4580 2785 4635 duos
2824 4580 3099 4637 videantur
3126 4581 3367 4637 Christos
3394 4582 3678 4649 inducere,
3699 4574 3819 4635 simi-

587 4654 882 4717 gmentum,
909 4650 1159 4705 mutabile
1188 4650 1484 4707 introducis
1510 4662 1669 4722 atque
1687 4655 2039 4711 convertibile
2070 4657 2163 4713 Dei

2268 4626 2528 4650 ----.,-.-,
2562 4626 2626 4636 ..,,
2654 4626 2784 4635 -..νυ
2831 4626 3089 4637 ...ηηηω
3130 4626 3367 4637 mu.-."
3394 4626 3678 4649 .......ν.,.ν,
3699 4626 3800 4635 -.π

2268 4675 2386 4730 liter
2418 4676 2568 4732 nobis
2592 4687 2644 4731 et
2686 4676 2752 4732 de
2797 4676 3057 4733 Trinitate
3087 4678 3433 4747 qumstionem
3464 4676 3697 4746 aliquam
3724 4685 3819 4726 mo.

589 4737 841 4794 Verbum.
870 4739 1029 4795 Forte
1058 4742 1199 4796 enim
1222 4743 1461 4812 quadam
1504 4745 1678 4814 portio
1705 4746 1820 4815 ejus
1852 4746 2160 4815 virginalem

589 4842 795 4887 uterum
835 4834 1175 4904 impleverat;
1204 4847 1258 4893 et
1296 4839 1417 4895 ideo
1454 4840 1568 4896 haec
1604 4840 1794 4911 exigua
1837 4842 2009 4912 portio
2038 4860 2159 4901 cum

584 4938 813 4995 corpore
840 4942 938 4983 suo
972 4932 1136 4986 sensit
1163 4943 1528 5002 augmentum;
1556 4936 1681 4991 dum
1722 4938 1810 4993 illa
1853 4938 2023 5009 major
2044 4954 2161 5010 qua:

586 5017 840 5086 restabat,
878 5030 933 5075 et
970 5039 1086 5092 quae
1128 5033 1339 5080 uterum
1384 5025 1618 5095 Virginis
1665 5045 1773 5085 non
1819 5030 2155 5104 impleverat,

586 5110 837 5177 paulatim
864 5128 982 5168 sese
1007 5116 1236 5185 portioni
1256 5132 1390 5186 suae,
1415 5132 1573 5187 quam
1590 5121 1641 5175 in
1663 5120 1878 5178 homine
1898 5123 2152 5194 habebat,

584 5212 682 5268 per
719 5199 1047 5257 incrementa
1093 5205 1257 5276 ipsius
1294 5208 1537 5277 corporis
1565 5210 1923 5280 admiscebat;
1956 5224 2011 5270 et
2053 5215 2156 5271 isto

583 5289 744 5345 modo
768 5295 1061 5349 secundum
1087 5310 1202 5361 vos,
1228 5311 1333 5352 non
1354 5304 1517 5365 totus,
1541 5315 1716 5370 neque
1750 5304 2037 5373 perfectus,
2060 5306 2154 5362 sed

581 5384 823 5441 modicus
853 5397 1007 5443 natus
1036 5398 1120 5444 est
1140 5390 1299 5457 Deus,
1328 5403 1382 5447 et
1411 5408 1505 5462 per
1530 5403 1743 5453 aetatum
1775 5403 2155 5471 congruentias

581 5478 750 5539 factus
775 5494 857 5539 est
885 5500 1128 5555 mgnus.
1163 5486 1235 5541 At
1261 5487 1305 5542 si
1340 5487 1442 5544 hoc
1481 5490 1704 5560 impium
1732 5509 1795 5549 ac
1840 5497 2154 5555 detestabile

580 5579 664 5625 est
686 5583 777 5629 aut
807 5574 965 5631 Verbi
998 5576 1293 5646 portionem
1321 5579 1523 5649 dicere,
1547 5592 1639 5638 aut
1666 5583 1902 5642 Verbum
1932 5588 2154 5645 credere

581 5669 845 5733 augmenti
884 5670 1085 5742 aliquid
1127 5674 1183 5728 in
1215 5688 1309 5730 sua
1355 5686 1543 5731 natura
1583 5678 1836 5747 sensisse,
1868 5680 2151 5738 Dominum

504 5818 507 5823 ,
583 5762 758 5843 tamen
781 5758 962 5817 Jesum
990 5760 1262 5823 Christum
1288 5767 1491 5825 clarum
1523 5779 1604 5825 cst
1646 5772 1817 5828 aetatis
1852 5772 2147 5843 profectum

578 5840 860 5910 habuisse:
892 5853 1011 5927 quis
1049 5871 1152 5919 non
1193 5860 1369 5922 videat
1395 5863 1500 5922 hoc
1526 5864 1797 5939 proprium
1825 5840 2001 5926 carnis
2030 5882 2149 5930 esse

2267 4782 2451 4838 veant;
2487 4784 2541 4827 ut
2568 4774 2690 4843 quia
2740 4782 2864 4829 sunt
2916 4774 3157 4844 quaedam
3202 4774 3414 4845 propria
3468 4772 3683 4839 Patris,
3724 4780 3820 4839 qtu’c

2266 4881 2364 4921 nec
2394 4866 2457 4919 ad
2490 4865 2702 4931 Filium,
2735 4882 2832 4923 nec
2860 4866 2926 4921 ad
2975 4865 3233 4937 Spiritum
3278 4876 3518 4922 sanctum
3543 4866 3817 4936 pertinent;

2265 4966 2317 5013 et
2358 4967 2483 5012 sunt
2530 4958 2769 5029 quaedam
2830 4959 3039 5028 propria
3100 4958 3259 5024 Filii,
3302 4974 3421 5028 qua:
3470 4972 3570 5012 nec
3630 4957 3696 5011 ad
3742 4954 3819 5009 Pa-

2269 5058 2425 5116 trem,
2458 5065 2555 5105 nec
2583 5051 2647 5104 ad
2702 5050 2956 5122 Spiritum
3002 5059 3244 5105 sanctum
3299 5048 3603 5118 pertinent;
3640 5057 3692 5102 et
3719 5048 3821 5099 sunt

2264 5141 2425 5196 etiam
2487 5139 2715 5211 Spiritus
2769 5140 2939 5196 saneti
2998 5141 3250 5195 nonnulla
3302 5140 3691 5210 prepria,qu:e
3742 5146 3820 5189 nec

2262 5230 2327 5285 ad
2359 5230 2598 5299 Patrem,
2633 5246 2729 5285 nec
2779 5232 2845 5285 ad
2891 5230 3081 5286 Filium
3137 5231 3402 5301 pertinere
3452 5236 3819 5289 monstrantur,

2264 5332 2371 5378 tres
2419 5340 2447 5378 a
2493 5339 2552 5379 se
2599 5323 2821 5379 invicem
2872 5334 3147 5394 separatos
3176 5323 3523 5379 criminentur
3552 5321 3821 5378 catholicos

2261 5415 2440 5471 colere
2480 5416 2629 5471 deos.
2679 5415 2782 5471 Sed
2836 5431 2903 5471 ne
2951 5415 3172 5471 forsitan
3222 5416 3493 5485 inopinata
3547 5413 3820 5486 qumstione

2263 5506 2512 5574 turberis,
2544 5507 2763 5563 adverte
2791 5522 2884 5576 per
2929 5507 3156 5577 singula.
3214 5507 3486 5577 Susceptae
3529 5507 3703 5561 carnis
3730 5502 3821 5557 dis-

2262 5598 2502 5668 pensatio
2543 5614 2641 5655 nec
2684 5598 2750 5654 ad
2793 5599 3024 5666 Patrem,
3051 5614 3148 5655 nec
3174 5597 3241 5653 ad
3284 5598 3541 5668 Spiritum
3570 5606 3816 5655 sanctum,

2260 5688 2352 5743 sed
2376 5688 2442 5745 ad
2460 5690 2628 5745 solum
2656 5690 2880 5761 pertinet
2908 5692 2962 5763 9
2983 5690 3171 5746 Filium
3201 5708 3212 5745 :
3238 5689 3452 5760 proprie
3478 5690 3617 5744 cnim
3642 5686 3815 5745 Filius,

2260 5797 2365 5838 non
2416 5783 2572 5840 Pater
2616 5785 2681 5839 de
2732 5783 2944 5856 Virgine
2993 5793 3147 5839 natus
3195 5791 3296 5839 est.
3352 5782 3559 5838 Rursus
3601 5779 3685 5836 illa
3716 5790 3817 5849 qua!

2258 5884 2419 5945 super
2447 5888 2567 5933 eum
2611 5872 2786 5933 audita
2835 5883 2916 5934 est
2938 5889 3038 5934 vox
3074 5890 3086 5932 :
3121 5873 3221 5932 Hic
3262 5880 3333 5931 est
3360 5871 3531 5929 Filius
3579 5885 3718 5929 meus
3746 5866 3815 5922 di-
