3990 6390
225 361 326 419 101

1376 366 1652 422 CONTRA
1690 362 2157 425 EUTYCIIETEM
2196 370 2324 426 LIB.
2366 373 2407 427 Ι.

3395 395 3499 454 109

220 482 382 536 tectus
421 473 600 552 (Matt.
632 496 711 550 in,
744 477 834 553 17,
864 491 911 538 et
953 496 1083 552 xvn,
1114 482 1195 553 5),
1226 498 1323 539 nec
1347 485 1409 539 ad
1444 486 1659 553 Filium,
1704 502 1803 542 nec
1832 490 1888 552 Α
1987 488 2095 542 XII.
2126 488 2234 545 Sed
2266 490 2486 545 istorum
2516 493 2790 550 temeritas
2841 509 2977 565 quae,
3009 511 3107 567 pro
3139 516 3361 562 numero
3400 526 3495 565 na-

220 574 287 628 ad
315 572 574 645 Spiritum
603 581 870 643 sanctum,
897 574 991 631 sed
1022 575 1090 631 ad
1116 576 1330 632 Patrem
1358 579 1586 647 pertinet
1611 580 1803 635 solum.

218 665 352 722 Item
382 666 644 722 columbae
677 667 883 738 species
910 682 1029 739 qua:
1079 669 1130 722 in
1180 668 1414 726 Jordane
1456 673 1721 742 apparuit,
1755 682 1809 729 et

216 757 496 828 ignearum
528 756 826 828 linguarum
855 757 1201 830 multipartita
1232 760 1558 831 distributio,
1592 764 1807 835 proprie

215 848 284 904 ad
314 848 489 906 sancti
535 848 764 919 Spiritus
800 863 1081 921 personam
1127 852 1401 922 pertinere
1452 864 1801 911 monstratur.

214 940 325 999 Sed
350 956 416 998 ne
435 940 609 997 adhuc
635 941 704 998 de
729 942 811 998 his
832 943 1248 1013 proprietatibus
1271 944 1504 1015 dubites,
1534 947 1658 1002 audi
1690 963 1803 1004 ma-

214 1036 485 1093 nifestius.
512 1035 793 1106 Pr0prium
822 1035 994 1093 Patris
1018 1048 1099 1094 est
1127 1041 1395 1110 genuisse,
1430 1050 1484 1097 et
1525 1044 1798 1113 proprium

213 1128 335 1185 Filii
364 1137 547 1185 natum
584 1127 778 1195 fuisse,
806 1130 1080 1201 proprium
1116 1148 1245 1187 vero
1268 1142 1351 1190 est
1380 1133 1609 1204 Spiritus
1631 1136 1801 1192 sancti

212 1223 527 1293 procedere.
562 1222 670 1279 Nec
710 1221 930 1280 omnino
969 1226 1269 1296 reciprocat
1312 1227 1365 1283 in
1404 1228 1562 1283 aliam
1616 1245 1800 1301 perso-

212 1330 357 1384 nam,
408 1314 550 1386 quod
594 1324 677 1371 est
706 1316 990 1387 unicuique
1032 1333 1276 1389 personae
1324 1321 1626 1391 specialiter
1674 1337 1798 1392 pro-

212 1411 406 1481 prium.
439 1408 495 1466 Si
538 1424 664 1480 ergo
697 1410 779 1467 hae
836 1419 944 1469 tres
975 1426 1217 1482 personae
1271 1414 1531 1470 habentes
1575 1416 1797 1485 singulae

212 1502 565 1570 proprietates
586 1516 733 1570 suas,
758 1503 952 1573 quibus
968 1505 1351 1575 signiﬁcantius
1377 1507 1792 1578 distinguantur,

214 1610 321 1650 non
373 1595 562 1665 quibus
587 1599 940 1665 ;separentur,
991 1613 1129 1653 unus
1180 1606 1264 1655 est
1317 1599 1489 1666 Deus;
1523 1603 1794 1671 quomodo

216 1686 402 1752 Filius,
432 1688 575 1743 salva
606 1687 883 1760 utriusque
910 1696 1114 1747 naturae
1142 1690 1493 1761 proprietate,
1520 1706 1624 1747 non
1654 1707 1792 1748 unus

212 1788 295 1833 tst
314 1778 559 1835 Christus
583 1779 606 1834 ?

1916 585 2174 646 turarum,
2205 578 2568 639 diversitatem
2590 582 2781 655 ingerit
2810 600 3177 661 personarum,
3203 599 3494 665 apostolica

1911 675 1993 723 est
2042 670 2360 725 auctoritate
2410 673 2728 745 frangenda,
2778 685 2832 731 et
2882 679 3091 748 penitus
3142 690 3489 747 conterenda.

1908 760 2197 831 Apostolus
2223 773 2368 819 certe
2398 779 2623 823 noverat
2648 768 2912 826 Christum
2943 774 3222 847 utriusque
3252 794 3370 838 esse
3397 799 3492 840 na-

1908 861 2064 920 turae,
2096 852 2222 909 dum
2270 869 2389 911 eum
2421 866 2475 912 et
2504 858 2771 918 hominem
2826 874 2879 920 et
2925 866 3110 939 Deum,
3137 876 3491 950 eumdemque

1907 946 2163 1015 praedicat
2185 963 2366 1002 unum.
2402 948 2683 1009 Hominem
2717 956 2929 1026 quidem
2959 960 3083 1016 dum
3116 964 3262 1029 .dicit
3292 985 3305 1020 :
3341 946 3488 1028 Unus

1905 1038 2153 1092 mediator
2172 1038 2265 1093 Dei
2289 1050 2334 1093 et
2356 1039 2639 1111 hominum,
2673 1046 2821 1101 homo
2836 1046 3064 1106 Christus
3089 1040 3241 1111 Iesus
3269 1059 3323 1129 (Ι
3347 1060 3483 1119 Tim.

1904 1145 1963 1197 tt,
1993 1130 2070 1201 5).
2106 1130 2173 1183 Et
2203 1130 2393 1184 iterum
2436 1149 2446 1183 :
2484 1131 2629 1187 Sicut
2656 1152 2745 1204 per
2766 1154 2923 1195 unum
2954 1142 3206 1199 hominem
3228 1166 3384 1219 mors,
3416 1156 3488 1209 ita

1903 1236 1993 1292 per
2023 1237 2181 1274 unum
2211 1220 2465 1275 hominem
2489 1230 2791 1281 resurrectio
2818 1243 3133 1291 mortuorum
3163 1238 3214 1309 (1
3242 1239 3359 1296 Cor.
3396 1261 3481 1315 xv,

1900 1312 2013 1383 21).
2051 1314 2114 1369 Ει
2144 1314 2209 1369 de
2248 1315 2391 1370 .Filio
2423 1316 2751 1387 inquitsuo:
2802 1325 2902 1389 Qui
2938 1328 3103 1396 factus
3130 1343 3204 1387 est
3239 1336 3284 1388 ei
3318 1354 3379 1391 ex
3409 1312 3486 1395 se-

1901 1406 2031 1459 mine
2061 1405 2227 1459 Darid
2246 1409 2521 1462 secundum
2565 1428 2766 1465 carnem
2798 1415 2975 1484 (Rom.
3031 1438 3066 1489 ι,
3099 1424 3178 1495 5).
3232 1426 3294 1482 Et
3327 1445 3339 1481 ;
3375 1428 3485 1486 Με.

1900 1514 2009 1550 mor
2031 1507 2135 1551 esto
2164 1497 2339 1552 Jesum
2368 1499 2627 1555 Christum
2659 1508 2993 1563 resurrt’xisse
3030 1530 3061 1564 a
3096 1520 3305 1572 mortuis
3330 1538 3391 1575 ex
3410 1540 3486 1579 se-

1898 1588 2031 1640 mine
2076 1587 2242 1641 Dat'id
2286 1591 2561 1644 secundum
2585 1611 2786 1649 carnem
2832 1597 2917 1667 (ΙΙ
2952 1598 3081 1656 Tim.
3116 1622 3172 1673 ll,
3204 1608 3281 1676 8).
3318 1610 3485 1670 Deum

1898 1694 2025 1734 vero
2075 1696 2196 1735 cum
2251 1682 2423 1737 dicit:
2463 1683 2544 1739 Ea:
2590 1689 2770 1757 quibus
2818 1689 3071 1763 Christus,
3104 1700 3190 1767 qui
3234 1712 3305 1755 est
3333 1721 3485 1776 super

1896 1770 2063 1824 omnii
2089 1771 2222 1826 Deus
2244 1774 2533 1831 benedictus
2552 1780 2604 1832 in
2629 1782 2818 1836 sarcula
2841 1784 3020 1854 (Rom.
3038 1804 3113 1859 lx,
3130 1791 3206 1861 ὅ).
3226 1793 3290 1849 Et
3307 1770 3484 1867 quam-

280 1870 368 1926 xr.
400 1871 532 1927 Nam
570 1880 624 1929 et
663 1873 720 1928 in
746 1872 984 1941 homine,
1013 1872 1061 1931 si
1089 1874 1338 1931 subtilius
1361 1875 1632 1946 disputare
1659 1878 1792 1932 veli-
1821 1880 1869 1941 Β
1900 1860 2052 1954 eluta
2098 1862 2182 1917 his
2231 1865 2443 1932 similia.
2491 1884 2609 1938 {tum
2658 1885 3082 1934 commemorare
3124 1860 3341 1954 ισιιευηὶ
3374 1898 3475 1945 est.

206 1977 347 2030 mus,
378 1965 630 2035 pleraque
662 1966 902 2023 invenies
943 1966 1016 2023 ita
1066 1966 1392 2037 proprietate
1432 1968 1659 2037 quadam
1707 1984 1790 2025 se-

205 2058 534 2128 questratius
564 2057 835 2124 distincta,
857 2066 917 2114 ut
940 2059 985 2113 si
1014 2065 1068 2113 et
1096 2058 1167 2114 ibi
1194 2058 1509 2115 calumniari
1537 2062 1789 2129 volueris,

204 2150 269 2205 de
317 2165 425 2206 uno
478 2150 694 2206 homine
737 2149 938 2207 multos
980 2149 1224 2207 homines
1276 2149 1460 2207 facias.
1508 2151 1791 2208 Hominem

201 2255 334 2311 ergo
388 2255 483 2311 per
507 2240 784 2297 ordinatas
822 2240 1180 2312 corporalium
1210 2238 1574 2298 membrorum
1604 2242 1793 2300 distin-

201 2330 411 2388 ctiones
464 2332 699 2403 quinque
748 2341 999 2388 constare
1045 2331 1337 2401 sensibus,
1368 2345 1528 2388 nemo
1581 2344 1663 2388 est
1701 2333 1792 2403 qui

106 2418 109 2421 ’
200 2424 412 2479 nesciat
446 2440 461 2477 :
491 2424 580 2493 qui
606 2438 798 2480 sensus
825 2424 901 2481 ita
925 2424 1088 2480 ofﬁcii
1116 2427 1197 2481 sui
1228 2426 1608 2496 proprietatem
1637 2438 1791 2483 natu-

201 2515 390 2570 raliter
440 2514 703 2581 obtinent,
746 2522 807 2570 ut
840 2516 975 2572 nihil
1015 2529 1197 2571 secum
1245 2516 1443 2572 habere
1486 2531 1791 2583 commune,

203 2602 344 2657 nihil
388 2602 493 2659 sibi
519 2603 585 2659 de
614 2604 836 2662 alterius
883 2605 1215 2677 proprietate
1257 2606 1473 2662 valeant
1503 2607 1789 2664 vindicare.

199 2692 272 2747 Et
323 2700 381 2748 ut
430 2694 609 2750 omnia
649 2695 960 2766 specialiter
1011 2710 1429 2754 commemorem
1457 2739 1472 2766 ,
1524 2698 1669 2753 visus
1723 2700 1793 2755 ita

198 2783 487 2840 ministerii
505 2786 586 2841 sui
616 2787 892 2857 proprium
919 2786 1155 2843 ofﬁcium
1186 2788 1342 2857 gerit,
1376 2795 1433 2843 ut
1462 2802 1563 2844 nec
1584 2790 1788 2855 audire,

198 2892 301 2937 nec
354 2878 587 2945 odorari,
610 2895 709 2936 nec
756 2890 1011 2952 gustare,
1066 2897 1165 2936 nec
1214 2890 1555 2938 contrectare
1594 2884 1790 2955 aliquid

198 2969 391 3039 possit.
439 2970 662 3026 Auditus
689 2971 758 3026 ita
794 2981 997 3028 naturae
1023 2986 1133 3027 suae
1162 2972 1501 3030 administrat
1529 2974 1788 3042 ofﬁcium,

197 3067 255 3114 ut
276 3074 379 3115 nec
410 3060 647 3129 videndi,
676 3076 774 3119 nec
798 3062 1077 3130 odorandi,
1108 3080 1208 3120 nec
1232 3066 1501 3135 gustandi,
1533 3082 1632 3123 nec
1660 3084 1789 3124 con-

198 3150 467 3206 trectandi
495 3150 723 3207 ofﬁcium
770 3153 977 3209 subeat.
1010 3154 1275 3211 Odoratus
1322 3172 1536 3227 quoque
1584 3159 1663 3214 sic
1713 3160 1788 3214 fa-

1897 1950 1995 2019 Qui
2028 1970 2154 2023 ergo
2188 1954 2328 2011 hunc
2368 1959 2616 2014 eumdem
2665 1974 2717 2017 et
2749 1964 2912 2020 Deum
2944 1950 3267 2037 praedicabat
3296 1987 3350 2032 et
3373 1978 3475 2036 ho-

1898 2044 2117 2112 minem,
2181 2058 2237 2103 ut
2285 2066 2349 2105 ex
2405 2054 2644 2125 utrisque
2700 2061 2902 2116 naturis
2953 2078 3113 2121 unum
3174 2071 3482 2130 ostenderet

1894 2134 2193 2204 Christum,
2220 2140 2386 2196 miror
2410 2146 2681 2214 quomodo
2711 2164 2814 2205 non
2859 2156 3049 2210 metuit
3079 2158 3211 2215 istos
3238 2165 3483 2235 egregios

1895 2236 2063 2288 nostri
2096 2240 2352 2307 temporis
2380 2243 2796 2302 calumniatores
2828 2257 2885 2303 ut
2914 2266 3071 2307 unam
3102 2254 3313 2313 Christo
3357 2275 3482 2330 pcr-

1894 2336 2083 2379 sonam
2118 2329 2415 2386 ascriberet
2448 2333 2632 2389 dicens
2658 2353 2671 2389 :
2702 2337 2769 2389 Et
2819 2355 2912 2410 ego
2955 2344 3001 2396 si
3027 2347 3150 2414 quid
3173 2329 3377 2422 donavi,
3429 2354 3482 2409 in

1895 2431 2111 2482 persona
2139 2416 2327 2472 Christi
2360 2420 2449 2489 (ΙΙ
2480 2424 2597 2478 Cor.
2631 2442 2687 2493 tl,
2720 2429 2785 2483 10

1966 2507 2099 2563 XIII.
2120 2511 2249 2566 Illud
2266 2515 2427 2569 etiam
2450 2518 2604 2572 solita
2622 2524 2935 2579 temeritatis
2958 2529 3175 2586 audacia
3200 2540 3481 2605 reprehen~

1896 2600 2026 2655 dere
2059 2603 2270 2671 solent,
2297 2620 2417 2661 cum
2455 2610 2671 2665 audiunt
2702 2614 2990 2674 catholicos
3016 2621 3230 2680 dicere:
3262 2600 3404 2686 Deus
3434 2643 3483 2688 et

1895 2692 2075 2787 homo:
2120 2694 2443 2753 arbitrantes
2486 2705 2581 2774 ιι
2622 2702 2779 2774 hujus
2810 2709 3028 2778 syllaba:
3069 2714 3477 2787 interpositione

1894 2785 2024 2841 duas
2040 2801 2197 2856 posse
2224 2790 2507 2861 signiﬁcari
2541 2812 2827 2865 personas:
2861 2807 2953 2860 sed
2976 2822 3134 2877 quam
3164 2785 3398 2883 ineptius
3420 2819 3472 2873 id

1892 2881 2176 2951 opinentur
2202 2885 2463 2942 ausculta.
2484 2888 2620 2956 Quid
2651 2892 2792 2948 enim
2813 2896 3046 2955 estDeus
3070 2911 3124 2956 et
3151 2881 3331 2971 homo,
3367 2910 3471 2965 nisi

1889 2973 1935 3028 is
1952 2974 2039 3043 qui
2061 2974 2197 3030 Deus
2214 2987 2313 3043 est,
2334 2986 2387 3033 et
2404 2979 2563 3035 homo
2580 2998 2789 3054 quoque
2808 2986 2976 3044 factus
2992 3001 3073 3048 est
3095 3008 3111 3059 ;
3128 3008 3233 3050 non
3252 2998 3490 3057 amitten.

1889 3063 1958 3118 do
1975 3064 2112 3134 quod
2130 3076 2264 3135 erat,
2285 3069 2379 3124 sed
2397 3071 2743 3142 suscipiendo
2764 3078 2902 3147 quod
2920 3092 3160 3140 nostrum
3181 3096 3317 3145 erat.
3340 3089 3474 3148 Cum

1890 3156 2031 3211 enim
2053 3159 2439 3252 praemittimus
2464 3164 2516 3218 in
2552 3166 2891 3225 confessione
2919 3169 3080 3242 Deus,
3110 3183 3165 3230 et
3193 3178 3476 3252 subsequi-

198 3244 434 3299 mulatus
486 3243 569 3299 sui
618 3244 877 3315 obsequio
909 3246 1161 3316 fungitur,
1195 3258 1251 3301 ut
1302 3263 1403 3302 nec
1452 3249 1653 3315 audiat,
1688 3264 1785 3305 nec
1814 3257 1860 3321 α
1891 3261 2009 3301 mur
2034 3246 2269 3304 dicentes
2302 3262 2349 3305 et
2389 3252 2560 3318 homo,
2591 3272 2694 3310 non
2726 3260 2897 3315 solum
2941 3263 3106 3320 Deum
3143 3243 3470 3342 manentem,

200 3337 399 3406 videat,
452 3349 551 3391 nec
601 3346 777 3406 gustet
802 3335 1030 3408 aliquid,
1062 3352 1159 3393 nec
1216 3346 1529 3395 contrectet.
1588 3340 1787 3395 Gustus

198 3427 364 3482 etiam
393 3441 490 3482 nec
533 3426 696 3495 videt,
728 3442 829 3483 nec
874 3428 1150 3497 odoratur,
1179 3444 1280 3485 nec
1320 3429 1490 3498 audit,
1521 3444 1620 3487 nec
1666 3446 1788 3487 con-

199 3504 416 3574 trectat.
448 3517 643 3573 Tactus
686 3517 935 3590 denique,
964 3522 1052 3591 qui
1081 3529 1165 3576 est
1194 3520 1414 3577 ultimus
1443 3537 1655 3585 sensus,
1690 3537 1786 3579 nec

198 3613 407 3667 visione
454 3610 666 3677 fruitur,
698 3627 798 3669 nec
843 3612 1082 3668 auditum
1134 3615 1385 3685 percipit,
1418 3630 1517 3671 nec
1564 3615 1784 3672 odorem

199 3707 365 3775 sapit,
394 3719 493 3759 nec
523 3714 733 3774 gustum
764 3704 1039 3761 discernit.
1087 3706 1154 3760 Et
1178 3721 1299 3762 cum
1323 3706 1431 3764 sint
1483 3708 1567 3763 hae
1595 3724 1784 3766 omnes

198 3796 564 3851 membrorum
608 3794 813 3866 species
840 3804 946 3852 tam
974 3796 1220 3863 diversae,
1255 3807 1362 3853 tam
1404 3798 1669 3866 discretae,
1712 3801 1783 3856 ita

197 3887 532 3943 naturalibus
565 3888 979 3956 proprietatibus
1028 3888 1351 3956 substitute,
1380 3899 1437 3945 ut
1466 3892 1596 3947 nihil
1632 3908 1780 3949 com-

199 3982 491 4048 munionis,
518 3981 649 4036 nihil
673 3983 944 4038 societatis
969 3982 1034 4037 ad
1060 3998 1120 4039 se
1141 3984 1367 4040 invicem
1405 3985 1653 4049 habeant,
1688 3985 1783 4041 sed

199 4073 407 4141 privato
418 4074 648 4143 quodam
674 4082 721 4127 et
737 4073 974 4129 solitario
990 4074 1111 4143 jure
1129 4076 1357 4146 propriae
1379 4078 1480 4146 10
1495 4076 1783 4131 functionis

198 4164 562 4218 ministerium
611 4164 910 4233 impleant;
969 4180 1105 4220 unus
1164 4175 1338 4220 tamen
1402 4165 1650 4233 idemque
1699 4174 1785 4221 est

200 4252 386 4318 homo,
415 4253 525 4322 qui,
552 4253 800 4323 quoniam
844 4254 1080 4323 quinque
1119 4255 1483 4323 corporalibus
1515 4256 1782 4323 sensibus,

196 4342 450 4415 quinaria
496 4342 822 4412 pr0prieta'te
850 4358 881 4398 a
904 4357 963 4399 se
995 4344 1221 4399 invicem
1260 4343 1628 4399 differentibus
1652 4358 1785 4399 con-

194 4442 329 4501 stat,
360 4434 593 4504 quinque
620 4434 915 4491 secundum
962 4436 1187 4491 istorum
1216 4436 1567 4492 deliramenta
1600 4452 1787 4505 perso-

196 4544 296 4584 nas
349 4528 547 4584 habere
594 4528 874 4597 debuerat,
916 4541 971 4585 ut
1000 4539 1210 4600 quanta:
1263 4539 1389 4586 sunt
1426 4532 1783 4604 proprietates

197 4633 452 4675 sensuum
512 4628 653 4674 tanta
706 4628 850 4676 esset
903 4628 957 4677 et
1006 4622 1364 4677 numerositas
1406 4636 1777 4692 personarum.
1809 4652 1861 4714 Β

201 4709 405 4765 Dehinc
454 4709 630 4765 inedia
678 4710 817 4766 afﬁci
857 4720 911 4767 et
951 4712 1257 4777 comedere,
1291 4712 1445 4769 sitire
1489 4722 1544 4768 et
1574 4713 1779 4782 bibere,

197 4806 387 4861 sedere
412 4815 465 4861 et
496 4805 763 4874 incedere,
786 4808 1022 4864 cubitum
1044 4811 1124 4865 ire
1149 4818 1203 4865 et
1231 4810 1297 4865 de
1326 4825 1515 4866 somno
1536 4822 1778 4882 surgere,

198 4896 435 4969 uigorem
470 4899 674 4969 perpeti
702 4908 756 4955 et
780 4900 999 4957 natibus
1028 4902 1131 4969 uri,
1163 4902 1288 4958 licet
1318 4918 1420 4958 non
1444 4906 1561 4960 sine
1587 4905 1780 4961 animae

200 4990 573 5061 compositione
593 5005 787 5061 corpus
814 5006 876 5048 ea
905 5001 999 5047 aut
1043 4993 1273 5063 patiatur
1298 5003 1391 5049 aut
1436 5005 1576 5067 agat,
1604 5004 1781 5052 tamen

201 5085 310 5142 haec
363 5086 545 5143 carnis
591 5096 720 5143 sunt
765 5089 999 5159 propria.
1048 5088 1177 5145 Item
1225 5078 1433 5163 sapere,
1458 5092 1778 5163 intelligere,

200 5177 481 5246 oblivisci,
535 5177 588 5233 in
640 5178 952 5234 memoriam
1003 5180 1261 5239 reducere
1287 5224 1300 5248 ,
1343 5184 1527 5239 laetitia
1578 5184 1779 5255 efferri,

204 5271 415 5327 tristitia
459 5268 655 5339 dejici,
688 5286 1061 5328 mansuescere
1106 5274 1344 5341 lenitate,
1394 5275 1571 5331 furore
1622 5284 1783 5347 atque

204 5360 273 5419 ira
302 5366 712 5430 immanescere.
738 5353 793 5421 et
821 5366 1131 5437 quamplura
1164 5367 1247 5424 his
1273 5369 1488 5439 similia,
1516 5385 1633 5439 qua!
1661 5385 1783 5440 pcr-

204 5457 350 5527 sequi
402 5455 618 5525 longum
643 5464 747 5523 est,
772 5456 898 5513 licet
929 5472 1033 5514 non
1070 5458 1188 5514 sine
1212 5475 1435 5531 corpore
1475 5470 1698 5532 agantur
1726 5462 1781 5517 in

205 5548 395 5613 anima,
432 5546 839 5603 tamensnimte
866 5556 992 5604 sunt
1018 5550 1252 5620 propria.
1287 5549 1398 5607 Nec
1420 5559 1597 5608 tamen
1637 5554 1783 5622 quis-

207 5636 343 5705 piam
371 5652 537 5694 ausus
559 5646 644 5695 est
664 5638 748 5695 vel
792 5639 954 5697 audet
978 5640 1161 5699 dicere
1189 5642 1461 5700 hominem
1485 5643 1617 5700 duas
1661 5658 1783 5716 per-

207 5740 363 5786 sonas
386 5727 609 5799 habere,
638 5729 695 5787 in
722 5746 829 5804 quo
878 5739 1055 5791 tantas
1099 5736 1482 5806 proprietatum
1530 5735 1785 5795 diﬁ'eren-

208 5820 306 5879 ttat
331 5817 506 5880 cernit
534 5819 733 5881 inesse.

1893 3338 1986 3392 sed
2009 3348 2060 3392 et
2084 3338 2351 3395 hominem
2380 3346 2628 3400 eumdem
2659 3353 2950 3408 asserimus
2979 3354 3382 3432 subsistentem,
3416 3338 3475 3420 ut

1890 3444 1989 3485 nec
2016 3430 2186 3487 deitas
2220 3448 2250 3486 a
2281 3448 2400 3491 sese
2429 3436 2690 3507 discedat,
2726 3457 2824 3496 nec
2851 3444 3156 3503 humanitas
3186 3450 3239 3505 in
3270 3430 3471 3510 deitate

1890 3522 2178 3594 dispereat.
2206 3525 2493 3582 Videamus
2545 3540 2719 3585 tamen
2764 3549 2831 3588 ne
2884 3534 3109 3592 forsitan
3154 3544 3473 3602 auctoritate

1888 3613 2064 3668 divina
2090 3615 2201 3670 hare
2220 3616 2421 3686 syllaba
2446 3618 2606 3673 fuerit
2624 3610 2955 3691 interposita.
2975 3626 3104 3682 Nam
3125 3629 3194 3684 ita
3213 3630 3465 3701 legimus:

1891 3704 1957 3758 Et
1985 3704 2135 3760 homo
2164 3719 2257 3773 est,
2300 3717 2347 3762 et
2375 3710 2483 3777 quis
2526 3723 2788 3781 c0gnoscet
2823 3715 2969 3770 illum
3001 3717 3218 3788 (Jerem.
3250 3738 3380 3793 xvu,
3414 3727 3467 3794 9,

1886 3815 1987 3854 sec.
2012 3798 2159 3853 LXX
2167 3803 2220 3871 )1?
2244 3811 2297 3857 et
2325 3802 2511 3858 iterum
2533 3804 2729 3862 David:
2758 3808 2927 3864 Mater
2950 3811 3077 3867 Sion
3106 3816 3261 3885 dicet,
3291 3820 3465 3886 homo,

1886 3901 1932 3944 et
1961 3891 2110 3945 homo
2141 3893 2308 3961 factus
2337 3904 2407 3949 est
2446 3897 2498 3948 in
2527 3912 2615 3964 ea,
2644 3908 2691 3953 et
2722 3900 2828 3970 ipse
2864 3904 3092 3966 fundavit
3121 3922 3231 3959 eam
3260 3906 3471 3963 Altissi-

1887 4002 1998 4040 mus
2026 3986 2196 4057 (Psal.
2221 4006 2438 4058 uxxvr,
2461 3992 2536 4061 5).
2566 3992 2675 4046 Cur
2697 3996 2855 4063 igitur
2877 4012 2982 4051 non
3008 4000 3321 4069 simpliciter
3349 4006 3468 4062 sine

1888 4077 2202 4145 praelatione
2248 4080 2404 4147 hujus
2436 4081 2653 4148 syllabae
2689 4082 2861 4137 dixit:
2914 4085 3086 4139 Homo
3123 4093 3286 4156 [actus
3315 4103 3387 4145 est
3416 4096 3470 4148 in

1887 4182 1968 4230 ea,
1996 4168 2088 4220 sed
2127 4171 2414 4236 praeposuit
2454 4169 2667 4224 dicens:
2704 4171 2771 4225 Et
2801 4174 2949 4227 homo
2992 4179 3157 4244 factus
3188 4188 3257 4232 est
3286 4182 3339 4234 in
3370 4184 3471 4237 ea?

1882 4256 1988 4310 ,νει
2019 4258 2071 4309 in
2096 4257 2195 4310 alia
2227 4260 2507 4326 prophetia
2537 4275 2631 4314 cur
2662 4264 2953 4331 prmposuit
2982 4275 3027 4319 et
3051 4272 3074 4319 :’
3112 4267 3295 4324 debuit
3325 4274 3468 4328 enim

1890 4347 2183 4401 secundum
2225 4348 2356 4402 istos
2399 4348 2610 4404 dicere:
2647 4350 2816 4406 Homo
2855 4366 2956 4422 est,
2988 4365 3037 4410 et
3062 4360 3176 4427 quis
3206 4373 3470 4431 cognoscet

1888 4440 2045 4492 eum?
2072 4436 2173 4492 nisi
2204 4438 2326 4507 quia
2353 4453 2541 4494 sensus
2572 4442 2689 4496 talis
2717 4450 2822 4510 est,
2855 4454 2911 4499 ut
2937 4461 3095 4516 quem
3125 4448 3293 4507 Deum
3327 4470 3469 4510 con-

1888 4532 2075 4598 ﬁteris,
2099 4542 2151 4588 et
2179 4534 2447 4589 hominem
2477 4551 2689 4606 quoque
2717 4538 2913 4596 factum
2940 4543 3103 4600 simili
3127 4547 3466 4608 confessione

1886 4638 1992 4679 non
2024 4623 2278 4693 deneges.

1960 4718 2097 4773 XIV.
2128 4720 2388 4776 Dicuntur
2408 4738 2536 4779 sane
2562 4726 2669 4795 isti,
2696 4728 2741 4782 si
2772 4736 2948 4785 tamen
2970 4747 3155 4787 verum
3177 4743 3280 4801 est,
3304 4736 3465 4794 Chri-

1887 4822 2025 4868 stum
2058 4830 2225 4884 usque
2248 4817 2314 4871 ad
2344 4821 2794 4877 resurrectionem
2822 4824 2938 4893 ejus
2957 4840 3021 4880 ex
3057 4826 3263 4884 duabus
3292 4832 3467 4886 conﬁ-

1888 4906 1988 4962 teri
2028 4908 2230 4963 naturis
2264 4926 2276 4961 :
2313 4919 2430 4978 post
2475 4916 2921 4970 resurrectionem
2958 4933 3118 4985 vero,
3160 4919 3315 4976 unius
3342 4937 3465 4977 eum

1887 5011 2007 5053 esse
2060 4996 2311 5085 fatentur.
2350 5002 2502 5068 Quod
2545 5021 2702 5077 quam
2751 5008 2821 5062 sit
2848 5009 3159 5079 absurdum,
3202 5029 3469 5085 quamque

1888 5090 2149 5160 ineptum,
2203 5092 2315 5161 ipsa
2347 5109 2524 5149 rerum
2558 5099 2784 5155 veritate
2827 5110 3175 5159 monstratur.
3210 5104 3336 5159 Post
3383 5119 3469 5159 re-

1888 5184 2279 5237 surrectionem
2324 5184 2490 5249 enim,
2516 5186 2583 5241 ad
2615 5187 3088 5248 demonstrandam
3115 5195 3195 5249 sui
3224 5194 3468 5263 corporis

1888 5272 2165 5329 veritatem
2190 5315 2204 5341 ,
2237 5284 2292 5330 et
2315 5277 2550 5333 comedit
2590 5290 2643 5334 et
2670 5280 2822 5349 bibit,
2855 5291 2910 5339 et
2936 5298 2994 5340 se
3023 5284 3469 5340 contrectandum

1887 5363 2163 5433 discipulis
2194 5369 2407 5438 obtulit,
2439 5373 2656 5429 dicens:
2696 5374 2915 5447 Palpate
2944 5388 2993 5432 et
3019 5380 3181 5433 videte
3213 5380 3335 5447 quia
3364 5379 3468 5447 ερὶ‹

1888 5459 2013 5511 ritus
2037 5475 2241 5514 carnem
2268 5471 2313 5515 et
2346 5479 2463 5519 ossa
2489 5482 2589 5520 non
2619 5467 2787 5536 habet,
2815 5470 2945 5523 sicut
2974 5486 3051 5522 me
3079 5469 3258 5523 uidetis
3285 5469 3469 5525 habere

1892 5550 2044 5621 (Luc.
2074 5569 2229 5623 xxiv,
2260 5556 2374 5629 59).
2413 5559 2520 5615 Sed
2558 5561 2782 5617 forsitan
2808 5562 2981 5617 adhuc
3013 5563 3063 5617 in
3098 5570 3241 5617 terra
3266 5564 3470 5633 positu:

1888 5643 2168 5715 utriusque
2188 5655 2304 5703 erat
2318 5657 2554 5713 naturae;
2578 5658 2756 5719 postea
2778 5666 2902 5709 vero
2922 5666 3077 5723 quam
3096 5652 3260 5709 caelos
3282 5670 3471 5713 ascen~

1888 5735 1986 5805 dit,
2018 5738 2178 5795 unius
2212 5738 2375 5809 cmpit
2413 5753 2534 5795 esse
2580 5740 2795 5795 divinm.
2830 5741 2895 5796 Et
2936 5738 3065 5812 quid
3091 5756 3219 5815 ergo
3247 5743 3317 5801 ibi
3348 5744 3470 5811 facit

1888 5841 2085 5887 nomen
2117 5826 2209 5885 ﬁlii
2241 5826 2499 5895 hominis,
2531 5826 2575 5882 si
2604 5834 2794 5886 natura
2827 5826 2902 5890 ibi
2921 5842 3032 5892 non
3059 5840 3143 5893 est
3168 5832 3466 5894 humanitad
