3990 6390
586 420 683 474 105

1776 386 1777 389 γ
1874 412 2097 468 VlGlLll
2136 410 2502 470 TAPSENSIS

3729 408 3823 464 104

584 534 687 585 tis?
725 530 991 600 quomodo
1034 531 1109 585 rei
1148 544 1251 585 non
1295 526 1521 584 exstanti
1568 527 1724 581 inane
1759 539 1951 580 nomen
1988 526 2155 579 ascri-
2182 534 2236 591 Α
2332 524 2446 579 XV.
2474 524 2609 578 Olim
2642 522 3073 593 Opperiebamnr,
3097 521 3296 576 diutius
3322 523 3615 591 praestolati
3650 539 3824 578 sumus

584 616 770 677 bitur?
810 624 1074 693 quomodo
1109 621 1340 676 nominis
1390 619 1585 673 veritas
1625 626 1833 681 manet,
1861 617 1904 669 si
1952 625 2155 669 natura:

585 715 878 784 proprietas
903 714 1057 768 abest
1083 714 1104 766 τ
1140 713 1372 782 Denique
1412 711 1540 765 dicit
1565 728 1577 765 :
1616 710 1746 765 Cum
1772 713 1959 764 venerit
1986 706 2157 761 Filius

585 804 803 859 hominis
832 807 884 857 in
912 806 1078 875 gloria
1107 804 1279 858 Patris
1306 805 1401 857 sui.
1438 803 1505 857 Et
1532 804 1725 857 iterum
1755 818 1770 855 :
1809 800 1951 855 Sicut
1984 801 2160 870 fulgur

588 898 683 949 erit
711 896 773 949 ab
794 896 997 949 Oriente
1020 906 1067 949 et
1086 904 1292 965 apparet
1320 912 1476 963 usque
1500 894 1567 947 ad
1594 893 1943 957 Occidentem,
1976 892 2049 943 ita
2070 893 2162 945 erit

585 995 630 1037 et
658 987 899 1040 adventus
922 984 1048 1039 Filii
1075 988 1291 1040 hominis
1317 985 1510 1056 (Marc.
1548 1001 1657 1051 vnt,
1683 984 1797 1052 '58).
1832 983 1894 1036 Et
1925 984 2118 1037 iterum
2144 999 2157 1034 :

598 1077 811 1133 Veniens
841 1076 1006 1131 Filius
1036 1077 1281 1139 hominis,
1320 1086 1468 1142 putas
1518 1074 1733 1127 inveniet
1766 1072 1920 1141 ﬁdem
1948 1074 1998 1125 in
2028 1082 2162 1126 terra

587 1166 799 1237 (Matth.
836 1182 945 1233 stv,
976 1165 1115 1236 27)?
1151 1165 1339 1219 Daniel
1373 1179 1581 1234 quoque
1609 1180 1621 1215 :
1666 1162 1819 1229 Ecce,
1849 1163 1941 1224 ait,
1971 1163 2025 1215 in
2059 1162 2159 1232 12

586 1258 799 1310 nubibus
836 1256 947 1309 ειειί
984 1252 1154 1309 Filius
1189 1254 1415 1307 hominis
1456 1252 1679 1306 veniebat
1730 1250 1880 1320 (Luc.
1909 1266 2060 1313 xvut,
2088 1251 2160 1316 8;

587 1352 722 1407 Dan.
748 1366 838 1413 vn,
870 1347 978 1419 15).
1013 1348 1069 1403 Si
1095 1347 1291 1402 amissa
1323 1355 1404 1400 est
1429 1360 1555 1413 ergo
1586 1344 1931 1397 humanitatis
1954 1350 2159 1408 natura,

586 1456 679 1496 cur
707 1440 825 1509 ejus
864 1447 946 1493 est
979 1447 1245 1492 retentum
1284 1435 1646 1491 vocabulum?
1679 1436 1761 1490 An
1806 1435 1928 1503 quia
1971 1447 2165 1486 nomen

587 1542 869 1604 Opuserat,
890 1540 945 1586 et
965 1546 1051 1585 res
1078 1530 1310 1583 nominis
1345 1539 1591 1597 tanquam
1622 1540 1729 1580 non
1753 1524 2055 1579 necessaria
2080 1539 2167 1577 re-

587 1623 851 1693 pudianda
879 1624 1049 1677 fuerat
1072 1623 1093 1674 ?
1124 1619 1212 1675 Sic
1235 1620 1657 1689 desipiant‘quos
1690 1616 1824 1670 nihil
1853 1614 2053 1670 erroris
2080 1616 2163 1667 sui

588 1725 746 1783 atque
774 1712 984 1781 ineptia;
1027 1711 1208 1781 pudet.
1240 1712 1505 1767 Caeterum
1546 1710 1799 1764 Dominus
1827 1706 1982 1763 Jesus
2012 1704 2169 1760 Chri-

589 1816 726 1873 stus,
762 1816 818 1860 ut
856 1804 1101 1860 ostendat
1140 1804 1307 1859 nostri
1339 1804 1549 1874 generis
1579 1812 1822 1858 naturam
1854 1816 1960 1856 non
2002 1799 2166 1855 fuisse

590 1906 980 1966 consumptam,
1006 1896 1266 1950 veraciter
1296 1910 1353 1949 se
1388 1894 1583 1948 Filium
1617 1893 1850 1947 hominis
1878 1890 2026 1945 dicit.
2063 1889 2165 1945 Se-

592 1988 825 2041 cundum
863 2002 1020 2056 quam
1051 1986 1210 2039 etiam
1263 1984 1472 2039 Patrem
1520 1983 1843 2051 interpellat-
1868 1995 1962 2050 pro
1990 1980 2165 2047 nobis,

594 2074 745 2145 juxta
774 2076 994 2130 Joannis
1020 2075 1245 2144 apostoli
1278 2075 1459 2139 verba,
1491 2073 1716 2129 dicentis
1747 2090 1760 2125 :
1801 2072 1861 2128 Si
1892 2072 2171 2142 peccaveri-

596 2182 725 2230 mus,
775 2166 1075 2219 advocatum
1117 2165 1355 2218 habemus
1401 2166 1539 2236 apud
1590 2164 1792 2219 Patrem
1819 2163 2017 2218 Jesnm.
2051 2162 2175 2230 Ipse

597 2253 880 2323 interpellat
915 2270 1004 2319 pro
1037 2256 1254 2323 peccatis
1283 2256 1465 2307 nostris
1498 2252 1562 2325 (I
1589 2252 1746 2308 loan.
1779 2268 1845 2319 ιι,
1881 2253 1957 2321 1).
2006 2252 2174 2307 Dicite

601 2346 763 2414 igitur
794 2345 968 2413 nobis,
1011 2360 1044 2399 o
1083 2345 1331 2400 doctores
1360 2345 1592 2415 egregii,
1626 2360 1747 2399 cum
1776 2345 1987 2399 Patrem
2016 2345 2175 2401 hodie

600 2437 769 2492 Filius
800 2437 1135 2507 interpellat,
1168 2439 1458 2493 secundum
1495 2438 1750 2493 deitatem
1782 2452 1956 2502 suam,
1986 2453 2057 2491 an
2084 2451 2171 2492 se-

599 2528 831 2583 cundum
881 2528 1332 2597 dispensationem
1376 2529 1720 2583 humanitatis
1757 2528 2035 2596 postulati
2066 2528 2171 2584 Sed

597 2626 851 2688 quantutn
886 2618 1123 2687 perﬁdia:
1154 2625 1344 2673 vestrae
1386 2620 1613 2674 intentio
1638 2628 1902 2674 monstrat
1927 2618 2039 2689 (qui
2074 2633 2170 2689 pe-

598 2711 853 2765 timentes
876 2711 1162 2763 humanam
1190 2718 1453 2775 naturam,
1487 2711 1656 2765 solam
1685 2710 1925 2765 asseritis
1946 2724 2066 2765 esse
2085 2710 2170 2765 di-

600 2801 826 2869 vinam)
872 2801 1161 2855 secundum
1202 2802 1453 2857 deitatem
1492 2802 1827 2871 interpellat,
1875 2802 2170 2857 secundum

603 2891 860 2947 deitatem
890 2892 1133 2947 advocati
1166 2891 1341 2947 ofﬁcio
1384 2893 1637 2962 fungitur,
1678 2892 1970 2948 secundum
2000 2894 2172 2947 deita-

605 2995 716 3042 tem
765 2984 1057 3043 sacerdotis
1086 2987 1441 3042 ministerium
1478 2987 1704 3056 implet;
1733 2986 2025 3043 secundum
2067 2988 2179 3043 dei-

606 3086 767 3135 tatem
790 3079 951 3135 etiam
979 3081 1033 3135 in
1056 3080 1348 3135 novissimo
1370 3079 1511 3134 Patri
1533 3078 1803 3149 subjectus
1830 3080 2180 3150 erit,quando

604 3174 780 3231 eidem
815 3174 952 3232 Filio
982 3175 1158 3229 omnia
1188 3174 1424 3243 subjecta
1449 3172 1667 3227 fuerint.

2260 618 2404 671 unde
2435 618 2633 671 erroris
2681 618 2841 671 vestri
2882 616 3082 671 rivulus
3109 616 3369 685 originem
3410 616 3615 678 trahat,
3649 626 3703 669 et
3733 634 3825 685 quo

2261 708 2561 762 discursum
2596 707 2772 762 faciat.
2805 706 3039 761 Tandem
3085 708 3403 775 reperimus,
3446 707 3823 777 Eutychianam

2262 799 2508 852 haeresim
2538 813 2603 852 ex
2626 798 2947 866 Apollinaris
2971 799 3309 859 amarissimo
3336 796 3482 852 fonte
3508 798 3821 863 derivatam,

2266 904 2431 958 neque
2461 889 2525 942 ad
2563 890 2920 943 ctenulentam
2953 888 3064 943 Arii
3098 891 3403 957 voraginem
3444 890 3677 944 turbidis
3712 890 3822 945 ferri

2264 982 2561 1047 meatibus;
2586 983 2778 1052 quibus
2807 982 2857 1036 in
2882 990 3084 1035 tantum
3114 983 3346 1050 perﬁdia:
3362 983 3549 1051 copula
3571 984 3823 1053 jungitur,

2267 1082 2322 1128 ut
2351 1076 2528 1127 omnia
2562 1074 2627 1127 ad
2669 1073 2961 1128 divinitatis
3008 1074 3384 1127 contumeliam
3436 1074 3671 1139 referat,
3724 1092 3825 1144 qua:

2266 1162 2509 1217 Christus
2540 1164 2829 1217 secundum
2870 1163 3318 1233 dispensationem
3347 1165 3523 1218 earnis
3560 1174 3657 1217 aut
3694 1167 3823 1219 locu-

2268 1260 2352 1308 tus
2382 1264 2465 1308 est
2484 1295 2497 1318 ,
2520 1264 2609 1308 aut
2648 1253 2848 1323 peregit
2873 1271 2886 1317 ;
2917 1255 3041 1309 dum
3070 1269 3226 1308 unam
3256 1256 3628 1309 tantummodo
3650 1256 3825 1309 divini-

2270 1344 2394 1398 tatis
2424 1345 2699 1399 contendit
2727 1359 2846 1400 esse
2875 1356 3136 1399 naturam.
3171 1344 3321 1400 Unde
3349 1346 3629 1400 hortamur
3656 1361 3826 1400 omnes

2269 1434 2513 1490 homines
2566 1436 2808 1491 nefande
2863 1435 3019 1505 hujus
3076 1436 3309 1505 perﬁdiae
3348 1445 3685 1503 sectatores,
3717 1437 3824 1490 dum

2269 1527 2375 1580 vita
2405 1535 2615 1593 manet,
2649 1527 2773 1582 dum
2807 1527 3063 1597 poenitere
3103 1527 3246 1592 licet,
3277 1529 3474 1582 erroris
3505 1531 3589 1582 sui
3639 1538 3825 1583 mutare

2271 1621 2611 1675 sententiam.
2655 1621 2721 1674 Et
2757 1620 2997 1691 Gregorii
3028 1620 3201 1689 potius
3230 1632 3389 1690 atque
3432 1622 3637 1685 Basilii,
3671 1620 3827 1675 Theo-

2271 1710 2403 1780 phili
2428 1727 2639 1782 quoque
2660 1719 2714 1767 et
2732 1711 2952 1767 Joannis
2982 1712 3213 1767 civitatis
3238 1712 3825 1782 Constantinopolitsne

2272 1803 2625 1873 opinatissimi
2650 1804 2923 1870 antistitis,
2949 1818 3047 1859 nec
3074 1819 3178 1858 non
3207 1812 3262 1858 et
3290 1804 3470 1874 Cyrilli
3495 1803 3824 1858 Alexandrini

2274 1895 2533 1965 episcopi,
2557 1905 2609 1950 et
2634 1894 2858 1950 aliorum
2887 1894 3398 1964 quamplurimorum
3428 1896 3515 1965 qui
3547 1896 3824 1963 antiquitus

2274 1986 2326 2042 in
2357 1986 2593 2042 Ecclesia
2631 1986 2925 2043 ﬂoruerunt
2944 2032 2957 2055 ,
2990 2002 3149 2057 super
3185 1988 3459 2057 utriusque
3490 1997 3699 2042 natura:
3724 2002 3825 2056 pro.

2274 2080 2501 2149 prietate
2545 2079 2737 2133 sectari
2784 2078 3112 2145 doctrinam,
3153 2093 3377 2148 quorum
3429 2080 3508 2132 eis
3545 2080 3617 2133 de
3658 2078 3752 2131 hac
3781 2092 3824 2131 re

2276 2171 2567 2226 sententias
2597 2171 2930 2225 extrinsecus
2957 2169 3230 2225 offerimus
3265 2169 3636 2238 perlegendas.
3661 2170 3824 2236 Quaeso

2276 2262 2477 2318 interea
2509 2263 2783 2330 lectorem,
2815 2263 3069 2318 vilitatem
3107 2263 3205 2332 13
3244 2262 3412 2316 nostri
3442 2264 3712 2316 sermonis
3740 2275 3823 2314 non

2277 2367 2655 2423 usquequaque
2682 2352 2978 2420 despiciat:
3016 2352 3135 2422 quia
3172 2359 3226 2407 et
3249 2350 3491 2406 fortassis
3531 2351 3703 2420 potuit
3736 2351 3824 2405 elo-

2276 2444 2527 2513 quentius
2556 2445 2728 2498 oratio
2751 2444 2909 2498 comi.
2936 2442 3040 2499 Sed
3072 2458 3169 2498 nos
3202 2444 3270 2496 ita
3297 2443 3493 2513 stylum
3520 2442 3822 2512 temperavi-

2279 2549 2418 2609 mus,
2450 2545 2507 2589 ut
2533 2551 2644 2589 rem
2678 2536 2851 2604 potius
2878 2551 3036 2605 quam
3069 2535 3226 2591 verba
3252 2534 3549 2603 legentibus
3578 2548 3823 2588 commen-

2280 2624 2549 2682 daremus.
2566 2627 2631 2681 Et
2652 2628 2880 2681 maxime
2903 2627 3001 2681 hoc
3024 2641 3157 2697 opus
3180 2628 3443 2681 cothurno
3465 2626 3715 2679 tumentis
3736 2624 3825 2677 elo-

2281 2718 2389 2788 quii
2433 2718 2604 2773 inﬂari
2636 2733 2741 2773 non
2786 2717 2999 2785 debuit,
3032 2734 3097 2773 ne
3132 2716 3487 2773 transferendi
3518 2716 3569 2770 in
3600 2717 3825 2772 Gracum

2282 2809 2575 2863 necessitas
2596 2810 2772 2879 aliqua
2798 2809 2957 2864 adsit.
2977 2809 3106 2877 Quia
3136 2808 3405 2864 difﬁcilius
3429 2808 3691 2877 integritas
3716 2821 3829 2860 sen-

2279 2914 2432 2954 suum
2466 2900 2517 2954 in
2558 2901 2715 2955 aliam
2756 2901 2988 2973 linguam
3021 2902 3130 2971 pari
3168 2909 3347 2972 potest
3388 2902 3644 2957 sermonis
3679 2912 3827 2954 venir

2281 3001 2418 3047 state
2443 2994 2669 3048 servari.

1524 3423 1989 3547 LIBER
2080 3424 2932 3534 SECUNDUS.

680 3620 721 3673 l.
752 3618 943 3673 Varius
970 3615 1184 3686 quidem
1217 3623 1271 3668 et
1300 3613 1570 3677 diversus,
1604 3628 1669 3668 es
1700 3626 1805 3667 uno
1827 3620 2003 3666 tamen
2035 3609 2183 3665 fonte
2210 3615 2256 3677 α
2288 3619 2445 3673 nant.
2506 3620 2869 3681 trOpaeumque
2918 3618 3116 3667 nostra:
3158 3610 3423 3674 victorias,
3477 3624 3666 3667 eorum
3705 3620 3821 3664 cassa

614 3711 882 3765 haeretica:
920 3708 1196 3777 pravitatis
1226 3720 1376 3759 error
1402 3705 1642 3759 emersit.
1672 3704 1847 3758 Cardo
1874 3703 2013 3756 enim
2058 3717 2180 3770 pes-

610 3803 777 3858 simus
820 3810 873 3855 et
915 3801 1063 3869 origo
1108 3800 1406 3863 malorum,
1437 3814 1555 3867 qua:
1593 3813 1660 3851 ex
1705 3812 1824 3852 sese
1874 3807 2183 3850 cunctarum

610 3895 943 3963 impietatnm
968 3893 1277 3947 occasiones
1306 3893 1530 3961 peperit,
1567 3892 1679 3945 haec
1708 3897 1791 3943 est
1820 3933 1835 3957 ,
1866 3890 1992 3942 dum
2020 3888 2185 3942 ecete-

612 3986 773 4040 stium
796 3984 1055 4039 dictorum
1070 3983 1238 4037 virtus
1261 3982 1387 4037 vitio
1421 3982 1559 4036 male
1589 3979 1991 4050 intelligentiam
2020 3988 2187 4033 teme-

612 4088 748 4143 rata,
777 4092 880 4133 non
912 4077 1201 4133 secundum
1231 4076 1311 4130 sui
1346 4076 1650 4145 qualitatem
1675 4087 1869 4128 sensus
1902 4071 2187 4140 perpendi-

609 4181 715 4236 tur,
735 4170 826 4225 sed
854 4171 903 4224 in
922 4169 1051 4224 alias
1080 4184 1165 4225 res
1196 4184 1291 4237 pro
1312 4168 1532 4222 arbitrio
1552 4175 1609 4222 et
1635 4165 1909 4220 voluntate
1936 4162 2184 4233 legentis,

608 4278 765 4317 secus
803 4278 961 4330 quam
1001 4264 1112 4316 veri
1159 4262 1295 4315 ratio
1339 4261 1592 4329 postulat,
1626 4259 1919 4315 derivatur.
1952 4256 2054 4313 Sed
2089 4257 2189 4311 hoc

613 4368 674 4407 ex
718 4352 951 4405 omnium
990 4352 1363 4405 haereticorum
1406 4351 1723 4404 commentis
1766 4352 1957 4417 cuique
1997 4348 2183 4415 depre-

617 4443 854 4497 hendere
876 4444 1126 4510 perfacile
1164 4453 1264 4497 est.
1300 4443 1395 4495 Est
1419 4452 1472 4495 et
1499 4442 1600 4494 alia
1641 4442 1926 4510 impietatis
1952 4439 2187 4504 occasio,

615 4549 771 4603 quam
810 4534 999 4587 mirum
1040 4535 1091 4587 in
1143 4531 1356 4586 modum
1396 4532 1570 4585 minus
1605 4533 1776 4585 cautis
1820 4532 1979 4585 nimia
2021 4532 2190 4596 pietas

619 4624 886 4694 praestitit.
917 4626 981 4678 Et
1007 4640 1071 4679 co
1098 4624 1320 4678 multum
1358 4623 1595 4692 satisque
1629 4621 1914 4677 dolendum
1960 4620 2192 4675 exitialis

619 4714 855 4783 perﬁdia:
898 4715 1135 4781 malum,
1189 4714 1311 4770 inde
1382 4714 1599 4783 impium
1658 4712 1804 4777 ﬁeri,
1863 4711 2004 4767 unde
2054 4711 2189 4765 alius

619 4807 737 4876 pius
782 4806 1006 4872 existit;
1064 4806 1187 4862 inde
1245 4806 1578 4862 miserabiles
1632 4805 1958 4877 captivitatis
2008 4804 2189 4859 sortiri

620 4911 906 4961 aerumnas,
931 4898 1069 4953 unde
1098 4899 1359 4953 libertatis
1390 4908 1628 4969 potestas
1654 4897 1977 4968 acquiritur;
2008 4895 2078 4950 ibi
2105 4910 2191 4950 er-

2289 3710 2577 3762 certamina
2608 3708 2847 3777 gignant.

2359 3803 2424 3856 ll.
2469 3802 2684 3858 Sabellii
2735 3802 2877 3856 enim
2910 3800 3129 3870 perfidia
3179 3800 3289 3854 Arii
3335 3800 3555 3853 damnat
3600 3812 3821 3855 errorem.

2291 3893 2492 3947 Rursus
2534 3891 2715 3945 Ariani
2758 3891 3018 3961 dogmatis
3045 3906 3197 3945 error
3249 3890 3466 3946 Sabellii
3526 3894 3822 3960 Impietatem

2290 3981 2543 4037 excludit.
2569 3982 2840 4051 Siquidem
2871 3981 3134 4036 Sabellius
3160 3982 3317 4035 unius
3359 3990 3569 4035 natura:
3600 3977 3823 4051 probabili

2290 4075 2502 4145 quidem
2534 4071 2872 4129 confessione
2901 4073 3178 4141 deceptus,
3210 4073 3486 4128 Trinitatis
3515 4090 3677 4129 unam
3709 4082 3824 4142 pulso

2289 4166 2366 4219 vit
2391 4180 2511 4220 esse
2547 4180 2827 4233 personam
2848 4205 2862 4230 ,
2888 4177 2941 4219 ut
2971 4180 3033 4219 ex
3064 4164 3165 4219 hoc
3190 4165 3328 4234 quod
3358 4165 3517 4218 trium
3543 4181 3650 4220 una
3676 4174 3824 4219 natura

2290 4266 2390 4324 est,
2420 4272 2519 4311 una
2540 4258 2925 4326 intelligeretur
2945 4272 3063 4310 esse
3091 4271 3336 4325 persona.
3358 4256 3555 4310 Contra
3581 4257 3731 4311 Arius
3746 4262 3824 4308 tres

2290 4349 2642 4403 subsistentes
2690 4357 2849 4418 atque
2897 4348 3210 4413 distinctas,
3250 4347 3409 4401 sicuti
3452 4358 3506 4402 et
3552 4363 3679 4403 vere
3714 4352 3823 4405 sunt,

2293 4454 2551 4509 personas
2590 4440 2888 4508 accipiens,
2937 4450 3045 4493 tres
3074 4454 3257 4493 eorum
3307 4439 3599 4494 dissimiles
3638 4436 3825 4494 credidit

2291 4543 2410 4583 esse
2440 4540 2684 4593 naturas;
2717 4540 2767 4582 et
2797 4530 2936 4599 quod
2968 4530 3031 4583 ad
3063 4530 3452 4585 distinctionem
3489 4533 3729 4598 pertinet,
3753 4528 3827 4581 hoc

2293 4620 2391 4673 iste
2419 4620 2485 4673 ad
2508 4621 2907 4690 disparilitatem
2934 4621 3240 4675 earumdem
3270 4621 3444 4675 retulit
3479 4631 3828 4689 personarum;

2292 4712 2634 4782 quamobrem
2672 4721 2729 4767 et
2769 4713 2974 4767 meritis
3016 4722 3065 4767 et
3110 4712 3363 4781 gradibus
3418 4713 3573 4782 longe
3622 4712 3829 4782 dispares

2293 4820 2455 4861 ausus
2485 4816 2566 4861 est
2596 4806 2837 4861 deﬁnire.
2864 4806 3029 4875 Hujus
3056 4806 3216 4875 igitur
3241 4820 3393 4861 error
3436 4806 3507 4859 ad
3544 4804 3830 4861 confutatio-

2295 4914 2415 4953 nem
2462 4898 2779 4954 Sabelliana:
2814 4899 3101 4966 impietatis
3139 4898 3412 4967 proﬁciat,
3450 4898 3733 4970 audistque
3760 4896 3831 4949 Sa-

621 4990 829 5046 roribus
872 4990 1164 5061 implicari,
1204 4992 1291 5047 ubi
1332 4993 1506 5046 omnis
1536 4992 1849 5061 ignorantia:
1892 4989 2189 5044 absolvitur
2217 4978 2266 5039 ι)
2292 4992 2485 5051 bellius
2521 4992 2572 5045 in
2620 5000 2823 5045 tantum
2861 4989 3037 5044 Patris
3078 4999 3133 5045 et
3175 4988 3291 5044 Filii
3336 5000 3387 5043 et
3417 4989 3655 5057 Spiritus
3694 4985 3833 5043 sancti

619 5096 814 5145 error;
865 5082 986 5136 inde
1016 5083 1272 5151 perﬁdum
1314 5082 1458 5147 ﬁeri,
1508 5084 1647 5138 unde
1683 5083 1821 5138 alius
1868 5082 2040 5137 fidelis
2068 5088 2186 5145 est;

618 5173 806 5231 eodem
852 5176 1047 5231 lumine
1094 5178 1390 5241 obcrecari,
1429 5192 1534 5245 quo
1565 5177 1700 5231 alius
1733 5176 2029 5230 clarissime
2069 5174 2189 5230 illu-

618 5278 835 5325 strator.
865 5271 926 5324 Et
943 5280 998 5323 ut
1025 5271 1123 5325 hoc
1145 5271 1216 5325 ita
1232 5285 1351 5325 esse
1373 5270 1707 5325 documentis
1727 5269 2188 5325 manifestioribus

617 5374 815 5433 pateat,
846 5364 1059 5421 Sabellii
1080 5372 1135 5419 et
1166 5364 1297 5428 Arii,
1323 5364 1598 5419 Manicbasi
1628 5375 1681 5419 et
1702 5364 1933 5425 Photini,
1960 5364 2184 5418 Nestorii
2224 5430 2227 5431 ν

618 5466 670 5509 et
720 5457 1029 5528 Eutychetis
1080 5458 1460 5512 sententiarum
1513 5460 1759 5527 dogmata
1810 5459 2179 5521 c0nleramus,

617 5550 809 5617 quibus
848 5552 918 5605 ita
948 5566 1043 5607 eos
1075 5550 1176 5606 sibi
1211 5552 1441 5605 invicem
1479 5551 1751 5605 exstitisse
1774 5553 2072 5605 contrarios
2108 5554 2183 5604 in-

617 5640 887 5708 Vt‘llilllUS,
941 5652 1000 5696 ut
1038 5642 1201 5713 (quod
1251 5642 1416 5712 magis
1446 5641 1638 5696 mirum
1680 5642 1770 5711 sit)
1805 5657 1987 5698 eorum
2032 5656 2184 5696 error

618 5732 827 5786 veritati
855 5735 1210 5791 testimonium
1235 5735 1397 5802 dicat,
1427 5743 1480 5791 et
1511 5737 1815 5791 inconsona:
1857 5736 2180 5805 perﬁdorum

617 5824 895 5880 sententia:
936 5826 987 5881 in
1017 5843 1175 5883 unum
1213 5827 1315 5898 ιᾶ,
1350 5837 1509 5883 rectae
1540 5826 1662 5882 ﬁdei
1696 5825 1961 5881 modulum
1996 5826 2181 5879 conci-

2294 5096 2401 5141 tres
2428 5098 2549 5141 esse
2579 5098 2856 5155 personas,
2896 5092 2951 5136 ut
2981 5098 3074 5137 cos
3103 5083 3261 5138 Arius
3306 5091 3360 5136 et
3398 5090 3665 5150 potestate
3707 5077 3832 5135 dissi-

2294 5180 2443 5233 miles
2469 5188 2520 5231 et
2548 5186 2735 5231 natura
2763 5176 3003 5229 diversos
3030 5173 3221 5228 audeat
3251 5172 3507 5239 proﬁteri.
3533 5173 3725 5227 Audiat
3746 5184 3834 5223 rur-

2291 5285 2384 5326 sus
2416 5270 2499 5323 hic
2531 5268 2667 5323 idem
2698 5267 2877 5329 Arius,
2912 5268 2961 5319 in
2996 5274 3198 5319 tantum
3253 5265 3461 5319 Patrem
3490 5272 3547 5319 et
3579 5264 3764 5318 Filium
3797 5266 3835 5310 et
3872 5248 3881 5260 ’

2293 5360 2545 5429 Spiritum
2589 5367 2829 5413 sanctum
2887 5358 3042 5411 unius
3097 5357 3409 5425 potestatis,
3450 5358 3711 5425 uniusque
3742 5363 3835 5406 esse

2292 5461 2515 5515 naturae,
2547 5462 2601 5504 nt
2636 5450 2899 5505 Sabellius
2931 5464 3089 5503 unam
3124 5464 3308 5503 eorum
3354 5449 3499 5501 dicat
3527 5463 3649 5502 esse
3681 5459 3790 5515 pers
3818 5468 3834 5479 -

2292 5560 2435 5599 nam.
2467 5544 2654 5598 italum
2678 5558 2806 5612 ergo
2832 5553 2996 5605 tuum,
3027 5559 3059 5597 ο
3084 5544 3199 5604 Ari,
3233 5543 3375 5597 illius
3396 5544 3605 5609 corrige
3630 5540 3836 5600 malo.Cl

2292 5639 2485 5690 malum
2512 5652 2663 5690 suum
2694 5636 2760 5689 de
2802 5644 2889 5688 tuo
2923 5635 3157 5703 corrigat
3200 5635 3340 5687 malo
3366 5650 3381 5693 ;
3413 5642 3469 5687 ut
3496 5633 3691 5688 bonum
3720 5625 3835 5697 quod

2292 5739 2513 5798 uterque
2546 5729 2822 5784 nobiscum
2855 5729 3075 5792 tenetis,
3120 5741 3403 5783 commune
3430 5726 3501 5780 sit
3528 5726 3697 5780 vobis.
3728 5720 3834 5775 Nam

2292 5806 2488 5877 bonum
2531 5830 2612 5877 est
2647 5820 2784 5890 quod
2820 5830 2902 5888 tu,
2938 5820 3061 5887 Ari,
3097 5829 3207 5875 tres
3250 5817 3383 5875 dicis
3424 5828 3544 5873 esse
3581 5826 3834 5887 persnas,
