3990 6390
199 388 298 446 105

197 501 291 557 sed
329 501 527 561 malum
552 514 635 563 est
663 510 803 580 quod
838 527 929 571 eas
972 524 1026 571 et
1050 518 1303 587 gradibus
1329 533 1383 579 et
1412 528 1617 583 naturis
1646 530 1763 585 lon-

196 594 313 663 gius
341 608 579 686 separas.
609 599 739 657 Item
768 610 845 670 tu,
867 604 1087 675 Sabelli,
1113 609 1309 666 bonum
1333 624 1415 670 est
1443 618 1581 686 quod
1610 637 1768 676 unam

193 684 331 739 dicis
356 679 771 759 esse‘uaturam,
799 694 893 749 sed
921 699 1118 754 malum
1149 711 1233 757 est
1259 705 1401 772 quod
1426 716 1476 762 te
1498 710 1652 765 unius
1675 727 1769 766 na-

196 784 331 830 tura:
358 776 557 833 veritas
581 794 740 837 unam
770 786 912 855 cogit
957 788 1109 845 fateri
1146 807 1454 861 personam.
1488 801 1666 857 Alfero
1689 805 1768 859 di-

194 870 510 937 sceptationi
555 883 753 931 vestrae
787 884 1159 949 compendium
1187 903 1200 939 :
1244 888 1350 944 imo
1383 907 1487 947 non
1519 908 1640 963 ego,
1673 896 1768 952 sed

194 956 442 1015 Christus
462 962 556 1031 qui
594 964 764 1021 litium
800 981 1098 1027 vestrarum
1130 982 1542 1049 controversias,
1585 994 1769 1054 utpote

198 1049 537 1118 aequissimus
563 1055 825 1124 cognitor,
849 1074 949 1114 una
974 1062 1137 1119 Verbi
1168 1070 1429 1123 sententia
1457 1077 1659 1128 censuit
1688 1076 1766 1131 di-

194 1140 484 1210 rimendas,
515 1143 732 1201 dicens:
763 1146 872 1218 Ego
892 1162 941 1204 et
965 1151 1118 1227 Pater
1136 1172 1290 1211 unum
1317 1176 1492 1214 sumus
1508 1161 1681 1232 (Jonn.
1710 1183 1763 1232 ι,

191 1231 307 1299 30).
337 1232 570 1289 Dicenda
597 1236 775 1305 igitur,
796 1254 887 1308 ego
900 1252 950 1294 et
980 1240 1154 1310 Pater,
1202 1247 1459 1305 discrevit
1488 1231 1627 1320 quod
1668 1231 1768 1310 Sa?

191 1320 380 1376 bellius
414 1323 550 1377 male
570 1326 879 1381 confundit:
913 1331 1154 1387 addendo
1174 1343 1353 1390 autem
1384 1355 1539 1393 unum
1564 1358 1760 1413 sumus,

191 1410 362 1465 univit
388 1414 529 1479 quod
560 1418 719 1473 Arius
749 1422 887 1476 male
914 1424 1193 1492 discernit,
1228 1437 1285 1482 ut
1317 1447 1473 1485 unum
1497 1435 1561 1489 ad
1586 1438 1762 1493 unita-

192 1511 297 1558 tem
326 1515 550 1574 naturaa,
582 1526 758 1566 sumus
785 1514 849 1567 ad
879 1516 1275 1575 distinctionem
1304 1526 1548 1593 proﬁciat
1578 1545 1763 1599 perso-

192 1606 402 1649 narum.
446 1596 572 1653 Tale
597 1611 679 1654 est
728 1602 897 1657 illud:
946 1606 1211 1677 Baptisate
1248 1623 1416 1681 gentes
1463 1618 1515 1671 in
1562 1596 1763 1677 nomine

192 1679 389 1751 Patris,
416 1696 462 1739 et
486 1685 631 1756 Filii,
666 1700 713 1746 et
740 1694 971 1761 Spiritus
998 1702 1159 1752 sancti
1183 1679 1394 1771 (Manli.
1430 1724 1615 1776 xxvttt,
1646 1714 1733 1783 19)

1740 1756 1757 1780 ν

182 1868 448 1917 naturam.
481 1865 557 1920 ita
583 1867 755 1925 Judex
791 1874 1023 1942 optimus
1055 1879 1195 1935 inter
1225 1887 1409 1939 noxias
1448 1900 1501 1944 et
1531 1891 1755 1950 lethales
1792 1890 1833 1949 Β

180 1946 604 2009 Christianorum
627 1967 1004 2020 contentiones
1034 1969 1363 2029 salutiferam
1398 1976 1586 2046 judicii
1629 1998 1752 2038 scn-

178 2038 400 2093 tentiam
432 2043 572 2109 tulit,
604 2046 702 2116 15
736 2058 791 2103 ut
818 2055 1032 2121 proprio
1059 2068 1242 2126 pereat
1268 2038 1417 2132 vitio;
1440 2068 1528 2137 qni
1554 2071 1750 2140 judicia

175 2130 496 2186 sententiam
530 2143 916 2199 retractaverit.

242 2215 329 2270 lii.
354 2218 483 2276 Item
512 2223 832 2287 Manichmus
862 2235 985 2291 dum
1016 2247 1280 2299 tantarum
1305 2248 1557 2306 virtutum
1584 2253 1745 2308 mira—

171 2305 292 2361 cula
322 2312 563 2379 respicit.
615 2332 732 2385 qua:
764 2321 855 2377 Dei
884 2324 1049 2383 Filius
1077 2345 1324 2401 operatus
1355 2348 1466 2406 est,
1503 2305 1748 2400 nonvvﬁuﬁlt

170 2406 296 2449 eum
321 2400 591 2458 hominem
615 2410 879 2469 conﬁteri.
903 2400 1164 2476 Photinus
1189 2424 1315 2481 dum
1339 2429 1391 2483 in
1413 2446 1481 2486 eo
1505 2444 1745 2491 naturam

169 2485 345 2539 nostri
374 2493 618 2557 corporis
645 2500 889 2570 attendit,
916 2504 1085 2562 Deum
1111 2524 1233 2567 esse
1264 2531 1369 2571 non
1396 2519 1621 2587 judicat.
1652 2525 1747 2581 llle

161 2582 235 2625 .ut
260 2586 321 2628 se
351 2579 572 2646 muniat,
598 2584 845 2657 virtutes,
880 2593 978 2648 iste
1006 2598 1342 2661 inﬁrmitates
1371 2579 1616 2678 replicat.
1652 2615 1747 2671 Ille

165 2662 392 2720 deitatis
433 2676 697 2739 prazconia
726 2717 742 2742 ,
793 2681 893 2737 iste
941 2685 1286 2749 humanitatis
1332 2662 1542 2770 allegat.
1592 2704 1742 2762 Illum

1367 2750 1542 2770 ην-.

163 2750 427 2819 majestas
469 2760 600 2814 tanti
650 2768 880 2824 nominis
920 2774 988 2829 ab
1030 2778 1369 2841 humanitatis
1415 2792 1744 2858 professione

164 2854 419 2910 revocat;
450 2846 607 2905 istum
641 2852 910 2917 humilitas
934 2864 1247 2934 iniuriarum
1277 2846 1546 2946 quas'Deo
1570 2890 1742 2944 cernit

163 2932 456 3006 indignas,
502 2941 553 2995 in
597 2943 826 3005 hominis
866 2932 1069 3013 tantum
1107 2932 1443 3028 confessione
1488 2988 1737 3037 retentat.

158 3025 328 3083 Illum
369 3033 621 3091 miracula
646 3054 898 3113 avocant,
946 3050 1106 3108 istum
1139 3056 1413 3126 passiones
1444 3074 1731 3130 retardant.

165 3115 265 3170 Ille
296 3119 490 3178 deitate
520 3125 744 3199 fallitur,
777 3135 880 3193 iste
922 3115 1249 3205 humanitate
1292 3155 1597 3217 offenditur.
1644 3164 1737 3222 Ille

159 3205 299 3261 dicit
328 3210 466 3267 Deus
493 3226 603 3283 est,
650 3221 749 3279 iste
777 3226 905 3284 dicit
932 3231 1093 3291 homo
1125 3250 1226 3293 est.
1256 3242 1468 3304 Grande
1504 3253 1736 3310 miracu-
1762 3250 1809 3312 C

157 3295 312 3362 lum,
350 3311 406 3356 ut
454 3304 853 3378 impugnatione
897 3322 977 3376 sui
1025 3328 1222 3384 veritas
1260 3336 1629 3403 conﬁrmetur;
1681 3354 1737 3400 et

146 3402 347 3444 verum
387 3404 611 3467 uterQue
648 3402 818 3473 dicat,
849 3408 971 3465 dum
1005 3425 1225 3487 uterque
1266 3427 1569 3486 mentiatur.
1596 3436 1733 3493 Audi

152 3494 315 3549 ergo,
345 3482 677 3547 Manichaae:
718 3494 869 3561 Quod
913 3501 1049 3558 Deus
1077 3482 1166 3573 sit,
1194 3524 1374 3568 verum
1401 3516 1562 3584 dicis;
1591 3524 1732 3591 quod

148 3579 207 3625 et
236 3570 404 3629 homo
435 3592 541 3632 non
562 3582 653 3649 sit,
680 3586 901 3647 falleris.
927 3594 1085 3661 Audi,
1113 3598 1335 3659 Photine
1369 3624 1380 3658 :
1410 3609 1545 3666 Vere
1574 3570 1733 3671 hjonzo

150 3667 260 3726 est,
300 3670 357 3716 ut
384 3669 611 3733 asseris,
642 3671 764 3729 licet
803 3694 909 3734 non
939 3683 1076 3740 sicut
1116 3694 1341 3759 asseris;
1375 3700 1467 3754 sed
1508 3702 1648 3759 idem
1678 3717 1733 3762 et

151 3749 298 3807 Deus
317 3765 421 3822 est,
446 3760 587 3827 quod
615 3764 772 3835 impie
802 3771 1017 3843 refugis.
1045 3776 1098 3831 lu
1126 3749 1731 3857 tantum'Detis,-‘u‘t"h'la:

147 3843 391 3900 nichreus
407 3848 677 3909 hominem
695 3873 884 3930 neget;
914 3866 965 3921 in
992 3878 1192 3927 tantum
1213 3875 1391 3946 homo,
1413 3895 1467 3937 ut
1491 3894 1544 3939 tu
1561 3887 1726 3946 Deum

133 3948 270 3991 esse
298 3952 401 3991 non
429 3943 636 3998 credas.
661 3948 793 4005 Cum
823 3954 979 4023 igitur
1002 3962 1158 4019 ambo
1188 3968 1339 4025 vobis
1376 3980 1629 4033 contrarii
1659 3982 1729 4037 εἰς

136 4024 247 4088 tis,
281 4029 441 4083 ambo
471 4034 748 4093 nobiscum
786 4042 960 4102 facitis
991 4068 1004 4101 :
1040 4052 1195 4125 longe
1223 4067 1451 4130 separati
1483 4071 1641 4134 estis.
1673 4075 1724 4129 in

134 4116 437 4183 mediae“
457 4122 536 4189 "iit
562 4141 720 4194 quam
740 4134 1029 4204 reliquistis
1058 4162 1069 4195 :
1093 4162 1230 4202 unus
1255 4150 1397 4219 hinc.
1422 4158 1555 4213 alius
1577 4162 1722 4230 inde,

140 4200 252 4230 ιη...
287 4205 349 4230 ..Α
376 4222 468 4230 ηις-
494 4225 567 4230 ---Α
598 4214 629 4230 ο.
762 4229 765 4230 ,
924 4226 932 4230 ,
1016 4229 1019 4230 ,

857 4200 870 4204 _
1208 4200 1225 4202 ι
1256 4200 1397 4219 ηπ,
1422 4200 1555 4213 ,.......
1577 4200 1722 4230 ...μη

138 4200 253 4255 huc
286 4205 350 4257 ad
374 4222 471 4261 nos
494 4214 689 4283 venite,
721 4229 775 4272 et
804 4237 897 4278 vos
920 4226 1143 4287 invicem
1175 4236 1426 4297 invenitis
1451 4262 1463 4296 :
1490 4258 1725 4308 transeat

138 4306 289 4348 unus
336 4294 388 4348 in
433 4300 649 4357 a’lterius
695 4316 1054 4384 sententiam,
1109 4324 1179 4377 ita
1220 4336 1277 4381 ut
1318 4347 1423 4387 non
1461 4338 1723 4411 relinquat

138 4396 297 4411 ρηηηι
333 4401 345 4411 .
376 4387 437 4411 με·
474 4390 615 4411 “vi

137 4396 297 4436 suam
332 4387 441 4440 :sit
474 4390 624 4447 vobis
655 4412 937 4458 commune
966 4412 1104 4476 quod
1136 4417 1403 4483 privatum
1452 4387 1659 4486 habetis
1702 4451 1718 4489 z

139 4473 369 4528 fateatur
395 4478 485 4533 ille
510 4480 802 4556 hominem,
830 4473 1085 4555 conﬁtere
1118 4473 1171 4557 tu
1206 4508 1391 4578 Deum,
1426 4526 1479 4569 et
1504 4524 1716 4592 pr0pria

138 4568 365 4621 veritate
389 4586 423 4623 a
466 4578 678 4645 proprio
712 4583 922 4638 tandem
954 4604 1133 4648 errore
1163 4598 1443 4661 discedite.

1342 4746 1494 4767 ,-1_-
1541 4746 1647 4760 ..ιη
1685 4746 1708 4750 -

136 4746 310 4814 chen,
355 4753 444 4820 qui
493 4756 592 4810 nisi
620 4773 743 4815 sunt
780 4778 875 4832 per
915 4774 1217 4833 universum
1247 4783 1520 4846 Orientem
1561 4746 1708 4853 sere-

132 4838 357 4893 nitatem
382 4844 661 4902 catholica:
691 4852 810 4909 ﬁdei
854 4862 985 4915 atris
1019 4870 1253 4929 perﬁdia:
1282 4878 1489 4935 nebulis
1519 4885 1707 4942 obum-

134 4924 308 4983 brare.
357 4932 419 4986 Et
450 4935 575 4991 licet
615 4943 871 5001 scelerata
928 4951 1171 5013 doctrina
1219 4979 1338 5019 cum
1388 4973 1501 5026 suis
1545 4975 1707 5035 fuerit

133 5021 437 5075 auctoribus
462 5028 706 5097 refutata,
740 5049 923 5093 eorum
950 5052 1123 5101 tamen
1148 5064 1442 5114 sectatores
1468 5068 1700 5138 ne'andi,

133 5109 362 5138 ειη-δια...
396 5118 647 5138 .η..η--.,εμ
831 5128 841 5137 .

133 5109 362 5175 amplam
396 5118 649 5183 temporis
671 5128 1003 5186 occasionem
1035 5142 1195 5206 nacti,
1228 5157 1293 5199 eo
1323 5162 1490 5218 usque
1519 5111 1699 5222 perni:

405 5208 614 5264 lethalia
647 5219 774 5271 sazvi
814 5221 1076 5293 dogmatis
1119 5247 1323 5293 venena
1368 5208 1667 5306 diffundunt

134 5477 286 5527 totam
347 5494 481 5546 pene
522 5485 813 5549 Ecclesiant
866 5503 1135 5563 sauciarit.
1189 5513 1390 5581 Quibus
1438 5528 1688 5592 quoniam

100 5570 488 5635 \tompetenter
531 5590 634 5631 uno
668 5581 776 5648 jam
826 5598 1076 5662 respondi
1124 5602 1339 5673 libello,
1384 5570 1523 5669 uujnc
1566 5621 1692 5673 stri-

915 5653 930 5662 _
1126 5653 1339 5673 πυτ,
1384 5653 1523 5669 ..-ην
1566 5653 1689 5673 δι..-

125 5653 267 5744 etim,
303 5658 640 5736 breviterque
669 5687 845 5731 cassas
871 5697 1055 5742 eorum
1093 5694 1477 5758 sollicitudines
1511 5710 1610 5780 ιε
1634 5725 1689 5767 et

1227 5748 1476 5758 Hm-.-“
1634 5748 1686 5767 υ.

126 5748 306 5806 inanes
320 5756 544 5812 timores
566 5769 862 5826 ostendam.
882 5775 1096 5838 Certum
1113 5798 1192 5844 cst
1207 5790 1486 5855 Dominum
1503 5748 1686 5864 J‘e‘s’um

356 5850 629 5917 Parrum.
678 5860 874 5930 LXII.

1295 394 1567 471 CONTRA
1598 406 2068 481 Eurvcuemn
2111 424 2236 484 ΠΒ.
2273 429 2335 486 u.

3348 450 3445 504 106

1788 537 1840 595 Α
1865 535 2136 597 Christum
2157 582 2171 605 .
2218 545 2513 600 secundum
2542 548 2856 607 catholicam
2889 554 3047 611 ﬁdem
3075 564 3130 612 et
3179 568 3442 628 praeconia

1872 629 2267 700 Scripturarum
2284 636 2418 693 duas
2445 638 2642 695 habere
2669 644 2990 714 nativitates,
3012 664 3169 704 unam
3193 651 3259 707 de
3288 652 3443 710 Patre

1868 720 1985 774 sine
2035 733 2310 792 tempore,
2361 728 2585 785 alteram
2629 732 2695 786 de
2741 743 2909 790 matre
2947 738 3063 792 sine
3102 742 3312 798 semine
3344 762 3358 798 :
3388 757 3443 801 et

1866 809 2055 865 harum
2101 813 2325 870 duarum
2357 819 2693 877 nativitatum
2736 833 3014 896 utramque
3040 844 3232 898 gerens
3281 842 3437 887 natu-

1868 917 2002 968 ram,
2028 904 2119 959 Dei
2152 907 2361 963 scilicet
2383 928 2483 980 qua
2524 914 2594 969 de
2622 915 2778 972 Patre
2798 929 2962 975 natus
2982 932 3094 985 est.
3126 932 3179 978 et
3210 926 3441 983 hominis

1866 1008 1968 1063 qua
1998 1003 2083 1049 est
2110 994 2177 1051 de
2203 1007 2372 1054 matre
2403 1004 2736 1072 progenitus,
2761 1024 2896 1065 unus
2929 1012 3169 1083 idemque
3215 1015 3355 1070 Deus
3384 1031 3441 1071 et

1868 1084 2028 1138 homo
2049 1095 2132 1141 est
2158 1087 2421 1144 Christus.
2452 1092 2673 1149 Cetuina
2701 1100 2842 1154 enim
2876 1103 3143 1168 nativitas,
3170 1109 3434 1175 geminam

1867 1176 1956 1229 uni
1978 1176 2191 1233 Christo
2209 1180 2354 1236 dedit
2375 1193 2641 1250 naturam,
2663 1188 2788 1243 dum
2807 1193 2894 1260 qui
2920 1194 3060 1250 Deus
3077 1206 3157 1250 est
3174 1200 3237 1252 de
3259 1200 3435 1266 Patre,

1867 1268 2004 1323 idem
2030 1280 2083 1325 et
2110 1272 2268 1326 homo
2294 1284 2373 1328 est
2400 1274 2467 1330 de
2496 1291 2686 1334 matre.
2716 1282 2819 1336 llas
2841 1285 3019 1354 itaque
3041 1304 3275 1357 naturas,
3304 1308 3435 1361 quas

1864 1377 1929 1417 ex
1963 1375 2191 1434 utroque
2229 1367 2389 1424 habet
2436 1382 2680 1441 parente,
2710 1376 2994 1445 Apostolus
3021 1383 3153 1439 duas
3195 1388 3435 1443 nominat

1864 1453 2082 1519 formas.
2115 1459 2298 1514 dicens
2318 1460 2387 1517 de
2411 1463 2524 1531 ipso
2560 1483 2574 1518 :
2606 1466 2708 1533 Qui
2736 1484 2850 1522 cum
2879 1472 2932 1524 in
2958 1478 3125 1541 forma
3156 1475 3250 1531 Dei
3278 1489 3432 1547 esset,

1864 1561 1964 1599 non
1993 1549 2230 1616 rapinam
2258 1551 2531 1608 arbitratus
2556 1566 2628 1610 est
2654 1574 2763 1612 esse
2791 1576 2845 1613 se
2884 1567 3132 1632 tequidem
3172 1567 3313 1634 Deo;
3342 1573 3433 1625 sed

1861 1642 2181 1707 seinrtipsum
2210 1644 2507 1711 exinaniuit,
2540 1651 2757 1717 formant
2785 1656 2915 1707 servi
2934 1658 3186 1725 accipiens
3209 1660 3428 1733 (Philip.

1861 1744 1918 1795 tt,
1944 1731 2021 1799 6).
2058 1732 2131 1788 De
2152 1735 2343 1804 quibus
2367 1737 2571 1806 formis,
2596 1742 2709 1796 sive
2733 1759 2889 1813 quam
2916 1761 2980 1801 ex
3012 1748 3124 1804 Deo
3154 1750 3311 1807 Patre
3339 1731 3430 1807 ha«

1864 1821 1969 1887 bet,
2000 1824 2110 1877 sive
2139 1841 2298 1894 quam
2328 1843 2392 1883 ex
2422 1829 2640 1886 homine
2666 1845 2835 1889 matre
2863 1839 3098 1908 accepit,
3136 1841 3429 1911 prophetali

1861 1914 2110 1967 vaticinia
2139 1916 2335 1972 clarius
2366 1930 2577 1975 conSIat
2598 1938 2950 1993 etpressum;
2985 1928 3116 1983 Isaia
3151 1930 3219 1986 de
3248 1936 3427 1989 servili

1856 2003 2024 2058 forma
2056 2005 2204 2075 ejus,
2252 2025 2371 2079 qua:
2416 2014 2678 2081 passionis
2709 2017 2911 2075 vilitate
2929 2022 3325 2090 quodammodo
3349 2026 3430 2081 in-

1852 2092 2046 2148 decora
2072 2101 2346 2165 apparuit,
2374 2102 2444 2155 ita
2484 2104 2765 2174 loquente:
2797 2107 3084 2181 Inglorius,
3118 2116 3307 2187 itﬁuit,
3332 2122 3427 2174 erit

1848 2183 1980 2236 inter
2004 2186 2137 2239 viros
2164 2203 2396 2257 aspecms
2420 2196 2565 2264 ejus,
2612 2208 2658 2249 et
2687 2199 2854 2267 [arma
2875 2206 2988 2274 ejus
3013 2206 3143 2261 inter
3170 2210 3303 2276 ﬁlios
3337 2212 3429 2266 Ito-

1848 2273 2038 2326 minum
2061 2273 2214 2345 (Isai.
2242 2294 2333 2347 LII,
2375 2281 2485 2347 H).
2519 2284 2583 2339 Et
2611 2286 2801 2343 iterum
2842 2309 2853 2345 :
2897 2273 3179 2365 Vidimus,
3212 2300 3424 2371 inquit,

1847 2378 1981 2426 eum,
2013 2374 2061 2418 et
2092 2384 2193 2420 non
2222 2381 2327 2423 erat
2360 2372 2413 2425 in
2440 2389 2497 2427 eo
2518 2380 2728 2445 species,
2754 2398 2915 2452 neque
2940 2386 3115 2455 decor;
3140 2395 3225 2445 sed
3258 2398 3423 2454 (arma

1847 2456 1958 2523 ejus
1987 2457 2223 2525 despecta
2251 2471 2298 2515 et
2330 2464 2571 2531 deﬁciens
2606 2486 2759 2539 super
2801 2477 2934 2540 ﬁlios
2965 2479 3225 2537 hominum
3270 2486 3421 2555 (Isai.

1848 2558 1969 2609 Litt,
1995 2546 2073 2613 2).
2109 2547 2175 2602 Et
2202 2550 2314 2605 hac
2343 2555 2557 2619 quidem
2582 2560 2647 2613 de
2668 2564 2854 2618 servili
2887 2566 3056 2622 forma
3087 2572 3139 2624 in
3172 2546 3286 2642 qua
3308 2582 3422 2632 uni-

1846 2652 2031 2692 versas
2061 2643 2321 2708 paSsionis
2363 2648 2581 2715 injurias
2613 2656 2860 2725 pertulit,
2892 2659 3053 2717 lsa‘as
3076 2664 3289 2723 locutus
3318 2683 3419 2727 est.

1846 2725 1924 2780 De
1958 2729 2246 2787 divinitatis
2271 2745 2447 2791 autem
2480 2741 2682 2809 forma,
2714 2761 2834 2816 quae
2868 2749 3115 2809 decorem
3147 2772 3299 2813 suum
3328 2778 3421 2829 per

1843 2820 1923 2872 sui
1956 2820 2435 2889 impassihilitatem
2460 2833 2735 2902 retinens,
2770 2839 2893 2895 licet
2921 2849 3184 2913 passionis
3214 2853 3417 2919 pulsata

1842 2906 2069 2979 injuriis,
2096 2914 2283 2971 ftedari
2314 2934 2417 2973 non
2450 2924 2650 2993 potuit,
2685 2929 2847 2987 David
2878 2906 3176 2997 evidentius
3199 2906 3415 3011 cecinit,

1841 2999 2026 3058 dicens
2063 3023 2077 3057 :
2109 3006 2383 3076 Speciosus
2425 3017 2593 3083 forma
2630 3036 2737 3087 pra
2764 3025 2889 3092 ﬁliis
2936 3029 3196 3088 hominum
3239 2999 3414 3110 (Psnl:

1839 3105 1997 3161 XLIV,
2032 3092 2108 3165 5).
2160 3098 2347 3157 Cernis
2385 3104 2435 3158 in
2468 3122 2570 3162 una
2621 3110 2814 3170 Christi
2865 3134 3093 3187 persona
3141 3092 3416 3199 utri‘usque

2865 3178 2881 3187 _
3148 3178 3155 3179 ,

1840 3178 2048 3249 formaz,
2073 3185 2123 3239 id
2147 3199 2227 3243 cst
2250 3194 2523 3265 utriusque
2549 3211 2749 3258 natura:
2775 3213 3087 3277 mysterium
3110 3221 3414 3277 contineri?

1842 3270 2031 3326 Forma
2072 3281 2212 3333 servi
2244 3282 2493 3340 indecora
2520 3299 2575 3344 et
2613 3290 2861 3363 despecta
2898 3318 2911 3354 :
2945 3303 3111 3361 forma
3160 3310 3201 3363 D
3240 3313 3252 3366 i
3291 3330 3413 3383 spe-

3240 3363 3252 3366 -
3292 3363 3383 3383 Ἰ.-

1836 3363 1976 3419 cinsa
2010 3368 2060 3421 in
2090 3385 2156 3424 eo
2194 3382 2248 3427 et
2288 3376 2652 3444 pulcherrima
2700 3392 3037 3457 prmdicatur.
3100 3402 3222 3459 llaec
3276 3411 3412 3463 alius

1834 3458 2235 3521 quomodolibet
2289 3468 2555 3538 accipiat;
2615 3475 2826 3535 interim
2886 3489 3197 3556 prophetico
3248 3506 3409 3567 atque

1833 3548 2126 3612 apostolico
2170 3557 2440 3621 prazconio
2481 3561 2761 3623 docuimus
2802 3548 3071 3631 Christum
3120 3581 3253 3639 duas
3296 3548 3407 3641 for-

1834 3649 1948 3690 mas
2002 3637 2221 3697 habere.
2269 3644 2419 3704 Nunc
2476 3651 2763 3715 doceamus
2823 3663 2875 3719 in
2925 3671 3183 3729 ambabus
3242 3694 3405 3737 unum

1832 3730 2184 3802 eamdemque
2209 3751 2361 3804 esse,
2409 3753 2677 3817 uitantque
2705 3767 2989 3821 personam
3019 3764 3237 3826 habere.
3267 3773 3405 3832 Dicit

1830 3817 2120 3885 Apostolus
2153 3841 2166 3875 :
2202 3823 2268 3880 Et
2315 3846 2406 3899 ego
2436 3837 2575 3901 quod
2600 3817 2787 3897 donavi
2805 3887 2819 3912 ,
2866 3850 2917 3902 in
2960 3817 3175 3921 persona

1828 3908 1919 3977 (II
1946 3911 2062 3968 Cor.
2092 3931 2148 3983 tt,
2209 3920 2311 3991 l0).
2355 3924 2558 3984 Claruit
2586 3931 2746 4003 igitur
2782 3908 3063 4001 Christum,
3088 3908 3171 4005 es“

1828 4007 2167 4062 manentibus
2199 4017 2401 4071 naturis
2432 4020 2483 4071 in
2511 4023 2706 4079 unione
2726 4042 2978 4095 .personte
3015 4043 3326 4102 subsistere.

1902 4096 1962 4148 V.
1990 4097 2138 4154 Nunc
2162 4104 2436 4161 videamus
2466 4127 2573 4177 quo
2610 4114 2806 4172 fuerint
2832 4122 3105 4182 Nestorius
3146 4144 3197 4185 et

1826 4184 1953 4239 cltes
1977 4201 2163 4244 errore
2191 4191 2421 4263 decepti.
2453 4198 2728 4257 Nestorius
2754 4207 2886 4265 duas
2916 4211 3213 4275 inducentlo
3247 4184 3400 4281 natii-

1828 4288 1938 4337 ras,
1966 4275 2097 4331 duas
2125 4284 2328 4347 putavit
2362 4289 2461 4357 17
2491 4304 2611 4345 esse
2638 4309 2921 4366 personas;
2955 4313 3009 4360 et
3038 4298 3105 4363 ob
3136 4275 3397 4374 hoc

1828 4369 1997 4417 tratus
2019 4375 2100 4419 est
2129 4371 2388 4444 sacrilego
2408 4378 2654 4446 dogmate
2680 4384 2815 4442 duos
2835 4388 3078 4453 Cltristos
3106 4401 3391 4467 inducere:

1828 4451 2096 4524 Eutychus
2136 4463 2425 4530 respiciens
2457 4485 2614 4527 uuam
2648 4491 2950 4552 personam,
2997 4505 3152 4547 unam
3183 4506 3394 4559 cenSnit

1821 4556 1941 4599 esse
1972 4561 2235 4621 naturam,
2288 4566 2342 4611 et
2368 4561 2437 4614 ob
2461 4564 2560 4618 hoc
2590 4565 2872 4629 humanam
2903 4595 3064 4637 ausus
3106 4601 3187 4643 est
3218 4595 3387 4653 denea
3430 4645 3441 4655 .

1818 4650 1958 4703 gare.
1995 4639 2058 4693 Et
2094 4644 2215 4709 quia
2239 4657 2321 4701 est
2359 4654 2410 4705 in
2435 4653 2731 4715 Christoet
2757 4675 3062 4726 naturarum
3092 4683 3388 4750 pruprietas

1814 4734 1867 4778 et
1899 4742 2140 4794 personm
2176 4738 2333 4805 uitio,
2359 4741 2631 4801 Nestorius
2660 4756 3038 4822 proprieta'cm
3060 4734 3386 4831 attendendn

1815 4827 2144 4889 naturarum,
2177 4840 2205 4879 a
2232 4843 2471 4896 persona:
2498 4839 2701 4895 excidit
2727 4848 2951 4916 unione;
2984 4866 3033 4909 ei
3062 4858 3195 4916 duos
3228 4878 3385 4934 ρωπ-

1815 4905 1882 4934 mh
1906 4909 2145 4934 l‘l._:-.u-
2513 4928 2545 4934 --
2571 4929 2600 4934 --

1812 4905 1886 4959 vit
1906 4909 2170 4979 Christus,
2197 4933 2356 4974 unum
2385 4928 2712 4998 passibilem,
2740 4937 2966 4998 alterum
2996 4905 3379 5019 impassibilem

1811 5010 1952 5054 esse.
1986 5002 2251 5074 Eutychos
2279 5026 2439 5069 unam
2467 5018 2792 5083 intendenda
2822 5047 3134 5109 personam,
3166 5063 3195 5102 a
3228 5065 3381 5109 natu-

1809 5100 1987 5141 ra'um
2022 5098 2344 5163 proprietate
2370 5104 2613 5179 descivit,
2648 5126 2703 5170 et
2731 5098 2897 5188 ipsam
2930 5127 3261 5194 divinitatem
3292 5160 3379 5199 as-

1801 5558 1955 5610 perso
1978 5564 2071 5601 tas.
2090 5551 2267 5620 Itaque
2288 5557 2562 5619 Nestorius
2576 5577 2632 5622 ut
2651 5551 2973 5640 impietatem
2998 5582 3079 5635 soi
3102 5585 3365 5655 dogmatis

1798 5640 2025 5702 muniat,
2062 5657 2164 5707 quo
2196 5646 2420 5704 alterum
2447 5654 2498 5706 in
2539 5660 2784 5722 passione
2812 5668 2921 5720 vult
2956 5640 3363 5744 intelligiUChri-

1791 5736 1953 5795 stum,
1980 5732 2068 5785 illo
2097 5738 2259 5790 utitnr
2291 5741 2528 5809 Apostoli
2570 5754 2892 5821 testimonio,
2920 5762 2985 5813 ad
3011 5762 3260 5824 Hebraeos
3290 5778 3368 5833 ita

1791 5820 2070 5879 scribentis
2105 5842 2117 5878 :
2151 5826 2290 5882 Nam
2320 5834 2475 5901 paulo
2498 5838 2669 5912 minus
2698 5857 2850 5910 quant
2880 5852 3091 5921 angelos

3132 5864 3359 5935 minora-_

3038 5947 3075 6009 4
