3990 6390
579 439 674 492 1οἹ

577 563 681 602 tum
706 551 922 600 vidimus
938 545 1139 608 Iesum,
1164 542 1328 612 gloria
1348 551 1394 594 et
1417 539 1605 592 honore
1625 546 1942 603 coronatum,
1965 545 2018 588 ut
2046 534 2154 586 sine
2185 537 2236 594 Α

579 640 684 692 Deo
715 656 802 705 pro
833 634 1066 690 omnibus
1097 639 1320 705 gustaret
1349 638 1558 683 mortem
1588 625 1776 695 (Hebr.
1817 640 1876 684 ιι,
1905 623 1985 692 9).
2016 621 2154 675 Rur-

581 745 667 783 sus
702 727 991 796 Eutyclies,
1025 733 1081 777 ut
1108 723 1360 778 deitatem
1387 718 1641 788 subjiciat
1666 715 1934 784 passioni,
1965 721 2156 768 testem

581 818 930 873 nihilominus
979 815 1224 883 producit
1259 811 1572 882 Apostolum
1601 807 1868 862 dicentem
1911 805 1978 859 de
2011 803 2157 872 prin-

582 911 792 980 cipibus
816 907 1018 972 smculi,
1049 906 1136 976 qui
1165 903 1480 973 sapientiam
1506 900 1598 954 Dei
1626 912 1730 953 non
1754 902 2117 966 cognoverunt
2143 911 2155 947 :

586 1002 644 1054 Si
669 1001 797 1053 enim
823 997 1185 1067 cognovissent,
1213 1007 1470 1062 nunquam
1499 989 1772 1042 Dominum
1793 986 1971 1056 gloria:
1993 984 2161 1036 cruci-

588 1093 815 1160 ﬁa'issent
847 1087 901 1158 (I
933 1087 1053 1143 Cor.
1086 1101 1146 1149 ιι,
1169 1086 1245 1153 9).
1281 1083 1439 1137 Vides
1470 1081 1651 1148 quanti
1676 1078 1896 1148 periculi
1927 1091 2016 1130 res
2059 1078 2158 1137 sit,

587 1194 675 1235 aut
708 1196 864 1234 unam
896 1180 945 1232 in
976 1177 1188 1232 Christo
1211 1190 1317 1228 non
1341 1173 1566 1227 credere
1589 1183 1898 1240 personam,
1923 1176 2012 1220 aut
2031 1165 2162 1218 duas

588 1278 726 1330 nolle
756 1272 992 1342 profiteri
1033 1281 1276 1324 naturas.
1312 1265 1485 1336 Magni
1518 1279 1580 1318 ex
1612 1271 1837 1329 utroque
1871 1261 2039 1313 latere
2085 1257 2165 1309 in-

585 1367 838 1419 sidiarum
873 1362 1048 1432 laquei
1077 1357 1507 1429 prtetenduutur,
1550 1367 1685 1423 quos
1718 1351 2030 1422 prephetico
2058 1349 2166 1415 spi-

587 1460 689 1514 ritu
719 1458 972 1512 Salomon
1019 1452 1226 1506 cautius
1261 1446 1515 1518 praicepit
1540 1443 1850 1500 evitandas:
1884 1441 2163 1503 Memento,

586 1553 790 1616 dicens,
825 1549 950 1617 quia
979 1546 1034 1598 in
1076 1544 1242 1596 medio
1276 1542 1567 1610 laqueorum
1613 1537 1844 1591 ambulas
1867 1535 2055 1606 (Eccli.
2090 1549 2163 1600 ix,

584 1641 698 1708 ‘20).
756 1640 892 1694 llinc
937 1638 1078 1692 enim
1132 1633 1431 1704 Eutyches,
1477 1633 1600 1685 inde
1649 1629 1925 1685 Nestorius
1978 1626 2168 1680 armati

595 1731 836 1800 perﬁdia:
879 1726 1223 1781 mucronibus
1262 1732 1457 1778 astant.
1489 1723 1621 1777 Dum
1655 1735 1812 1775 unam
1843 1729 2026 1774 contra
2070 1717 2169 1771 Νε-

589 1824 815 1875 storium
845 1818 1046 1872 Christi
1073 1815 1301 1870 defendo
1333 1827 1636 1884 personam,
1669 1809 1948 1866 cxiStimor
1979 1823 2171 1862 secun-

589 1911 714 1964 dum
766 1908 1043 1978 Eutychen
1109 1907 1392 1960 humanam
1448 1917 1644 1971 negare
1704 1909 1969 1953 naturam.
2031 1891 2241 1950 DuinB

593 2010 776 2054 contra
808 1997 1079 2067 Eutychen
1117 1995 1252 2049 duas
1296 2008 1480 2048 assero
1511 2000 1745 2058 naturas,
1771 1988 2048 2043 existimor
2073 2003 2162 2040 se-

593 2091 827 2144 cundum
849 2088 1157 2144 Iesmrium
1186 2085 1320 2140 duas
1354 2083 1592 2153 proﬁteri
1617 2094 1896 2151 personas,
1924 2079 2044 2148 quia
2080 2079 2170 2132 ille

594 2181 798 2235 duabus
828 2179 1037 2233 naturis
1061 2177 1196 2232 duos
1215 2175 1461 2230 Christos
1487 2172 1728 2240 duasque
1755 2183 2012 2240 personas
2042 2183 2167 2222 cre-

594 2273 723 2334 didit
752 2267 1114 2324 ascribendas.

671 2360 748 2414 \‘l.
774 2359 877 2414 Sed
907 2367 964 2412 ut
991 2357 1183 2412 horum
1207 2355 1408 2423 impios
1438 2362 1493 2409 et
1523 2350 1866 2406 detestabiles
1907 2347 2118 2403 catholii
2137 2361 2171 2400 o

596 2467 751 2505 sensu
786 2452 1080 2506 rerutemus
1107 2459 1342 2511 errores,
1379 2443 1654 2512 utriusque
1685 2450 1889 2495 natura:
1930 2439 2170 2507 proprie-

596 2551 714 2598 tatis
745 2543 1062 2614 mysterium
1109 2547 1164 2595 et
1201 2540 1358 2593 unius
1397 2549 1640 2606 persona:
1677 2541 1968 2587 tractemus
2015 2545 2164 2584 area-

595 2653 738 2688 nuiu.
777 2633 922 2689 Unus
950 2642 1032 2686 est
1063 2627 1326 2691 Christus,
1349 2626 1487 2681 idem
1521 2625 1680 2689 Deus,
1714 2623 1960 2691 idemque
1986 2620 2164 2684 homo,

596 2729 796 2780 habens
826 2727 877 2779 in
908 2723 1088 2779 verbis
1116 2732 1170 2776 et
1199 2721 1385 2790 gestis,
1418 2727 1580 2773 unum
1617 2717 1722 2787 18
1750 2714 1891 2785 quod
1925 2713 2168 2767 humani-

597 2818 741 2884 tatis,
779 2815 919 2869 aliud
946 2813 1085 2882 quod
1107 2811 1334 2882 propria:
1357 2808 1648 2864 divinitatis
1673 2806 1789 2874 ejus
1816 2813 2016 2858 natura:
2040 2817 2170 2857 c0n-

599 2913 807 2978 veniat;
835 2911 957 2965 licet
980 2897 1261 2976 utrumque
1287 2903 1444 2960 simul
1468 2903 1532 2958 ad
1553 2916 1712 2956 unam
1739 2899 1857 2968 ejus
1883 2911 2168 2966 personam

601 3008 674 3059 vel
706 3003 1058 3060 substantiam
1086 3001 1355 3071 pertineat
1379 2994 1524 3066 quod
1546 2995 1744 3050 dictum
1769 3001 1850 3046 est
1886 3007 1898 3042 :
1929 2988 1997 3043 1n
2030 2990 2172 3058 prin-

599 3099 728 3164 tlpiO
754 3105 860 3148 erat
895 3094 1132 3160 Verbum,
1157 3102 1201 3146 et
1233 3089 1452 3144 Verbum
1471 3095 1579 3141 erat
1601 3085 1740 3156 apud
1767 3083 2010 3146 Deum,et
2038 3081 2171 3134 Deus

600 3199 702 3240 erat
744 3187 983 3241 Verbum.
1017 3183 1132 3238 Hoc
1153 3193 1263 3236 erat
1291 3182 1344 3234 in
1371 3179 1620 3248 principio
1635 3175 1771 3245 apud
1800 3173 1960 3227 Deum
1988 3173 2166 3242 (Joan.

605 3300 639 3343 i,
671 3279 741 3347 i).
776 3279 842 3332 Et
862 3277 1005 3346 quod
1031 3277 1143 3344 ipse
1170 3276 1243 3328 ait
1270 3289 1282 3327 :
1311 3243 1438 3326 Ante
1461 3243 1714 3324 Abraham
1737 3281 1828 3334 ego
1854 3280 1965 3317 sum
1993 3261 2168 3335 (Joan.
2200 3243 2247 3307 ο

603 3385 716 3434 vni,
751 3370 861 3432 58},
892 3383 994 3421 non
1035 3376 1210 3436 potest
1238 3363 1302 3417 ad
1336 3359 1682 3415 humanitatis
1704 3357 1821 3427 ejus
1858 3355 2041 3410 referri
2083 3369 2173 3408 na-

606 3478 815 3526 turam,
865 3475 983 3531 qua}
1033 3459 1241 3513 initium
1283 3454 1513 3523 sumpsit
1567 3467 1631 3508 ex
1677 3449 1912 3518 Virgine.
1973 3448 2176 3502 Rursus

605 3555 742 3623 quod
767 3555 833 3609 de
859 3568 923 3608 eo
952 3552 1148 3606 dicitur
1174 3569 1184 3600 :
1210 3548 1349 3602 Puer
1377 3555 1544 3599 autem
1575 3543 1824 3596 crescebat
1843 3549 1890 3596 et
1913 3540 2177 3608 conforta-

606 3651 768 3710 batur,
821 3643 1038 3712 repletus
1082 3639 1329 3710 sapientia
1371 3645 1463 3690 :et
1507 3634 1673 3705 gratia
1724 3630 1820 3684 Dei
1862 3646 2013 3700 super
2064 3643 2179 3681 eum

609 3741 754 3810 (Luc.
783 3755 837 3802 ιι,
868 3735 978 3805 40);
1002 3744 1085 3788 et:
1118 3732 1245 3786 Cum
1274 3739 1396 3783 esset
1417 3743 1668 3780 annorum
1694 3723 1980 3784 duodecim,
2007 3735 2182 3773 ascen-

610 3837 639 3882 d
668 3840 682 3881 t
710 3847 822 3883 cum.
871 3825 1162 3897 parentibus
1193 3819 1597 3887 Hierosolymis;
1636 3825 1690 3872 et
1731 3813 1872 3885 quod
1908 3812 2135 3867 infertur
2163 3828 2179 3864 :

608 3922 754 3983 Iesus
795 3929 960 3972 autem
997 3912 1288 3986 proﬁciebat
1332 3919 1501 3976 celate,
1532 3918 1582 3963 et
1633 3907 1906 3976 sapientia,
1931 3913 1979 3958 et
2017 3899 2183 3975 gratia

609 4014 746 4080 apud
784 4010 946 4062 Deum
972 4016 1019 4061 et
1056 4003 1314 4067 homines;
1347 4015 1451 4056 non
1484 4006 1662 4068 potest
1688 3996 1902 4052 deitatis
1927 3995 2044 4065 ejus
2090 4009 2185 4048 na-

611 4116 740 4156 tura:
796 4114 1118 4171 congruere;
1169 4096 1292 4166 quia
1333 4093 1506 4150 deitas
1535 4106 1634 4148 nec
1675 4089 1849 4146 aetatis
1890 4087 2182 4159 profectum

611 4195 832 4261 accipit,
881 4207 980 4247 nec
1007 4189 1224 4260 aliquod
1264 4186 1428 4243 sentit
1459 4193 1835 4254 augmentum,
1869 4194 1969 4236 nec
2015 4178 2187 4234 curri-

612 4288 733 4337 culo
763 4282 1040 4350 subjicitur
1061 4291 1383 4348 temporum,
1412 4290 1510 4331 nec
1536 4289 1757 4330 numero
1777 4271 2070 4328 calculatur
2091 4284 2188 4323 an-

618 4389 828 4436 nui-nui.
866 4372 928 4424 Et
956 4380 1014 4424 ut
1047 4369 1224 4422 omnia
1265 4367 1499 4422 breviter
1524 4365 1730 4432 dicam,
1763 4379 1870 4419 non
1907 4371 1990 4419 est
2027 4363 2188 4416 unius

619 4479 853 4527 natura),
887 4462 1013 4518 licet
1037 4461 1108 4513 sit
1134 4459 1289 4512 unius
1321 4471 1596 4526 personze,
1627 4456 1838 4510 Patrem
1869 4455 1971 4509 sibi
2005 4468 2186 4521 atqua-

585 4622 593 4630 .
619 4559 722 4609 lein
756 4557 954 4616 dicere,
986 4561 1038 4606 et
1068 4550 1225 4604 Patre
1254 4562 1313 4604 se
1363 4545 1621 4600 minorem
1651 4557 1894 4599 asserere
1921 4559 1936 4596 :
1979 4542 2186 4595 initium

621 4668 727 4704 non
763 4649 992 4708 habere,
1034 4654 1092 4699 et
1135 4657 1200 4699 ex
1232 4641 1383 4696 initio
1411 4637 1726 4694 subsistere.
1761 4637 1887 4691 Harc
1914 4645 1996 4691 est
2037 4645 2190 4689 naiu-

623 4758 798 4795 rai-uni
837 4737 1151 4806 preprietas,
1197 4749 1261 4789 es
1289 4732 1482 4800 quibus
1509 4745 1648 4785 unus
1679 4728 1768 4784 Dei
1799 4728 1993 4792 Filius,
2022 4727 2192 4781 idern-

623 4851 725 4901 que
755 4830 983 4883 hominis
1006 4826 1172 4882 Filius
1202 4825 1442 4879 Christus
1463 4821 1780 4889 subsistens,
1805 4835 1959 4873 unam
1985 4828 2186 4873 tantum

626 4926 785 4978 habet
811 4923 1056 4991 geritque
1081 4932 1382 4986 personam.
1403 4915 1542 4986 Ergo
1568 4913 1656 4968 hic
1681 4927 1814 4968 unus
1840 4921 2000 4982 atque
2023 4911 2184 4978 idem,

623 5027 674 5070 et
701 5013 920 5081 aequalis
945 5020 1027 5067 est
1062 5010 1204 5065 Patri
1235 5007 1526 5064 secundum
1565 5007 1847 5073 deitatem,
1871 5013 1926 5060 et
1969 5004 2189 5060 inferior

622 5113 705 5159 est
747 5104 900 5156 Patre
923 5099 1212 5155 secundum
1241 5097 1584 5153 humanitatis
1614 5107 1852 5151 naturam
1882 5112 1897 5150 :
1930 5107 2089 5166 atque
2116 5097 2187 5150 ita

625 5209 723 5250 nec
756 5194 963 5248 initium
1004 5189 1182 5254 habet,
1210 5189 1333 5256 quia
1361 5187 1499 5242 Deus
1526 5196 1642 5250 est,
1671 5196 1726 5240 et
1757 5188 1914 5241 habet
1945 5187 2183 5252 initium,

622 5285 743 5355 quia
788 5285 928 5338 idem
977 5281 1115 5336 Deus
1158 5279 1317 5334 homo
1351 5286 1452 5332 est.
1508 5276 1565 5332 Si
1604 5291 1732 5345 ergo
1768 5291 1854 5330 me
1893 5275 2202 5352 interroges],

627 5390 803 5430 utrum
847 5373 1096 5429 Christus
1127 5369 1319 5424 habeat
1363 5368 1568 5422 initium
1605 5381 1672 5420 an
1715 5381 1818 5420 non
1852 5365 2071 5432 habeat,
2104 5343 2200 5419 ie-I

619 5469 895 5538 spondebo
920 5466 1034 5532 tibi,
1050 5472 1106 5520 ct
1123 5462 1282 5518 habet
1297 5472 1348 5517 et
1371 5476 1474 5516 non
1502 5460 1691 5516 habet:
1717 5459 1877 5514 habet
1897 5460 2096 5514 secund
2139 5476 2188 5514 in

621 5563 1006 5614 humanitatem
1030 5570 1204 5621 suam,
1232 5570 1335 5609 non
1357 5553 1515 5609 habet
1541 5552 1832 5608 secundum
1854 5553 2186 5608 divinitatem

623 5666 796 5705 suam.
841 5652 971 5705 Cum
1003 5649 1155 5714 dico,
1186 5646 1347 5701 habet
1380 5645 1462 5700 vel
1489 5659 1595 5699 non
1623 5643 1808 5709 habet,
1855 5643 1920 5698 ad
1950 5660 2192 5712 personis

626 5742 852 5807 pertinet
881 5742 1151 5795 unionem.
1183 5738 1316 5794 Cum
1340 5736 1497 5805 dico,
1526 5736 1818 5791 secundum
1856 5735 2186 5790 divinitatem

627 5840 676 5884 ci
726 5830 1008 5884 secundum
1043 5828 1459 5894 humanitatem,
1507 5825 1574 5882 ad
1607 5832 1915 5881 naturarum
1954 5826 2192 5896 pertinet

1889 421 2114 479 VlGlLll
2154 417 2518 477 TAPSENSIS

3734 417 3814 469 {0‘5

2265 533 2642 600 pmpiietatem
2677 547 2689 581 :
2720 528 2806 596 qui
2834 541 3023 582 sensus
3049 535 3106 581 ut
3134 525 3484 596 apertioribus
3515 526 3713 580 t-lareat
3738 529 3814 583 do-

2259 621 2545 685 cumentis,
2576 619 2751 674 adhuc
2781 617 3142 672 manifestiora
3178 629 3454 686 ponamus.

2335 714 2438 767 VII.
2471 713 2697 768 Verbum
2748 711 2842 766 Dei
2872 710 3141 765 credimus
3183 710 3527 766 descendisse
3553 695 3623 765 de
3667 713 3811 774 ctelu,

2259 807 2376 860 sine
2397 820 2578 867 carne,
2610 805 2724 858 sine
2773 802 3004 857 hominis
3033 802 3412 870 appellatione;
3443 801 3521 857 s’ie
3553 809 3726 856 tamen
3766 813 3812 855 ut

2260 911 2366 949 non
2388 895 2658 951 desereret
2687 894 2886 957 caelos;
2918 892 3275 948 hoc.Verbnm
3308 891 3548 963 virginali
3576 900 3724 946 utero
3751 892 3814 946 in-

2261 994 2535 1041 carnatum
2563 1025 2578 1050 ,
2625 1001 2730 1040 non
2771 985 2825 1039 in
2855 998 3016 1038 carne
3042 991 3299 1038 mutatum
3319 1023 3334 1049 ,
3387 983 3617 1038 hominis
3650 984 3813 1039 Filium

2267 1078 2465 1132 factum
2495 1086 2549 1130 et
2567 1075 2910 1146 appellatum.
2932 1069 2990 1126 Si
3011 1075 3129 1142 quis
3149 1075 3304 1128 aliter
3324 1073 3513 1140 credit,
3539 1073 3658 1128 sine
3677 1073 3815 1128 dubio

2263 1168 2542 1223 anathema
2571 1177 2673 1221 est.
2703 1167 2757 1220 Si
2787 1167 2906 1235 quis
2925 1165 3056 1230 dicit
3077 1164 3347 1219 hominem
3365 1202 3382 1230 ,
3409 1164 3460 1217 id
3485 1171 3572 1218 est
3598 1177 3814 1225 carnem,

2263 1261 2331 1316 de
2359 1262 2498 1316 etelo
2545 1259 2896 1314 descendisse
2922 1299 2937 1323 ,
2989 1260 3230 1326 profecto
3273 1257 3375 1327 ιθ
3407 1256 3690 1310 anathema
3732 1263 3813 1308 est.

2266 1350 2400 1417 Quid
2439 1349 2539 1402 sibi
2585 1363 2714 1416 ergo
2739 1347 2848 1400 vult
2887 1346 3028 1414 quod
3061 1345 3200 1400 idem
3231 1345 3486 1398 Dominus
3523 1345 3640 1398 ait:
3679 1342 3814 1395 Naso

2267 1442 2494 1494 ascendit
2520 1442 2572 1493 in
2594 1440 2793 1503 calum,
2812 1439 2908 1492 nisi
2930 1440 3017 1508 qui
3038 1437 3100 1490 de
3121 1437 3247 1490 etrlo
3263 1437 3536 1500 descendit,
3565 1434 3727 1488 Filius
3744 1433 3816 1485 Ito-

2267 1535 2418 1587 minis
2449 1534 2536 1604 qui
2575 1543 2648 1586 est
2691 1533 2744 1585 in
2773 1531 2897 1586 ctelo
2936 1529 3112 1601 (Joan.
3144 1546 3222 1592 tu,
3255 1529 3377 1600 l3)?
3410 1529 3476 1582 Et
3505 1530 3696 1584 iterum
3727 1529 3815 1582 :Si

2268 1624 2495 1676 videritis
2524 1622 2720 1675 Filium
2765 1620 2986 1674 hominis
3029 1619 3379 1673 ascendentem
3418 1620 3548 1671 illuc
3583 1619 3666 1671 ubi
3699 1619 3814 1686 prius

2271 1713 2432 1782 fuerat
2466 1712 2646 1783 (Joan.
2701 1728 2785 1776 vi,
2827 1711 2941 1779 65).
2975 1710 3110 1764 Ecce
3158 1709 3327 1762 Filius
3371 1708 3608 1764 hominis
3652 1708 3812 1776 legitur

2271 1804 2613 1858 descendisse
2639 1804 2708 1856 de
2728 1802 2887 1866 cmlo,
2911 1815 3032 1855 cum
3059 1808 3268 1855 constet
3295 1801 3469 1853 solum
3501 1799 3748 1859 Verbum,
3775 1798 3812 1848 id

2268 1905 2350 1951 est
2389 1897 2587 1949 nudum
2639 1895 2754 1948 sine
2801 1907 3002 1959 carne,
3052 1894 3167 1947 sine
3211 1891 3444 1947 hominis
3487 1890 3812 1960 appellatione

2267 1988 2610 2042 descendisse
2638 1987 2708 2042 de
2735 1987 2894 2041 creto.
2926 1985 3063 2040 Ecce
3091 1998 3248 2050 caro,
3285 1985 3334 2037 id
3359 1993 3440 2037 est
3469 1983 3640 2037 Filius
3669 1983 3812 2036 homi-

2269 2084 2351 2133 n's
2403 2079 2593 2148 legitur
2648 2086 2771 2132 tunc
2796 2077 2962 2131 fuisse
2985 2075 3038 2130 in
3065 2075 3228 2138 etelo,
3259 2087 3377 2144 quae
3420 2087 3686 2143 nunquam
3716 2070 3811 2125 inde

2267 2171 2574 2236 descendit,
2599 2180 2652 2225 et
2678 2185 2798 2239 quae
2825 2169 2951 2224 illuc
2980 2168 3206 2222 necdum
3234 2166 3582 2222 ascenderat.
3614 2164 3712 2220 Sed
3734 2165 3810 2217 hoc

2268 2272 2352 2318 est
2382 2265 2538 2317 unius
2578 2277 2819 2332 persona:
2849 2260 3182 2332 mysterium,
3215 2258 3319 2314 hoc
3356 2259 3516 2312 unius
3541 2257 3728 2312 Christi
3759 2269 3809 2308 et

2271 2365 2496 2424 utroque
2523 2355 2866 2411 subsistentis
2910 2361 3331 2416 sacramentum,
3367 2351 3470 2405 hoc
3501 2359 3810 2413 utrarumque

2271 2458 2580 2502 naturarum
2614 2445 2954 2516 preprietatis
2977 2457 3252 2497 arcanum.
3277 2442 3408 2507 Quia
3437 2440 3584 2496 enim
3618 2437 3806 2492 Verbum

2269 2557 2389 2597 cum
2413 2555 2576 2594 carne
2595 2540 2664 2592 ita
2689 2536 3141 2606 estinexplicabili
3165 2535 3322 2589 modo
3350 2535 3580 2596 unitum,
3597 2541 3648 2585 ut
3669 2531 3807 2598 ipsum

2273 2629 2502 2685 Verbum
2532 2643 2659 2683 caro
2683 2629 2911 2696 dicatur,
2942 2626 3066 2680 licet
3089 2640 3194 2679 non
3222 2625 3290 2679 sit
3316 2638 3463 2691 caro,
3490 2624 3612 2690 quia
3635 2635 3726 2675 non
3747 2624 3809 2670 est

2272 2726 2324 2779 in
2353 2738 2515 2776 carne
2543 2729 2835 2784 mutatum;
2887 2727 2942 2774 et
2970 2731 3095 2773 caro
3119 2717 3322 2771 dicatur
3350 2715 3489 2770 Deus
3515 2755 3531 2778 ,
3577 2714 3687 2767 licet
3723 2723 3808 2762 non

2271 2817 2340 2870 sit
2370 2817 2418 2867 in
2449 2813 2663 2868 deitatis
2707 2822 2895 2866 natura
2951 2820 3180 2872 mutata;
3224 2807 3317 2862 sed
3349 2805 3576 2861 Verbum
3618 2807 3810 2870 propter

2271 2919 2487 2959 carnem
2513 2918 2664 2957 suam
2689 2905 2846 2957 homo
2873 2901 2964 2965 sit,
2989 2909 3044 2955 et
3066 2913 3192 2954 caro
3217 2905 3434 2967 prapter
3453 2895 3665 2948 Verbum
3689 2890 3809 2943 Deus

2271 2997 2376 3057 sit;
2415 3005 2466 3049 et
2504 2991 2759 3064 quidquid
2804 2997 2888 3046 est
2926 2990 3200 3060 proprium
3229 2987 3422 3050 Verbi,
3461 2985 3528 3039 sit
3563 2991 3808 3038 commune

2272 3102 2392 3142 cum
2422 3101 2586 3141 carne
2616 3101 2630 3140 :
2684 3094 2738 3140 et
2766 3081 3020 3154 quidquid
3057 3089 3139 3136 est
3169 3079 3442 3150 proprium
3488 3074 3661 3131 carnis
3691 3085 3808 3126 com-

2277 3196 2436 3234 mune
2463 3194 2582 3233 cum
2607 3177 2783 3232 Verbo
2812 3176 2911 3241 sit;
2938 3175 3186 3244 quoniam
3221 3171 3450 3225 Verbum
3482 3179 3539 3222 et
3563 3181 3683 3222 caro
3704 3174 3807 3217 unus

2279 3279 2362 3327 est
2389 3269 2634 3325 Christus
2673 3277 2726 3322 et
2768 3282 2869 3321 una
2923 3279 3169 3336 persona.
3211 3261 3414 3317 Idcirco
3464 3267 3679 3330 propter
3704 3257 3808 3308 lianc

2279 3361 2736 3422 communionem,
2768 3348 2926 3427 q'uam
2974 3356 3120 3410 salva
3152 3361 3458 3408 naturarum
3493 3349 3807 3419 proprietate.

2278 3465 2522 3520 personte
2551 3449 2678 3503 unio
2707 3456 2947 3517 praestat,
2971 3455 3024 3501 et
3057 3443 3289 3500 Verbum
3321 3457 3440 3496 cum
3463 3455 3658 3504 carne,
3687 3436 3810 3491 idest

2281 3541 2445 3597 Filius
2477 3541 2707 3596 hominis
2738 3539 2932 3608 legitur
2960 3536 3301 3592 descendisse
3327 3534 3395 3588 de
3423 3533 3598 3601 caelo,
3627 3538 3809 3585 cumse-

2283 3637 2389 3687 lum
2416 3632 2646 3688 Verbum
2671 3631 2787 3685 sine
2816 3644 2978 3684 carne
3008 3625 3349 3682 descenderit
3380 3641 3394 3678 :
3424 3631 3476 3678 et
3502 3621 3645 3677 Deus
3664 3617 3810 3686 legitur

2281 3723 2524 3791 sepultus
2574 3729 2628 3775 et
2681 3721 2732 3774 in
2777 3727 3125 3773 monumento
3171 3716 3338 3770 tribus
3363 3713 3605 3784 iacuisse
3640 3710 3808 3767 diebus.

2283 3829 2402 3868 eum
2431 3814 2542 3867 sola
2583 3827 2708 3868 caro
2735 3811 2939 3882 sepulta
2971 3818 3074 3865 est.
3107 3809 3246 3877 Ergo
3289 3805 3591 3862 secundum
3623 3800 3811 3873 proprie-

2287 3916 2446 3960 tatem
2478 3915 2678 3958 naturaa
2704 3904 2874 3957 solum
2906 3902 3136 3957 Verbum
3167 3898 3445 3954 descendit
3465 3896 3532 3952 de
3564 3895 3722 3956 c0310;
3753 3903 3812 3941 ie-

2285 3996 2516 4050 cundum
2559 3980 2808 4048 unionem
2832 4007 3094 4062 personat,
3127 3989 3361 4044 simulet
3385 4003 3511 4044 caro
3547 3979 3810 4040 descendi.

2287 4089 2538 4158 quoniam
2568 4100 2796 4156 persona
2826 4085 3006 4140 carnis
3037 4085 3088 4137 in
3123 4082 3300 4136 Verbo
3327 4091 3429 4143 est,
3470 4071 3618 4149 quad
3639 4078 3813 4132 descen-

2287 4180 2383 4234 dit.
2418 4179 2543 4232 ltem
2576 4175 2867 4231 secundum
2901 4174 3276 4244 proprietatem
3311 4179 3543 4236 naturae,
3592 4167 3695 4223 sola
3723 4171 3814 4216 caro

2289 4279 2518 4325 mortem
2547 4268 2735 4334 sensit,
2762 4268 2872 4320 sola
2904 4279 3030 4319 caro
3059 4263 3347 4333 sepultura:
3377 4259 3619 4315 olﬁcium
3641 4253 3812 4311 habuit:

2287 4361 2579 4417 secundum
2631 4361 2882 4413 unionem
2937 4368 3115 4412 autem
3167 4369 3408 4425 persona:
3449 4353 3597 4407 Deus
3623 4355 3813 4406 mortuus

2287 4465 2370 4508 est
2406 4463 2460 4507 et
2488 4453 2726 4521 sepultus
2757 4467 2772 4515 ;
2812 4451 2933 4520 quia
2971 4463 3196 4519 persona
3228 4447 3387 4502 Verbi
3429 4446 3480 4499 in
3533 4458 3692 4499 carne
3732 4427 3813 4495 est;

2292 4562 2409 4614 quae
2438 4545 2623 4598 mortis
2653 4543 2988 4611 dispendium
3019 4541 3207 4596 sensit.
3249 4541 3387 4610 Ergo
3417 4537 3703 4592 secundum
3729 4543 3814 4598 pro:

2297 4636 2576 4702 prietatem
2629 4645 2832 4686 natura:
2864 4631 3092 4686 Verbum
3139 4628 3415 4684 descendit
3450 4627 3518 4681 de
3542 4626 3704 4688 caelo,
3740 4629 3816 4669 ιιοη

2292 4741 2449 4790 caro;
2482 4725 2772 4779 secundum
2825 4723 3204 4792 proprietatem
3228 4729 3432 4774 mtura:
3478 4734 3608 4772 caro
3654 4719 3818 4769 metu!a

2293 4829 2393 4882 est,
2429 4834 2530 4871 non
2564 4814 2980 4870 Verbtim.'ltem
3009 4813 3300 4868 secundum
3330 4812 3585 4864 unionem
3622 4810 3820 4877 ρει-βοείη

2292 4920 2344 4963 et
2371 4923 2496 4963 cato
2521 4906 2796 4961 descendit
2826 4906 2892 4960 de
2925 4904 3096 4970 coelo,
3132 4914 3184 4958 et
3215 4901 3450 4957 Verbum
3481 4909 3567 4954 est
3598 4900 3819 4952 mortuum

2294 5011 2454 5069 atque
2485 5001 2767 5067 sepultum.

2370 5091 2500 5144 VIII.
2531 5089 2660 5144 Cum
2684 5105 2810 5159 ergo
2833 5089 3058 5144 dic'mns
3075 5087 3246 5167 Deum
3269 5099 3479 5155 passum
3502 5094 3558 5138 et
3579 5087 3821 5137 mortuum.

2299 5183 2405 5254 20
2435 5197 2537 5236 non
2569 5192 2889 5252 expavescat
2917 5182 3215 5246 Nestorius,
3246 5179 3370 5249 quia
3399 5177 3686 5232 secundum
3707 5169 3824 5223 uitio:

2299 5293 2420 5332 nem
2458 5291 2696 5346 persona:
2735 5275 2982 5329 dicimus.
3034 5273 3240 5329 Rursus
3282 5285 3403 5327 cum
3442 5269 3667 5325 dicimus
3694 5261 3823 5316 D-um

2297 5383 2396 5422 nec
2425 5381 2636 5438 passum
2666 5380 2766 5420 nec
2795 5375 3083 5430 mortuum,
3111 5365 3233 5435 quia
3263 5370 3345 5417 est
3373 5360 3591 5416 omnino
3621 5346 3825 5421 impaSSi‘

2299 5459 2440 5521 bilis,
2474 5474 2577 5513 non
2606 5457 2852 5512 formidet
2884 5455 3173 5527 Eutyches,
3205 5454 3327 5524 quia
3353 5449 3642 5507 secundum
3664 5446 3826 5498 natum

2302 5549 2678 5619 proprietatem
2725 5548 2971 5614 dicimus,
3025 5547 3298 5616 magisque
3344 5556 3442 5598 nec
3483 5553 3582 5594 nos
3620 5535 3825 5590 dicimus,

2303 5640 2395 5696 sed
2441 5639 2729 5708 Scriptura:
2776 5639 3082 5707 loquuntur.
3137 5636 3267 5690 Nam
3318 5631 3598 5687 Dominum
3654 5624 3826 5694 passm"

2301 5737 2526 5806 symbuli
2549 5745 2692 5790 tenet
2708 5735 3014 5797 auctoritas,
3031 5743 3086 5788 et
3108 5729 3392 5800 Apostolus
3415 5723 3626 5781 tradidit
3651 5717 3827 5772 dicens.

2303 5829 2361 5884 Si
2393 5830 2525 5882 enim
2569 5831 2936 5899 cognovissent,
2968 5841 3224 5894 nunquam
3255 5820 3525 5874 Dominum
3555 5810 3718 5886 gloria’
3741 5815 3813 5855 συ
