3990 6390
254 396 354 452 109

250 604 537 669 apostolica
570 606 918 661 nihilominus
944 610 1260 665 auctoritate
1289 611 1530 676 docetur,
1564 614 1725 667 Paulo
1754 619 1823 669 ita

245 692 310 745 ad
342 692 597 748 Ilebra’os
625 696 880 764 loquente
910 714 923 750 :
961 697 1095 761 Nam
1125 700 1291 765 'paulo
1327 702 1494 755 minus
1535 720 1685 772 quam
1731 723 1825 757 an-

245 784 386 851 gelo's
438 785 746 838 minoramm
801 788 1018 842 vidimus
1059 787 1235 843 Iesum
1291 802 1494 861 propter
1542 797 1824 863 passionem

246 876 469 934 mortis;
513 874 678 943 gloria
716 884 763 930 et
797 876 990 931 honore
1030 889 1327 933 coronatam
1355 891 1409 935 ut
1449 883 1557 936 sine
1594 881 1703 937 Deo
1730 899 1824 955 pro

245 963 479 1017 omnibus
508 973 736 1031 gustaret
764 975 972 1021 mortem
992 967 1177 1036 (Hebr.
1208 985 1264 1033 ll,
1293 970 1370 1039 9).
1394 972 1529 1038 Quid
1555 982 1639 1028 est.
1666 975 1823 1042 igitur

244 1051 363 1105 sine
393 1052 506 1106 Deo
533 1064 748 1123 gustare
783 1067 1030 1125 mortem,
1066 1060 1168 1113 nisi
1199 1062 1318 1130 quia
1345 1063 1573 1117 Verbum
1604 1065 1823 1120 immor-

245 1140 354 1194 tale
394 1151 498 1209 est,
542 1152 599 1199 et
640 1146 817 1214 passio
858 1148 1146 1203 secundum
1192 1166 1410 1206 carnem
1449 1156 1563 1208 est?
1594 1156 1731 1211 unde
1760 1166 1819 1211 et

244 1229 437 1286 Petrus
480 1237 753 1303 apostolus
794 1236 911 1293 ait:
943 1238 1143 1294 Christo
1185 1243 1353 1311 itaque
1395 1262 1546 1313 passo
1579 1248 1631 1300 in
1667 1264 1819 1303 carne

241 1321 299 1392 (I
331 1322 474 1377 Petr.
510 1341 581 1391 tv,
617 1325 692 1395 1).
733 1327 917 1384 Passio
942 1346 1070 1399 ergo
1098 1338 1310 1401 proprie
1348 1336 1413 1389 ad
1452 1350 1664 1392 carnem
1698 1356 1818 1407 per-

244 1414 379 1469 tinet
405 1415 697 1472 secundum
728 1429 993 1487 naturam,
1024 1422 1091 1474 ad
1127 1422 1354 1478 Verbum
1404 1435 1581 1481 autem
1625 1444 1817 1484 secun-

240 1504 369 1561 dum
414 1521 732 1576 personant;
762 1514 885 1578 quis
914 1521 971 1567 et
998 1514 1155 1569 Verbi
1189 1527 1244 1572 et
1286 1520 1463 1576 carnis
1490 1538 1592 1576 una
1620 1534 1703 1579 est
1727 1542 1816 1581 ea-

236 1595 475 1666 demque
502 1612 760 1667 persona,
789 1616 853 1657 ac
895 1618 991 1673 per
1028 1604 1129 1661 hoc
1166 1607 1307 1664 Datis
1343 1622 1401 1666 et
1438 1628 1621 1682 passus
1652 1629 1731 1672 est
1756 1629 1815 1673 et

247 1702 348 1743 non
374 1699 453 1744 est
481 1706 669 1760 passus
700 1712 713 1746 :
745 1710 932 1764 passus
958 1702 1249 1757 secundum
1272 1705 1520 1763 unionem
1548 1725 1811 1779 person,

246 1780 585 1849 impassibilis
613 1787 903 1842 secundum
932 1794 1305 1861 proprietatem
1336 1808 1558 1853 naturae.

1350 406 1622 465 CONTRA
1660 408 2121 470 EUTYCHETEM
2162 416 2287 470 LIB.
2329 416 2393 474 ll.

1892 466 1929 467 κγ
1958 466 2121 470 ,___._
2162 466 2286 470 __w-
2329 466 2393 474 --.
2710 466 2717 469 -
3412 466 3505 491 IIU

252 510 525 579 eiﬁrissent
558 509 612 582 (I
633 513 750 568 Cor.
783 526 840 581 tt,
870 516 954 586 8);
988 532 1196 571 rursum
1238 529 1340 573 tron
1374 523 1537 576 Deum
1585 538 1818 591 passum,
1854 530 1900 587 Α
1931 529 2231 595 utriusque;
2281 530 2373 584 sed
2413 533 2605 589 cedere
2645 538 2899 604 passioni,
2942 555 3049 596 non
3096 552 3177 597 est
3223 547 3505 616 utriusque

1930 626 2155 692 naturis,
2186 636 2304 675 cum
2334 625 2401 677 sit
2433 626 2587 679 unius
2616 628 2959 701 ejusdemque
2991 649 3251 701 persona}.

2003 709 2067 764 X.
2113 710 2235 766 Haec
2278 716 2429 770 multi
2477 717 2891 777 orthodoxorum
2936 726 3110 781 minus
3139 729 3499 794 attendentes.

1926 807 2016 850 aut
2043 800 2323 857 attendere
2349 806 2612 874 nolentes,
2647 812 2722 865 vel
2752 812 3057 870 discernere
3100 832 3203 871 non
3239 820 3497 889 valentes,

1928 888 1979 939 in
2020 888 2154 944 duas
2196 905 2316 947 sese
2360 905 2557 964 partes,
2601 916 2707 957 non
2735 903 3043 963 diversitate
3070 909 3368 973 sententiae,
3402 888 3499 967 sed

1926 980 2075 1034 vocis
2099 982 2429 1050 professione
2452 987 2774 1059 diviserunt;
2805 1006 2860 1050 ut
2886 997 2935 1050 id
2960 999 3097 1067 quod
3121 1000 3313 1055 eodem
3338 1002 3499 1056 modo

1923 1071 2179 1137 sentiunt,
2213 1075 2400 1130 eodem
2448 1080 2607 1135 modo
2652 1089 2995 1149 pronuntiare
3026 1088 3347 1146 formident:
3378 1093 3498 1145 inu-

1923 1160 2001 1213 tili
2050 1163 2291 1230 profecto
2334 1177 2495 1238 atque
2536 1176 2806 1242 superfluo
2856 1182 3067 1248 timore,
3108 1192 3165 1236 ut
3208 1183 3327 1253 jure
3364 1184 3493 1238 illud

1921 1255 2290 1323 propheticum
2321 1260 2406 1316 eis
2450 1265 2616 1331 possit
2644 1271 2810 1335 aptari
2846 1288 2858 1323 :
2891 1270 3009 1326 Illic
3034 1276 3405 1345 trepidatio-unt
3428 1284 3495 1329 ιζ-

1919 1362 2059 1401 more
2083 1350 2169 1403 ubi
2197 1368 2297 1405 non
2326 1364 2432 1407 erat
2457 1356 2609 1410 timor
2630 1358 2801 1429 (Psal.
2838 1379 2952 1431 xm,
2986 1367 3064 1435 5).
3091 1369 3219 1421 Nam
3254 1369 3493 1438 plerique

1919 1436 2203 1493 orthodoxi
2243 1456 2363 1497 cum
2416 1460 2631 1501 sensum
2677 1458 3018 1522 utrarumque
3054 1468 3360 1513 naturarum
3395 1473 3491 1513 ca-

1920 1527 2115 1585 tholice
2157 1545 2461 1602 exponant,
2503 1539 2765 1595 catholico
2806 1545 3098 1614 retineant;
3146 1549 3267 1605 ideo
3312 1561 3490 1607 tamen

1917 1608 2051 1674 duas
2077 1624 2268 1678 nolunt
2297 1626 2475 1684 dicere
2506 1642 2743 1701 naturas,
2774 1650 2841 1690 ne
2866 1640 3154 1693 secundum
3184 1642 3486 1699 Nestorium

1915 1709 2049 1765 duas
2078 1723 2326 1781 putentur
2367 1718 2520 1775 fateri
2554 1738 2838 1791 personas;
2867 1741 2896 1781 a
2926 1728 3260 1788 confessione
3286 1739 3485 1790 utrius-

1914 1816 2021 1868 que
2044 1814 2247 1861 natura;
2277 1824 2379 1865 non
2402 1813 2594 1881 corde,
2635 1816 2727 1871 sed
2770 1832 2898 1874 voce
2938 1826 3303 1880 tantummodo
3331 1843 3487 1884 rece-

302 1870 395 1924 lX.
448 1872 518 1929 Et
572 1885 631 1930 ut
697 1875 800 1932 hoc
862 1879 1033 1949 ipsum
1092 1884 1265 1941 adhuc
1321 1889 1651 1945 manifestius
1680 1894 1808 1948 ιλιι]-
1840 1890 2118 1951 Bdentes.
2153 1898 2393 1963 Quodam
2422 1901 2563 1957 enim
2593 1907 2813 1963 circuitu
2852 1914 3200 1979 expositionis
3242 1928 3481 1985 ututttur,

302 1970 342 1985 _,
428 1963 902 1985 -_,,A_,,__..h__
978 1973 1005 1985 ,.
1145 1974 1175 1985 ..
1419 1978 1431 1985 .
1684 1984 1703 1985 ί

223 1970 383 2027 treat,
424 1963 842 2023 evidentioribus
891 1973 1206 2029 testimoniis
1247 1978 1622 2046 approbamus.
1669 1984 1807 2039 Con-

227 2062 335 2107 stat
355 2053 636 2112 Dominum
651 2058 831 2115 Jesum
849 2063 1115 2121 Christum
1137 2078 1285 2123 sexta
1314 2072 1440 2125 feria
1468 2074 1798 2147 crucifixum,

213 2148 282 2195 et
343 2143 457 2211 ipsa
508 2147 598 2203 die
661 2150 727 2203 ad
786 2152 1051 2209 infernum
1106 2159 1485 2230 descendisse,
1548 2167 1658 2235 ipsa
1715 2143 1803 2226 de

222 2229 279 2284 in
309 2234 556 2302 sepulcro
578 2239 829 2307 jacuisse,
862 2243 974 2312 ipsa
1017 2246 1105 2302 die
1149 2250 1339 2306 latroni
1362 2229 1597 2311 dixisse:
1633 2258 1802 2316 Hodie

212 2339 422 2379 mecum
456 2330 555 2383 m's
596 2331 650 2385 in
690 2336 930 2401 paradiso
972 2337 1119 2408 (Luc.
1156 2357 1306 2409 χχιιι,
1338 2344 1450 2415 45).
1480 2346 1616 2404 Caro
1644 2351 1802 2420 igitur

210 2414 340 2483 ipsa
381 2418 469 2473 die
514 2435 622 2476 non
663 2423 762 2478 fuit
806 2428 859 2480 in
906 2432 1173 2498 paradiso,
1208 2449 1307 2489 nec
1350 2414 1415 2490 in
1443 2414 1687 2506 inferno:
1706 2446 1797 2497 sel

222 2507 494 2563 exanimis
515 2508 681 2577 jacuit
707 2513 761 2567 in
790 2518 1055 2583 sepulcro.
1081 2523 1266 2575 Anima
1291 2540 1389 2593 per
1418 2527 1543 2581 illud
1570 2532 1798 2588 triduum

221 2593 281 2648 in
313 2595 522 2651 inferno
550 2601 668 2665 fuit,
700 2618 804 2658 non
836 2604 888 2660 in
918 2611 1164 2677 sepulcro
1194 2630 1209 2668 :
1237 2624 1291 2669 et
1314 2616 1432 2684 jure
1464 2627 1640 2675 tamen
1672 2625 1802 2678 dici-

218 2700 345 2740 rnus
377 2688 655 2747 Dominum
685 2693 867 2751 Iesum
899 2698 1168 2756 Christum
1195 2707 1245 2758 in
1275 2710 1521 2776 sepulcro
1546 2712 1801 2781 iacuisse,

217 2777 319 2833 sed
368 2780 419 2833 in
463 2783 576 2837 sola
615 2799 810 2853 carne;
860 2790 1139 2847 Dominum
1170 2796 1350 2853 Jesum
1390 2802 1658 2859 Christum
1692 2823 1795 2863 non

214 2866 543 2941 derelictum
575 2875 626 2926 in
658 2874 886 2947 inferno,
916 2880 1013 2935 sed
1039 2882 1091 2936 in
1120 2888 1228 2938 sola
1259 2888 1454 2944 anima.
1502 2893 1562 2947 Et
1589 2910 1706 2949 cum
1742 2900 1792 2952 in

208 2958 299 3014 bis
328 2962 577 3018 omnibus
606 2963 866 3034 Christus,
901 2979 957 3025 et
984 2972 1035 3026 in
1068 2973 1145 3029 his
1176 2978 1395 3047 singulis
1422 2983 1667 3040 Christus
1698 2989 1789 3056 sit,

196 3064 348 3106 unus
376 3060 546 3108 tamen
578 3066 660 3111 est
689 3057 955 3128 Christus,
989 3066 1138 3134 cujus
1180 3068 1258 3123 sic
1298 3072 1439 3126 aliud
1474 3074 1573 3129 fuit
1613 3078 1662 3131 in
1706 3095 1791 3135 se-

204 3139 422 3206 pulcro,
469 3144 609 3198 aliud
658 3147 707 3200 in
754 3150 983 3219 inferno,
1011 3164 1066 3209 ut
1107 3166 1279 3213 tamen
1314 3162 1426 3228 ipse
1456 3181 1590 3219 unus
1630 3181 1784 3237 atque

1910 1994 1965 2038 ut
1987 1986 2120 2041 duas
2145 2003 2204 2043 se
2232 1994 2451 2049 credere
2480 1998 2782 2068 ostendant,
2813 2002 2907 2056 sed
2937 2003 3071 2056 duas
3110 2006 3252 2059 nttdo
3278 2023 3484 2063 sermo-

1906 2089 1976 2129 ne
2022 2091 2126 2131 non
2174 2086 2535 2148 pronuntiant.
2582 2089 2689 2159 22
2732 2090 2860 2144 Nam
2905 2107 3025 2147 cum
3062 2096 3277 2159 credant
3322 2109 3481 2169 atque

1904 2162 2167 2223 fateantur
2195 2185 2299 2226 non
2334 2173 2623 2244 hominem,
2654 2180 2747 2233 sed
2784 2180 3011 2237 V'erbum
3043 2184 3382 2245 descendisse
3409 2194 3478 2247 de

1903 2259 2061 2325 ctelo,
2096 2264 2447 2335 eumdemque
2476 2270 2555 2323 sic
2584 2269 2635 2323 in
2671 2270 2899 2342 Virginis
2935 2284 3088 2331 utero
3118 2278 3471 2346 incantatam,

1902 2348 1956 2404 id
1982 2356 2169 2408 estsic
2194 2369 2411 2413 carnem
2442 2365 2817 2432 assumpsisse,
2850 2380 2902 2420 ut
2945 2384 3051 2424 non
3089 2382 3379 2428 mutaretur
3420 2376 3471 2429 in

1900 2459 2146 2511 carnem;
2174 2451 2251 2504 sic
2271 2452 2504 2509 Verbum
2532 2456 2800 2513 hominem
2831 2460 3046 2527 factum,
3076 2472 3130 2517 ut
3154 2465 3292 2522 Deus
3315 2483 3474 2523 verus

1902 2549 2170 2603 maneret;
2202 2543 2281 2596 sic
2316 2552 2549 2600 nostram
2589 2552 2942 2619 assumpsisse
2986 2562 3247 2622 naturam,
3281 2567 3337 2611 ut
3367 2574 3471 2614 non

1902 2639 2131 2683 mutaret
2171 2647 2269 2687 nec
2303 2635 2558 2703 abjiceret
2602 2655 2751 2696 suam
2783 2644 2895 2697 :sic
2925 2644 3088 2700 Deum
3120 2647 3388 2706 hominem
3420 2669 3473 2706 et

1902 2717 2172 2777 hominem
2204 2725 2365 2780 Deum
2398 2729 2611 2798 factum,
2642 2746 2699 2787 ut
2726 2751 2827 2789 non
2860 2736 3022 2791 fuerit
3052 2749 3226 2796 tamen
3269 2754 3471 2798 utrum-

1897 2824 2001 2876 que
2024 2826 2397 2882 cousumptum
2432 2822 2592 2890 :quis
2623 2838 2727 2877 non
2776 2826 2943 2880 videat
2994 2828 3095 2882 hoc
3139 2846 3296 2884 sensu
3340 2833 3469 2887 duas

1894 2911 2079 2968 aperte
2108 2906 2270 2959 astrui
2302 2918 2461 2977 atque
2492 2911 2844 2969 demonstrari
2878 2918 3131 2972 naturas?
3158 2920 3308 2987 Quod
3340 2938 3467 2993 ergo

1895 3006 2019 3045 vera
2050 2994 2168 3049 ﬁdei
2196 3000 2529 3067 expositione
2552 3005 2816 3075 colligitur
2839 3018 2996 3078 atque
3021 3013 3181 3066 animi
3205 3020 3466 3070 sententia

1893 3084 2172 3151 retinetur,
2219 3106 2315 3144 cur
2358 3096 2631 3162 superfluo
2677 3098 2889 3167 timore,
2938 3104 3084 3158 vocis
3134 3108 3466 3174 professione

1892 3178 2135 3231 tacetur?
2166 3180 2365 3238 Rursus
2392 3186 2481 3239 alii
2523 3188 2768 3246 timentes
2819 3207 2883 3247 ne
2925 3196 3253 3264 Apollinaris
3276 3212 3329 3255 et
3358 3202 3465 3257 Eu-

1702 3230 1712 3237 _
2050 3230 2087 3231 ,,
2120 3230 2125 3231 ,
2166 3230 2365 3238 -__--__
2392 3230 2481 3239 .....
2524 3230 2768 3246 ...ιη-ιιι.)
2819 3230 2883 3247 μυ
2925 3230 3253 3264 ηγυιιιιιιιιιδ
3276 3230 3329 3255 τι
3358 3230 3459 3257 nu-

196 3236 351 3282 totns
376 3230 570 3300 ubique
602 3236 774 3301 fuerit,
806 3255 926 3295 cum
955 3249 1241 3312 separatim
1270 3265 1365 3319 per
1404 3251 1515 3307 loca
1548 3256 1643 3323 sei.
1666 3274 1781 3314 sum
1812 3241 1856 3304 (ἶ
1890 3268 2116 3336 tychctis
2151 3270 2337 3341 dogma
2388 3276 2679 3345 incurrant,
2726 3284 2913 3338 nolunt
2951 3286 3128 3343 dicere
3176 3287 3459 3349 Dominum

198 3320 594 3349 Αςρσιηηηαιυι-ἰι
652 3328 781 3349 l3---
826 3332 913 3349 λ’]
1066 3336 1103 3349 λ
1262 3341 1273 3349 ·
1382 3344 1393 3349 ‘
1518 3346 1529 3349 ‘

186 3320 617 3389 Adispensaverit.
652 3328 787 3399 Ergo
812 3332 1037 3389 dicimus
1065 3336 1229 3393 Deum
1254 3341 1484 3409 jawisse
1515 3346 1566 3400 in
1597 3320 1779 3419 sepul-

198 3424 323 3477 cro,
347 3414 440 3468 sed
471 3417 520 3469 in
545 3417 657 3473 sola
685 3435 881 3479 carne:
906 3435 961 3481 et
987 3427 1149 3483 Deum
1180 3431 1522 3492 descendisse
1544 3440 1595 3492 in
1621 3442 1781 3497 infer-

198 3522 359 3572 num,
400 3511 493 3565 sed
542 3510 595 3567 in
641 3516 756 3569 sola
792 3519 987 3574 anima.
1035 3522 1203 3594 Sicuti
1243 3526 1468 3586 dicimus
1512 3535 1776 3590 hominem

195 3596 420 3653 audisse
445 3613 649 3665 vocem.
683 3606 776 3660 sed
807 3609 935 3663 solis
957 3611 1179 3669 auribus
1206 3634 1219 3681 ;
1254 3621 1356 3689 21
1387 3630 1441 3674 et
1466 3622 1663 3679 vidisse
1696 3628 1779 3681 lu-

193 3701 345 3753 men,
387 3690 481 3745 sed
525 3693 657 3748 solis
686 3698 853 3752 mulis
884 3716 899 3753 :
927 3701 1003 3756 sic
1048 3704 1273 3762 dicimus
1323 3710 1485 3765 Deum
1536 3730 1772 3785 passum,

188 3779 292 3834 sed
326 3781 377 3835 in
407 3784 519 3838 sola
543 3800 733 3852 carne;
765 3797 819 3844 et
855 3792 1015 3848 Deum
1057 3812 1160 3850 non
1196 3814 1426 3869 passum,
1460 3806 1552 3859 sed
1578 3806 1628 3861 iu
1659 3811 1771 3865 sola

188 3870 496 3930 divinitate.
531 3875 603 3931 Ae
646 3894 740 3947 per
780 3881 901 3947 hoc,
934 3885 1054 3953 quia
1086 3898 1138 3941 et
1180 3890 1314 3944 Deus
1345 3909 1478 3949 unus
1513 3906 1595 3951 est
1621 3897 1774 3955 ΟΙιΓῘο

186 3971 330 4025 stus,
358 3972 410 4017 et
440 3979 630 4032 passus
657 3979 736 4024 est
781 3974 1069 4031 secundum
1112 3979 1163 4033 id
1208 3983 1347 4051 quod
1391 3986 1549 4041 homo
1587 4000 1686 4056 est,
1718 4004 1771 4047 et

186 4054 538 4119 itnpassibilis
562 4061 753 4115 mansit
774 4066 1062 4121 secundum
1086 4068 1137 4121 id
1159 4074 1299 4139 quod
1333 4074 1471 4147 [lens
1492 4086 1590 4132 est.
1616 4054 1763 4147 om

180 4143 341 4198 brevi
373 4161 622 4202 sermone
647 4153 978 4209 concludam.
1003 4159 1193 4213 Passus
1222 4173 1304 4217 est
1326 4143 1463 4220 fetis
1493 4170 1541 4221 in
1570 4174 1765 4228 unione

182 4248 458 4301 personae,
494 4253 596 4291 non
628 4250 709 4294 est
738 4257 925 4310 passus
964 4248 1016 4300 in
1062 4253 1387 4317 proprietate
1424 4263 1645 4316 naturae.
1678 4263 1763 4316 Si-

176 4326 403 4395 quidem
453 4330 715 4395 passionis
763 4334 983 4403 injurias
1026 4340 1185 4393 etiam
1227 4342 1483 4401 divinitas
1527 4353 1762 4418 pertulit,

171 4420 275 4475 sed
308 4423 615 4489 passionem
645 4427 756 4483 sola
789 4430 906 4498 ejus
940 4445 1069 4486 caro
1110 4439 1390 4503 persensit.
1434 4440 1603 4498 Sicuti
1636 4448 1765 4501 solis

1888 3373 2100 3426 passum
2145 3373 2203 3418 et
2251 3376 2541 3434 mortuum,
2582 3387 2701 3425 cum
2744 3390 2904 3429 unam
2944 3378 3059 3448 ejus
3086 3384 3310 3439 credant
3339 3402 3461 3441 esse

1887 3464 2191 3518 personam,
2233 3466 2281 3509 et
2328 3457 2469 3514 hunc
2505 3463 2861 3534 eutndemque
2904 3468 3067 3524 Deum
3115 3473 3378 3530 fateantur
3406 3489 3462 3532 ct

1887 3539 2181 3597 hominem.
2206 3545 2259 3598 Si
2281 3561 2412 3615 ergo
2441 3565 2576 3604 unus
2603 3563 2683 3606 est
2710 3556 2865 3609 sicuti
2896 3566 2996 3622 est,
3018 3576 3117 3614 cur
3136 3577 3261 3616 eum
3287 3568 3458 3619 formi-

1883 3630 1976 3682 das
2008 3632 2186 3688 dicere
2220 3651 2452 3703 passum,
2478 3656 2634 3710 quem
2666 3660 2770 3699 non
2800 3646 3049 3703 formidas
3070 3652 3137 3705 dit
3159 3669 3248 3709 ere
3274 3673 3455 3723 unum,

1884 3737 1980 3777 nec
2009 3724 2172 3779 audes
2202 3726 2377 3783 dicere
2405 3734 2625 3787 alterum
2654 3738 2944 3794 secundum
2975 3740 3201 3799 Nestori
3236 3747 3454 3815 impium

1878 3819 2131 3870 sensum?
2158 3822 2293 3875 Ecce
2320 3833 2446 3878 sunt
2476 3828 2693 3883 timores
2722 3831 3015 3888 inanissimi
3046 3846 3100 3891 ct
3137 3840 3451 3898 sollicitudi-

1877 3922 1969 3962 nes
2001 3925 2168 3976 vatne,
2193 3930 2308 3982 qua!
2338 3916 2579 3974 fecerunt
2604 3924 2928 3980 orthodoxos
2954 3927 3323 3987 hcereticortnn
3348 3938 3447 3989 sibi

1875 4001 2087 4053 nomina
2118 4004 2434 4073 impingere,
2457 4008 2581 4063 dum
2612 4028 2739 4066 voce
2767 4014 3007 4084 depromi
3036 4022 3276 4075 calca'ur
3311 4028 3448 4093 quod

1875 4094 2181 4158 expressius
2222 4097 2383 4151 corde
2427 4100 2703 4156 clamatur.
2743 4105 2841 4171 Qui
2891 4108 3030 4162 enim
3072 4112 3254 4164 volunt
3291 4131 3447 4169 unam

1875 4194 1970 4232 ore
1992 4180 2141 4235 fateri
2168 4198 2445 4251 personam
2466 4203 2621 4253 quam
2641 4190 2759 4245 fidei
2783 4195 3115 4261 expositione
3137 4199 3445 4267 defendunt,

1876 4271 2289 4341 Eutycltianistaz
2316 4288 2587 4347 putantur,
2612 4297 2733 4336 cum
2767 4301 2869 4338 non
2901 4288 3026 4342 sint.
3054 4289 3182 4345 ltcm
3206 4296 3291 4362 qui
3314 4296 3445 4352 duas

1873 4364 2030 4416 unius
2057 4364 2254 4421 Christi
2272 4378 2504 4424 .naturas
2532 4374 2741 4441 publice
2777 4378 3111 4450 profitentur,
3141 4383 3439 4443 Nestoriani

3406 438 3508 491 tto
3592 516 3595 519 Α

1870 4464 2121 4523 putantur
2144 4472 2281 4523 esse,
2315 4474 2432 4514 cum
2461 4477 2565 4517 non
2605 4464 2732 4520 sint.
2764 4467 2831 4521 Et
2858 4471 3036 4528 videas
3065 4489 3157 4530 eos
3187 4472 3435 4537 luctansit

1864 4545 2179 4613 quihusdam
2211 4559 2265 4605 et
2300 4552 2443 4606 omni
2470 4553 2849 4615 lamentatione
2879 4562 3053 4632 dignis
3085 4566 3441 4624 insultationi

1862 4634 1982 4698 bus,
2018 4636 2387 4695 hazreticorum
2422 4646 2639 4699 nomine
2672 4662 2730 4701 se
2772 4650 2996 4706 invicem
3028 4668 3301 4714 accusare.
3336 4661 3427 4729 Tu,

1862 4726 2057 4794 inquit,
2090 4728 2485 4801 Eutychianista
2517 4751 2597 4800 es,
2631 4748 2683 4791 et
2713 4749 2763 4792 tu
2795 4740 3142 4801 Nestorianus
3169 4764 3227 4803 es
3260 4765 3273 4803 :
3308 4765 3429 4820 apo-

1856 4818 2061 4872 stoliczc
2105 4823 2382 4876 sententia:
2431 4825 2480 4876 in
2530 4836 2692 4880 totum
2737 4830 2906 4899 obliti,
2934 4832 3212 4892 dicentis:
3255 4818 3427 4897 Videte

1855 4922 1917 4959 ne
1935 4923 2049 4960 cum
2072 4910 2277 4963 invicem
2297 4915 2565 4982 accusatis,
2588 4917 2650 4969 ab
2675 4919 2881 4974 inuicem
2905 4931 3269 4982 consumamini
3287 4929 3425 5001 (Cal.

1855 5014 1907 5066 v,
1952 4999 2056 5067 15).
2106 5001 2252 5072 Rogo
2293 5020 2406 5070 vos,
2441 5022 2559 5061 cum
2605 5026 2763 5066 sensu
2809 5016 3102 5073 incolumes
3145 5022 3285 5091 sitis,
3335 5041 3421 5081 ettt

1855 5092 2073 5145 vocibus
2102 5093 2376 5148 insanitis?
2405 5112 2500 5151 cur
2532 5115 2782 5167 perverso
2806 5110 2951 5161 vocis
2990 5110 3177 5167 timore
3208 5118 3423 5181 erratis,

1852 5180 1941 5247 qui
1966 5189 2110 5234 recta
2142 5186 2337 5239 mentis
2372 5187 2677 5254 stabilitate,
2712 5194 2831 5247 fidei
2875 5197 3204 5264 professione
3244 5207 3423 5257 consi-

1850 5274 2024 5329 stitis?
2049 5272 2155 5329 Cur
2183 5278 2374 5333 metuis
2398 5279 2532 5335 duas
2560 5283 2738 5339 dicere
2768 5298 3001 5355 notatas,
3041 5308 3161 5346 cum
3194 5298 3418 5363 Aposto-

1850 5364 1934 5420 lus
1963 5381 2067 5419 non
2102 5366 2466 5425 formidavetit
2500 5372 2629 5428 duas
2663 5375 2841 5432 dicere
2874 5379 3097 5446 formas,
3133 5398 3287 5436 unam
3316 5400 3417 5453 qua

1850 5454 1989 5510 Deus
2016 5466 2120 5523 est,
2145 5460 2364 5515 alteram
2389 5478 2487 5530 qua
2514 5463 2653 5520 idem
2684 5467 2824 5522 Deus
2853 5469 3011 5525 homo
3041 5473 3155 5525 est?
3181 5472 3288 5526 Cur
3313 5476 3414 5528 for-

1848 5546 2017 5600 midas
2047 5547 2177 5602 duas
2200 5549 2380 5606 dicere
2411 5564 2645 5621 naturas,
2673 5557 2812 5624 quod
2836 5560 3155 5614 Athanas'us
3176 5565 3411 5619 ontnium

1845 5635 2330 5695 ecclesiasticarum
2370 5642 2604 5708 virorum
2650 5645 2850 5713 judicio
2890 5648 3293 5717 probatissimus
3332 5657 3406 5709 di-

1842 5727 1953 5781 xit?
1986 5727 2040 5782 in
2072 5744 2171 5799 qua
2204 5730 2322 5786 fidei
2364 5734 2697 5803 professione
2743 5739 2920 5792 cuncti
2969 5738 3164 5797 Graeca:
3212 5744 3405 5816 lingua:

1842 5827 2180 5888 tractatores,
2226 5823 2366 5891 quod
2414 5824 2687 5892 superiore
2733 5824 2913 5886 libello
2962 5838 3402 5902 commemoravi;

175 4510 409 4578 radium,
431 4514 514 4568 vel
537 4515 763 4574 flamma:
784 4525 1167 4591 corpulentiam
1193 4540 1335 4585 recte
1357 4532 1581 4588 dicimus
1604 4554 1758 4605 posse

173 4601 395 4669 quidem
440 4606 617 4674 gladio
659 4612 852 4679 secari,
888 4629 989 4667 non
1037 4630 1192 4683 posse
1226 4628 1398 4676 tamen
1430 4626 1605 4681 dirimi
1637 4648 1651 4683 :
1685 4630 1752 4685 ita

174 4690 411 4746 Verbum
436 4694 527 4749 Dei
547 4697 666 4765 jure
687 4700 911 4756 dicimus
934 4705 1194 4772 passionis
1211 4708 1431 4779 injurias
1448 4719 1747 4785 pertuli-so,

172 4796 277 4835 non
332 4790 505 4839 tamen
554 4790 854 4856 passionem
902 4794 1008 4849 ullo
1056 4801 1216 4854 modo
1260 4805 1514 4861 sensiSse.
1571 4810 1745 4866 Dicam

170 4872 347 4926 adhuc
378 4874 729 4934 manifestius.
762 4881 979 4939 Confira
1024 4897 1105 4942 est
1144 4889 1391 4947 divinitas
1422 4896 1616 4963 clavis;
1650 4903 1745 4956 sed

171 4962 282 5029 ipsa
329 4968 596 5030 penetrari
640 4986 742 5024 non
790 4967 993 5043 potuit,
1036 4977 1173 5033 sicut
1214 4994 1339 5035 caro
1378 4985 1493 5052 ejus
1537 4992 1739 5059 potuit,

168 5053 432 5122 siquidem
466 5059 666 5114 vulneri
700 5062 873 5119 locum
902 5081 1032 5123 caro
1058 5074 1314 5139 patefacta
1347 5080 1555 5144 aperuit
1582 5100 1591 5132 :
1625 5100 1744 5138 nam

168 5144 341 5199 duitas
378 5148 717 5208 indivisihilis
762 5167 921 5226 atque
963 5161 1386 5231 impenetrabilis
1427 5177 1638 5230 mansit.
1674 5180 1745 5234 lta

167 5250 288 5304 ergo
340 5241 679 5310 suscipiendo
715 5249 1010 5320 passiones,
1044 5266 1095 5309 et
1122 5272 1306 5314 earum
1357 5279 1461 5317 non
1508 5268 1745 5326 cedendo

167 5325 463 5394 effectibus,
494 5345 713 5402 apparet
742 5338 907 5393 Deum
938 5341 1167 5399 Verbum
1202 5348 1598 5419 impassibiliter
1628 5375 1744 5426 pas-

165 5432 294 5472 sum.
331 5419 435 5474 Sed
466 5425 588 5492 quia
616 5441 741 5482 caro
771 5429 886 5499 ejus
923 5432 1034 5488 haec
1065 5438 1242 5493 omnia
1274 5456 1379 5495 non
1417 5445 1587 5500 solum
1620 5463 1741 5517 per-

167 5507 299 5573 tulit,
334 5510 429 5565 sed
456 5524 508 5567 et
535 5519 723 5585 sensit,
750 5530 803 5574 et
828 5525 1019 5591 cessit;
1044 5530 1235 5584 merito
1263 5546 1324 5586 ac
1346 5533 1465 5601 jure
1492 5537 1738 5610 dicimus,

170 5595 332 5652 Deum
363 5598 445 5656 bis
466 5608 713 5663 omnibus
744 5614 1051 5680 passionum
1080 5622 1480 5681 conditionibus
1515 5633 1739 5687 sensibi-

164 5687 283 5741 liter
304 5693 554 5751 affectum
591 5701 641 5754 in
672 5715 831 5759 carne
862 5721 977 5774 sua,
1004 5709 1118 5765 sine
1143 5727 1301 5769 sensu
1334 5718 1416 5771 vel
1448 5724 1736 5781 mutatione

160 5781 447 5844 divinitatis
475 5805 603 5847 sum.
632 5792 770 5866 Ergo
798 5799 1036 5867 perferre
1064 5807 1393 5876 passionem,
1425 5819 1624 5869 natura:
1651 5827 1735 5872 est
