3990 6390
532 412 593 466 fl
606 411 629 464 l

1852 397 2070 456 VIGlLIl
2108 397 2119 451 Ἴ

2223 392 2479 453 ’SENSIS
3696 398 3787 453 .ιι

531 521 634 591 23
657 526 711 574 et
730 531 916 572 omnes
946 514 1120 570 Latini
1156 511 1421 569 sermonis
1459 508 1743 583 apostolici
1773 510 1891 576 viri,
1923 511 1975 567 id
2006 519 2105 575 est.
2137 512 2188 573 Α
2215 508 2441 563 sentire.
2463 504 2596 572 Quia
2618 502 2745 559 nihil
2764 502 2981 573 prodest
2998 502 3163 560 corde
3181 472 3404 562 credere
3421 503 3488 560 ad
3505 504 3782 577 just'tiani,

530 611 784 671 llilarius,
814 606 1091 669 Eusebius,
1123 604 1462 668 Ambrosius,
1490 602 1819 672 Augustinus
1844 610 1893 655 et
1924 602 2109 655 lliero-

530 715 721 770 nymus
746 696 1053 754 coelestibus
1081 694 1271 750 imbuti
1297 693 1576 754 doctrinis,
1608 693 1768 745 simul
1806 692 2111 760 pariterque

531 791 889 845 consentiunt.
919 787 982 841 Et
1002 794 1079 852 tu,
1105 798 1268 854 quare
1295 784 1449 838 times
1467 783 1636 837 Deum
1662 781 1846 836 dicere
1878 793 2108 845 passum,

529 896 650 935 cum
684 880 783 933 hoc
824 879 1019 945 ubique
1060 874 1353 945 apostolica
1399 875 1663 943 prmcouia
1704 869 2111 927 contestcntur?

532 970 851 1039 Perpendite
886 977 940 1023 et
980 965 1143 1021 libelli
1188 965 1344 1033 hujus
1388 965 1800 1033 expositionem,
1847 972 1900 1017 et
1944 960 2110 1015 nolite

531 1071 771 1118 metuere
813 1074 908 1115 ore
949 1056 1191 1113 conliteri
1235 1054 1380 1124 quod
1436 1069 1532 1110 vos
1574 1056 1779 1109 clarum
1837 1062 1919 1106 est
1958 1049 2122 1106 corde

2216 599 2320 653 nisi
2350 608 2401 654 et
2430 612 2526 653 ore
2551 595 2821 651 confessio
2850 595 2942 649 flat
2965 596 3032 650 ad
3056 596 3305 652 salutem.
3341 596 3493 652 Unde
3524 598 3784 667 PrOpheta

2216 689 2326 743 ait:
2357 689 2617 743 Justitiam
2642 697 2781 740 tuam
2810 703 2912 740 non
2933 689 3173 742 abscondi
3199 691 3251 741 in
3277 690 3429 743 corde
3455 706 3564 744 mea
3593 706 3613 742 :
3645 690 3784 743 Veri-

2220 790 2372 834 tatem
2402 790 2541 833 tuam
2572 790 2618 831 et
2646 777 2876 831 salutare
2910 787 3054 832 tuum
3083 779 3191 832 dixi
3220 766 3397 845 (Rom.
3427 796 3481 846 ι,
3517 780 3611 844 1ος
3645 779 3782 836 Psal.

2214 884 2398 931 suis,
2425 867 2534 934 ll).
2560 866 2817 920 Fatemini
2842 867 3005 936 igitur
3028 876 3082 921 et
3106 883 3201 922 ore
3227 870 3366 937 quod
3394 870 3553 923 corde
3574 872 3782 934 tenetis,

2224 968 2284 1012 ut
2310 958 2490 1012 divina
2524 957 2825 1013 humanitas
2850 966 2906 1011 et
2938 956 3168 1012 humana
3197 958 3447 1015 divinitas
3474 961 3783 1031 propitietur

2222 1049 2395 1105 vobis.

543 1185 3766 1219 ______________________—___._______________

1507 1274 1984 1379 LIBER
2070 1268 2795 1375 TERTIUS.

602 1443 642 1495 1.
683 1440 942 1509 Quoniam
987 1436 1315 1509 Eutychiana
1359 1432 1577 1488 haeresis
1627 1434 1679 1486 in
1734 1432 1784 1485 id
1830 1430 2113 1500 impietatis

531 1533 777 1602 prolapsa
802 1538 882 1584 est
906 1540 961 1583 ut
985 1544 1089 1583 non
1122 1526 1294 1581 solum
1320 1522 1482 1577 Verbi
1520 1532 1576 1578 et
1602 1522 1780 1575 carnis
1810 1534 1966 1575 unam
1994 1534 2112 1575 cre-

531 1623 620 1676 dat
645 1635 764 1675 esse
794 1631 1058 1683 naturam,
1081 1633 1261 1672 verum
1289 1615 1447 1671 etiam
1468 1616 1604 1670 hanc
1626 1613 1867 1670 eamdem
1892 1628 2107 1668 carnem

533 1726 638 1763 non
679 1710 747 1763 de
789 1723 945 1762 sacro
990 1707 1167 1762 Maria:
1216 1706 1448 1774 Virginis
1491 1721 1716 1775 corpore
1758 1712 2109 1775 assumptum,

532 1801 625 1856 sed
651 1800 719 1855 de
745 1799 883 1853 coelo
910 1798 1067 1861 dicat,
1096 1798 1247 1866 juxta
1277 1796 1546 1850 infandum
1586 1794 1845 1849 Valentini
1872 1804 1927 1849 et
1968 1794 2111 1849 Mar-

535 1892 706 1946 cionis
752 1903 985 1943 errorem
1011 1928 1028 1953 ,
1072 1888 1234 1941 fuisse
1280 1885 1561 1940 deductam
1599 1900 1612 1938 :
1655 1885 1724 1937 ita
1771 1881 2115 1952 pertinaciter

534 1982 767 2036 Verbum
798 1995 1010 2035 carnem
1035 1993 1286 2034 asserens
1337 1979 1556 2045 factum,
1601 1987 1660 2031 ιιι
1690 1992 1785 2045 per
1812 1976 2111 2046 Virginem,

536 2086 600 2126 ac
629 2072 671 2125 si
699 2085 835 2139 aqua
867 2085 960 2139 per
1007 2069 1237 2122 fistulam
1283 2070 1536 2122 transisse
1572 2065 1857 2130 videatur;
1899 2080 2006 2119 non
2038 2076 2115 2118 ta-

538 2175 659 2213 men
690 2168 743 2212 ut
778 2160 842 2213 de
874 2157 1089 2226 Virgine
1118 2155 1338 2224 aliquid,
1381 2154 1521 2224 quod
1568 2154 1734 2207 nostri
1774 2153 1842 2206 sit
1882 2154 2112 2222 generis,

542 2249 898 2318 assumpsisse
948 2245 1243 2310 credatur;
1292 2245 1550 2314 optimum
1600 2244 1726 2296 duxi
1776 2244 1937 2296 etiam
1979 2242 2117 2295 hanc

542 2338 832 2408 impietatis
861 2345 1067 2406 partem
1107 2334 1349 2391 veritatis
1386 2334 1682 2391 assertione
1721 2332 2028 2396 destrueie,
2062 2342 2117 2386 et

540 2442 755 2485 omnem
785 2428 1199 2499 tetridogmatis
1235 2428 1548 2484 nebulosam
1589 2428 1867 2495 caliginem
1907 2426 2116 2498 penitus

539 2516 817 2588 dissipare.
851 2516 1078 2573 Maxime
1102 2518 1243 2589 quod
1271 2518 1496 2572 multum
1519 2517 1584 2572 ad
1611 2518 1883 2588 utriusque
1911 2528 2114 2573 natura:

535 2607 889 2663 confessionis
936 2608 1218 2663 veritatem
1270 2607 1530 2678 proficiat,
1577 2608 1777 2664 divinis
1816 2611 2115 2681 approbare

537 2697 1102 2765 testimoniis,_Filium
1137 2698 1231 2754 Dei
1256 2696 1549 2753 humanum
1577 2712 1773 2769 corpus
1793 2699 1860 2755 de
1890 2702 2114 2772 Virginis

536 2801 699 2841 carne
724 2787 1039 2855 sumpsisse.

610 2876 671 2928 ll.
707 2875 848 2943 Ergo
887 2876 1009 2943 quia
1042 2873 1129 2928 isti
1160 2873 1454 2929 secundum
1507 2877 1791 2932 rectiorem
1840 2876 2115 2933 catholicze

542 2963 662 3017 fidei
696 2962 985 3029 tramitem,
1011 2971 1066 3017 et
1096 2962 1296 3018 Nicteni
1339 2967 1709 3020 auctoritatem
1755 2970 1992 3034 concilii,
2035 2969 2115 3023 fa-

538 3062 716 3107 tentur
743 3051 937 3106 Filium
970 3052 1082 3118 Dei,
1114 3068 1218 3105 non
1264 3054 1623 3122 extrinsecus,
1672 3071 1774 3110 non
1826 3072 1891 3111 ex
1920 3057 2113 3124 nihilo,

538 3142 633 3197 sed
656 3157 720 3196 ex
750 3142 905 3196 Patre
929 3143 1187 3211 genitum,
1228 3150 1282 3196 et
1320 3141 1427 3213 24
1465 3143 1726 3213 ejusdem,
1770 3147 1919 3213 cujus
1961 3144 2116 3201 Pater

541 3244 646 3295 εει,
668 3246 788 3285 esse
818 3240 1049 3296 naturae;
1092 3241 1149 3284 ut
1184 3234 1382 3285 veritas
1409 3236 1769 3302 generationis
1811 3239 1862 3290 in
1886 3252 1951 3291 eo
1980 3252 2114 3306 pra:-

540 3321 697 3388 cipue
735 3329 1108 3390 cognoscatur,
1150 3321 1193 3375 si
1241 3323 1293 3375 in
1325 3322 1456 3377 Filio
1490 3335 1723 3393 paterna:
1754 3337 1959 3383 natura:
1990 3345 2115 3399 pro-

543 3418 740 3482 prietas
775 3430 877 3469 non
901 3423 1142 3486 negatur,
1166 3415 1485 3473 admonendi
1514 3430 1639 3475 sunt
1664 3424 1953 3479 secundum
1980 3426 2116 3483 hanc

542 3504 898 3561 confessionis
923 3506 1179 3576 regulam,
1224 3506 1364 3562 hunc
1395 3509 1639 3564 eumdem
1671 3511 1863 3567 Filium
1905 3515 1971 3570 de
2002 3517 2120 3571 Vir-

542 3596 666 3663 gine
694 3605 898 3662 natum,
949 3597 1189 3665 ejusdem
1234 3599 1481 3669 profecto
1527 3602 1759 3672 Virginis
1796 3607 1974 3662 carnis
2026 3608 2120 3663 ha-

548 3688 725 3743 buisse
756 3701 1020 3744 naturam.
1044 3690 1152 3745 Nec
1182 3691 1304 3746 hinc
1334 3709 1427 3747 eos
1451 3694 1646 3749 Ariana
1675 3698 1896 3752 haeresis
1922 3700 2121 3756 insolu-

546 3780 643 3835 bili
669 3782 982 3849 quzcstionis
1028 3783 1218 3851 laqueo
1261 3786 1489 3838 retineat
1522 3786 1808 3856 obligatos,
1841 3790 1931 3844 tali
1974 3791 2123 3861 obje-

544 3873 736 3926 ctionis
789 3873 1101 3944 syllogismo
1159 3875 1440 3929 utens:Si
1490 3876 1657 3930 Filius
1714 3878 1805 3933 Dei
1856 3889 2011 3935 natus
2056 3897 2121 3938 ex

549 3963 767 4018 homine
796 3973 988 4027 matre,
1022 3963 1149 4016 nihil
1172 3978 1239 4018 ex
1258 3978 1317 4017 ea
1343 3963 1525 4018 habuit
1549 3966 1688 4034 quod
1716 3966 1962 4023 humanae
1983 3982 2124 4027 esset

550 4063 783 4119 naturae;
818 4053 935 4109 sine
965 4052 1147 4117 dubio,
1178 4061 1338 4109 natus
1358 4069 1420 4109 ex
1453 4055 1629 4122 Patre,
1667 4056 1798 4111 nihil
1837 4072 1903 4112 ex
1936 4073 2000 4114 eo
2031 4061 2123 4116 ha-

549 4142 667 4196 buit
687 4142 827 4212 quod
858 4141 1093 4211 ejusdem
1125 4144 1293 4212 possit
1319 4159 1437 4199 esse
1463 4154 1684 4201 naturae;
1712 4147 1847 4214 Quia
1881 4146 1927 4202 si
1973 4164 2120 4218 vere,

548 4233 742 4304 inquit,
771 4235 1010 4289 asseritis
1059 4234 1247 4289 Filium
1280 4245 1459 4290 natum
1496 4237 1564 4293 de
1610 4238 1841 4309 Virgine,
1882 4249 2124 4296 naturam

551 4324 780 4379 materni
826 4325 1065 4391 corporis
1112 4341 1215 4379 non
1257 4327 1529 4393 habuisse,
1572 4332 1854 4387 concedite
1895 4342 1952 4388 et
1996 4335 2124 4388 mihi

544 4413 669 4479 pari
708 4411 1014 4466 conditione
1058 4412 1274 4477 fatenti,
1322 4417 1568 4470 eumdem
1606 4418 1796 4473 Filium
1838 4432 2018 4476 natum
2061 4425 2128 4479 de

558 4501 716 4559 Patre
746 4508 989 4554 naturam
1018 4500 1191 4555 Patris
1212 4502 1408 4557 habere
1435 4520 1538 4557 non
1570 4520 1743 4573 posse.

626 4591 766 4659 Quid
790 4591 971 4659 igitur,
1002 4607 1034 4644 ο
1060 4591 1495 4662 Eutychianistae,
1523 4594 1832 4651 submittitis
1863 4607 1967 4653 tam
1996 4600 2125 4652 vali-

560 4682 642 4737 dis
680 4680 1066 4753 objectionibus
1117 4681 1351 4750 perfidiae
1409 4682 1578 4748 colla;
1622 4695 1676 4738 et
1729 4685 1795 4739 de
1848 4688 2125 4744 mendacio

562 4770 800 4825 transitis
822 4770 888 4824 ad
920 4770 1275 4835 mendacium,
1311 4781 1363 4824 ιιι
1403 4770 1670 4827 fateamini
1705 4774 1896 4830 Filium
1933 4792 1999 4832 ex
2030 4778 2129 4833 Pa-

560 4876 643 4919 tre
662 4863 927 4935 genitum,
978 4872 1213 4934 paterna:
1250 4865 1540 4922 divinitatis
1581 4878 1848 4926 extorrem
1890 4887 2009 4929 esse
2036 4891 2129 4929 na-

561 4965 724 5020 turte;
752 4952 893 5009 sicut
915 4954 1149 5011 fatemini
1173 4955 1416 5009 eumdem
1448 4956 1641 5012 Filium
1675 4960 1741 5015 de
1771 4971 1937 5018 matre
1981 4965 2130 5033 geni-

562 5053 697 5112 tum,
741 5044 990 5108 materni,
1020 5042 1069 5096 id
1099 5050 1183 5097 est
1218 5043 1431 5098 humani
1471 5049 1713 5115 corporis
1753 5060 1994 5107 naturam
2023 5069 2129 5109 non

558 5134 856 5189 habuisse?
881 5134 986 5189 Cur
1010 5148 1118 5189 non
1145 5137 1311 5205 magis
1331 5136 1373 5189 si
1404 5137 1600 5205 aliquid
1625 5143 1897 5208 sapientia:
1924 5146 2130 5215 geritis,

555 5224 633 5278 de
661 5224 885 5278 veritate
914 5222 1243 5278 mendacium
1274 5224 1585 5292 destruitis;
1613 5237 1689 5293 ut,
1718 5232 1853 5285 sicut
1890 5235 2133 5298 creditis,

561 5320 619 5366 et
642 5327 767 5367 vere
797 5313 1035 5377 Creditis,
1055 5312 1244 5367 Filium
1260 5328 1325 5369 ex
1349 5314 1503 5369 Patre
1528 5316 1642 5371 sine
1666 5327 1904 5387 tempore
1927 5332 2131 5392 natum,

564 5400 738 5455 Patris
764 5401 962 5457 habere
991 5409 1265 5465 naturam,
1296 5403 1366 5456 ita
1395 5403 1623 5457 credatis
1653 5408 1899 5461 eumdem
1926 5425 1992 5463 ex
2024 5427 2137 5466 ma-

567 5503 644 5543 tre
667 5490 782 5544 sine
812 5492 1018 5545 semine
1045 5500 1247 5556 natum,
1278 5490 1492 5545 humani
1523 5496 1763 5564 corporis
1800 5495 1999 5553 habere
2046 5513 2139 5554 na-

569 5580 778 5631 mmm?

642 5664 727 5717 111.
745 5666 877 5733 Quid
900 5669 1040 5723 enim
1062 5668 1284 5738 angelus
1308 5668 1373 5722 ad
1406 5667 1619 5725 Mariam
1641 5672 1847 5732 locutus
1871 5680 1988 5735 est?
2009 5680 2138 5750 Spi—

573 5767 700 5809 ritus
726 5764 946 5827 sanctus,
978 5760 1165 5830 inquit,
1190 5759 1499 5842 supqveniet
1522 5761 1575 5814 in
1608 5772 1672 5831 te,
1709 5773 1757 5818 et
1791 5767 1949 5823 virtus
1980 5771 2143 5827 Altis-

2152 4542 2207 4604 D

2221 1428 2338 1481 simi
2360 1428 2673 1481 obumbrabit
2698 1429 2787 1482 tibi
2811 1443 2829 1481 :
2850 1429 3059 1495 ideoque
3082 1432 3216 1498 quod
3245 1440 3477 1485 nascetur
3504 1448 3571 1486 ea:
3596 1442 3645 1487 te
3666 1449 3780 1487 san-

2213 1527 2349 1570 ctum
2380 1518 2638 1571 vocabitur
2674 1516 2838 1571 Filius
2864 1518 2954 1572 Dei
2984 1520 3134 1589 (Luc.
3163 1536 3201 1587 ι,
3232 1521 3343 1593 55).
3373 1523 3485 1577 Νοιι
3510 1524 3610 1588 ait,
3655 1525 3779 1590 quod

2214 1620 2447 1662 nascetur
2474 1626 2561 1677 per
2586 1620 2653 1675 te,
2686 1621 2735 1661 ut
2765 1610 2911 1679 quasi
2937 1612 3134 1665 nudutn
3156 1613 3436 1681 quemdam
3456 1613 3619 1668 Verbi
3650 1625 3782 1668 tran-

2218 1701 2379 1753 situm
2410 1715 2501 1767 per
2526 1698 2795 1767 Virginem
2828 1700 3112 1765 indicaret;
3153 1701 3245 1755 sed
3265 1744 3279 1766 ,
3304 1703 3441 1770 quod
3468 1714 3704 1755 nascetur
3725 1718 3782 1757 es;

2214 1797 2283 1852 te,
2312 1796 2371 1843 ut
2401 1788 2679 1841 veritatem
2716 1789 2957 1857 corporis
2984 1790 3230 1843 sumendi
3267 1805 3331 1843 ex
3368 1790 3585 1859 Virgine
3630 1792 3782 1843 mani-

2214 1876 2403 1933 festius
2440 1878 2759 1933 declararet.
2786 1879 2931 1933 'Nam
2969 1895 3086 1949 quae
3127 1882 3222 1935 lttit
3262 1896 3421 1937 causa
3467 1882 3561 1937 Dei
3596 1884 3779 1946 Verbo,

2214 1983 2311 2038 per
2340 1978 2550 2024 uterum
2594 1967 2826 2039 Virginis
2868 1969 3148 2024 transitum
3193 1970 3393 2037 facere,
3420 1973 3469 2024 si
3495 1972 3632 2026 nihil
3672 1972 3782 2025 inde

2211 2057 2491 2125 qumrebat
2515 2058 2821 2113 assumere?
2851 2067 2943 2112 aut
2967 2059 3236 2128 quomodo
3268 2074 3334 2114 ex
3373 2061 3585 2115 semine
3631 2060 3779 2113 David

2212 2154 2391 2212 natus,
2436 2146 2517 2201 vel
2559 2145 2727 2203 factus
2761 2148 2997 2203 creditur
3042 2163 3184 2217 esse,
3233 2150 3278 2204 si
3327 2164 3392 2203 ex
3432 2152 3647 2220 generis
3676 2152 3778 2219 ejus

2214 2239 2460 2309 prosapia
2489 2255 2682 2310 corpus
2712 2252 2936 2312 negetur
2971 2245 3355 2313 assumpsisse?
3382 2245 3629 2314 Denique
3657 2246 3779 2299 Pan-

2214 2330 2297 2383 lus
2320 2331 2592 2399 apostolus
2634 2333 2712 2387 sic
2750 2335 2863 2387 ait:
2906 2330 2983 2387 De
3024 2332 3162 2386 Filia
3201 2350 3295 2388 suo
3320 2334 3409 2404 qui
3436 2335 3607 2403 [actus
3637 2346 3705 2388 est
3726 2348 3780 2387 es

2214 2421 2401 2475 semine
2431 2420 2597 2476 David
2626 2426 2902 2477 secundum
2926 2440 3134 2478 carnem
3167 2425 3344 2493 (Rom.
3374 2441 3425 2492 ι,
3464 2425 3540 2493 ὅ).
3596 2426 3661 2481 Et
3698 2428 3780 2478 ite-

2214 2524 2333 2563 rum
2361 2509 2429 2564 ad
2456 2510 2700 2565 Galatas:
2726 2511 2894 2578 Misit,
2917 2514 3232 2586 inquit,.25
3256 2513 3395 2567 Deus
3426 2514 3624 2567 Filium
3646 2528 3779 2568 suam

2220 2599 2411 2669 factum
2441 2616 2504 2654 ea:
2533 2600 2746 2655 muliere
2778 2600 2919 2673 (Gal.
2950 2617 3023 2669 tv,
3056 2602 3135 2674 4).
3162 2604 3442 2671 Quomodo
3479 2605 3525 2658 is
3558 2608 3651 2675 qui
3677 2610 3779 2659 erat

2215 2690 2387 2745 factus
2422 2700 2524 2757 est,
2566 2705 2685 2745 cum
2726 2690 2841 2746 fieri
2877 2691 2994 2761 ejus
3019 2692 3189 2748 soleat
3218 2693 3494 2763 proprium
3538 2707 3655 2748 esse
3693 2694 3775 2761 qui

2221 2793 2490 2848 nunquam
2519 2787 2645 2834 ante
2670 2779 2987 2846 substiterit,
3012 2780 3114 2835 nisi
3143 2780 3264 2849 quia
3294 2780 3469 2836 factus
3505 2782 3638 2851 quod
3674 2796 3774 2834 non

2221 2878 2356 2935 erat,
2382 2871 2540 2926 idest
2583 2872 2763 2936 homo,
2806 2886 2912 2925 non
2959 2869 3175 2925 aliunde
3216 2884 3433 2925 carnem
3474 2872 3776 2939 assumpsit,

2219 2964 2321 3019 nisi
2347 2981 2410 3019 ex
2444 2965 2716 3019 hominum
2750 2980 2945 3036 genere
2975 2981 3040 3020 ex
3065 2980 3169 3035 quo
3190 2965 3360 3021 factus
3388 2974 3472 3022 est
3497 2967 3631 3037 quod
3680 2981 3777 3020 non

2225 3054 2360 3109 fuit?
2382 3054 2535 3109 Unde
2564 3064 2617 3110 et
2648 3056 2762 3125 ipse
2789 3055 2952 3110 Filius
2979 3055 3263 3110 formatum
3294 3072 3353 3111 se
3399 3071 3465 3112 ex
3506 3066 3655 3112 utero
3696 3073 3777 3124 per

2220 3147 2408 3201 Isaiam
2458 3147 2710 3217 loquitur,
2744 3148 2927 3203 dicens
2958 3164 2972 3201 :
3006 3146 3070 3201 Et
3107 3165 3239 3203 nunc
3264 3150 3385 3201 dicit
3418 3149 3667 3202 Dominus
3686 3150 3779 3217 for.

2219 3253 2363 3291 mans
2386 3253 2465 3291 me
2486 3254 2549 3292 ex
2570 3246 2711 3291 utero
2738 3255 2933 3291 sertum
2956 3238 3051 3292 sibi
3080 3237 3233 3310 (Isai.
3257 3254 3399 3305 χιιι,
3432 3239 3508 3309 5).
3534 3240 3668 3305 Quid
3696 3241 3778 3293 ita-

2221 3342 2324 3395 que
2371 3342 2437 3382 ex
2486 3336 2639 3382 utero
2684 3328 2967 3382 formatum
2996 3328 3267 3396 accipitis,
3300 3327 3557 3393 Verbum,
3584 3345 3651 3384 an
3679 3343 3777 3383 car-

2220 3416 2381 3470 nem?
2412 3415 2469 3470 Si
2499 3415 2752 3479 Verbum,
2783 3432 2911 3485 ergo
2939 3426 3030 3470 aut
3051 3416 3276 3472 informe
3315 3416 3431 3481 fuit,
3459 3427 3555 3472 aut
3592 3420 3776 3486 penitus

2220 3518 2329 3558 non
2352 3504 2610 3569 existens,
2645 3516 2701 3571 ut
2729 3506 2974 3561 formatio
3008 3508 3088 3573 ei,
3131 3515 3221 3561 aut
3245 3508 3533 3561 essentiam
3563 3508 3775 3569 dederit,

2220 3602 2277 3646 ut
2308 3592 2652 3657 subsisteret;
2697 3602 2788 3647 aut
2825 3610 2891 3649 ex
2921 3587 3242 3650 subsistente
3271 3594 3602 3652 informitate
3629 3605 3776 3651 mate-

2222 3682 2336 3744 rias,
2388 3683 2439 3735 in
2486 3684 2759 3738 meliorem
2807 3695 2977 3739 status
3012 3686 3318 3754 qualitatem
3363 3688 3688 3754 provexerit,
3727 3693 3777 3738 ut

2222 3769 2490 3839 perfectus
2517 3781 2571 3826 et
2601 3773 2805 3842 integer
2833 3782 3135 3843 appareret.
3158 3774 3309 3840 Quod
3330 3775 3539 3844 opinari
3578 3792 3695 3832 cum
3721 3776 3777 3827 sit

2222 3861 2441 3930 impium
2467 3868 2522 3917 et
2541 3863 2875 3933 sacrilegum,
2906 3862 3031 3918 illud
3055 3863 3170 3919 sine
3195 3863 3357 3918 dubio
3374 3872 3561 3925 restat.
3594 3875 3648 3919 ut
3671 3878 3776 3919 caro

2222 3969 2287 4011 ex
2325 3970 2550 4027 corpore
2588 3956 2815 4012 formata
2853 3958 2925 4013 sit
2968 3959 3101 4015 uteri
3148 3958 3456 4028 virginalis:
3495 3960 3775 4016 secundum

2224 4060 2381 4116 quam
2410 4056 2625 4116 propter
2650 4049 2897 4104 unionem
2925 4064 3189 4119 personae,
3221 4064 3342 4104 cum
3375 4052 3444 4105 sit
3474 4050 3621 4105 Deus
3640 4092 3654 4115 ,
3684 4063 3777 4103 srr-

2224 4154 2322 4193 vus
2348 4138 2520 4193 factus
2542 4133 2840 4194 estQatris.
2872 4140 3025 4195 Unde
3054 4141 3118 4195 ad
3150 4156 3271 4195 eum
3299 4140 3429 4195 dicit
3459 4140 3510 4195 in
3544 4140 3773 4210 psalmo:

2228 4228 2273 4281 0
2300 4224 2538 4291 Domine,
2552 4244 2657 4297 .ego
2686 4244 2858 4283 servus
2879 4239 2995 4283 tuus
3022 4238 3068 4283 et
3092 4229 3231 4296 ﬁlius
3257 4230 3459 4284 ancilla
3491 4239 3597 4284 tua
3629 4228 3778 4302 (Psal.

2226 4332 2347 4385 cxv,
2390 4318 2505 4387 16).
2548 4318 2613 4372 Et
2659 4319 2848 4372 iterum
2876 4335 2893 4371 :
2919 4318 2992 4372 De
3032 4328 3202 4373 uentre
3240 4322 3415 4374 matris
3463 4337 3613 4389 mete,
3663 4319 3780 4373 Deus

2230 4423 2377 4462 meus
2399 4425 2449 4462 es
2481 4406 2726 4478 tu(Psal.
2760 4424 2869 4471 xxi.
2895 4407 3005 4479 ll).
3046 4409 3145 4476 Qui
3193 4410 3237 4463 si
3289 4411 3357 4465 de
3395 4419 3585 4465 ventre
3617 4409 3783 4467 matris

2231 4498 2441 4553 ancilla:
2463 4498 2593 4552 nihil
2625 4500 2909 4569 acciperet,
2938 4514 3045 4553 non
3071 4514 3190 4554 eum
3222 4500 3357 4554 intra
3396 4500 3577 4556 famuli
3623 4500 3783 4571 appel-

2235 4587 2485 4641 lationem
2514 4587 2722 4642 servilis
2749 4598 2952 4643 naturze
2976 4587 3212 4644 conditio
3232 4589 3515 4647 detineret.

2307 4677 2394 4731 IV.
2443 4675 2549 4732 Sed
2587 4679 2696 4747 jam
2738 4678 3014 4734 videamus
3060 4681 3250 4749 quibus
3288 4683 3564 4751 prophetia
3624 4682 3786 4753 ﬁguris

2237 4778 2438 4837 utatur,
2459 4778 2513 4824 ut
2533 4771 2778 4826 ostendat
2803 4786 2928 4827 eum
2952 4788 3018 4827 ex
3041 4775 3264 4829 materni
3285 4775 3524 4844 corporis
3548 4780 3784 4837 veritate.

2237 4876 2416 4916 veram
2436 4864 2612 4918 carnis
2638 4866 2990 4934 assumpsisse
3016 4876 3280 4921 naturam.
3300 4867 3436 4923 Dicit
3454 4884 3582 4939 ergo
3603 4869 3753 4924 Isaias
3774 4883 3785 4916 :

2238 4952 2542 5025 Egredietur
2570 4956 2712 5027 virga
2750 4958 2815 5013 de
2851 4960 3024 5013 radice
3060 4959 3225 5026 Jesse,
3257 4969 3302 5014 et
3321 4976 3523 5031 germen
3546 4962 3610 5016 de
3638 4961 3790 5015 radice

2237 5050 2350 5112 eius
2369 5052 2622 5116 ascendet,
2653 5062 2702 5107 et
2727 5054 2999 5121 requiescet
3027 5068 3175 5125 super
3201 5070 3313 5108 eum
3343 5054 3572 5123 Spiritus
3603 5052 3790 5107 Domitii

2234 5138 2392 5210 (Isai.
2421 5158 2496 5206 xi,
2541 5140 2616 5211 l).
2649 5144 2779 5211 Quis
2813 5144 3021 5200 dubitet
3058 5159 3277 5215 germen
3318 5146 3385 5199 de
3432 5154 3619 5199 natura
3664 5143 3790 5212 ejus-

2241 5232 2360 5287 dem
2394 5234 2609 5302 virgulti
2634 5235 2772 5289 unde
2800 5236 3117 5304 prorumpit,
3159 5234 3517 5289 subsistentia:
3552 5248 3664 5288 sua:
3702 5233 3791 5285 for-

2242 5338 2381 5377 mam
2408 5324 2682 5392 accipere?
2708 5336 2797 5378 aut
2823 5324 2941 5394 quis
2972 5334 3126 5393 neget
3145 5326 3399 5394 cujusque
3426 5323 3556 5393 ligni
3585 5326 3791 5391 virgam.

2242 5422 2445 5467 natura:
2475 5428 2585 5468 suae
2609 5416 2844 5483 germina
2875 5416 3202 5485 propagare?
3232 5415 3343 5469 Non
3376 5414 3517 5469 enim
3554 5412 3693 5467 aliud
3734 5424 3792 5464 ex

2240 5503 2365 5567 alio.
2395 5504 2489 5559 86d
2522 5506 2601 5559 sui
2632 5507 2841 5576 generis
2884 5509 3115 5574 Speciem
3152 5505 3565 5575 unumquodque
3608 5505 3795 5573 lignum

2242 5595 2537 5664 producere
2560 5638 2576 5663 ,
2609 5608 2660 5651 et
2693 5598 2883 5652 usitata
2915 5614 3093 5653 rerum
3133 5597 3374 5666 exempla
3427 5607 3707 5661 testantur,
3747 5599 3793 5647 et

2242 5684 2543 5741 divinarum
2592 5687 2890 5743 litterarum
2944 5689 3234 5743 auctoritas
3286 5687 3462 5754 docet,
3487 5701 3603 5755 qua:
3647 5687 3713 5738 ita
3747 5683 3794 5735 in

2243 5774 2442 5833 Genesi
2465 5778 2700 5849 loquitur
2732 5797 2744 5831 :
2780 5778 2843 5833 Et
2874 5781 3003 5835 dixit
3033 5781 3202 5835 Deus:
3228 5778 3485 5834 Germinet
3511 5789 3658 5851 terra,
3686 5777 3795 5829 Iter.
