  <div class='ocr_page' id='page_1' title='image "/cluster/home/n/w/nwhite01/storage/ocr_20150623/62/hvd.32044015706393/062.png"; bbox 0 0 3990 6390; ppageno 0'>
   <div class='ocr_carea' id='block_1_1' title="bbox 260 414 373 470">
    <p class='ocr_par' dir='ltr' id='par_1_1' title="bbox 260 414 373 470">
     <span class='ocr_line' id='line_1_1' title="bbox 260 414 373 470; baseline -0.009 0"><span class='ocrx_word' id='word_1_1' title='bbox 260 414 373 470; x_wconf 75' lang='lat' dir='ltr'><strong>H5</strong></span> 
     </span>
    </p>
   </div>
   <div class='ocr_carea' id='block_1_2' title="bbox 1336 394 2403 458">
    <p class='ocr_par' dir='ltr' id='par_1_2' title="bbox 1336 394 2403 458">
     <span class='ocr_line' id='line_1_2' title="bbox 1336 394 2403 458; baseline -0.011 0"><span class='ocrx_word' id='word_1_2' title='bbox 1336 402 1610 458; x_wconf 80' lang='lat' dir='ltr'><strong>CONTRA</strong></span> <span class='ocrx_word' id='word_1_3' title='bbox 1648 396 2112 453; x_wconf 74' lang='lat' dir='ltr'><strong>EUTYCHETEM</strong></span> <span class='ocrx_word' id='word_1_4' title='bbox 2151 396 2275 449; x_wconf 76' lang='lat' dir='ltr'><strong>LlB.</strong></span> <span class='ocrx_word' id='word_1_5' title='bbox 2320 394 2403 448; x_wconf 81' lang='lat' dir='ltr'><strong>lli.</strong></span> 
     </span>
    </p>
   </div>
   <div class='ocr_carea' id='block_1_3' title="bbox 3424 396 3527 453">
    <p class='ocr_par' dir='ltr' id='par_1_3' title="bbox 3424 396 3527 453">
     <span class='ocr_line' id='line_1_3' title="bbox 3424 396 3527 453; baseline 0.019 -3"><span class='ocrx_word' id='word_1_6' title='bbox 3424 396 3527 453; x_wconf 80' lang='grc' dir='ltr'><strong>ιιι</strong></span> 
     </span>
    </p>
   </div>
   <div class='ocr_carea' id='block_1_4' title="bbox 258 502 3527 585">
    <p class='ocr_par' dir='ltr' id='par_1_4' title="bbox 258 502 3527 585">
     <span class='ocr_line' id='line_1_4' title="bbox 258 502 3527 585; baseline -0.005 -11"><span class='ocrx_word' id='word_1_7' title='bbox 258 523 375 575; x_wconf 85' lang='lat' dir='ltr'><strong>bam</strong></span> <span class='ocrx_word' id='word_1_8' title='bbox 392 519 651 579; x_wconf 77' lang='lat' dir='ltr'><strong>virentem,</strong></span> <span class='ocrx_word' id='word_1_9' title='bbox 670 523 718 570; x_wconf 79' lang='lat' dir='ltr'><strong>et</strong></span> <span class='ocrx_word' id='word_1_10' title='bbox 739 518 1001 585; x_wconf 75' lang='lat' dir='ltr'><strong>facientem</strong></span> <span class='ocrx_word' id='word_1_11' title='bbox 1022 524 1212 574; x_wconf 85' lang='lat' dir='ltr'><strong>semen,</strong></span> <span class='ocrx_word' id='word_1_12' title='bbox 1231 518 1275 563; x_wconf 87' lang='lat' dir='ltr'><strong>et</strong></span> <span class='ocrx_word' id='word_1_13' title='bbox 1301 509 1492 577; x_wconf 83' lang='lat' dir='ltr'><strong>tignum</strong></span> <span class='ocrx_word' id='word_1_14' title='bbox 1510 508 1837 575; x_wconf 78' lang='lat' dir='ltr'><strong>pomiferum,</strong></span> <span class='ocrx_word' id='word_1_15' title='bbox 1867 510 1917 565; x_wconf 74' lang='grc' dir='ltr'>Α</span> <span class='ocrx_word' id='word_1_16' title='bbox 1947 505 2231 557; x_wconf 75' lang='lat' dir='ltr'><strong>ostendere</strong></span> <span class='ocrx_word' id='word_1_17' title='bbox 2263 504 2471 567; x_wconf 89' lang='lat' dir='ltr'><strong>volens,</strong></span> <span class='ocrx_word' id='word_1_18' title='bbox 2504 503 2577 556; x_wconf 92' lang='lat' dir='ltr'><strong>ait</strong></span> <span class='ocrx_word' id='word_1_19' title='bbox 2604 519 2617 557; x_wconf 92' lang='lat'><strong>:</strong></span> <span class='ocrx_word' id='word_1_20' title='bbox 2652 503 2848 572; x_wconf 83' lang='lat' dir='ltr'><strong>Agnum</strong></span> <span class='ocrx_word' id='word_1_21' title='bbox 2873 516 2936 554; x_wconf 73' lang='lat' dir='ltr'><strong>ea:</strong></span> <span class='ocrx_word' id='word_1_22' title='bbox 2964 502 3161 568; x_wconf 80' lang='lat' dir='ltr'><strong>ovibus,</strong></span> <span class='ocrx_word' id='word_1_23' title='bbox 3186 504 3255 556; x_wconf 90' lang='lat' dir='ltr'><strong>ita</strong></span> <span class='ocrx_word' id='word_1_24' title='bbox 3284 507 3527 560; x_wconf 85' lang='lat' dir='ltr'><strong>eannlem</strong></span> 
     </span>
    </p>
   </div>
   <div class='ocr_carea' id='block_1_5' title="bbox 258 597 1836 685">
    <p class='ocr_par' dir='ltr' id='par_1_5' title="bbox 258 597 1836 685">
     <span class='ocr_line' id='line_1_5' title="bbox 258 597 1836 685; baseline -0.012 -18"><span class='ocrx_word' id='word_1_25' title='bbox 258 614 451 685; x_wconf 75' lang='lat' dir='ltr'><strong>faciens</strong></span> <span class='ocrx_word' id='word_1_26' title='bbox 484 611 712 679; x_wconf 82' lang='lat' dir='ltr'><strong>fructum</strong></span> <span class='ocrx_word' id='word_1_27' title='bbox 740 609 892 677; x_wconf 76' lang='lat' dir='ltr'><strong>juxta</strong></span> <span class='ocrx_word' id='word_1_28' title='bbox 919 621 1076 676; x_wconf 82' lang='lat' dir='ltr'><strong>genus</strong></span> <span class='ocrx_word' id='word_1_29' title='bbox 1103 619 1276 669; x_wconf 88' lang='lat' dir='ltr'><strong>suum,</strong></span> <span class='ocrx_word' id='word_1_30' title='bbox 1316 610 1364 655; x_wconf 91' lang='lat' dir='ltr'><strong>et</strong></span> <span class='ocrx_word' id='word_1_31' title='bbox 1404 603 1552 671; x_wconf 87' lang='lat' dir='ltr'><strong>cujus</strong></span> <span class='ocrx_word' id='word_1_32' title='bbox 1578 613 1743 652; x_wconf 86' lang='lat' dir='ltr'><strong>semen</strong></span> <span class='ocrx_word' id='word_1_33' title='bbox 1782 597 1836 649; x_wconf 87' lang='lat' dir='ltr'><strong>in</strong></span> 
     </span>
    </p>
   </div>
   <div class='ocr_carea' id='block_1_6' title="bbox 258 687 1836 769">
    <p class='ocr_par' dir='ltr' id='par_1_6' title="bbox 258 687 1836 769">
     <span class='ocr_line' id='line_1_6' title="bbox 258 687 1836 769; baseline -0.01 -13"><span class='ocrx_word' id='word_1_34' title='bbox 258 702 529 769; x_wconf 87' lang='lat' dir='ltr'><strong>semetipso</strong></span> <span class='ocrx_word' id='word_1_35' title='bbox 560 699 627 752; x_wconf 90' lang='lat' dir='ltr'><strong>sit</strong></span> <span class='ocrx_word' id='word_1_36' title='bbox 669 713 820 767; x_wconf 87' lang='lat' dir='ltr'><strong>super</strong></span> <span class='ocrx_word' id='word_1_37' title='bbox 859 706 1064 750; x_wconf 90' lang='lat' dir='ltr'><strong>terram.</strong></span> <span class='ocrx_word' id='word_1_38' title='bbox 1096 692 1162 746; x_wconf 84' lang='lat' dir='ltr'><strong>Et</strong></span> <span class='ocrx_word' id='word_1_39' title='bbox 1192 697 1384 763; x_wconf 76' lang='lat' dir='ltr'><strong>factum</strong></span> <span class='ocrx_word' id='word_1_40' title='bbox 1420 700 1494 745; x_wconf 85' lang='lat' dir='ltr'><strong>est</strong></span> <span class='ocrx_word' id='word_1_41' title='bbox 1522 691 1590 743; x_wconf 89' lang='lat' dir='ltr'><strong>ita</strong></span> <span class='ocrx_word' id='word_1_42' title='bbox 1612 687 1764 758; x_wconf 87' lang='lat' dir='ltr'><strong>(Gen.</strong></span> <span class='ocrx_word' id='word_1_43' title='bbox 1796 702 1836 751; x_wconf 83' lang='grc' dir='ltr'>ι,</span> 
     </span>
    </p>
   </div>
   <div class='ocr_carea' id='block_1_7' title="bbox 262 782 1839 862">
    <p class='ocr_par' dir='ltr' id='par_1_7' title="bbox 262 782 1839 862">
     <span class='ocr_line' id='line_1_7' title="bbox 262 782 1839 862; baseline -0.008 -16"><span class='ocrx_word' id='word_1_44' title='bbox 262 793 323 846; x_wconf 79' lang='grc'><strong>11</strong></span> <span class='ocrx_word' id='word_1_45' title='bbox 335 794 375 862; x_wconf 92' lang='lat'><strong>).</strong></span> <span class='ocrx_word' id='word_1_46' title='bbox 403 791 459 847; x_wconf 89' lang='lat' dir='ltr'><strong>Si</strong></span> <span class='ocrx_word' id='word_1_47' title='bbox 488 804 619 857; x_wconf 86' lang='lat' dir='ltr'><strong>ergo</strong></span> <span class='ocrx_word' id='word_1_48' title='bbox 645 790 862 859; x_wconf 89' lang='lat' dir='ltr'><strong>generis</strong></span> <span class='ocrx_word' id='word_1_49' title='bbox 903 786 988 841; x_wconf 91' lang='lat' dir='ltr'><strong>sui</strong></span> <span class='ocrx_word' id='word_1_50' title='bbox 1024 801 1087 841; x_wconf 89' lang='lat' dir='ltr'><strong>ac</strong></span> <span class='ocrx_word' id='word_1_51' title='bbox 1135 792 1337 840; x_wconf 62' lang='lat' dir='ltr'><strong>natura:</strong></span> <span class='ocrx_word' id='word_1_52' title='bbox 1365 798 1473 837; x_wconf 66' lang='lat' dir='ltr'><strong>suae</strong></span> <span class='ocrx_word' id='word_1_53' title='bbox 1504 782 1742 852; x_wconf 77' lang='lat' dir='ltr'><strong>germina</strong></span> <span class='ocrx_word' id='word_1_54' title='bbox 1786 786 1839 835; x_wconf 89' lang='lat' dir='ltr'><strong>et</strong></span> 
     </span>
    </p>
   </div>
   <div class='ocr_carea' id='block_1_8' title="bbox 257 872 1836 951">
    <p class='ocr_par' dir='ltr' id='par_1_8' title="bbox 257 872 1836 951">
     <span class='ocr_line' id='line_1_8' title="bbox 257 872 1836 951; baseline -0.008 -13"><span class='ocrx_word' id='word_1_55' title='bbox 257 884 489 939; x_wconf 77' lang='lat' dir='ltr'><strong>fructum</strong></span> <span class='ocrx_word' id='word_1_56' title='bbox 523 880 753 951; x_wconf 70' lang='lat' dir='ltr'><strong>propriae</strong></span> <span class='ocrx_word' id='word_1_57' title='bbox 778 878 1053 948; x_wconf 74' lang='lat' dir='ltr'><strong>qualitatis</strong></span> <span class='ocrx_word' id='word_1_58' title='bbox 1077 892 1141 932; x_wconf 81' lang='lat' dir='ltr'><strong>ex</strong></span> <span class='ocrx_word' id='word_1_59' title='bbox 1193 890 1311 930; x_wconf 86' lang='lat' dir='ltr'><strong>sese</strong></span> <span class='ocrx_word' id='word_1_60' title='bbox 1340 875 1479 944; x_wconf 90' lang='lat' dir='ltr'><strong>ligna</strong></span> <span class='ocrx_word' id='word_1_61' title='bbox 1508 872 1836 943; x_wconf 90' lang='lat' dir='ltr'><strong>producunt,</strong></span> 
     </span>
    </p>
   </div>
   <div class='ocr_carea' id='block_1_9' title="bbox 258 963 1842 1035">
    <p class='ocr_par' dir='ltr' id='par_1_9' title="bbox 258 963 1842 1035">
     <span class='ocr_line' id='line_1_9' title="bbox 258 963 1842 1035; baseline -0.008 -6"><span class='ocrx_word' id='word_1_62' title='bbox 258 989 369 1029; x_wconf 88' lang='lat' dir='ltr'><strong>non</strong></span> <span class='ocrx_word' id='word_1_63' title='bbox 398 972 618 1028; x_wconf 88' lang='lat' dir='ltr'><strong>dubium</strong></span> <span class='ocrx_word' id='word_1_64' title='bbox 641 978 727 1025; x_wconf 90' lang='lat' dir='ltr'><strong>est</strong></span> <span class='ocrx_word' id='word_1_65' title='bbox 745 970 995 1025; x_wconf 77' lang='lat' dir='ltr'><strong>Jesseicze</strong></span> <span class='ocrx_word' id='word_1_66' title='bbox 1021 967 1215 1022; x_wconf 85' lang='lat' dir='ltr'><strong>radicis</strong></span> <span class='ocrx_word' id='word_1_67' title='bbox 1240 968 1473 1035; x_wconf 89' lang='lat' dir='ltr'><strong>virgam,</strong></span> <span class='ocrx_word' id='word_1_68' title='bbox 1516 964 1725 1019; x_wconf 85' lang='lat' dir='ltr'><strong>beatam</strong></span> <span class='ocrx_word' id='word_1_69' title='bbox 1754 963 1842 1017; x_wconf 89' lang='lat' dir='ltr'><strong>vi-</strong></span> 
     </span>
    </p>
   </div>
   <div class='ocr_carea' id='block_1_10' title="bbox 259 1052 1841 1127">
    <p class='ocr_par' dir='ltr' id='par_1_10' title="bbox 259 1052 1841 1127">
     <span class='ocr_line' id='line_1_10' title="bbox 259 1052 1841 1127; baseline -0.006 -10"><span class='ocrx_word' id='word_1_70' title='bbox 259 1062 462 1118; x_wconf 86' lang='lat' dir='ltr'><strong>delicet</strong></span> <span class='ocrx_word' id='word_1_71' title='bbox 492 1060 733 1123; x_wconf 83' lang='lat' dir='ltr'><strong>Mariam,</strong></span> <span class='ocrx_word' id='word_1_72' title='bbox 763 1068 966 1113; x_wconf 69' lang='lat' dir='ltr'><strong>natura:</strong></span> <span class='ocrx_word' id='word_1_73' title='bbox 989 1073 1098 1111; x_wconf 76' lang='lat' dir='ltr'><strong>sua:</strong></span> <span class='ocrx_word' id='word_1_74' title='bbox 1120 1056 1228 1127; x_wconf 74' lang='lat'><strong>26</strong></span> <span class='ocrx_word' id='word_1_75' title='bbox 1255 1070 1496 1123; x_wconf 78' lang='lat' dir='ltr'><strong>germen,</strong></span> <span class='ocrx_word' id='word_1_76' title='bbox 1530 1054 1581 1106; x_wconf 88' lang='lat' dir='ltr'><strong>id</strong></span> <span class='ocrx_word' id='word_1_77' title='bbox 1618 1061 1703 1109; x_wconf 88' lang='lat' dir='ltr'><strong>est</strong></span> <span class='ocrx_word' id='word_1_78' title='bbox 1730 1052 1841 1107; x_wconf 87' lang='lat' dir='ltr'><strong>Do-</strong></span> 
     </span>
    </p>
   </div>
   <div class='ocr_carea' id='block_1_11' title="bbox 258 1144 1844 1212">
    <p class='ocr_par' dir='ltr' id='par_1_11' title="bbox 258 1144 1844 1212">
     <span class='ocr_line' id='line_1_11' title="bbox 258 1144 1844 1212; baseline -0.008 -5"><span class='ocrx_word' id='word_1_79' title='bbox 258 1154 465 1208; x_wconf 87' lang='lat' dir='ltr'><strong>minutn</strong></span> <span class='ocrx_word' id='word_1_80' title='bbox 494 1150 673 1205; x_wconf 82' lang='lat' dir='ltr'><strong>Jesum</strong></span> <span class='ocrx_word' id='word_1_81' title='bbox 705 1148 1004 1212; x_wconf 82' lang='lat' dir='ltr'><strong>Christum,</strong></span> <span class='ocrx_word' id='word_1_82' title='bbox 1034 1161 1098 1201; x_wconf 79' lang='lat' dir='ltr'><strong>ex</strong></span> <span class='ocrx_word' id='word_1_83' title='bbox 1126 1160 1237 1199; x_wconf 69' lang='lat' dir='ltr'><strong>sua:</strong></span> <span class='ocrx_word' id='word_1_84' title='bbox 1271 1144 1449 1198; x_wconf 84' lang='lat' dir='ltr'><strong>carnis</strong></span> <span class='ocrx_word' id='word_1_85' title='bbox 1476 1144 1691 1198; x_wconf 84' lang='lat' dir='ltr'><strong>materia</strong></span> <span class='ocrx_word' id='word_1_86' title='bbox 1723 1155 1844 1210; x_wconf 87' lang='lat' dir='ltr'><strong>pro-</strong></span> 
     </span>
    </p>
   </div>
   <div class='ocr_carea' id='block_1_12' title="bbox 259 1233 1844 1308">
    <p class='ocr_par' dir='ltr' id='par_1_12' title="bbox 259 1233 1844 1308">
     <span class='ocr_line' id='line_1_12' title="bbox 259 1233 1844 1308; baseline -0.008 -11"><span class='ocrx_word' id='word_1_87' title='bbox 259 1242 473 1297; x_wconf 81' lang='lat' dir='ltr'><strong>tulisse.</strong></span> <span class='ocrx_word' id='word_1_88' title='bbox 508 1238 567 1294; x_wconf 93' lang='lat' dir='ltr'><strong>ln</strong></span> <span class='ocrx_word' id='word_1_89' title='bbox 595 1240 747 1307; x_wconf 83' lang='lat' dir='ltr'><strong>cujus</strong></span> <span class='ocrx_word' id='word_1_90' title='bbox 774 1235 959 1308; x_wconf 85' lang='lat' dir='ltr'><strong>inclyti</strong></span> <span class='ocrx_word' id='word_1_91' title='bbox 1008 1235 1325 1290; x_wconf 82' lang='lat' dir='ltr'><strong>sacramcn&#39;i</strong></span> <span class='ocrx_word' id='word_1_92' title='bbox 1382 1233 1729 1303; x_wconf 89' lang='lat' dir='ltr'><strong>mysterium,</strong></span> <span class='ocrx_word' id='word_1_93' title='bbox 1759 1246 1844 1285; x_wconf 85' lang='lat' dir='ltr'><strong>sa-</strong></span> 
     </span>
    </p>
   </div>
   <div class='ocr_carea' id='block_1_13' title="bbox 260 1321 1847 1395">
    <p class='ocr_par' dir='ltr' id='par_1_13' title="bbox 260 1321 1847 1395">
     <span class='ocr_line' id='line_1_13' title="bbox 260 1321 1847 1395; baseline -0.006 -10"><span class='ocrx_word' id='word_1_94' title='bbox 260 1328 497 1385; x_wconf 89' lang='lat' dir='ltr'><strong>cerdotis</strong></span> <span class='ocrx_word' id='word_1_95' title='bbox 550 1330 729 1382; x_wconf 83' lang='lat' dir='ltr'><strong>Aaron</strong></span> <span class='ocrx_word' id='word_1_96' title='bbox 778 1326 923 1395; x_wconf 90' lang='lat' dir='ltr'><strong>virga</strong></span> <span class='ocrx_word' id='word_1_97' title='bbox 999 1324 1200 1393; x_wconf 48' lang='lat' dir='ltr'><strong>absque</strong></span> <span class='ocrx_word' id='word_1_98' title='bbox 1256 1336 1420 1393; x_wconf 86' lang='lat' dir='ltr'><strong>opere</strong></span> <span class='ocrx_word' id='word_1_99' title='bbox 1481 1330 1536 1377; x_wconf 89' lang='lat' dir='ltr'><strong>et</strong></span> <span class='ocrx_word' id='word_1_100' title='bbox 1605 1321 1847 1377; x_wconf 84' lang='lat' dir='ltr'><strong>subsidio</strong></span> 
     </span>
    </p>
   </div>
   <div class='ocr_carea' id='block_1_14' title="bbox 261 1414 1847 1486">
    <p class='ocr_par' dir='ltr' id='par_1_14' title="bbox 261 1414 1847 1486">
     <span class='ocr_line' id='line_1_14' title="bbox 261 1414 1847 1486; baseline -0.003 -10"><span class='ocrx_word' id='word_1_101' title='bbox 261 1420 465 1476; x_wconf 89' lang='lat' dir='ltr'><strong>terreni</strong></span> <span class='ocrx_word' id='word_1_102' title='bbox 495 1420 693 1482; x_wconf 89' lang='lat' dir='ltr'><strong>cultus,</strong></span> <span class='ocrx_word' id='word_1_103' title='bbox 717 1417 922 1486; x_wconf 82' lang='lat' dir='ltr'><strong>absque</strong></span> <span class='ocrx_word' id='word_1_104' title='bbox 963 1416 1235 1472; x_wconf 86' lang='lat' dir='ltr'><strong>consuetis</strong></span> <span class='ocrx_word' id='word_1_105' title='bbox 1273 1427 1329 1471; x_wconf 87' lang='lat' dir='ltr'><strong>et</strong></span> <span class='ocrx_word' id='word_1_106' title='bbox 1376 1414 1625 1486; x_wconf 75' lang='lat' dir='ltr'><strong>legitimis</strong></span> <span class='ocrx_word' id='word_1_107' title='bbox 1650 1416 1847 1471; x_wconf 86' lang='lat' dir='ltr'><strong>ruralis</strong></span> 
     </span>
    </p>
   </div>
   <div class='ocr_carea' id='block_1_15' title="bbox 262 1508 1846 1578">
    <p class='ocr_par' dir='ltr' id='par_1_15' title="bbox 262 1508 1846 1578">
     <span class='ocr_line' id='line_1_15' title="bbox 262 1508 1846 1578; baseline -0.001 -13"><span class='ocrx_word' id='word_1_108' title='bbox 262 1509 551 1566; x_wconf 82' lang='lat' dir='ltr'><strong>ministerii</strong></span> <span class='ocrx_word' id='word_1_109' title='bbox 598 1510 888 1573; x_wconf 85' lang='lat' dir='ltr'><strong>alimentis,</strong></span> <span class='ocrx_word' id='word_1_110' title='bbox 928 1508 985 1563; x_wconf 90' lang='lat' dir='ltr'><strong>in</strong></span> <span class='ocrx_word' id='word_1_111' title='bbox 1018 1508 1364 1564; x_wconf 84' lang='lat' dir='ltr'><strong>tabernaculo</strong></span> <span class='ocrx_word' id='word_1_112' title='bbox 1410 1508 1631 1565; x_wconf 68' lang='lat' dir='ltr'><strong>foederis</strong></span> <span class='ocrx_word' id='word_1_113' title='bbox 1675 1509 1846 1578; x_wconf 91' lang='lat' dir='ltr'><strong>posita</strong></span> 
     </span>
    </p>
   </div>
   <div class='ocr_carea' id='block_1_16' title="bbox 268 1600 1849 1672">
    <p class='ocr_par' dir='ltr' id='par_1_16' title="bbox 268 1600 1849 1672">
     <span class='ocr_line' id='line_1_16' title="bbox 268 1600 1849 1672; baseline -0.002 -14"><span class='ocrx_word' id='word_1_114' title='bbox 268 1602 617 1671; x_wconf 73' lang='lat' dir='ltr'><strong>germinavit;</strong></span> <span class='ocrx_word' id='word_1_115' title='bbox 649 1600 936 1656; x_wconf 80' lang='lat' dir='ltr'><strong>manifesto</strong></span> <span class='ocrx_word' id='word_1_116' title='bbox 964 1600 1096 1656; x_wconf 91' lang='lat' dir='ltr'><strong>satis</strong></span> <span class='ocrx_word' id='word_1_117' title='bbox 1124 1610 1179 1656; x_wconf 91' lang='lat' dir='ltr'><strong>et</strong></span> <span class='ocrx_word' id='word_1_118' title='bbox 1208 1611 1397 1672; x_wconf 86' lang='lat' dir='ltr'><strong>aperto</strong></span> <span class='ocrx_word' id='word_1_119' title='bbox 1437 1602 1725 1670; x_wconf 84' lang='lat' dir='ltr'><strong>designans</strong></span> <span class='ocrx_word' id='word_1_120' title='bbox 1766 1601 1849 1655; x_wconf 84' lang='lat' dir='ltr'><strong>in-</strong></span> 
     </span>
    </p>
   </div>
   <div class='ocr_carea' id='block_1_17' title="bbox 268 1693 1851 1764">
    <p class='ocr_par' dir='ltr' id='par_1_17' title="bbox 268 1693 1851 1764">
     <span class='ocr_line' id='line_1_17' title="bbox 268 1693 1851 1764; baseline -0.001 -14"><span class='ocrx_word' id='word_1_121' title='bbox 268 1694 440 1758; x_wconf 80' lang='lat' dir='ltr'><strong>dicio,</strong></span> <span class='ocrx_word' id='word_1_122' title='bbox 464 1693 685 1749; x_wconf 74' lang='lat' dir='ltr'><strong>Mariam</strong></span> <span class='ocrx_word' id='word_1_123' title='bbox 724 1693 997 1764; x_wconf 83' lang='lat' dir='ltr'><strong>Virginem</strong></span> <span class='ocrx_word' id='word_1_124' title='bbox 1036 1693 1237 1763; x_wconf 84' lang='lat' dir='ltr'><strong>absque</strong></span> <span class='ocrx_word' id='word_1_125' title='bbox 1267 1696 1486 1761; x_wconf 89' lang='lat' dir='ltr'><strong>terreni,</strong></span> <span class='ocrx_word' id='word_1_126' title='bbox 1531 1693 1584 1749; x_wconf 93' lang='lat' dir='ltr'><strong>id</strong></span> <span class='ocrx_word' id='word_1_127' title='bbox 1625 1704 1709 1750; x_wconf 87' lang='lat' dir='ltr'><strong>est</strong></span> <span class='ocrx_word' id='word_1_128' title='bbox 1752 1695 1851 1749; x_wconf 87' lang='lat' dir='ltr'><strong>hu-</strong></span> 
     </span>
    </p>
   </div>
   <div class='ocr_carea' id='block_1_18' title="bbox 268 1784 1844 1858">
    <p class='ocr_par' dir='ltr' id='par_1_18' title="bbox 268 1784 1844 1858">
     <span class='ocr_line' id='line_1_18' title="bbox 268 1784 1844 1858; baseline 0.003 -19"><span class='ocrx_word' id='word_1_129' title='bbox 268 1786 412 1839; x_wconf 90' lang='lat' dir='ltr'><strong>mani</strong></span> <span class='ocrx_word' id='word_1_130' title='bbox 434 1786 655 1840; x_wconf 83' lang='lat' dir='ltr'><strong>seminis</strong></span> <span class='ocrx_word' id='word_1_131' title='bbox 683 1786 884 1853; x_wconf 83' lang='lat' dir='ltr'><strong>otticio,</strong></span> <span class='ocrx_word' id='word_1_132' title='bbox 920 1784 1191 1841; x_wconf 86' lang='lat' dir='ltr'><strong>Christum</strong></span> <span class='ocrx_word' id='word_1_133' title='bbox 1216 1786 1498 1843; x_wconf 88' lang='lat' dir='ltr'><strong>Dominum</strong></span> <span class='ocrx_word' id='word_1_134' title='bbox 1532 1788 1844 1858; x_wconf 89' lang='lat' dir='ltr'><strong>parituram.</strong></span> 
     </span>
    </p>
   </div>
   <div class='ocr_carea' id='block_1_19' title="bbox 1942 590 3527 664">
    <p class='ocr_par' dir='ltr' id='par_1_19' title="bbox 1942 590 3527 664">
     <span class='ocr_line' id='line_1_19' title="bbox 1942 590 3527 664; baseline 0.003 -19"><span class='ocrx_word' id='word_1_135' title='bbox 1942 592 2059 645; x_wconf 90' lang='lat' dir='ltr'><strong>sine</strong></span> <span class='ocrx_word' id='word_1_136' title='bbox 2088 591 2322 645; x_wconf 78' lang='lat' dir='ltr'><strong>humano</strong></span> <span class='ocrx_word' id='word_1_137' title='bbox 2353 592 2559 646; x_wconf 85' lang='lat' dir='ltr'><strong>semine</strong></span> <span class='ocrx_word' id='word_1_138' title='bbox 2588 590 2983 661; x_wconf 84' lang='lat' dir='ltr'><strong>suscipiendam</strong></span> <span class='ocrx_word' id='word_1_139' title='bbox 3010 592 3406 655; x_wconf 88' lang='lat' dir='ltr'><strong>demonstrans,</strong></span> <span class='ocrx_word' id='word_1_140' title='bbox 3434 610 3527 664; x_wconf 88' lang='lat' dir='ltr'><strong>per</strong></span> 
     </span>
    </p>
   </div>
   <div class='ocr_carea' id='block_1_20' title="bbox 1942 679 3524 751">
    <p class='ocr_par' dir='ltr' id='par_1_20' title="bbox 1942 679 3524 751">
     <span class='ocr_line' id='line_1_20' title="bbox 1942 679 3524 751; baseline 0.002 -16"><span class='ocrx_word' id='word_1_141' title='bbox 1942 681 2131 735; x_wconf 85' lang='lat' dir='ltr'><strong>Isaiam</strong></span> <span class='ocrx_word' id='word_1_142' title='bbox 2166 682 2373 736; x_wconf 89' lang='lat' dir='ltr'><strong>locutus</strong></span> <span class='ocrx_word' id='word_1_143' title='bbox 2401 692 2502 745; x_wconf 86' lang='lat' dir='ltr'><strong>est,</strong></span> <span class='ocrx_word' id='word_1_144' title='bbox 2528 681 2752 737; x_wconf 83' lang='lat' dir='ltr'><strong>dicens:</strong></span> <span class='ocrx_word' id='word_1_145' title='bbox 2785 679 2973 734; x_wconf 79' lang='lat' dir='ltr'><strong>Emitte</strong></span> <span class='ocrx_word' id='word_1_146' title='bbox 3012 698 3201 751; x_wconf 84' lang='lat' dir='ltr'><strong>agnum</strong></span> <span class='ocrx_word' id='word_1_147' title='bbox 3237 686 3524 738; x_wconf 84' lang='lat' dir='ltr'><strong>dominato-</strong></span> 
     </span>
    </p>
   </div>
   <div class='ocr_carea' id='block_1_21' title="bbox 1938 773 3527 842">
    <p class='ocr_par' dir='ltr' id='par_1_21' title="bbox 1938 773 3527 842">
     <span class='ocr_line' id='line_1_21' title="bbox 1938 773 3527 842; baseline 0.003 -17"><span class='ocrx_word' id='word_1_148' title='bbox 1938 789 2046 826; x_wconf 89' lang='lat' dir='ltr'><strong>rem</strong></span> <span class='ocrx_word' id='word_1_149' title='bbox 2096 782 2264 840; x_wconf 67' lang='lat' dir='ltr'><strong>terrm,</strong></span> <span class='ocrx_word' id='word_1_150' title='bbox 2316 774 2379 826; x_wconf 83' lang='lat' dir='ltr'><strong>de</strong></span> <span class='ocrx_word' id='word_1_151' title='bbox 2425 784 2566 842; x_wconf 84' lang='lat' dir='ltr'><strong>petra</strong></span> <span class='ocrx_word' id='word_1_152' title='bbox 2609 774 2814 837; x_wconf 78' lang='lat' dir='ltr'><strong>deserti,</strong></span> <span class='ocrx_word' id='word_1_153' title='bbox 2868 773 2936 826; x_wconf 87' lang='lat' dir='ltr'><strong>ad</strong></span> <span class='ocrx_word' id='word_1_154' title='bbox 2984 784 3201 827; x_wconf 79' lang='lat' dir='ltr'><strong>montem</strong></span> <span class='ocrx_word' id='word_1_155' title='bbox 3246 775 3370 842; x_wconf 79' lang='lat' dir='ltr'><strong>ﬁlia:</strong></span> <span class='ocrx_word' id='word_1_156' title='bbox 3397 776 3527 831; x_wconf 77' lang='lat' dir='ltr'><strong>Sion</strong></span> 
     </span>
    </p>
   </div>
   <div class='ocr_carea' id='block_1_22' title="bbox 1943 860 3528 932">
    <p class='ocr_par' dir='ltr' id='par_1_22' title="bbox 1943 860 3528 932">
     <span class='ocr_line' id='line_1_22' title="bbox 1943 860 3528 932; baseline 0.003 -19"><span class='ocrx_word' id='word_1_157' title='bbox 1943 860 2095 932; x_wconf 85' lang='lat' dir='ltr'><strong>(lsai.</strong></span> <span class='ocrx_word' id='word_1_158' title='bbox 2118 876 2226 927; x_wconf 80' lang='lat' dir='ltr'><strong>xvi,</strong></span> <span class='ocrx_word' id='word_1_159' title='bbox 2265 861 2337 927; x_wconf 80' lang='grc'><strong>1).</strong></span> <span class='ocrx_word' id='word_1_160' title='bbox 2375 862 2443 916; x_wconf 88' lang='lat' dir='ltr'><strong>Ut</strong></span> <span class='ocrx_word' id='word_1_161' title='bbox 2490 863 2543 916; x_wconf 91' lang='lat' dir='ltr'><strong>in</strong></span> <span class='ocrx_word' id='word_1_162' title='bbox 2588 864 2690 918; x_wconf 91' lang='lat' dir='ltr'><strong>hoc</strong></span> <span class='ocrx_word' id='word_1_163' title='bbox 2717 860 2854 932; x_wconf 90' lang='lat' dir='ltr'><strong>quod</strong></span> <span class='ocrx_word' id='word_1_164' title='bbox 2895 860 2995 915; x_wconf 88' lang='lat' dir='ltr'><strong>iste</strong></span> <span class='ocrx_word' id='word_1_165' title='bbox 3038 875 3206 932; x_wconf 89' lang='lat' dir='ltr'><strong>agnus</strong></span> <span class='ocrx_word' id='word_1_166' title='bbox 3234 877 3298 917; x_wconf 80' lang='lat' dir='ltr'><strong>ex</strong></span> <span class='ocrx_word' id='word_1_167' title='bbox 3338 863 3528 925; x_wconf 87' lang='lat' dir='ltr'><strong>ovibus</strong></span> 
     </span>
    </p>
   </div>
   <div class='ocr_carea' id='block_1_23' title="bbox 1941 950 3529 1020">
    <p class='ocr_par' dir='ltr' id='par_1_23' title="bbox 1941 950 3529 1020">
     <span class='ocr_line' id='line_1_23' title="bbox 1941 950 3529 1020; baseline 0.001 -15"><span class='ocrx_word' id='word_1_168' title='bbox 1941 952 2139 1005; x_wconf 83' lang='lat' dir='ltr'><strong>assumi</strong></span> <span class='ocrx_word' id='word_1_169' title='bbox 2172 950 2502 1020; x_wconf 61' lang='lat' dir='ltr'><strong>praecipitur,</strong></span> <span class='ocrx_word' id='word_1_170' title='bbox 2550 952 2797 1006; x_wconf 71' lang='lat' dir='ltr'><strong>humanae</strong></span> <span class='ocrx_word' id='word_1_171' title='bbox 2847 959 3049 1005; x_wconf 75' lang='lat' dir='ltr'><strong>naturze</strong></span> <span class='ocrx_word' id='word_1_172' title='bbox 3092 951 3289 1005; x_wconf 87' lang='lat' dir='ltr'><strong>veritas</strong></span> <span class='ocrx_word' id='word_1_173' title='bbox 3329 966 3529 1020; x_wconf 86' lang='lat' dir='ltr'><strong>cogno-</strong></span> 
     </span>
    </p>
   </div>
   <div class='ocr_carea' id='block_1_24' title="bbox 1944 1040 3529 1111">
    <p class='ocr_par' dir='ltr' id='par_1_24' title="bbox 1944 1040 3529 1111">
     <span class='ocr_line' id='line_1_24' title="bbox 1944 1040 3529 1111; baseline 0.001 -15"><span class='ocrx_word' id='word_1_174' title='bbox 1944 1051 2124 1096; x_wconf 62' lang='lat' dir='ltr'><strong>scatur</strong></span> <span class='ocrx_word' id='word_1_175' title='bbox 2149 1060 2160 1094; x_wconf 91' lang='lat'>:</span> <span class='ocrx_word' id='word_1_176' title='bbox 2193 1042 2245 1094; x_wconf 93' lang='lat' dir='ltr'><strong>in</strong></span> <span class='ocrx_word' id='word_1_177' title='bbox 2275 1056 2342 1096; x_wconf 89' lang='lat' dir='ltr'><strong>eo</strong></span> <span class='ocrx_word' id='word_1_178' title='bbox 2367 1050 2547 1096; x_wconf 89' lang='lat' dir='ltr'><strong>autem</strong></span> <span class='ocrx_word' id='word_1_179' title='bbox 2571 1042 2711 1109; x_wconf 90' lang='lat' dir='ltr'><strong>quod</strong></span> <span class='ocrx_word' id='word_1_180' title='bbox 2737 1042 2875 1097; x_wconf 86' lang='lat' dir='ltr'><strong>idem</strong></span> <span class='ocrx_word' id='word_1_181' title='bbox 2898 1040 2965 1096; x_wconf 92' lang='lat' dir='ltr'><strong>de</strong></span> <span class='ocrx_word' id='word_1_182' title='bbox 2988 1051 3135 1111; x_wconf 81' lang='lat' dir='ltr'><strong>petra</strong></span> <span class='ocrx_word' id='word_1_183' title='bbox 3157 1042 3326 1096; x_wconf 90' lang='lat' dir='ltr'><strong>emitti</strong></span> <span class='ocrx_word' id='word_1_184' title='bbox 3358 1057 3529 1111; x_wconf 88' lang='lat' dir='ltr'><strong>agnus</strong></span> 
     </span>
    </p>
   </div>
   <div class='ocr_carea' id='block_1_25' title="bbox 1943 1129 3529 1201">
    <p class='ocr_par' dir='ltr' id='par_1_25' title="bbox 1943 1129 3529 1201">
     <span class='ocr_line' id='line_1_25' title="bbox 1943 1129 3529 1201; baseline 0.002 -18"><span class='ocrx_word' id='word_1_185' title='bbox 1943 1129 2178 1200; x_wconf 76' lang='lat' dir='ltr'><strong>iubetur,</strong></span> <span class='ocrx_word' id='word_1_186' title='bbox 2213 1129 2430 1184; x_wconf 87' lang='lat' dir='ltr'><strong>humani</strong></span> <span class='ocrx_word' id='word_1_187' title='bbox 2461 1130 2635 1184; x_wconf 89' lang='lat' dir='ltr'><strong>coitus</strong></span> <span class='ocrx_word' id='word_1_188' title='bbox 2662 1146 2723 1185; x_wconf 86' lang='lat' dir='ltr'><strong>ac</strong></span> <span class='ocrx_word' id='word_1_189' title='bbox 2752 1132 2975 1185; x_wconf 87' lang='lat' dir='ltr'><strong>seminis</strong></span> <span class='ocrx_word' id='word_1_190' title='bbox 3016 1131 3246 1201; x_wconf 81' lang='lat' dir='ltr'><strong>suspicio</strong></span> <span class='ocrx_word' id='word_1_191' title='bbox 3292 1130 3529 1199; x_wconf 82' lang='lat' dir='ltr'><strong>depella-</strong></span> 
     </span>
    </p>
   </div>
   <div class='ocr_carea' id='block_1_26' title="bbox 1946 1218 3528 1287">
    <p class='ocr_par' dir='ltr' id='par_1_26' title="bbox 1946 1218 3528 1287">
     <span class='ocr_line' id='line_1_26' title="bbox 1946 1218 3528 1287; baseline 0 -14"><span class='ocrx_word' id='word_1_192' title='bbox 1946 1228 2052 1273; x_wconf 86' lang='lat' dir='ltr'><strong>tur.</strong></span> <span class='ocrx_word' id='word_1_193' title='bbox 2078 1218 2153 1273; x_wconf 88' lang='lat' dir='ltr'><strong>Ita</strong></span> <span class='ocrx_word' id='word_1_194' title='bbox 2184 1232 2316 1287; x_wconf 89' lang='lat' dir='ltr'><strong>ergo</strong></span> <span class='ocrx_word' id='word_1_195' title='bbox 2344 1218 2418 1271; x_wconf 88' lang='lat' dir='ltr'><strong>ait</strong></span> <span class='ocrx_word' id='word_1_196' title='bbox 2444 1232 2639 1286; x_wconf 89' lang='lat' dir='ltr'><strong>agnum</strong></span> <span class='ocrx_word' id='word_1_197' title='bbox 2671 1234 2736 1273; x_wconf 81' lang='lat' dir='ltr'><strong>ex</strong></span> <span class='ocrx_word' id='word_1_198' title='bbox 2763 1220 2972 1283; x_wconf 90' lang='lat' dir='ltr'><strong>ovibus,</strong></span> <span class='ocrx_word' id='word_1_199' title='bbox 2998 1230 3052 1275; x_wconf 88' lang='lat' dir='ltr'><strong>et</strong></span> <span class='ocrx_word' id='word_1_200' title='bbox 3086 1219 3295 1274; x_wconf 77' lang='lat' dir='ltr'><strong>Iucdum</strong></span> <span class='ocrx_word' id='word_1_201' title='bbox 3343 1220 3412 1275; x_wconf 91' lang='lat' dir='ltr'><strong>de</strong></span> <span class='ocrx_word' id='word_1_202' title='bbox 3449 1234 3528 1274; x_wconf 92' lang='lat' dir='ltr'><strong>ca-</strong></span> 
     </span>
    </p>
   </div>
   <div class='ocr_carea' id='block_1_27' title="bbox 1948 1312 3528 1381">
    <p class='ocr_par' dir='ltr' id='par_1_27' title="bbox 1948 1312 3528 1381">
     <span class='ocr_line' id='line_1_27' title="bbox 1948 1312 3528 1381; baseline 0.005 -20"><span class='ocrx_word' id='word_1_203' title='bbox 1948 1313 2071 1381; x_wconf 84' lang='lat' dir='ltr'><strong>pris,</strong></span> <span class='ocrx_word' id='word_1_204' title='bbox 2100 1320 2155 1366; x_wconf 90' lang='lat' dir='ltr'><strong>et</strong></span> <span class='ocrx_word' id='word_1_205' title='bbox 2178 1312 2407 1365; x_wconf 87' lang='lat' dir='ltr'><strong>vitulum</strong></span> <span class='ocrx_word' id='word_1_206' title='bbox 2438 1328 2501 1365; x_wconf 79' lang='lat' dir='ltr'><strong>ex</strong></span> <span class='ocrx_word' id='word_1_207' title='bbox 2532 1312 2723 1377; x_wconf 85' lang='lat' dir='ltr'><strong>bobus,</strong></span> <span class='ocrx_word' id='word_1_208' title='bbox 2763 1327 2824 1366; x_wconf 91' lang='lat' dir='ltr'><strong>ac</strong></span> <span class='ocrx_word' id='word_1_209' title='bbox 2858 1316 2901 1367; x_wconf 93' lang='lat' dir='ltr'><strong>si</strong></span> <span class='ocrx_word' id='word_1_210' title='bbox 2934 1314 3138 1369; x_wconf 88' lang='lat' dir='ltr'><strong>diceret</strong></span> <span class='ocrx_word' id='word_1_211' title='bbox 3166 1314 3433 1370; x_wconf 87' lang='lat' dir='ltr'><strong>hominem</strong></span> <span class='ocrx_word' id='word_1_212' title='bbox 3463 1331 3528 1369; x_wconf 80' lang='lat' dir='ltr'><strong>ex</strong></span> 
     </span>
    </p>
   </div>
   <div class='ocr_carea' id='block_1_28' title="bbox 1948 1401 3528 1475">
    <p class='ocr_par' dir='ltr' id='par_1_28' title="bbox 1948 1401 3528 1475">
     <span class='ocr_line' id='line_1_28' title="bbox 1948 1401 3528 1475; baseline 0.003 -20"><span class='ocrx_word' id='word_1_213' title='bbox 1948 1401 2272 1456; x_wconf 89' lang='lat' dir='ltr'><strong>hominibus.</strong></span> <span class='ocrx_word' id='word_1_214' title='bbox 2296 1402 2446 1467; x_wconf 82' lang='lat' dir='ltr'><strong>Quod</strong></span> <span class='ocrx_word' id='word_1_215' title='bbox 2475 1401 2687 1471; x_wconf 89' lang='lat' dir='ltr'><strong>quidem</strong></span> <span class='ocrx_word' id='word_1_216' title='bbox 2714 1404 2820 1455; x_wconf 86' lang='lat' dir='ltr'><strong>alio</strong></span> <span class='ocrx_word' id='word_1_217' title='bbox 2848 1405 2899 1457; x_wconf 91' lang='lat' dir='ltr'><strong>in</strong></span> <span class='ocrx_word' id='word_1_218' title='bbox 2923 1403 3041 1459; x_wconf 85' lang='lat' dir='ltr'><strong>loco</strong></span> <span class='ocrx_word' id='word_1_219' title='bbox 3058 1405 3265 1475; x_wconf 80' lang='lat' dir='ltr'><strong>Moyses</strong></span> <span class='ocrx_word' id='word_1_220' title='bbox 3291 1407 3528 1475; x_wconf 81' lang='lat' dir='ltr'><strong>apertius</strong></span> 
     </span>
    </p>
   </div>
   <div class='ocr_carea' id='block_1_29' title="bbox 1947 1492 3531 1565">
    <p class='ocr_par' dir='ltr' id='par_1_29' title="bbox 1947 1492 3531 1565">
     <span class='ocr_line' id='line_1_29' title="bbox 1947 1492 3531 1565; baseline 0.001 -15"><span class='ocrx_word' id='word_1_221' title='bbox 1947 1493 2083 1550; x_wconf 79' lang='lat' dir='ltr'><strong>dixit</strong></span> <span class='ocrx_word' id='word_1_222' title='bbox 2109 1512 2124 1548; x_wconf 87' lang='lat'><strong>:</strong></span> <span class='ocrx_word' id='word_1_223' title='bbox 2153 1492 2462 1565; x_wconf 83' lang='lat' dir='ltr'><strong>Pmphetam</strong></span> <span class='ocrx_word' id='word_1_224' title='bbox 2484 1495 2623 1550; x_wconf 90' lang='lat' dir='ltr'><strong>vobis</strong></span> <span class='ocrx_word' id='word_1_225' title='bbox 2646 1497 2906 1557; x_wconf 71' lang='lat' dir='ltr'><strong>suscitauit</strong></span> <span class='ocrx_word' id='word_1_226' title='bbox 2942 1499 3190 1551; x_wconf 85' lang='lat' dir='ltr'><strong>Dominus</strong></span> <span class='ocrx_word' id='word_1_227' title='bbox 3224 1496 3359 1551; x_wconf 85' lang='lat' dir='ltr'><strong>Deus</strong></span> <span class='ocrx_word' id='word_1_228' title='bbox 3375 1508 3531 1551; x_wconf 78' lang='lat' dir='ltr'><strong>vester</strong></span> 
     </span>
    </p>
   </div>
   <div class='ocr_carea' id='block_1_30' title="bbox 1948 1589 3533 1661">
    <p class='ocr_par' dir='ltr' id='par_1_30' title="bbox 1948 1589 3533 1661">
     <span class='ocr_line' id='line_1_30' title="bbox 1948 1589 3533 1661; baseline -0.002 -17"><span class='ocrx_word' id='word_1_229' title='bbox 1948 1590 2012 1644; x_wconf 87' lang='lat' dir='ltr'><strong>de</strong></span> <span class='ocrx_word' id='word_1_230' title='bbox 2033 1590 2280 1661; x_wconf 75' lang='lat' dir='ltr'><strong>fratribus</strong></span> <span class='ocrx_word' id='word_1_231' title='bbox 2311 1590 2487 1643; x_wconf 79' lang='lat' dir='ltr'><strong>vestris</strong></span> <span class='ocrx_word' id='word_1_232' title='bbox 2518 1592 2647 1644; x_wconf 86' lang='lat' dir='ltr'><strong>sicut</strong></span> <span class='ocrx_word' id='word_1_233' title='bbox 2679 1607 2773 1643; x_wconf 79' lang='lat' dir='ltr'><strong>me.</strong></span> <span class='ocrx_word' id='word_1_234' title='bbox 2814 1589 2991 1659; x_wconf 85' lang='lat' dir='ltr'><strong>Ipsum</strong></span> <span class='ocrx_word' id='word_1_235' title='bbox 3023 1593 3243 1645; x_wconf 60' lang='lat' dir='ltr'><strong>audietis</strong></span> <span class='ocrx_word' id='word_1_236' title='bbox 3288 1595 3340 1646; x_wconf 88' lang='lat' dir='ltr'><strong>iu</strong></span> <span class='ocrx_word' id='word_1_237' title='bbox 3370 1593 3533 1646; x_wconf 52' lang='lat' dir='ltr'><strong>omni.</strong></span> 
     </span>
    </p>
   </div>
   <div class='ocr_carea' id='block_1_31' title="bbox 1950 1678 3529 1749">
    <p class='ocr_par' dir='ltr' id='par_1_31' title="bbox 1950 1678 3529 1749">
     <span class='ocr_line' id='line_1_31' title="bbox 1950 1678 3529 1749; baseline 0.001 -16"><span class='ocrx_word' id='word_1_238' title='bbox 1950 1678 2396 1748; x_wconf 74' lang='lat' dir='ltr'><strong>busqutelocutus</strong></span> <span class='ocrx_word' id='word_1_239' title='bbox 2417 1679 2571 1749; x_wconf 81' lang='lat' dir='ltr'><strong>fuerit</strong></span> <span class='ocrx_word' id='word_1_240' title='bbox 2600 1678 2774 1747; x_wconf 84' lang='lat' dir='ltr'><strong>(Deut.</strong></span> <span class='ocrx_word' id='word_1_241' title='bbox 2827 1696 2974 1740; x_wconf 78' lang='lat' dir='ltr'><strong>xvnt.</strong></span> <span class='ocrx_word' id='word_1_242' title='bbox 3035 1680 3147 1749; x_wconf 74' lang='grc'><strong>15).</strong></span> <span class='ocrx_word' id='word_1_243' title='bbox 3193 1681 3260 1735; x_wconf 86' lang='lat' dir='ltr'><strong>Et</strong></span> <span class='ocrx_word' id='word_1_244' title='bbox 3298 1683 3529 1735; x_wconf 86' lang='lat' dir='ltr'><strong>iterum:</strong></span> 
     </span>
    </p>
   </div>
   <div class='ocr_carea' id='block_1_32' title="bbox 1954 1766 3533 1838">
    <p class='ocr_par' dir='ltr' id='par_1_32' title="bbox 1954 1766 3533 1838">
     <span class='ocr_line' id='line_1_32' title="bbox 1954 1766 3533 1838; baseline 0.003 -17"><span class='ocrx_word' id='word_1_245' title='bbox 1954 1766 2160 1821; x_wconf 83' lang='lat' dir='ltr'><strong>Orietur</strong></span> <span class='ocrx_word' id='word_1_246' title='bbox 2185 1768 2336 1820; x_wconf 83' lang='lat' dir='ltr'><strong>stella</strong></span> <span class='ocrx_word' id='word_1_247' title='bbox 2383 1784 2445 1821; x_wconf 76' lang='lat' dir='ltr'><strong>ex</strong></span> <span class='ocrx_word' id='word_1_248' title='bbox 2470 1767 2656 1836; x_wconf 79' lang='lat' dir='ltr'><strong>Jacob,</strong></span> <span class='ocrx_word' id='word_1_249' title='bbox 2697 1781 2743 1823; x_wconf 92' lang='lat' dir='ltr'><strong>et</strong></span> <span class='ocrx_word' id='word_1_250' title='bbox 2794 1778 3026 1838; x_wconf 75' lang='lat' dir='ltr'><strong>exsurget</strong></span> <span class='ocrx_word' id='word_1_251' title='bbox 3070 1769 3219 1822; x_wconf 81' lang='lat' dir='ltr'><strong>Itonia</strong></span> <span class='ocrx_word' id='word_1_252' title='bbox 3260 1788 3322 1823; x_wconf 79' lang='lat' dir='ltr'><strong>ea:</strong></span> <span class='ocrx_word' id='word_1_253' title='bbox 3372 1768 3533 1826; x_wconf 88' lang='lat' dir='ltr'><strong>Israel</strong></span> 
     </span>
    </p>
   </div>
   <div class='ocr_carea' id='block_1_33' title="bbox 263 1856 1843 1952">
    <p class='ocr_par' dir='ltr' id='par_1_33' title="bbox 263 1856 1843 1952">
     <span class='ocr_line' id='line_1_33' title="bbox 263 1856 1843 1952; baseline 0.002 -19"><span class='ocrx_word' id='word_1_254' title='bbox 263 1880 414 1946; x_wconf 90' lang='lat' dir='ltr'><strong>Quod</strong></span> <span class='ocrx_word' id='word_1_255' title='bbox 451 1890 503 1935; x_wconf 90' lang='lat' dir='ltr'><strong>et</strong></span> <span class='ocrx_word' id='word_1_256' title='bbox 534 1882 586 1934; x_wconf 90' lang='lat' dir='ltr'><strong>in</strong></span> <span class='ocrx_word' id='word_1_257' title='bbox 625 1879 845 1935; x_wconf 87' lang='lat' dir='ltr'><strong>Daniele</strong></span> <span class='ocrx_word' id='word_1_258' title='bbox 889 1888 1043 1936; x_wconf 87' lang='lat' dir='ltr'><strong>certo</strong></span> <span class='ocrx_word' id='word_1_259' title='bbox 1082 1878 1246 1935; x_wconf 76' lang='lat' dir='ltr'><strong>futuri</strong></span> <span class='ocrx_word' id='word_1_260' title='bbox 1302 1856 1545 1952; x_wconf 83' lang='lat' dir='ltr'><strong>mysterii</strong></span> <span class='ocrx_word' id='word_1_261' title='bbox 1587 1880 1843 1949; x_wconf 69' lang='lat' dir='ltr'><strong>praesagio</strong></span> 
     </span>
    </p>
   </div>
   <div class='ocr_carea' id='block_1_34' title="bbox 1948 1856 3534 1952">
    <p class='ocr_par' dir='ltr' id='par_1_34' title="bbox 1949 1856 3534 1930">
     <span class='ocr_line' id='line_1_34' title="bbox 1949 1856 3534 1930; baseline 0.003 -20"><span class='ocrx_word' id='word_1_262' title='bbox 1949 1856 2137 1929; x_wconf 84' lang='lat' dir='ltr'><strong>(Nunt.</strong></span> <span class='ocrx_word' id='word_1_263' title='bbox 2175 1872 2321 1923; x_wconf 72' lang='lat' dir='ltr'><strong>xstv,</strong></span> <span class='ocrx_word' id='word_1_264' title='bbox 2349 1858 2457 1927; x_wconf 82' lang='grc' dir='ltr'><strong>Π).</strong></span> <span class='ocrx_word' id='word_1_265' title='bbox 2500 1859 2561 1913; x_wconf 86' lang='lat' dir='ltr'><strong>Et</strong></span> <span class='ocrx_word' id='word_1_266' title='bbox 2589 1859 2876 1927; x_wconf 85' lang='lat' dir='ltr'><strong>Apostolus</strong></span> <span class='ocrx_word' id='word_1_267' title='bbox 2905 1877 2919 1914; x_wconf 91' lang='lat'><strong>:</strong></span> <span class='ocrx_word' id='word_1_268' title='bbox 2951 1859 3287 1930; x_wconf 77' lang='lat' dir='ltr'><strong>Manifestum</strong></span> <span class='ocrx_word' id='word_1_269' title='bbox 3329 1870 3424 1924; x_wconf 88' lang='lat' dir='ltr'><strong>est,</strong></span> <span class='ocrx_word' id='word_1_270' title='bbox 3457 1861 3534 1915; x_wconf 85' lang='lat' dir='ltr'><strong>in-</strong></span> 
     </span>
    </p>
   </div>
   <div class='ocr_carea' id='block_1_35' title="bbox 261 1968 1844 2041">
    <p class='ocr_par' dir='ltr' id='par_1_35' title="bbox 261 1968 1844 2041">
     <span class='ocr_line' id='line_1_35' title="bbox 261 1968 1844 2041; baseline 0.003 -19"><span class='ocrx_word' id='word_1_271' title='bbox 261 1968 667 2025; x_wconf 78' lang='lat' dir='ltr'><strong>demonstratur</strong></span> <span class='ocrx_word' id='word_1_272' title='bbox 693 1969 858 2041; x_wconf 87' lang='lat' dir='ltr'><strong>(Dan.</strong></span> <span class='ocrx_word' id='word_1_273' title='bbox 888 1985 947 2035; x_wconf 87' lang='grc' dir='ltr'>ιι,</span> <span class='ocrx_word' id='word_1_274' title='bbox 970 1968 1086 2040; x_wconf 72' lang='grc'><strong>54).</strong></span> <span class='ocrx_word' id='word_1_275' title='bbox 1113 1970 1237 2025; x_wconf 91' lang='lat' dir='ltr'><strong>dum</strong></span> <span class='ocrx_word' id='word_1_276' title='bbox 1259 1970 1378 2027; x_wconf 84' lang='lat' dir='ltr'><strong>sine</strong></span> <span class='ocrx_word' id='word_1_277' title='bbox 1403 1970 1649 2026; x_wconf 90' lang='lat' dir='ltr'><strong>manibus</strong></span> <span class='ocrx_word' id='word_1_278' title='bbox 1670 1972 1844 2027; x_wconf 77' lang='lat' dir='ltr'><strong>excidi</strong></span> 
     </span>
    </p>
   </div>
   <div class='ocr_carea' id='block_1_36' title="bbox 262 2059 1844 2127">
    <p class='ocr_par' dir='ltr' id='par_1_36' title="bbox 262 2059 1844 2127">
     <span class='ocr_line' id='line_1_36' title="bbox 262 2059 1844 2127; baseline 0.005 -16"><span class='ocrx_word' id='word_1_279' title='bbox 262 2059 403 2126; x_wconf 88' lang='lat' dir='ltr'><strong>lapis</strong></span> <span class='ocrx_word' id='word_1_280' title='bbox 425 2059 492 2114; x_wconf 92' lang='lat' dir='ltr'><strong>de</strong></span> <span class='ocrx_word' id='word_1_281' title='bbox 520 2071 702 2116; x_wconf 90' lang='lat' dir='ltr'><strong>monte</strong></span> <span class='ocrx_word' id='word_1_282' title='bbox 723 2061 963 2127; x_wconf 85' lang='lat' dir='ltr'><strong>videtur;</strong></span> <span class='ocrx_word' id='word_1_283' title='bbox 995 2062 1047 2117; x_wconf 93' lang='lat' dir='ltr'><strong>id</strong></span> <span class='ocrx_word' id='word_1_284' title='bbox 1087 2071 1170 2118; x_wconf 89' lang='lat' dir='ltr'><strong>est</strong></span> <span class='ocrx_word' id='word_1_285' title='bbox 1192 2061 1437 2118; x_wconf 89' lang='lat' dir='ltr'><strong>Christus</strong></span> <span class='ocrx_word' id='word_1_286' title='bbox 1470 2063 1587 2118; x_wconf 89' lang='lat' dir='ltr'><strong>sine</strong></span> <span class='ocrx_word' id='word_1_287' title='bbox 1624 2062 1844 2119; x_wconf 85' lang='lat' dir='ltr'><strong>humani</strong></span> 
     </span>
    </p>
   </div>
   <div class='ocr_carea' id='block_1_37' title="bbox 261 2151 1846 2223">
    <p class='ocr_par' dir='ltr' id='par_1_37' title="bbox 261 2151 1846 2223">
     <span class='ocr_line' id='line_1_37' title="bbox 261 2151 1846 2223; baseline 0.003 -19"><span class='ocrx_word' id='word_1_288' title='bbox 261 2151 444 2204; x_wconf 82' lang='lat' dir='ltr'><strong>coitus</strong></span> <span class='ocrx_word' id='word_1_289' title='bbox 465 2167 649 2220; x_wconf 80' lang='lat' dir='ltr'><strong>opere,</strong></span> <span class='ocrx_word' id='word_1_290' title='bbox 679 2152 748 2208; x_wconf 90' lang='lat' dir='ltr'><strong>de</strong></span> <span class='ocrx_word' id='word_1_291' title='bbox 778 2152 1007 2223; x_wconf 84' lang='lat' dir='ltr'><strong>Virginis</strong></span> <span class='ocrx_word' id='word_1_292' title='bbox 1032 2168 1258 2223; x_wconf 90' lang='lat' dir='ltr'><strong>corpore</strong></span> <span class='ocrx_word' id='word_1_293' title='bbox 1288 2153 1587 2209; x_wconf 83' lang='lat' dir='ltr'><strong>nasciturus</strong></span> <span class='ocrx_word' id='word_1_294' title='bbox 1608 2153 1846 2209; x_wconf 84' lang='lat' dir='ltr'><strong>ostendi-</strong></span> 
     </span>
    </p>
   </div>
   <div class='ocr_carea' id='block_1_38' title="bbox 264 2239 1845 2313">
    <p class='ocr_par' dir='ltr' id='par_1_38' title="bbox 264 2239 1845 2313">
     <span class='ocr_line' id='line_1_38' title="bbox 264 2239 1845 2313; baseline 0.003 -21"><span class='ocrx_word' id='word_1_295' title='bbox 264 2247 376 2292; x_wconf 74' lang='lat' dir='ltr'><strong>tur.</strong></span> <span class='ocrx_word' id='word_1_296' title='bbox 405 2239 533 2304; x_wconf 87' lang='lat' dir='ltr'><strong>Quis</strong></span> <span class='ocrx_word' id='word_1_297' title='bbox 582 2248 691 2296; x_wconf 89' lang='lat' dir='ltr'><strong>tam</strong></span> <span class='ocrx_word' id='word_1_298' title='bbox 736 2240 946 2296; x_wconf 66' lang='lat' dir='ltr'><strong>stolida:</strong></span> <span class='ocrx_word' id='word_1_299' title='bbox 975 2250 1132 2313; x_wconf 85' lang='lat' dir='ltr'><strong>atque</strong></span> <span class='ocrx_word' id='word_1_300' title='bbox 1171 2243 1359 2297; x_wconf 73' lang='lat' dir='ltr'><strong>aliena:</strong></span> <span class='ocrx_word' id='word_1_301' title='bbox 1396 2243 1593 2298; x_wconf 88' lang='lat' dir='ltr'><strong>mentis</strong></span> <span class='ocrx_word' id='word_1_302' title='bbox 1639 2242 1763 2308; x_wconf 91' lang='lat' dir='ltr'><strong>erit,</strong></span> <span class='ocrx_word' id='word_1_303' title='bbox 1788 2250 1845 2297; x_wconf 91' lang='lat' dir='ltr'><strong>ut</strong></span> 
     </span>
    </p>
   </div>
   <div class='ocr_carea' id='block_1_39' title="bbox 263 2327 1846 2399">
    <p class='ocr_par' dir='ltr' id='par_1_39' title="bbox 263 2327 1846 2399">
     <span class='ocr_line' id='line_1_39' title="bbox 263 2327 1846 2399; baseline 0.003 -17"><span class='ocrx_word' id='word_1_304' title='bbox 263 2327 497 2398; x_wconf 85' lang='lat' dir='ltr'><strong>lap&#39;dem</strong></span> <span class='ocrx_word' id='word_1_305' title='bbox 519 2331 701 2384; x_wconf 87' lang='lat' dir='ltr'><strong>credat</strong></span> <span class='ocrx_word' id='word_1_306' title='bbox 726 2330 793 2385; x_wconf 82' lang='lat' dir='ltr'><strong>da</strong></span> <span class='ocrx_word' id='word_1_307' title='bbox 823 2341 1003 2385; x_wconf 91' lang='lat' dir='ltr'><strong>monte</strong></span> <span class='ocrx_word' id='word_1_308' title='bbox 1047 2337 1167 2385; x_wconf 86' lang='lat' dir='ltr'><strong>sine</strong></span> <span class='ocrx_word' id='word_1_309' title='bbox 1208 2332 1452 2388; x_wconf 89' lang='lat' dir='ltr'><strong>manibus</strong></span> <span class='ocrx_word' id='word_1_310' title='bbox 1496 2333 1761 2399; x_wconf 80' lang='lat' dir='ltr'><strong>excisum,</strong></span> <span class='ocrx_word' id='word_1_311' title='bbox 1792 2338 1846 2387; x_wconf 91' lang='lat' dir='ltr'><strong>et</strong></span> 
     </span>
    </p>
   </div>
   <div class='ocr_carea' id='block_1_40' title="bbox 265 2417 1846 2491">
    <p class='ocr_par' dir='ltr' id='par_1_40' title="bbox 265 2417 1846 2491">
     <span class='ocr_line' id='line_1_40' title="bbox 265 2417 1846 2491; baseline 0.006 -22"><span class='ocrx_word' id='word_1_312' title='bbox 265 2417 587 2472; x_wconf 82' lang='lat' dir='ltr'><strong>noncredat</strong></span> <span class='ocrx_word' id='word_1_313' title='bbox 613 2419 880 2473; x_wconf 88' lang='lat' dir='ltr'><strong>Christum</strong></span> <span class='ocrx_word' id='word_1_314' title='bbox 905 2420 975 2475; x_wconf 88' lang='lat' dir='ltr'><strong>de</strong></span> <span class='ocrx_word' id='word_1_315' title='bbox 1002 2434 1231 2490; x_wconf 89' lang='lat' dir='ltr'><strong>corpore</strong></span> <span class='ocrx_word' id='word_1_316' title='bbox 1251 2421 1483 2491; x_wconf 87' lang='lat' dir='ltr'><strong>Virginis</strong></span> <span class='ocrx_word' id='word_1_317' title='bbox 1503 2421 1621 2477; x_wconf 86' lang='lat' dir='ltr'><strong>sine</strong></span> <span class='ocrx_word' id='word_1_318' title='bbox 1643 2422 1846 2478; x_wconf 83' lang='lat' dir='ltr'><strong>semine</strong></span> 
     </span>
    </p>
   </div>
   <div class='ocr_carea' id='block_1_41' title="bbox 268 2509 1849 2578">
    <p class='ocr_par' dir='ltr' id='par_1_41' title="bbox 268 2509 1849 2578">
     <span class='ocr_line' id='line_1_41' title="bbox 268 2509 1849 2578; baseline 0.003 -18"><span class='ocrx_word' id='word_1_319' title='bbox 268 2518 488 2570; x_wconf 83' lang='lat' dir='ltr'><strong>natum;</strong></span> <span class='ocrx_word' id='word_1_320' title='bbox 531 2522 653 2560; x_wconf 86' lang='lat' dir='ltr'><strong>cum</strong></span> <span class='ocrx_word' id='word_1_321' title='bbox 696 2510 865 2578; x_wconf 84' lang='lat' dir='ltr'><strong>magis</strong></span> <span class='ocrx_word' id='word_1_322' title='bbox 909 2509 1038 2563; x_wconf 90' lang='lat' dir='ltr'><strong>illud</strong></span> <span class='ocrx_word' id='word_1_323' title='bbox 1088 2510 1454 2565; x_wconf 88' lang='lat' dir='ltr'><strong>tantummodo</strong></span> <span class='ocrx_word' id='word_1_324' title='bbox 1487 2511 1695 2573; x_wconf 89' lang='lat' dir='ltr'><strong>visum,</strong></span> <span class='ocrx_word' id='word_1_325' title='bbox 1748 2510 1849 2565; x_wconf 90' lang='lat' dir='ltr'><strong>hoc</strong></span> 
     </span>
    </p>
   </div>
   <div class='ocr_carea' id='block_1_42' title="bbox 269 2598 1850 2667">
    <p class='ocr_par' dir='ltr' id='par_1_42' title="bbox 269 2598 1850 2667">
     <span class='ocr_line' id='line_1_42' title="bbox 269 2598 1850 2667; baseline 0.004 -16"><span class='ocrx_word' id='word_1_326' title='bbox 269 2608 453 2652; x_wconf 85' lang='lat' dir='ltr'><strong>autem</strong></span> <span class='ocrx_word' id='word_1_327' title='bbox 491 2599 834 2655; x_wconf 85' lang='lat' dir='ltr'><strong>veracissitne</strong></span> <span class='ocrx_word' id='word_1_328' title='bbox 864 2598 1020 2655; x_wconf 81' lang='lat' dir='ltr'><strong>fuerit</strong></span> <span class='ocrx_word' id='word_1_329' title='bbox 1050 2600 1284 2655; x_wconf 81' lang='lat' dir='ltr'><strong>factum?</strong></span> <span class='ocrx_word' id='word_1_330' title='bbox 1323 2602 1456 2667; x_wconf 83' lang='lat' dir='ltr'><strong>Quia</strong></span> <span class='ocrx_word' id='word_1_331' title='bbox 1499 2611 1556 2656; x_wconf 90' lang='lat' dir='ltr'><strong>ut</strong></span> <span class='ocrx_word' id='word_1_332' title='bbox 1601 2600 1850 2657; x_wconf 88' lang='lat' dir='ltr'><strong>credere-</strong></span> 
     </span>
    </p>
   </div>
   <div class='ocr_carea' id='block_1_43' title="bbox 275 2686 1850 2757">
    <p class='ocr_par' dir='ltr' id='par_1_43' title="bbox 275 2686 1850 2757">
     <span class='ocr_line' id='line_1_43' title="bbox 275 2686 1850 2757; baseline 0.003 -18"><span class='ocrx_word' id='word_1_333' title='bbox 275 2696 364 2739; x_wconf 88' lang='lat' dir='ltr'><strong>tur</strong></span> <span class='ocrx_word' id='word_1_334' title='bbox 385 2686 526 2755; x_wconf 91' lang='lat' dir='ltr'><strong>quod</strong></span> <span class='ocrx_word' id='word_1_335' title='bbox 561 2687 874 2742; x_wconf 88' lang='lat' dir='ltr'><strong>mirabiliter</strong></span> <span class='ocrx_word' id='word_1_336' title='bbox 902 2689 1134 2743; x_wconf 77' lang='lat' dir='ltr'><strong>futurum</strong></span> <span class='ocrx_word' id='word_1_337' title='bbox 1158 2700 1272 2744; x_wconf 90' lang='lat' dir='ltr'><strong>erat</strong></span> <span class='ocrx_word' id='word_1_338' title='bbox 1318 2690 1370 2743; x_wconf 92' lang='lat' dir='ltr'><strong>in</strong></span> <span class='ocrx_word' id='word_1_339' title='bbox 1409 2689 1643 2753; x_wconf 88' lang='lat' dir='ltr'><strong>Christo,</strong></span> <span class='ocrx_word' id='word_1_340' title='bbox 1690 2690 1850 2757; x_wconf 85' lang='lat' dir='ltr'><strong>mira-</strong></span> 
     </span>
    </p>
   </div>
   <div class='ocr_carea' id='block_1_44' title="bbox 270 2776 1849 2848">
    <p class='ocr_par' dir='ltr' id='par_1_44' title="bbox 270 2776 1849 2848">
     <span class='ocr_line' id='line_1_44' title="bbox 270 2776 1849 2848; baseline 0.003 -19"><span class='ocrx_word' id='word_1_341' title='bbox 270 2776 396 2829; x_wconf 83' lang='lat' dir='ltr'><strong>bilis</strong></span> <span class='ocrx_word' id='word_1_342' title='bbox 424 2777 665 2843; x_wconf 89' lang='lat' dir='ltr'><strong>ejusdem</strong></span> <span class='ocrx_word' id='word_1_343' title='bbox 713 2778 835 2832; x_wconf 78' lang='lat' dir='ltr'><strong>facti</strong></span> <span class='ocrx_word' id='word_1_344' title='bbox 879 2779 1157 2846; x_wconf 68' lang='lat' dir='ltr'><strong>praecessit</strong></span> <span class='ocrx_word' id='word_1_345' title='bbox 1195 2780 1404 2848; x_wconf 83' lang='lat' dir='ltr'><strong>imago;</strong></span> <span class='ocrx_word' id='word_1_346' title='bbox 1430 2788 1489 2833; x_wconf 89' lang='lat' dir='ltr'><strong>ut</strong></span> <span class='ocrx_word' id='word_1_347' title='bbox 1533 2778 1673 2833; x_wconf 87' lang='lat' dir='ltr'><strong>sicut</strong></span> <span class='ocrx_word' id='word_1_348' title='bbox 1717 2780 1849 2848; x_wconf 88' lang='lat' dir='ltr'><strong>lapis</strong></span> 
     </span>
    </p>
   </div>
   <div class='ocr_carea' id='block_1_45' title="bbox 268 2865 1845 2937">
    <p class='ocr_par' dir='ltr' id='par_1_45' title="bbox 268 2865 1845 2937">
     <span class='ocr_line' id='line_1_45' title="bbox 268 2865 1845 2937; baseline 0.004 -20"><span class='ocrx_word' id='word_1_349' title='bbox 268 2866 387 2918; x_wconf 87' lang='lat' dir='ltr'><strong>sine</strong></span> <span class='ocrx_word' id='word_1_350' title='bbox 408 2865 652 2920; x_wconf 73' lang='lat' dir='ltr'><strong>manibus</strong></span> <span class='ocrx_word' id='word_1_351' title='bbox 677 2865 850 2920; x_wconf 82' lang='lat' dir='ltr'><strong>excidi</strong></span> <span class='ocrx_word' id='word_1_352' title='bbox 879 2866 945 2919; x_wconf 90' lang='lat' dir='ltr'><strong>de</strong></span> <span class='ocrx_word' id='word_1_353' title='bbox 972 2877 1183 2931; x_wconf 89' lang='lat' dir='ltr'><strong>monte,</strong></span> <span class='ocrx_word' id='word_1_354' title='bbox 1210 2877 1264 2922; x_wconf 91' lang='lat' dir='ltr'><strong>et</strong></span> <span class='ocrx_word' id='word_1_355' title='bbox 1295 2868 1435 2921; x_wconf 81' lang='lat' dir='ltr'><strong>sicut</strong></span> <span class='ocrx_word' id='word_1_356' title='bbox 1471 2868 1613 2937; x_wconf 88' lang='lat' dir='ltr'><strong>virga</strong></span> <span class='ocrx_word' id='word_1_357' title='bbox 1643 2870 1845 2937; x_wconf 87' lang='lat' dir='ltr'><strong>germi-</strong></span> 
     </span>
    </p>
   </div>
   <div class='ocr_carea' id='block_1_46' title="bbox 270 2954 1847 3027">
    <p class='ocr_par' dir='ltr' id='par_1_46' title="bbox 270 2954 1847 3027">
     <span class='ocr_line' id='line_1_46' title="bbox 270 2954 1847 3027; baseline 0.002 -19"><span class='ocrx_word' id='word_1_358' title='bbox 270 2969 401 3008; x_wconf 80' lang='lat' dir='ltr'><strong>nare</strong></span> <span class='ocrx_word' id='word_1_359' title='bbox 444 2954 614 3023; x_wconf 88' lang='lat' dir='ltr'><strong>potuit</strong></span> <span class='ocrx_word' id='word_1_360' title='bbox 650 2954 768 3009; x_wconf 85' lang='lat' dir='ltr'><strong>sine</strong></span> <span class='ocrx_word' id='word_1_361' title='bbox 814 2956 1049 3024; x_wconf 87' lang='lat' dir='ltr'><strong>cespite,</strong></span> <span class='ocrx_word' id='word_1_362' title='bbox 1100 2955 1171 3010; x_wconf 89' lang='lat' dir='ltr'><strong>ita</strong></span> <span class='ocrx_word' id='word_1_363' title='bbox 1222 2955 1475 3011; x_wconf 87' lang='lat' dir='ltr'><strong>Christus</strong></span> <span class='ocrx_word' id='word_1_364' title='bbox 1514 2955 1582 3011; x_wconf 91' lang='lat' dir='ltr'><strong>de</strong></span> <span class='ocrx_word' id='word_1_365' title='bbox 1633 2956 1847 3027; x_wconf 91' lang='lat' dir='ltr'><strong>Virgine</strong></span> 
     </span>
    </p>
   </div>
   <div class='ocr_carea' id='block_1_47' title="bbox 268 3045 1847 3114">
    <p class='ocr_par' dir='ltr' id='par_1_47' title="bbox 268 3045 1847 3114">
     <span class='ocr_line' id='line_1_47' title="bbox 268 3045 1847 3114; baseline 0.004 -16"><span class='ocrx_word' id='word_1_366' title='bbox 268 3045 418 3098; x_wconf 83' lang='lat' dir='ltr'><strong>nasci</strong></span> <span class='ocrx_word' id='word_1_367' title='bbox 441 3046 670 3114; x_wconf 86' lang='lat' dir='ltr'><strong>potuerit</strong></span> <span class='ocrx_word' id='word_1_368' title='bbox 698 3047 814 3101; x_wconf 90' lang='lat' dir='ltr'><strong>sine</strong></span> <span class='ocrx_word' id='word_1_369' title='bbox 840 3046 1065 3101; x_wconf 89' lang='lat' dir='ltr'><strong>semine.</strong></span> <span class='ocrx_word' id='word_1_370' title='bbox 1096 3046 1247 3114; x_wconf 89' lang='lat' dir='ltr'><strong>Quod</strong></span> <span class='ocrx_word' id='word_1_371' title='bbox 1270 3048 1430 3103; x_wconf 88' lang='lat' dir='ltr'><strong>etiam</strong></span> <span class='ocrx_word' id='word_1_372' title='bbox 1455 3047 1621 3103; x_wconf 83' lang='lat' dir='ltr'><strong>Jacob</strong></span> <span class='ocrx_word' id='word_1_373' title='bbox 1650 3049 1701 3104; x_wconf 91' lang='lat' dir='ltr'><strong>in</strong></span> <span class='ocrx_word' id='word_1_374' title='bbox 1737 3052 1847 3105; x_wconf 88' lang='lat' dir='ltr'><strong>suis</strong></span> 
     </span>
    </p>
   </div>
   <div class='ocr_carea' id='block_1_48' title="bbox 269 3137 1846 3209">
    <p class='ocr_par' dir='ltr' id='par_1_48' title="bbox 269 3137 1846 3209">
     <span class='ocr_line' id='line_1_48' title="bbox 269 3137 1846 3209; baseline 0.003 -17"><span class='ocrx_word' id='word_1_375' title='bbox 269 3137 736 3193; x_wconf 81' lang='lat' dir='ltr'><strong>benedictionibus</strong></span> <span class='ocrx_word' id='word_1_376' title='bbox 784 3137 1057 3206; x_wconf 86' lang='lat' dir='ltr'><strong>declarat,</strong></span> <span class='ocrx_word' id='word_1_377' title='bbox 1107 3138 1233 3195; x_wconf 91' lang='lat' dir='ltr'><strong>dum</strong></span> <span class='ocrx_word' id='word_1_378' title='bbox 1273 3138 1375 3195; x_wconf 86' lang='lat' dir='ltr'><strong>sub</strong></span> <span class='ocrx_word' id='word_1_379' title='bbox 1421 3154 1647 3209; x_wconf 90' lang='lat' dir='ltr'><strong>persona</strong></span> <span class='ocrx_word' id='word_1_380' title='bbox 1694 3139 1846 3196; x_wconf 81' lang='lat' dir='ltr'><strong>Judae</strong></span> 
     </span>
    </p>
   </div>
   <div class='ocr_carea' id='block_1_49' title="bbox 1947 1947 3532 2020">
    <p class='ocr_par' dir='ltr' id='par_1_49' title="bbox 1947 1947 3532 2020">
     <span class='ocr_line' id='line_1_49' title="bbox 1947 1947 3532 2020; baseline 0.002 -18"><span class='ocrx_word' id='word_1_381' title='bbox 1947 1948 2086 2018; x_wconf 88' lang='lat' dir='ltr'><strong>quit,</strong></span> <span class='ocrx_word' id='word_1_382' title='bbox 2109 1949 2247 2017; x_wconf 84' lang='lat' dir='ltr'><strong>quod</strong></span> <span class='ocrx_word' id='word_1_383' title='bbox 2286 1965 2349 2002; x_wconf 70' lang='lat' dir='ltr'><strong>ex</strong></span> <span class='ocrx_word' id='word_1_384' title='bbox 2388 1947 2534 2005; x_wconf 78' lang='lat' dir='ltr'><strong>Iuda</strong></span> <span class='ocrx_word' id='word_1_385' title='bbox 2574 1962 2713 2003; x_wconf 85' lang='lat' dir='ltr'><strong>ortus</strong></span> <span class='ocrx_word' id='word_1_386' title='bbox 2753 1960 2825 2005; x_wconf 89' lang='lat' dir='ltr'><strong>est</strong></span> <span class='ocrx_word' id='word_1_387' title='bbox 2871 1950 3121 2004; x_wconf 83' lang='lat' dir='ltr'><strong>Dominus</strong></span> <span class='ocrx_word' id='word_1_388' title='bbox 3149 1958 3318 2004; x_wconf 83' lang='lat' dir='ltr'><strong>noster</strong></span> <span class='ocrx_word' id='word_1_389' title='bbox 3347 1949 3532 2020; x_wconf 82' lang='lat' dir='ltr'><strong>(Hebr.</strong></span> 
     </span>
    </p>
   </div>
   <div class='ocr_carea' id='block_1_50' title="bbox 1946 2038 3533 2111">
    <p class='ocr_par' dir='ltr' id='par_1_50' title="bbox 1946 2038 3533 2111">
     <span class='ocr_line' id='line_1_50' title="bbox 1946 2038 3533 2111; baseline 0.001 -18"><span class='ocrx_word' id='word_1_390' title='bbox 1946 2038 2047 2103; x_wconf 75' lang='lat' dir='ltr'><strong>vn,</strong></span> <span class='ocrx_word' id='word_1_391' title='bbox 2084 2038 2197 2108; x_wconf 74' lang='grc' dir='ltr'><strong>Η).</strong></span> <span class='ocrx_word' id='word_1_392' title='bbox 2230 2038 2293 2093; x_wconf 85' lang='lat' dir='ltr'><strong>Et</strong></span> <span class='ocrx_word' id='word_1_393' title='bbox 2322 2038 2440 2107; x_wconf 73' lang='lat' dir='ltr'><strong>ipse</strong></span> <span class='ocrx_word' id='word_1_394' title='bbox 2474 2041 2525 2094; x_wconf 92' lang='lat' dir='ltr'><strong>in</strong></span> <span class='ocrx_word' id='word_1_395' title='bbox 2560 2040 2816 2110; x_wconf 89' lang='lat' dir='ltr'><strong>propheta</strong></span> <span class='ocrx_word' id='word_1_396' title='bbox 2849 2060 2861 2094; x_wconf 90' lang='lat'><strong>:</strong></span> <span class='ocrx_word' id='word_1_397' title='bbox 2899 2041 3397 2111; x_wconf 76' lang='lat' dir='ltr'><strong>l&#39;azillis,quoniam</strong></span> <span class='ocrx_word' id='word_1_398' title='bbox 3417 2058 3533 2095; x_wconf 87' lang='lat' dir='ltr'><strong>cara</strong></span> 
     </span>
    </p>
   </div>
   <div class='ocr_carea' id='block_1_51' title="bbox 1945 2132 2850 2203">
    <p class='ocr_par' dir='ltr' id='par_1_51' title="bbox 1945 2132 2850 2203">
     <span class='ocr_line' id='line_1_51' title="bbox 1945 2132 2850 2203; baseline 0.002 -19"><span class='ocrx_word' id='word_1_399' title='bbox 1945 2147 2058 2185; x_wconf 82' lang='lat' dir='ltr'><strong>mea</strong></span> <span class='ocrx_word' id='word_1_400' title='bbox 2082 2147 2144 2186; x_wconf 82' lang='lat' dir='ltr'><strong>ea:</strong></span> <span class='ocrx_word' id='word_1_401' title='bbox 2168 2132 2293 2201; x_wconf 84' lang='lat' dir='ltr'><strong>ipsis</strong></span> <span class='ocrx_word' id='word_1_402' title='bbox 2318 2143 2392 2186; x_wconf 85' lang='lat' dir='ltr'><strong>est</strong></span> <span class='ocrx_word' id='word_1_403' title='bbox 2414 2132 2593 2203; x_wconf 79' lang='lat' dir='ltr'><strong>(Amos</strong></span> <span class='ocrx_word' id='word_1_404' title='bbox 2617 2149 2692 2199; x_wconf 79' lang='lat' dir='ltr'><strong>Ix,</strong></span> <span class='ocrx_word' id='word_1_405' title='bbox 2727 2132 2814 2202; x_wconf 65' lang='grc' dir='ltr'><strong>ιε)</strong></span> <span class='ocrx_word' id='word_1_406' title='bbox 2838 2138 2850 2186; x_wconf 91' lang='lat'><strong>!</strong></span> 
     </span>
    </p>
   </div>
   <div class='ocr_carea' id='block_1_52' title="bbox 2017 2220 3535 2296">
    <p class='ocr_par' dir='ltr' id='par_1_52' title="bbox 2017 2220 3535 2296">
     <span class='ocr_line' id='line_1_52' title="bbox 2017 2220 3535 2296; baseline 0.003 -21"><span class='ocrx_word' id='word_1_407' title='bbox 2017 2220 2103 2275; x_wconf 91' lang='lat' dir='ltr'><strong>Vl.</strong></span> <span class='ocrx_word' id='word_1_408' title='bbox 2144 2222 2443 2291; x_wconf 82' lang='lat' dir='ltr'><strong>Manipulus</strong></span> <span class='ocrx_word' id='word_1_409' title='bbox 2496 2239 2708 2293; x_wconf 90' lang='lat' dir='ltr'><strong>quoque</strong></span> <span class='ocrx_word' id='word_1_410' title='bbox 2755 2225 3110 2294; x_wconf 88' lang='lat' dir='ltr'><strong>piiinitiarum</strong></span> <span class='ocrx_word' id='word_1_411' title='bbox 3153 2240 3220 2279; x_wconf 78' lang='lat' dir='ltr'><strong>ex</strong></span> <span class='ocrx_word' id='word_1_412' title='bbox 3266 2226 3535 2296; x_wconf 87' lang='lat' dir='ltr'><strong>segetibus</strong></span> 
     </span>
    </p>
   </div>
   <div class='ocr_carea' id='block_1_53' title="bbox 1946 2311 3535 2387">
    <p class='ocr_par' dir='ltr' id='par_1_53' title="bbox 1946 2311 3535 2387">
     <span class='ocr_line' id='line_1_53' title="bbox 1946 2311 3535 2387; baseline 0.002 -21"><span class='ocrx_word' id='word_1_413' title='bbox 1946 2311 2125 2367; x_wconf 67' lang='lat' dir='ltr'><strong>offerri</strong></span> <span class='ocrx_word' id='word_1_414' title='bbox 2155 2312 2382 2367; x_wconf 86' lang='lat' dir='ltr'><strong>Domino</strong></span> <span class='ocrx_word' id='word_1_415' title='bbox 2430 2322 2484 2368; x_wconf 93' lang='lat' dir='ltr'><strong>ct</strong></span> <span class='ocrx_word' id='word_1_416' title='bbox 2527 2315 2829 2369; x_wconf 87' lang='lat' dir='ltr'><strong>consecrari</strong></span> <span class='ocrx_word' id='word_1_417' title='bbox 2876 2315 3097 2385; x_wconf 84' lang='lat' dir='ltr'><strong>juhctur</strong></span> <span class='ocrx_word' id='word_1_418' title='bbox 3138 2316 3325 2383; x_wconf 76' lang='lat' dir='ltr'><strong>(Levii.</strong></span> <span class='ocrx_word' id='word_1_419' title='bbox 3374 2332 3535 2387; x_wconf 79' lang='lat' dir='ltr'><strong>mn,</strong></span> 
     </span>
    </p>
   </div>
   <div class='ocr_carea' id='block_1_54' title="bbox 1949 2403 3536 2477">
    <p class='ocr_par' dir='ltr' id='par_1_54' title="bbox 1949 2403 3536 2477">
     <span class='ocr_line' id='line_1_54' title="bbox 1949 2403 3536 2477; baseline 0.003 -20"><span class='ocrx_word' id='word_1_420' title='bbox 1949 2403 2061 2472; x_wconf 80' lang='grc'><strong>10).</strong></span> <span class='ocrx_word' id='word_1_421' title='bbox 2093 2404 2223 2470; x_wconf 88' lang='lat' dir='ltr'><strong>Quis</strong></span> <span class='ocrx_word' id='word_1_422' title='bbox 2261 2413 2437 2458; x_wconf 88' lang='lat' dir='ltr'><strong>autem</strong></span> <span class='ocrx_word' id='word_1_423' title='bbox 2479 2406 2683 2461; x_wconf 88' lang='lat' dir='ltr'><strong>dubitet</strong></span> <span class='ocrx_word' id='word_1_424' title='bbox 2735 2406 2874 2462; x_wconf 86' lang='lat' dir='ltr'><strong>hune</strong></span> <span class='ocrx_word' id='word_1_425' title='bbox 2912 2408 3240 2475; x_wconf 86' lang='lat' dir='ltr'><strong>manipulum</strong></span> <span class='ocrx_word' id='word_1_426' title='bbox 3272 2410 3536 2477; x_wconf 85' lang='lat' dir='ltr'><strong>primitia-</strong></span> 
     </span>
    </p>
   </div>
   <div class='ocr_carea' id='block_1_55' title="bbox 1949 2492 3535 2567">
    <p class='ocr_par' dir='ltr' id='par_1_55' title="bbox 1949 2492 3535 2567">
     <span class='ocr_line' id='line_1_55' title="bbox 1949 2492 3535 2567; baseline 0.005 -22"><span class='ocrx_word' id='word_1_427' title='bbox 1949 2508 2066 2546; x_wconf 87' lang='lat' dir='ltr'><strong>rum</strong></span> <span class='ocrx_word' id='word_1_428' title='bbox 2097 2493 2374 2547; x_wconf 87' lang='lat' dir='ltr'><strong>Dominum</strong></span> <span class='ocrx_word' id='word_1_429' title='bbox 2402 2510 2520 2549; x_wconf 90' lang='lat' dir='ltr'><strong>esse</strong></span> <span class='ocrx_word' id='word_1_430' title='bbox 2550 2492 2729 2550; x_wconf 85' lang='lat' dir='ltr'><strong>Jest&#39;tm</strong></span> <span class='ocrx_word' id='word_1_431' title='bbox 2759 2495 3031 2551; x_wconf 88' lang='lat' dir='ltr'><strong>Christum</strong></span> <span class='ocrx_word' id='word_1_432' title='bbox 3085 2498 3153 2554; x_wconf 90' lang='lat' dir='ltr'><strong>de</strong></span> <span class='ocrx_word' id='word_1_433' title='bbox 3181 2499 3393 2567; x_wconf 77' lang='lat' dir='ltr'><strong>quolex</strong></span> <span class='ocrx_word' id='word_1_434' title='bbox 3424 2499 3535 2553; x_wconf 85' lang='lat' dir='ltr'><strong>ait:</strong></span> 
     </span>
    </p>
   </div>
   <div class='ocr_carea' id='block_1_56' title="bbox 1955 2581 3532 2653">
    <p class='ocr_par' dir='ltr' id='par_1_56' title="bbox 1955 2581 3532 2653">
     <span class='ocr_line' id='line_1_56' title="bbox 1955 2581 3532 2653; baseline 0.004 -19"><span class='ocrx_word' id='word_1_435' title='bbox 1955 2581 2115 2635; x_wconf 82' lang='lat' dir='ltr'><strong>Omne</strong></span> <span class='ocrx_word' id='word_1_436' title='bbox 2142 2584 2453 2651; x_wconf 86' lang='lat' dir='ltr'><strong>primitivum</strong></span> <span class='ocrx_word' id='word_1_437' title='bbox 2493 2584 2630 2653; x_wconf 87' lang='lat' dir='ltr'><strong>quod</strong></span> <span class='ocrx_word' id='word_1_438' title='bbox 2678 2587 2841 2653; x_wconf 86' lang='lat' dir='ltr'><strong>aperit</strong></span> <span class='ocrx_word' id='word_1_439' title='bbox 2886 2588 3105 2652; x_wconf 81' lang='lat' dir='ltr'><strong>vulvam,</strong></span> <span class='ocrx_word' id='word_1_440' title='bbox 3160 2596 3392 2641; x_wconf 77' lang='lat' dir='ltr'><strong>sanctum</strong></span> <span class='ocrx_word' id='word_1_441' title='bbox 3428 2588 3532 2640; x_wconf 89' lang='lat' dir='ltr'><strong>Do-</strong></span> 
     </span>
    </p>
   </div>
   <div class='ocr_carea' id='block_1_57' title="bbox 1952 2673 3537 2747">
    <p class='ocr_par' dir='ltr' id='par_1_57' title="bbox 1952 2673 3537 2747">
     <span class='ocr_line' id='line_1_57' title="bbox 1952 2673 3537 2747; baseline 0.003 -21"><span class='ocrx_word' id='word_1_442' title='bbox 1952 2677 2091 2727; x_wconf 86' lang='lat' dir='ltr'><strong>mino</strong></span> <span class='ocrx_word' id='word_1_443' title='bbox 2122 2674 2379 2728; x_wconf 87' lang='lat' dir='ltr'><strong>vocabitur</strong></span> <span class='ocrx_word' id='word_1_444' title='bbox 2405 2673 2601 2744; x_wconf 65' lang='lat' dir='ltr'><strong>(Exod.</strong></span> <span class='ocrx_word' id='word_1_445' title='bbox 2633 2691 2757 2741; x_wconf 77' lang='lat' dir='ltr'><strong>snt,</strong></span> <span class='ocrx_word' id='word_1_446' title='bbox 2779 2674 2871 2747; x_wconf 72' lang='lat'><strong>2)?</strong></span> <span class='ocrx_word' id='word_1_447' title='bbox 2905 2677 3056 2733; x_wconf 76' lang='lat' dir='ltr'><strong>Unde</strong></span> <span class='ocrx_word' id='word_1_448' title='bbox 3084 2678 3307 2746; x_wconf 80' lang='lat' dir='ltr'><strong>angelus</strong></span> <span class='ocrx_word' id='word_1_449' title='bbox 3330 2677 3397 2731; x_wconf 88' lang='lat' dir='ltr'><strong>ad</strong></span> <span class='ocrx_word' id='word_1_450' title='bbox 3429 2678 3537 2731; x_wconf 84' lang='lat' dir='ltr'><strong>Ma-</strong></span> 
     </span>
    </p>
   </div>
   <div class='ocr_carea' id='block_1_58' title="bbox 1950 2766 3538 2837">
    <p class='ocr_par' dir='ltr' id='par_1_58' title="bbox 1950 2766 3538 2837">
     <span class='ocr_line' id='line_1_58' title="bbox 1950 2766 3538 2837; baseline 0.001 -16"><span class='ocrx_word' id='word_1_451' title='bbox 1950 2766 2085 2822; x_wconf 89' lang='lat' dir='ltr'><strong>riam</strong></span> <span class='ocrx_word' id='word_1_452' title='bbox 2121 2785 2131 2819; x_wconf 95' lang='lat'>:</span> <span class='ocrx_word' id='word_1_453' title='bbox 2175 2768 2474 2835; x_wconf 75' lang='lat' dir='ltr'><strong>Drapterea,</strong></span> <span class='ocrx_word' id='word_1_454' title='bbox 2511 2768 2697 2837; x_wconf 88' lang='lat' dir='ltr'><strong>inquit,</strong></span> <span class='ocrx_word' id='word_1_455' title='bbox 2726 2769 2862 2836; x_wconf 89' lang='lat' dir='ltr'><strong>quod</strong></span> <span class='ocrx_word' id='word_1_456' title='bbox 2884 2777 3118 2823; x_wconf 84' lang='lat' dir='ltr'><strong>nascetur</strong></span> <span class='ocrx_word' id='word_1_457' title='bbox 3138 2786 3199 2824; x_wconf 67' lang='lat' dir='ltr'><strong>ex</strong></span> <span class='ocrx_word' id='word_1_458' title='bbox 3220 2778 3286 2834; x_wconf 89' lang='lat' dir='ltr'><strong>te,</strong></span> <span class='ocrx_word' id='word_1_459' title='bbox 3310 2780 3538 2823; x_wconf 86' lang='lat' dir='ltr'><strong>sanctum</strong></span> 
     </span>
    </p>
   </div>
   <div class='ocr_carea' id='block_1_59' title="bbox 1949 2856 3538 2928">
    <p class='ocr_par' dir='ltr' id='par_1_59' title="bbox 1949 2856 3538 2928">
     <span class='ocr_line' id='line_1_59' title="bbox 1949 2856 3538 2928; baseline 0.001 -17"><span class='ocrx_word' id='word_1_460' title='bbox 1949 2857 2223 2922; x_wconf 84' lang='lat' dir='ltr'><strong>vocabitur,</strong></span> <span class='ocrx_word' id='word_1_461' title='bbox 2258 2857 2302 2910; x_wconf 84' lang='lat' dir='ltr'><em>F</em></span> <span class='ocrx_word' id='word_1_462' title='bbox 2305 2860 2423 2912; x_wconf 86' lang='lat' dir='ltr'><strong>ilius</strong></span> <span class='ocrx_word' id='word_1_463' title='bbox 2468 2858 2564 2912; x_wconf 89' lang='lat' dir='ltr'><strong>Dei</strong></span> <span class='ocrx_word' id='word_1_464' title='bbox 2606 2858 2758 2927; x_wconf 86' lang='lat' dir='ltr'><strong>(Luc.</strong></span> <span class='ocrx_word' id='word_1_465' title='bbox 2795 2875 2842 2926; x_wconf 88' lang='lat' dir='ltr'><strong>t,</strong></span> <span class='ocrx_word' id='word_1_466' title='bbox 2873 2856 2985 2927; x_wconf 76' lang='lat'><strong>55).</strong></span> <span class='ocrx_word' id='word_1_467' title='bbox 3019 2858 3117 2913; x_wconf 83' lang='lat' dir='ltr'><strong>llic</strong></span> <span class='ocrx_word' id='word_1_468' title='bbox 3150 2859 3328 2928; x_wconf 89' lang='lat' dir='ltr'><strong>itaque</strong></span> <span class='ocrx_word' id='word_1_469' title='bbox 3369 2859 3538 2913; x_wconf 85' lang='lat' dir='ltr'><strong>mani-</strong></span> 
     </span>
    </p>
   </div>
   <div class='ocr_carea' id='block_1_60' title="bbox 1949 2947 3537 3022">
    <p class='ocr_par' dir='ltr' id='par_1_60' title="bbox 1949 2947 3537 3022">
     <span class='ocr_line' id='line_1_60' title="bbox 1949 2947 3537 3022; baseline 0.003 -19"><span class='ocrx_word' id='word_1_470' title='bbox 1949 2951 2125 3022; x_wconf 91' lang='lat' dir='ltr'><strong>pulus,</strong></span> <span class='ocrx_word' id='word_1_471' title='bbox 2165 2966 2231 3006; x_wconf 79' lang='lat' dir='ltr'><strong>ex</strong></span> <span class='ocrx_word' id='word_1_472' title='bbox 2274 2947 2455 3019; x_wconf 78' lang='lat' dir='ltr'><strong>segete</strong></span> <span class='ocrx_word' id='word_1_473' title='bbox 2483 2952 2659 3020; x_wconf 89' lang='lat' dir='ltr'><strong>gentis</strong></span> <span class='ocrx_word' id='word_1_474' title='bbox 2702 2950 3011 3006; x_wconf 71' lang='lat' dir='ltr'><strong>Judzeoruni</strong></span> <span class='ocrx_word' id='word_1_475' title='bbox 3057 2960 3385 3019; x_wconf 81' lang='lat' dir='ltr'><strong>assumptus,</strong></span> <span class='ocrx_word' id='word_1_476' title='bbox 3429 2951 3537 3007; x_wconf 89' lang='lat' dir='ltr'><strong>Deo</strong></span> 
     </span>
    </p>
   </div>
   <div class='ocr_carea' id='block_1_61' title="bbox 1950 3042 3537 3112">
    <p class='ocr_par' dir='ltr' id='par_1_61' title="bbox 1950 3042 3537 3112">
     <span class='ocr_line' id='line_1_61' title="bbox 1950 3042 3537 3112; baseline -0.001 -14"><span class='ocrx_word' id='word_1_477' title='bbox 1950 3042 2091 3098; x_wconf 87' lang='lat' dir='ltr'><strong>Patri</strong></span> <span class='ocrx_word' id='word_1_478' title='bbox 2122 3052 2207 3098; x_wconf 85' lang='lat' dir='ltr'><strong>est</strong></span> <span class='ocrx_word' id='word_1_479' title='bbox 2228 3058 2323 3111; x_wconf 89' lang='lat' dir='ltr'><strong>per</strong></span> <span class='ocrx_word' id='word_1_480' title='bbox 2349 3046 2650 3111; x_wconf 75' lang='lat' dir='ltr'><strong>passionem</strong></span> <span class='ocrx_word' id='word_1_481' title='bbox 2683 3042 2869 3098; x_wconf 83' lang='lat' dir='ltr'><strong>mortis</strong></span> <span class='ocrx_word' id='word_1_482' title='bbox 2895 3043 3107 3097; x_wconf 89' lang='lat' dir='ltr'><strong>oblatus</strong></span> <span class='ocrx_word' id='word_1_483' title='bbox 3138 3061 3151 3096; x_wconf 90' lang='lat'><strong>:</strong></span> <span class='ocrx_word' id='word_1_484' title='bbox 3181 3042 3372 3112; x_wconf 90' lang='lat' dir='ltr'><strong>dequo</strong></span> <span class='ocrx_word' id='word_1_485' title='bbox 3393 3044 3537 3110; x_wconf 81' lang='lat' dir='ltr'><strong>Apo-</strong></span> 
     </span>
    </p>
   </div>
   <div class='ocr_carea' id='block_1_62' title="bbox 1950 3131 3537 3203">
    <p class='ocr_par' dir='ltr' id='par_1_62' title="bbox 1950 3131 3537 3203">
     <span class='ocr_line' id='line_1_62' title="bbox 1950 3131 3537 3203; baseline 0 -16"><span class='ocrx_word' id='word_1_486' title='bbox 1950 3134 2152 3187; x_wconf 86' lang='lat' dir='ltr'><strong>stolus:</strong></span> <span class='ocrx_word' id='word_1_487' title='bbox 2186 3132 2460 3196; x_wconf 77' lang='lat' dir='ltr'><strong>Primitiir,</strong></span> <span class='ocrx_word' id='word_1_488' title='bbox 2484 3132 2675 3203; x_wconf 89' lang='lat' dir='ltr'><strong>inquit,</strong></span> <span class='ocrx_word' id='word_1_489' title='bbox 2695 3134 3057 3188; x_wconf 86' lang='lat' dir='ltr'><strong>dormientium</strong></span> <span class='ocrx_word' id='word_1_490' title='bbox 3082 3133 3311 3188; x_wconf 79' lang='lat' dir='ltr'><strong>Christus</strong></span> <span class='ocrx_word' id='word_1_491' title='bbox 3342 3131 3395 3202; x_wconf 90' lang='lat' dir='ltr'><strong>(I</strong></span> <span class='ocrx_word' id='word_1_492' title='bbox 3419 3134 3537 3187; x_wconf 88' lang='lat' dir='ltr'><strong>Cor.</strong></span> 
     </span>
    </p>
   </div>
   <div class='ocr_carea' id='block_1_63' title="bbox 268 3222 3535 3299">
    <p class='ocr_par' dir='ltr' id='par_1_63' title="bbox 268 3222 3535 3299">
     <span class='ocr_line' id='line_1_63' title="bbox 268 3222 3535 3299; baseline -0.001 -17"><span class='ocrx_word' id='word_1_493' title='bbox 268 3228 606 3298; x_wconf 83' lang='lat' dir='ltr'><strong>prophetiam</strong></span> <span class='ocrx_word' id='word_1_494' title='bbox 630 3235 779 3299; x_wconf 86' lang='lat' dir='ltr'><strong>aptat</strong></span> <span class='ocrx_word' id='word_1_495' title='bbox 806 3237 859 3284; x_wconf 91' lang='lat' dir='ltr'><strong>et</strong></span> <span class='ocrx_word' id='word_1_496' title='bbox 878 3229 1062 3298; x_wconf 89' lang='lat' dir='ltr'><strong>dirigit</strong></span> <span class='ocrx_word' id='word_1_497' title='bbox 1088 3228 1143 3283; x_wconf 92' lang='lat' dir='ltr'><strong>in</strong></span> <span class='ocrx_word' id='word_1_498' title='bbox 1173 3229 1471 3296; x_wconf 88' lang='lat' dir='ltr'><strong>Christum,</strong></span> <span class='ocrx_word' id='word_1_499' title='bbox 1509 3230 1691 3285; x_wconf 84' lang='lat' dir='ltr'><strong>dicens</strong></span> <span class='ocrx_word' id='word_1_500' title='bbox 1716 3247 1729 3283; x_wconf 89' lang='lat'><strong>:</strong></span> <span class='ocrx_word' id='word_1_501' title='bbox 1764 3229 1845 3283; x_wconf 79' lang='lat' dir='ltr'><strong>Ea:</strong></span> <span class='ocrx_word' id='word_1_502' title='bbox 1871 3228 1918 3291; x_wconf 87' lang='lat' dir='ltr'><strong>C</strong></span> <span class='ocrx_word' id='word_1_503' title='bbox 1950 3238 2039 3286; x_wconf 82' lang='lat' dir='ltr'><strong>xv,</strong></span> <span class='ocrx_word' id='word_1_504' title='bbox 2063 3224 2180 3290; x_wconf 74' lang='lat'><strong>20).</strong></span> <span class='ocrx_word' id='word_1_505' title='bbox 2225 3225 2288 3278; x_wconf 67' lang='lat' dir='ltr'><strong>lit</strong></span> <span class='ocrx_word' id='word_1_506' title='bbox 2332 3224 2525 3278; x_wconf 90' lang='lat' dir='ltr'><strong>iterum</strong></span> <span class='ocrx_word' id='word_1_507' title='bbox 2556 3242 2568 3276; x_wconf 90' lang='lat'>:</span> <span class='ocrx_word' id='word_1_508' title='bbox 2604 3223 2822 3278; x_wconf 81' lang='lat' dir='ltr'><strong>Initium</strong></span> <span class='ocrx_word' id='word_1_509' title='bbox 2849 3222 3082 3279; x_wconf 83' lang='lat' dir='ltr'><strong>Christus</strong></span> <span class='ocrx_word' id='word_1_510' title='bbox 3111 3239 3129 3279; x_wconf 92' lang='lat'><strong><em>:</em></strong></span> <span class='ocrx_word' id='word_1_511' title='bbox 3158 3224 3343 3279; x_wconf 87' lang='lat' dir='ltr'><strong>deinde</strong></span> <span class='ocrx_word' id='word_1_512' title='bbox 3369 3226 3423 3279; x_wconf 78' lang='lat' dir='ltr'><strong>lii</strong></span> <span class='ocrx_word' id='word_1_513' title='bbox 3451 3243 3535 3295; x_wconf 77' lang='lat' dir='ltr'><strong>qui</strong></span> 
     </span>
    </p>
   </div>
   <div class='ocr_carea' id='block_1_64' title="bbox 264 3316 1847 3390">
    <p class='ocr_par' dir='ltr' id='par_1_64' title="bbox 264 3316 1847 3390">
     <span class='ocr_line' id='line_1_64' title="bbox 264 3316 1847 3390; baseline 0.001 -20"><span class='ocrx_word' id='word_1_514' title='bbox 264 3319 492 3390; x_wconf 75' lang='lat' dir='ltr'><strong>germine</strong></span> <span class='ocrx_word' id='word_1_515' title='bbox 520 3318 645 3372; x_wconf 81' lang='lat' dir='ltr'><strong>mihi</strong></span> <span class='ocrx_word' id='word_1_516' title='bbox 672 3318 942 3373; x_wconf 84' lang='lat' dir='ltr'><strong>ascendisti</strong></span> <span class='ocrx_word' id='word_1_517' title='bbox 976 3316 1128 3388; x_wconf 87' lang='lat' dir='ltr'><strong>(Gen.</strong></span> <span class='ocrx_word' id='word_1_518' title='bbox 1170 3334 1322 3382; x_wconf 77' lang='lat' dir='ltr'><strong>xm,</strong></span> <span class='ocrx_word' id='word_1_519' title='bbox 1361 3317 1457 3385; x_wconf 41' lang='lat'><strong>9).,</strong></span> <span class='ocrx_word' id='word_1_520' title='bbox 1481 3317 1595 3372; x_wconf 81' lang='lat' dir='ltr'><strong>Non</strong></span> <span class='ocrx_word' id='word_1_521' title='bbox 1641 3318 1736 3384; x_wconf 87' lang='lat' dir='ltr'><strong>ait,</strong></span> <span class='ocrx_word' id='word_1_522' title='bbox 1780 3334 1847 3373; x_wconf 76' lang='lat' dir='ltr'><strong>ex</strong></span> 
     </span>
    </p>
   </div>
   <div class='ocr_carea' id='block_1_65' title="bbox 260 3406 1848 3479">
    <p class='ocr_par' dir='ltr' id='par_1_65' title="bbox 260 3406 1848 3479">
     <span class='ocr_line' id='line_1_65' title="bbox 260 3406 1848 3479; baseline -0.001 -16"><span class='ocrx_word' id='word_1_523' title='bbox 260 3407 496 3474; x_wconf 76' lang='lat' dir='ltr'><strong>scniine,</strong></span> <span class='ocrx_word' id='word_1_524' title='bbox 519 3406 614 3463; x_wconf 85' lang='lat' dir='ltr'><strong>sed</strong></span> <span class='ocrx_word' id='word_1_525' title='bbox 637 3423 701 3462; x_wconf 81' lang='lat' dir='ltr'><strong>ex</strong></span> <span class='ocrx_word' id='word_1_526' title='bbox 723 3410 991 3478; x_wconf 88' lang='lat' dir='ltr'><strong>germine;</strong></span> <span class='ocrx_word' id='word_1_527' title='bbox 1025 3408 1166 3463; x_wconf 91' lang='lat' dir='ltr'><strong>illius</strong></span> <span class='ocrx_word' id='word_1_528' title='bbox 1190 3408 1307 3464; x_wconf 90' lang='lat' dir='ltr'><strong>sine</strong></span> <span class='ocrx_word' id='word_1_529' title='bbox 1333 3408 1493 3463; x_wconf 90' lang='lat' dir='ltr'><strong>dubio</strong></span> <span class='ocrx_word' id='word_1_530' title='bbox 1523 3408 1706 3479; x_wconf 73' lang='lat' dir='ltr'><strong>virgae,</strong></span> <span class='ocrx_word' id='word_1_531' title='bbox 1729 3426 1848 3476; x_wconf 65' lang='lat' dir='ltr'><strong>quin</strong></span> 
     </span>
    </p>
   </div>
   <div class='ocr_carea' id='block_1_66' title="bbox 261 3494 1845 3568">
    <p class='ocr_par' dir='ltr' id='par_1_66' title="bbox 261 3494 1845 3568">
     <span class='ocr_line' id='line_1_66' title="bbox 261 3494 1845 3568; baseline 0.003 -18"><span class='ocrx_word' id='word_1_532' title='bbox 261 3495 335 3550; x_wconf 84' lang='lat' dir='ltr'><strong>de</strong></span> <span class='ocrx_word' id='word_1_533' title='bbox 363 3494 518 3551; x_wconf 83' lang='lat' dir='ltr'><strong>Jesse</strong></span> <span class='ocrx_word' id='word_1_534' title='bbox 555 3504 671 3551; x_wconf 88' lang='lat' dir='ltr'><strong>orta</strong></span> <span class='ocrx_word' id='word_1_535' title='bbox 710 3497 917 3562; x_wconf 89' lang='lat' dir='ltr'><strong>radice,</strong></span> <span class='ocrx_word' id='word_1_536' title='bbox 961 3512 1100 3554; x_wconf 82' lang='lat' dir='ltr'><strong>novo</strong></span> <span class='ocrx_word' id='word_1_537' title='bbox 1142 3497 1381 3553; x_wconf 90' lang='lat' dir='ltr'><strong>miraculi</strong></span> <span class='ocrx_word' id='word_1_538' title='bbox 1424 3512 1643 3568; x_wconf 89' lang='lat' dir='ltr'><strong>genere,</strong></span> <span class='ocrx_word' id='word_1_539' title='bbox 1689 3497 1845 3554; x_wconf 88' lang='lat' dir='ltr'><strong>Chri-</strong></span> 
     </span>
    </p>
   </div>
   <div class='ocr_carea' id='block_1_67' title="bbox 260 3589 1076 3661">
    <p class='ocr_par' dir='ltr' id='par_1_67' title="bbox 260 3589 1076 3661">
     <span class='ocr_line' id='line_1_67' title="bbox 260 3589 1076 3661; baseline 0 -16"><span class='ocrx_word' id='word_1_540' title='bbox 260 3598 410 3646; x_wconf 84' lang='lat' dir='ltr'><strong>stum</strong></span> <span class='ocrx_word' id='word_1_541' title='bbox 434 3589 712 3645; x_wconf 88' lang='lat' dir='ltr'><strong>Dominum</strong></span> <span class='ocrx_word' id='word_1_542' title='bbox 738 3591 1076 3661; x_wconf 78' lang='lat' dir='ltr'><strong>germinavit.</strong></span> 
     </span>
    </p>
   </div>
   <div class='ocr_carea' id='block_1_68' title="bbox 342 3680 1845 3749">
    <p class='ocr_par' dir='ltr' id='par_1_68' title="bbox 342 3680 1845 3749">
     <span class='ocr_line' id='line_1_68' title="bbox 342 3680 1845 3749; baseline -0.001 -14"><span class='ocrx_word' id='word_1_543' title='bbox 342 3680 404 3735; x_wconf 91' lang='lat' dir='ltr'><strong>V.</strong></span> <span class='ocrx_word' id='word_1_544' title='bbox 445 3681 725 3737; x_wconf 74' lang='lat' dir='ltr'><strong>Videamus</strong></span> <span class='ocrx_word' id='word_1_545' title='bbox 751 3690 928 3736; x_wconf 89' lang='lat' dir='ltr'><strong>autem</strong></span> <span class='ocrx_word' id='word_1_546' title='bbox 960 3690 1254 3736; x_wconf 68' lang='lat' dir='ltr'><strong>etcaateras</strong></span> <span class='ocrx_word' id='word_1_547' title='bbox 1282 3680 1687 3749; x_wconf 89' lang='lat' dir='ltr'><strong>similitudines,</strong></span> <span class='ocrx_word' id='word_1_548' title='bbox 1730 3680 1845 3748; x_wconf 79' lang='lat' dir='ltr'><strong>qni-</strong></span> 
     </span>
    </p>
   </div>
   <div class='ocr_carea' id='block_1_69' title="bbox 259 3774 1844 3845">
    <p class='ocr_par' dir='ltr' id='par_1_69' title="bbox 259 3774 1844 3845">
     <span class='ocr_line' id='line_1_69' title="bbox 259 3774 1844 3845; baseline -0.001 -14"><span class='ocrx_word' id='word_1_549' title='bbox 259 3775 367 3831; x_wconf 74' lang='lat' dir='ltr'><strong>lius</strong></span> <span class='ocrx_word' id='word_1_550' title='bbox 386 3776 687 3832; x_wconf 86' lang='lat' dir='ltr'><strong>ostenditur</strong></span> <span class='ocrx_word' id='word_1_551' title='bbox 712 3776 989 3841; x_wconf 84' lang='lat' dir='ltr'><strong>Christus,</strong></span> <span class='ocrx_word' id='word_1_552' title='bbox 1031 3791 1095 3829; x_wconf 82' lang='lat' dir='ltr'><strong>ex</strong></span> <span class='ocrx_word' id='word_1_553' title='bbox 1126 3774 1399 3829; x_wconf 88' lang='lat' dir='ltr'><strong>hominum</strong></span> <span class='ocrx_word' id='word_1_554' title='bbox 1436 3790 1631 3845; x_wconf 82' lang='lat' dir='ltr'><strong>genere</strong></span> <span class='ocrx_word' id='word_1_555' title='bbox 1665 3775 1844 3829; x_wconf 86' lang='lat' dir='ltr'><strong>carnis</strong></span> 
     </span>
    </p>
   </div>
   <div class='ocr_carea' id='block_1_70' title="bbox 258 3864 1842 3938">
    <p class='ocr_par' dir='ltr' id='par_1_70' title="bbox 258 3864 1842 3938">
     <span class='ocr_line' id='line_1_70' title="bbox 258 3864 1842 3938; baseline -0.002 -17"><span class='ocrx_word' id='word_1_556' title='bbox 258 3867 625 3938; x_wconf 84' lang='lat' dir='ltr'><strong>assumpsisse</strong></span> <span class='ocrx_word' id='word_1_557' title='bbox 672 3877 939 3922; x_wconf 87' lang='lat' dir='ltr'><strong>naturam.</strong></span> <span class='ocrx_word' id='word_1_558' title='bbox 999 3866 1229 3922; x_wconf 91' lang='lat' dir='ltr'><strong>Vitulum</strong></span> <span class='ocrx_word' id='word_1_559' title='bbox 1284 3880 1415 3935; x_wconf 87' lang='lat' dir='ltr'><strong>ergo</strong></span> <span class='ocrx_word' id='word_1_560' title='bbox 1477 3865 1558 3918; x_wconf 89' lang='lat' dir='ltr'><strong>vel</strong></span> <span class='ocrx_word' id='word_1_561' title='bbox 1612 3864 1842 3929; x_wconf 81' lang='lat' dir='ltr'><strong>bovem,</strong></span> 
     </span>
    </p>
   </div>
   <div class='ocr_carea' id='block_1_71' title="bbox 259 3954 1840 4027">
    <p class='ocr_par' dir='ltr' id='par_1_71' title="bbox 259 3954 1840 4027">
     <span class='ocr_line' id='line_1_71' title="bbox 259 3954 1840 4027; baseline -0.001 -17"><span class='ocrx_word' id='word_1_562' title='bbox 259 3972 459 4027; x_wconf 87' lang='lat' dir='ltr'><strong>agnum</strong></span> <span class='ocrx_word' id='word_1_563' title='bbox 498 3968 553 4014; x_wconf 92' lang='lat' dir='ltr'><strong>et</strong></span> <span class='ocrx_word' id='word_1_564' title='bbox 598 3958 810 4014; x_wconf 71' lang='lat' dir='ltr'><strong>haedum</strong></span> <span class='ocrx_word' id='word_1_565' title='bbox 861 3957 1107 4012; x_wconf 88' lang='lat' dir='ltr'><strong>eumdem</strong></span> <span class='ocrx_word' id='word_1_566' title='bbox 1155 3957 1435 4011; x_wconf 90' lang='lat' dir='ltr'><strong>Dominum</strong></span> <span class='ocrx_word' id='word_1_567' title='bbox 1480 3954 1840 4024; x_wconf 73' lang='lat' dir='ltr'><strong>appellamm,</strong></span> 
     </span>
    </p>
   </div>
   <div class='ocr_carea' id='block_1_72' title="bbox 260 4045 1845 4119">
    <p class='ocr_par' dir='ltr' id='par_1_72' title="bbox 260 4045 1845 4119">
     <span class='ocr_line' id='line_1_72' title="bbox 260 4045 1845 4119; baseline -0.005 -15"><span class='ocrx_word' id='word_1_568' title='bbox 260 4064 366 4104; x_wconf 90' lang='lat' dir='ltr'><strong>nec</strong></span> <span class='ocrx_word' id='word_1_569' title='bbox 396 4051 494 4119; x_wconf 89' lang='lat' dir='ltr'><strong>ipsi</strong></span> <span class='ocrx_word' id='word_1_570' title='bbox 520 4050 717 4105; x_wconf 87' lang='lat' dir='ltr'><strong>audent</strong></span> <span class='ocrx_word' id='word_1_571' title='bbox 744 4047 979 4103; x_wconf 69' lang='lat' dir='ltr'><strong>haeretici</strong></span> <span class='ocrx_word' id='word_1_572' title='bbox 1009 4046 1296 4117; x_wconf 90' lang='lat' dir='ltr'><strong>denegare.</strong></span> <span class='ocrx_word' id='word_1_573' title='bbox 1330 4046 1533 4115; x_wconf 88' lang='lat' dir='ltr'><strong>Legant</strong></span> <span class='ocrx_word' id='word_1_574' title='bbox 1574 4045 1755 4116; x_wconf 87' lang='lat' dir='ltr'><strong>itaque</strong></span> <span class='ocrx_word' id='word_1_575' title='bbox 1789 4053 1845 4097; x_wconf 86' lang='lat' dir='ltr'><strong>et</strong></span> 
     </span>
    </p>
   </div>
   <div class='ocr_carea' id='block_1_73' title="bbox 261 4134 1843 4207">
    <p class='ocr_par' dir='ltr' id='par_1_73' title="bbox 261 4134 1843 4207">
     <span class='ocr_line' id='line_1_73' title="bbox 261 4134 1843 4207; baseline -0.002 -14"><span class='ocrx_word' id='word_1_576' title='bbox 261 4140 561 4203; x_wconf 82' lang='lat' dir='ltr'><strong>invenient,</strong></span> <span class='ocrx_word' id='word_1_577' title='bbox 596 4141 648 4193; x_wconf 91' lang='lat' dir='ltr'><strong>in</strong></span> <span class='ocrx_word' id='word_1_578' title='bbox 677 4137 941 4207; x_wconf 90' lang='lat' dir='ltr'><strong>principio</strong></span> <span class='ocrx_word' id='word_1_579' title='bbox 991 4136 1214 4191; x_wconf 85' lang='lat' dir='ltr'><strong>Levitici</strong></span> <span class='ocrx_word' id='word_1_580' title='bbox 1255 4135 1399 4205; x_wconf 87' lang='lat' dir='ltr'><strong>(Cap.</strong></span> <span class='ocrx_word' id='word_1_581' title='bbox 1448 4150 1487 4200; x_wconf 86' lang='grc' dir='ltr'>ι,</span> <span class='ocrx_word' id='word_1_582' title='bbox 1526 4134 1607 4204; x_wconf 77' lang='lat'><strong>2),</strong></span> <span class='ocrx_word' id='word_1_583' title='bbox 1653 4136 1743 4191; x_wconf 86' lang='lat' dir='ltr'><strong>ubi</strong></span> <span class='ocrx_word' id='word_1_584' title='bbox 1791 4138 1843 4192; x_wconf 89' lang='lat' dir='ltr'><strong>in</strong></span> 
     </span>
    </p>
   </div>
   <div class='ocr_carea' id='block_1_74' title="bbox 266 4223 1848 4294">
    <p class='ocr_par' dir='ltr' id='par_1_74' title="bbox 266 4223 1848 4294">
     <span class='ocr_line' id='line_1_74' title="bbox 266 4223 1848 4294; baseline 0 -17"><span class='ocrx_word' id='word_1_585' title='bbox 266 4225 528 4293; x_wconf 83' lang='lat' dir='ltr'><strong>mysterio</strong></span> <span class='ocrx_word' id='word_1_586' title='bbox 568 4225 759 4280; x_wconf 67' lang='lat' dir='ltr'><strong>futura:</strong></span> <span class='ocrx_word' id='word_1_587' title='bbox 788 4225 1051 4294; x_wconf 84' lang='lat' dir='ltr'><strong>passionis</strong></span> <span class='ocrx_word' id='word_1_588' title='bbox 1077 4224 1272 4278; x_wconf 83' lang='lat' dir='ltr'><strong>vitulus</strong></span> <span class='ocrx_word' id='word_1_589' title='bbox 1316 4224 1383 4277; x_wconf 89' lang='lat' dir='ltr'><strong>ad</strong></span> <span class='ocrx_word' id='word_1_590' title='bbox 1430 4223 1623 4276; x_wconf 87' lang='lat' dir='ltr'><strong>ostium</strong></span> <span class='ocrx_word' id='word_1_591' title='bbox 1671 4224 1848 4279; x_wconf 89' lang='lat' dir='ltr'><strong>taber-</strong></span> 
     </span>
    </p>
   </div>
   <div class='ocr_carea' id='block_1_75' title="bbox 267 4310 1848 4381">
    <p class='ocr_par' dir='ltr' id='par_1_75' title="bbox 267 4310 1848 4381">
     <span class='ocr_line' id='line_1_75' title="bbox 267 4310 1848 4381; baseline -0.003 -12"><span class='ocrx_word' id='word_1_592' title='bbox 267 4313 449 4369; x_wconf 87' lang='lat' dir='ltr'><strong>naculi</strong></span> <span class='ocrx_word' id='word_1_593' title='bbox 482 4315 768 4369; x_wconf 89' lang='lat' dir='ltr'><strong>testimonii</strong></span> <span class='ocrx_word' id='word_1_594' title='bbox 796 4313 1059 4367; x_wconf 90' lang='lat' dir='ltr'><strong>immolari</strong></span> <span class='ocrx_word' id='word_1_595' title='bbox 1091 4313 1427 4381; x_wconf 73' lang='lat' dir='ltr'><strong>praecipitur,</strong></span> <span class='ocrx_word' id='word_1_596' title='bbox 1460 4326 1567 4365; x_wconf 92' lang='lat' dir='ltr'><strong>non</strong></span> <span class='ocrx_word' id='word_1_597' title='bbox 1590 4310 1848 4380; x_wconf 90' lang='lat' dir='ltr'><strong>simplici-</strong></span> 
     </span>
    </p>
   </div>
   <div class='ocr_carea' id='block_1_76' title="bbox 266 4401 1848 4471">
    <p class='ocr_par' dir='ltr' id='par_1_76' title="bbox 266 4401 1848 4471">
     <span class='ocr_line' id='line_1_76' title="bbox 266 4401 1848 4471; baseline 0 -14"><span class='ocrx_word' id='word_1_598' title='bbox 266 4414 351 4458; x_wconf 88' lang='lat' dir='ltr'><strong>ter</strong></span> <span class='ocrx_word' id='word_1_599' title='bbox 384 4404 628 4470; x_wconf 81' lang='lat' dir='ltr'><strong>vitulum,</strong></span> <span class='ocrx_word' id='word_1_600' title='bbox 655 4405 748 4460; x_wconf 89' lang='lat' dir='ltr'><strong>sed</strong></span> <span class='ocrx_word' id='word_1_601' title='bbox 775 4405 996 4459; x_wconf 88' lang='lat' dir='ltr'><strong>vitulum</strong></span> <span class='ocrx_word' id='word_1_602' title='bbox 1038 4421 1099 4458; x_wconf 86' lang='lat' dir='ltr'><strong>ex</strong></span> <span class='ocrx_word' id='word_1_603' title='bbox 1137 4404 1306 4459; x_wconf 89' lang='lat' dir='ltr'><strong>bobus</strong></span> <span class='ocrx_word' id='word_1_604' title='bbox 1354 4401 1629 4471; x_wconf 83' lang='lat' dir='ltr'><strong>appellari.</strong></span> <span class='ocrx_word' id='word_1_605' title='bbox 1660 4401 1713 4456; x_wconf 92' lang='lat' dir='ltr'><strong>ln</strong></span> <span class='ocrx_word' id='word_1_606' title='bbox 1743 4417 1848 4469; x_wconf 80' lang='lat' dir='ltr'><strong>quo</strong></span> 
     </span>
    </p>
   </div>
   <div class='ocr_carea' id='block_1_77' title="bbox 261 4492 1846 4562">
    <p class='ocr_par' dir='ltr' id='par_1_77' title="bbox 261 4492 1846 4562">
     <span class='ocr_line' id='line_1_77' title="bbox 261 4492 1846 4562; baseline 0.001 -16"><span class='ocrx_word' id='word_1_607' title='bbox 261 4494 448 4562; x_wconf 84' lang='lat' dir='ltr'><strong>utique</strong></span> <span class='ocrx_word' id='word_1_608' title='bbox 472 4492 763 4561; x_wconf 90' lang='lat' dir='ltr'><strong>Christum,</strong></span> <span class='ocrx_word' id='word_1_609' title='bbox 799 4509 906 4549; x_wconf 92' lang='lat' dir='ltr'><strong>non</strong></span> <span class='ocrx_word' id='word_1_610' title='bbox 936 4504 990 4547; x_wconf 91' lang='lat' dir='ltr'><strong>ut</strong></span> <span class='ocrx_word' id='word_1_611' title='bbox 1014 4494 1280 4549; x_wconf 63' lang='lat' dir='ltr'><strong>haereticis</strong></span> <span class='ocrx_word' id='word_1_612' title='bbox 1309 4492 1484 4562; x_wconf 87' lang='lat' dir='ltr'><strong>placet</strong></span> <span class='ocrx_word' id='word_1_613' title='bbox 1507 4534 1533 4559; x_wconf 88' lang='lat'><strong>,_</strong></span> <span class='ocrx_word' id='word_1_614' title='bbox 1559 4507 1750 4562; x_wconf 87' lang='lat' dir='ltr'><strong>corpus</strong></span> <span class='ocrx_word' id='word_1_615' title='bbox 1778 4492 1846 4547; x_wconf 91' lang='lat' dir='ltr'><strong>de</strong></span> 
     </span>
    </p>
   </div>
   <div class='ocr_carea' id='block_1_78' title="bbox 1950 3312 3534 3383">
    <p class='ocr_par' dir='ltr' id='par_1_78' title="bbox 1950 3312 3534 3383">
     <span class='ocr_line' id='line_1_78' title="bbox 1950 3312 3534 3383; baseline 0.002 -18"><span class='ocrx_word' id='word_1_616' title='bbox 1950 3324 2065 3366; x_wconf 87' lang='lat' dir='ltr'><strong>sunt</strong></span> <span class='ocrx_word' id='word_1_617' title='bbox 2095 3313 2281 3367; x_wconf 80' lang='lat' dir='ltr'><strong>Christi</strong></span> <span class='ocrx_word' id='word_1_618' title='bbox 2313 3313 2500 3382; x_wconf 81' lang='lat' dir='ltr'><strong>(Ibid.,</strong></span> <span class='ocrx_word' id='word_1_619' title='bbox 2530 3312 2646 3381; x_wconf 69' lang='lat'><strong>23).</strong></span> <span class='ocrx_word' id='word_1_620' title='bbox 2679 3312 2845 3378; x_wconf 84' lang='lat' dir='ltr'><strong>Cujus</strong></span> <span class='ocrx_word' id='word_1_621' title='bbox 2875 3314 3039 3369; x_wconf 88' lang='lat' dir='ltr'><strong>oblati</strong></span> <span class='ocrx_word' id='word_1_622' title='bbox 3072 3313 3331 3383; x_wconf 86' lang='lat' dir='ltr'><strong>manipuli</strong></span> <span class='ocrx_word' id='word_1_623' title='bbox 3359 3328 3534 3369; x_wconf 43' lang='lat' dir='ltr'><strong>resnr‘</strong></span> 
     </span>
    </p>
   </div>
   <div class='ocr_carea' id='block_1_79' title="bbox 1948 3406 3532 3475">
    <p class='ocr_par' dir='ltr' id='par_1_79' title="bbox 1948 3406 3532 3475">
     <span class='ocr_line' id='line_1_79' title="bbox 1948 3406 3532 3475; baseline 0 -14"><span class='ocrx_word' id='word_1_624' title='bbox 1948 3406 2201 3461; x_wconf 86' lang='lat' dir='ltr'><strong>rectionis</strong></span> <span class='ocrx_word' id='word_1_625' title='bbox 2231 3408 2442 3462; x_wconf 89' lang='lat' dir='ltr'><strong>initium</strong></span> <span class='ocrx_word' id='word_1_626' title='bbox 2469 3406 2668 3475; x_wconf 85' lang='lat' dir='ltr'><strong>.loseph</strong></span> <span class='ocrx_word' id='word_1_627' title='bbox 2714 3407 2875 3461; x_wconf 88' lang='lat' dir='ltr'><strong>etiam</strong></span> <span class='ocrx_word' id='word_1_628' title='bbox 2925 3408 2979 3463; x_wconf 90' lang='lat' dir='ltr'><strong>in</strong></span> <span class='ocrx_word' id='word_1_629' title='bbox 3024 3421 3120 3463; x_wconf 87' lang='lat' dir='ltr'><strong>sua</strong></span> <span class='ocrx_word' id='word_1_630' title='bbox 3151 3408 3358 3463; x_wconf 79' lang='lat' dir='ltr'><strong>visione</strong></span> <span class='ocrx_word' id='word_1_631' title='bbox 3386 3406 3532 3463; x_wconf 87' lang='lat' dir='ltr'><strong>desi-</strong></span> 
     </span>
    </p>
   </div>
   <div class='ocr_carea' id='block_1_80' title="bbox 1946 3498 3536 3571">
    <p class='ocr_par' dir='ltr' id='par_1_80' title="bbox 1946 3498 3536 3571">
     <span class='ocr_line' id='line_1_80' title="bbox 1946 3498 3536 3571; baseline 0.001 -19"><span class='ocrx_word' id='word_1_632' title='bbox 1946 3509 2095 3568; x_wconf 89' lang='lat' dir='ltr'><strong>gnat,</strong></span> <span class='ocrx_word' id='word_1_633' title='bbox 2126 3499 2314 3553; x_wconf 89' lang='lat' dir='ltr'><strong>dicens</strong></span> <span class='ocrx_word' id='word_1_634' title='bbox 2339 3516 2354 3552; x_wconf 89' lang='lat'><strong>:</strong></span> <span class='ocrx_word' id='word_1_635' title='bbox 2388 3498 2637 3553; x_wconf 83' lang='lat' dir='ltr'><strong>Videbam</strong></span> <span class='ocrx_word' id='word_1_636' title='bbox 2658 3500 2818 3570; x_wconf 89' lang='lat' dir='ltr'><strong>ligare</strong></span> <span class='ocrx_word' id='word_1_637' title='bbox 2835 3516 2926 3553; x_wconf 88' lang='lat' dir='ltr'><strong>nos</strong></span> <span class='ocrx_word' id='word_1_638' title='bbox 2953 3500 3008 3553; x_wconf 90' lang='lat' dir='ltr'><strong>in</strong></span> <span class='ocrx_word' id='word_1_639' title='bbox 3024 3516 3206 3568; x_wconf 86' lang='lat' dir='ltr'><strong>campo</strong></span> <span class='ocrx_word' id='word_1_640' title='bbox 3224 3500 3536 3571; x_wconf 82' lang='lat' dir='ltr'><strong>manipulos,</strong></span> 
     </span>
    </p>
   </div>
   <div class='ocr_carea' id='block_1_81' title="bbox 1946 3589 3537 3660">
    <p class='ocr_par' dir='ltr' id='par_1_81' title="bbox 1946 3589 3537 3660">
     <span class='ocr_line' id='line_1_81' title="bbox 1946 3589 3537 3660; baseline 0.002 -19"><span class='ocrx_word' id='word_1_641' title='bbox 1946 3599 1993 3641; x_wconf 88' lang='lat' dir='ltr'><strong>et</strong></span> <span class='ocrx_word' id='word_1_642' title='bbox 2033 3590 2316 3643; x_wconf 72' lang='lat' dir='ltr'><strong>surrexisse</strong></span> <span class='ocrx_word' id='word_1_643' title='bbox 2342 3589 2665 3659; x_wconf 81' lang='lat' dir='ltr'><strong>manipulum</strong></span> <span class='ocrx_word' id='word_1_644' title='bbox 2693 3606 2879 3656; x_wconf 86' lang='lat' dir='ltr'><strong>meum,</strong></span> <span class='ocrx_word' id='word_1_645' title='bbox 2914 3600 3207 3660; x_wconf 81' lang='lat' dir='ltr'><strong>vestrosque</strong></span> <span class='ocrx_word' id='word_1_646' title='bbox 3248 3591 3537 3659; x_wconf 83' lang='lat' dir='ltr'><strong>manipulos</strong></span> 
     </span>
    </p>
   </div>
   <div class='ocr_carea' id='block_1_82' title="bbox 1946 3678 3536 3753">
    <p class='ocr_par' dir='ltr' id='par_1_82' title="bbox 1946 3678 3536 3753">
     <span class='ocr_line' id='line_1_82' title="bbox 1946 3678 3536 3753; baseline 0.004 -23"><span class='ocrx_word' id='word_1_647' title='bbox 1946 3680 2056 3750; x_wconf 73' lang='lat'><strong>28</strong></span> <span class='ocrx_word' id='word_1_648' title='bbox 2079 3678 2292 3732; x_wconf 88' lang='lat' dir='ltr'><strong>adorare</strong></span> <span class='ocrx_word' id='word_1_649' title='bbox 2318 3696 2366 3732; x_wconf 91' lang='lat' dir='ltr'><strong><em>m</em></strong></span> <span class='ocrx_word' id='word_1_650' title='bbox 2386 3679 2638 3743; x_wconf 81' lang='lat' dir='ltr'><strong>mipulum</strong></span> <span class='ocrx_word' id='word_1_651' title='bbox 2660 3695 2827 3734; x_wconf 89' lang='lat' dir='ltr'><strong>meum</strong></span> <span class='ocrx_word' id='word_1_652' title='bbox 2854 3678 3009 3753; x_wconf 83' lang='lat' dir='ltr'><strong>(Cen.</strong></span> <span class='ocrx_word' id='word_1_653' title='bbox 3044 3696 3224 3736; x_wconf 79' lang='lat' dir='ltr'><strong>xxxvn</strong></span> <span class='ocrx_word' id='word_1_654' title='bbox 3241 3721 3259 3747; x_wconf 92' lang='lat'><strong>,</strong></span> <span class='ocrx_word' id='word_1_655' title='bbox 3282 3681 3360 3751; x_wconf 88' lang='lat'><strong>7).</strong></span> <span class='ocrx_word' id='word_1_656' title='bbox 3379 3680 3536 3749; x_wconf 87' lang='lat' dir='ltr'><strong>Quod</strong></span> 
     </span>
    </p>
   </div>
   <div class='ocr_carea' id='block_1_83' title="bbox 1947 3769 3533 3841">
    <p class='ocr_par' dir='ltr' id='par_1_83' title="bbox 1947 3769 3533 3841">
     <span class='ocr_line' id='line_1_83' title="bbox 1947 3769 3533 3841; baseline 0.001 -16"><span class='ocrx_word' id='word_1_657' title='bbox 1947 3771 1999 3825; x_wconf 91' lang='lat' dir='ltr'><strong>in</strong></span> <span class='ocrx_word' id='word_1_658' title='bbox 2036 3769 2322 3840; x_wconf 57' lang='lat' dir='ltr'><strong>Evangelia</strong></span> <span class='ocrx_word' id='word_1_659' title='bbox 2358 3771 2793 3825; x_wconf 76' lang='lat' dir='ltr'><strong>manife~tissime</strong></span> <span class='ocrx_word' id='word_1_660' title='bbox 2838 3773 3108 3827; x_wconf 86' lang='lat' dir='ltr'><strong>cernimus</strong></span> <span class='ocrx_word' id='word_1_661' title='bbox 3156 3772 3533 3841; x_wconf 88' lang='lat' dir='ltr'><strong>adimpletum,</strong></span> 
     </span>
    </p>
   </div>
   <div class='ocr_carea' id='block_1_84' title="bbox 1945 3847 3532 3933">
    <p class='ocr_par' dir='ltr' id='par_1_84' title="bbox 1945 3847 3532 3933">
     <span class='ocr_line' id='line_1_84' title="bbox 1945 3847 3532 3933; baseline 0.002 -18"><span class='ocrx_word' id='word_1_662' title='bbox 1945 3874 2064 3915; x_wconf 89' lang='lat' dir='ltr'><strong>cum</strong></span> <span class='ocrx_word' id='word_1_663' title='bbox 2095 3876 2379 3932; x_wconf 73' lang='lat' dir='ltr'><strong>resurgens</strong></span> <span class='ocrx_word' id='word_1_664' title='bbox 2408 3878 2435 3914; x_wconf 91' lang='lat' dir='ltr'><strong>a</strong></span> <span class='ocrx_word' id='word_1_665' title='bbox 2482 3847 2708 3916; x_wconf 71' lang='lat' dir='ltr'><strong>mortuis</strong></span> <span class='ocrx_word' id='word_1_666' title='bbox 2748 3862 3025 3927; x_wconf 89' lang='lat' dir='ltr'><strong>Dominus,</strong></span> <span class='ocrx_word' id='word_1_667' title='bbox 3057 3879 3086 3917; x_wconf 92' lang='lat' dir='ltr'><strong>a</strong></span> <span class='ocrx_word' id='word_1_668' title='bbox 3118 3864 3396 3933; x_wconf 89' lang='lat' dir='ltr'><strong>discipulis</strong></span> <span class='ocrx_word' id='word_1_669' title='bbox 3423 3865 3532 3919; x_wconf 87' lang='lat' dir='ltr'><strong>suis</strong></span> 
     </span>
    </p>
   </div>
   <div class='ocr_carea' id='block_1_85' title="bbox 1946 3951 3529 4022">
    <p class='ocr_par' dir='ltr' id='par_1_85' title="bbox 1946 3951 3529 4022">
     <span class='ocr_line' id='line_1_85' title="bbox 1946 3951 3529 4022; baseline 0.003 -15"><span class='ocrx_word' id='word_1_670' title='bbox 1946 3951 2139 4022; x_wconf 88' lang='lat' dir='ltr'><strong>legitur</strong></span> <span class='ocrx_word' id='word_1_671' title='bbox 2166 3951 2415 4010; x_wconf 86' lang='lat' dir='ltr'><strong>adoratus</strong></span> <span class='ocrx_word' id='word_1_672' title='bbox 2443 3952 2656 4022; x_wconf 82' lang='lat' dir='ltr'><strong>(Matth.</strong></span> <span class='ocrx_word' id='word_1_673' title='bbox 2700 3969 2857 4009; x_wconf 79' lang='lat' dir='ltr'><strong>sxvm</strong></span> <span class='ocrx_word' id='word_1_674' title='bbox 2879 3993 2896 4021; x_wconf 89' lang='lat'><strong>,</strong></span> <span class='ocrx_word' id='word_1_675' title='bbox 2923 3955 3002 4022; x_wconf 91' lang='lat'><strong>9).</strong></span> <span class='ocrx_word' id='word_1_676' title='bbox 3047 3954 3195 4009; x_wconf 87' lang='lat' dir='ltr'><strong>Sicut</strong></span> <span class='ocrx_word' id='word_1_677' title='bbox 3230 3964 3285 4011; x_wconf 88' lang='lat' dir='ltr'><strong>et</strong></span> <span class='ocrx_word' id='word_1_678' title='bbox 3322 3958 3373 4011; x_wconf 94' lang='lat' dir='ltr'><strong>in</strong></span> <span class='ocrx_word' id='word_1_679' title='bbox 3403 3970 3529 4011; x_wconf 91' lang='lat' dir='ltr'><strong>con-</strong></span> 
     </span>
    </p>
   </div>
   <div class='ocr_carea' id='block_1_86' title="bbox 1944 4042 3528 4113">
    <p class='ocr_par' dir='ltr' id='par_1_86' title="bbox 1944 4042 3528 4113">
     <span class='ocr_line' id='line_1_86' title="bbox 1944 4042 3528 4113; baseline 0.003 -16"><span class='ocrx_word' id='word_1_680' title='bbox 1944 4042 2305 4099; x_wconf 87' lang='lat' dir='ltr'><strong>summatione</strong></span> <span class='ocrx_word' id='word_1_681' title='bbox 2331 4043 2511 4097; x_wconf 73' lang='lat' dir='ltr'><strong>saeculi</strong></span> <span class='ocrx_word' id='word_1_682' title='bbox 2534 4043 2701 4112; x_wconf 89' lang='lat' dir='ltr'><strong>(quod</strong></span> <span class='ocrx_word' id='word_1_683' title='bbox 2728 4044 2871 4099; x_wconf 91' lang='lat' dir='ltr'><strong>illius</strong></span> <span class='ocrx_word' id='word_1_684' title='bbox 2899 4045 3071 4112; x_wconf 90' lang='lat' dir='ltr'><strong>campi</strong></span> <span class='ocrx_word' id='word_1_685' title='bbox 3098 4045 3361 4113; x_wconf 84' lang='lat' dir='ltr'><strong>signiﬁcat</strong></span> <span class='ocrx_word' id='word_1_686' title='bbox 3389 4062 3528 4103; x_wconf 87' lang='lat' dir='ltr'><strong>mes-</strong></span> 
     </span>
    </p>
   </div>
   <div class='ocr_carea' id='block_1_87' title="bbox 1946 4132 3531 4206">
    <p class='ocr_par' dir='ltr' id='par_1_87' title="bbox 1946 4132 3531 4206">
     <span class='ocr_line' id='line_1_87' title="bbox 1946 4132 3531 4206; baseline 0.004 -20"><span class='ocrx_word' id='word_1_687' title='bbox 1946 4132 2043 4198; x_wconf 82' lang='lat' dir='ltr'><strong>sis)</strong></span> <span class='ocrx_word' id='word_1_688' title='bbox 2069 4133 2137 4187; x_wconf 93' lang='lat' dir='ltr'><strong>ab</strong></span> <span class='ocrx_word' id='word_1_689' title='bbox 2158 4132 2405 4188; x_wconf 87' lang='lat' dir='ltr'><strong>omnibus</strong></span> <span class='ocrx_word' id='word_1_690' title='bbox 2429 4133 2480 4186; x_wconf 93' lang='lat' dir='ltr'><strong>in</strong></span> <span class='ocrx_word' id='word_1_691' title='bbox 2511 4132 2681 4186; x_wconf 83' lang='lat' dir='ltr'><strong>forma</strong></span> <span class='ocrx_word' id='word_1_692' title='bbox 2711 4135 2871 4198; x_wconf 85' lang='lat' dir='ltr'><strong>servi,</strong></span> <span class='ocrx_word' id='word_1_693' title='bbox 2901 4134 3053 4203; x_wconf 85' lang='lat' dir='ltr'><strong>cujus</strong></span> <span class='ocrx_word' id='word_1_694' title='bbox 3082 4136 3383 4203; x_wconf 90' lang='lat' dir='ltr'><strong>manipulus</strong></span> <span class='ocrx_word' id='word_1_695' title='bbox 3410 4152 3531 4206; x_wconf 88' lang='lat' dir='ltr'><strong>ges-</strong></span> 
     </span>
    </p>
   </div>
   <div class='ocr_carea' id='block_1_88' title="bbox 1947 4223 3599 4295">
    <p class='ocr_par' dir='ltr' id='par_1_88' title="bbox 1947 4223 3599 4295">
     <span class='ocr_line' id='line_1_88' title="bbox 1947 4223 3599 4295; baseline 0.005 -18"><span class='ocrx_word' id='word_1_696' title='bbox 1947 4224 2016 4277; x_wconf 91' lang='lat' dir='ltr'><strong>sit</strong></span> <span class='ocrx_word' id='word_1_697' title='bbox 2078 4223 2384 4290; x_wconf 80' lang='lat' dir='ltr'><strong>imaginem,</strong></span> <span class='ocrx_word' id='word_1_698' title='bbox 2438 4223 2743 4277; x_wconf 87' lang='lat' dir='ltr'><strong>adorandus</strong></span> <span class='ocrx_word' id='word_1_699' title='bbox 2795 4224 2864 4278; x_wconf 89' lang='lat' dir='ltr'><strong>sit</strong></span> <span class='ocrx_word' id='word_1_700' title='bbox 2915 4233 2970 4280; x_wconf 89' lang='lat' dir='ltr'><strong>et</strong></span> <span class='ocrx_word' id='word_1_701' title='bbox 3001 4224 3262 4280; x_wconf 84' lang='lat' dir='ltr'><strong>videndus</strong></span> <span class='ocrx_word' id='word_1_702' title='bbox 3313 4226 3529 4295; x_wconf 72' lang='lat' dir='ltr'><strong>(Matth.</strong></span> <span class='ocrx_word' id='word_1_703' title='bbox 3590 4266 3599 4285; x_wconf 69' lang='grc' dir='ltr'><strong>ι</strong></span> 
     </span>
    </p>
   </div>
   <div class='ocr_carea' id='block_1_89' title="bbox 1949 4314 3591 4385">
    <p class='ocr_par' dir='ltr' id='par_1_89' title="bbox 1949 4314 3591 4385">
     <span class='ocr_line' id='line_1_89' title="bbox 1949 4314 3591 4385; baseline 0.004 -17"><span class='ocrx_word' id='word_1_704' title='bbox 1949 4330 2101 4378; x_wconf 79' lang='lat' dir='ltr'><strong>xxrv,</strong></span> <span class='ocrx_word' id='word_1_705' title='bbox 2133 4314 2244 4383; x_wconf 76' lang='lat'><strong>30).</strong></span> <span class='ocrx_word' id='word_1_706' title='bbox 2282 4314 2417 4369; x_wconf 91' lang='lat' dir='ltr'><strong>Sunt</strong></span> <span class='ocrx_word' id='word_1_707' title='bbox 2444 4325 2499 4369; x_wconf 92' lang='lat' dir='ltr'><strong>et</strong></span> <span class='ocrx_word' id='word_1_708' title='bbox 2537 4314 2639 4368; x_wconf 88' lang='lat' dir='ltr'><strong>alia</strong></span> <span class='ocrx_word' id='word_1_709' title='bbox 2675 4314 2837 4377; x_wconf 87' lang='lat' dir='ltr'><strong>multa</strong></span> <span class='ocrx_word' id='word_1_710' title='bbox 2870 4319 2919 4370; x_wconf 92' lang='lat' dir='ltr'><strong>in</strong></span> <span class='ocrx_word' id='word_1_711' title='bbox 2969 4318 3150 4385; x_wconf 90' lang='lat' dir='ltr'><strong>liguris</strong></span> <span class='ocrx_word' id='word_1_712' title='bbox 3180 4327 3233 4373; x_wconf 91' lang='lat' dir='ltr'><strong>et</strong></span> <span class='ocrx_word' id='word_1_713' title='bbox 3262 4318 3314 4373; x_wconf 91' lang='lat' dir='ltr'><strong>in</strong></span> <span class='ocrx_word' id='word_1_714' title='bbox 3345 4318 3531 4383; x_wconf 84' lang='lat' dir='ltr'><strong>simili-</strong></span> <span class='ocrx_word' id='word_1_715' title='bbox 3588 4360 3591 4363; x_wconf 44' lang='grc' dir='ltr'><strong><em>γ</em></strong></span> 
     </span>
    </p>
   </div>
   <div class='ocr_carea' id='block_1_90' title="bbox 1948 4403 3531 4475">
    <p class='ocr_par' dir='ltr' id='par_1_90' title="bbox 1948 4403 3531 4475">
     <span class='ocr_line' id='line_1_90' title="bbox 1948 4403 3531 4475; baseline 0.004 -16"><span class='ocrx_word' id='word_1_716' title='bbox 1948 4404 2216 4459; x_wconf 86' lang='lat' dir='ltr'><strong>tudinibus</strong></span> <span class='ocrx_word' id='word_1_717' title='bbox 2244 4413 2444 4472; x_wconf 89' lang='lat' dir='ltr'><strong>aptata,</strong></span> <span class='ocrx_word' id='word_1_718' title='bbox 2473 4421 2593 4475; x_wconf 64' lang='lat' dir='ltr'><strong>quae</strong></span> <span class='ocrx_word' id='word_1_719' title='bbox 2630 4403 2898 4460; x_wconf 86' lang='lat' dir='ltr'><strong>Christum</strong></span> <span class='ocrx_word' id='word_1_720' title='bbox 2932 4408 3171 4462; x_wconf 89' lang='lat' dir='ltr'><strong>indicant</strong></span> <span class='ocrx_word' id='word_1_721' title='bbox 3203 4422 3266 4464; x_wconf 79' lang='lat' dir='ltr'><strong>ex</strong></span> <span class='ocrx_word' id='word_1_722' title='bbox 3300 4409 3531 4465; x_wconf 88' lang='lat' dir='ltr'><strong>homini-</strong></span> 
     </span>
    </p>
   </div>
   <div class='ocr_carea' id='block_1_91' title="bbox 1950 4492 3528 4567">
    <p class='ocr_par' dir='ltr' id='par_1_91' title="bbox 1950 4492 3528 4567">
     <span class='ocr_line' id='line_1_91' title="bbox 1950 4492 3528 4567; baseline 0.002 -16"><span class='ocrx_word' id='word_1_723' title='bbox 1950 4496 2045 4551; x_wconf 90' lang='lat' dir='ltr'><strong>bus</strong></span> <span class='ocrx_word' id='word_1_724' title='bbox 2067 4494 2244 4549; x_wconf 90' lang='lat' dir='ltr'><strong>carnis</strong></span> <span class='ocrx_word' id='word_1_725' title='bbox 2274 4492 2524 4549; x_wconf 89' lang='lat' dir='ltr'><strong>habuisse</strong></span> <span class='ocrx_word' id='word_1_726' title='bbox 2556 4504 2821 4551; x_wconf 89' lang='lat' dir='ltr'><strong>naturam.</strong></span> <span class='ocrx_word' id='word_1_727' title='bbox 2855 4496 2958 4551; x_wconf 85' lang='lat' dir='ltr'><strong>Sed</strong></span> <span class='ocrx_word' id='word_1_728' title='bbox 2992 4513 3061 4552; x_wconf 91' lang='lat' dir='ltr'><strong>ne</strong></span> <span class='ocrx_word' id='word_1_729' title='bbox 3098 4495 3220 4551; x_wconf 81' lang='lat' dir='ltr'><strong>hirti:</strong></span> <span class='ocrx_word' id='word_1_730' title='bbox 3249 4498 3528 4567; x_wconf 87' lang='lat' dir='ltr'><strong>Photinus,</strong></span> 
     </span>
    </p>
   </div>
   <div class='ocr_carea' id='block_1_92' title="bbox 259 4583 3530 4658">
    <p class='ocr_par' dir='ltr' id='par_1_92' title="bbox 259 4583 3530 4658">
     <span class='ocr_line' id='line_1_92' title="bbox 259 4583 3530 4658; baseline 0.002 -19"><span class='ocrx_word' id='word_1_731' title='bbox 259 4583 405 4639; x_wconf 65' lang='lat' dir='ltr'><strong>caelo</strong></span> <span class='ocrx_word' id='word_1_732' title='bbox 448 4584 755 4653; x_wconf 82' lang='lat' dir='ltr'><strong>deduxisse,</strong></span> <span class='ocrx_word' id='word_1_733' title='bbox 813 4585 908 4639; x_wconf 90' lang='lat' dir='ltr'><strong>sed</strong></span> <span class='ocrx_word' id='word_1_734' title='bbox 962 4600 1028 4639; x_wconf 83' lang='lat' dir='ltr'><strong>ex</strong></span> <span class='ocrx_word' id='word_1_735' title='bbox 1079 4584 1352 4639; x_wconf 84' lang='lat' dir='ltr'><strong>hominum</strong></span> <span class='ocrx_word' id='word_1_736' title='bbox 1394 4600 1590 4654; x_wconf 89' lang='lat' dir='ltr'><strong>genere</strong></span> <span class='ocrx_word' id='word_1_737' title='bbox 1626 4600 1837 4640; x_wconf 90' lang='lat' dir='ltr'><strong>carnem</strong></span> <span class='ocrx_word' id='word_1_738' title='bbox 1869 4597 1920 4658; x_wconf 72' lang='grc' dir='ltr'>ι)</span> <span class='ocrx_word' id='word_1_739' title='bbox 1944 4596 1997 4639; x_wconf 89' lang='lat' dir='ltr'><strong>et</strong></span> <span class='ocrx_word' id='word_1_740' title='bbox 2029 4585 2077 4639; x_wconf 92' lang='lat' dir='ltr'><strong>ei</strong></span> <span class='ocrx_word' id='word_1_741' title='bbox 2109 4584 2329 4650; x_wconf 89' lang='lat' dir='ltr'><strong>similes,</strong></span> <span class='ocrx_word' id='word_1_742' title='bbox 2360 4584 2695 4639; x_wconf 73' lang='lat' dir='ltr'><strong>occasionem</strong></span> <span class='ocrx_word' id='word_1_743' title='bbox 2725 4585 3019 4641; x_wconf 75' lang='lat' dir='ltr'><strong>nutriendae</strong></span> <span class='ocrx_word' id='word_1_744' title='bbox 3058 4587 3297 4656; x_wconf 69' lang='lat' dir='ltr'><strong>perﬁdia:</strong></span> <span class='ocrx_word' id='word_1_745' title='bbox 3327 4604 3530 4645; x_wconf 84' lang='lat' dir='ltr'><strong>conen-</strong></span> 
     </span>
    </p>
   </div>
   <div class='ocr_carea' id='block_1_93' title="bbox 259 4678 1844 4748">
    <p class='ocr_par' dir='ltr' id='par_1_93' title="bbox 259 4678 1844 4748">
     <span class='ocr_line' id='line_1_93' title="bbox 259 4678 1844 4748; baseline 0.001 -17"><span class='ocrx_word' id='word_1_746' title='bbox 259 4678 653 4746; x_wconf 88' lang='lat' dir='ltr'><strong>assumpsisse,</strong></span> <span class='ocrx_word' id='word_1_747' title='bbox 699 4678 957 4748; x_wconf 79' lang='lat' dir='ltr'><strong>prepheta</strong></span> <span class='ocrx_word' id='word_1_748' title='bbox 1010 4679 1363 4733; x_wconf 88' lang='lat' dir='ltr'><strong>demonstrat.</strong></span> <span class='ocrx_word' id='word_1_749' title='bbox 1394 4679 1523 4732; x_wconf 84' lang='lat' dir='ltr'><strong>Nam</strong></span> <span class='ocrx_word' id='word_1_750' title='bbox 1558 4678 1844 4733; x_wconf 81' lang='lat' dir='ltr'><strong>sull‘ecerat</strong></span> 
     </span>
    </p>
   </div>
   <div class='ocr_carea' id='block_1_94' title="bbox 259 4768 1845 4838">
    <p class='ocr_par' dir='ltr' id='par_1_94' title="bbox 259 4768 1845 4838">
     <span class='ocr_line' id='line_1_94' title="bbox 259 4768 1845 4838; baseline 0.003 -19"><span class='ocrx_word' id='word_1_751' title='bbox 259 4768 447 4822; x_wconf 68' lang='lat' dir='ltr'><strong>diiere</strong></span> <span class='ocrx_word' id='word_1_752' title='bbox 474 4768 735 4834; x_wconf 87' lang='lat' dir='ltr'><strong>vitulum;</strong></span> <span class='ocrx_word' id='word_1_753' title='bbox 764 4768 888 4838; x_wconf 89' lang='lat' dir='ltr'><strong>quid</strong></span> <span class='ocrx_word' id='word_1_754' title='bbox 919 4783 1143 4825; x_wconf 88' lang='lat' dir='ltr'><strong>necesse</strong></span> <span class='ocrx_word' id='word_1_755' title='bbox 1173 4769 1271 4823; x_wconf 84' lang='lat' dir='ltr'><strong>fuit</strong></span> <span class='ocrx_word' id='word_1_756' title='bbox 1295 4769 1512 4833; x_wconf 87' lang='lat' dir='ltr'><strong>addere,</strong></span> <span class='ocrx_word' id='word_1_757' title='bbox 1546 4784 1611 4823; x_wconf 82' lang='lat' dir='ltr'><strong>ex</strong></span> <span class='ocrx_word' id='word_1_758' title='bbox 1647 4770 1845 4826; x_wconf 77' lang='lat' dir='ltr'><strong>bobus?</strong></span> 
     </span>
    </p>
   </div>
   <div class='ocr_carea' id='block_1_95' title="bbox 257 4856 1847 4922">
    <p class='ocr_par' dir='ltr' id='par_1_95' title="bbox 257 4856 1847 4922">
     <span class='ocr_line' id='line_1_95' title="bbox 257 4856 1847 4922; baseline 0.008 -16"><span class='ocrx_word' id='word_1_759' title='bbox 257 4856 393 4922; x_wconf 87' lang='lat' dir='ltr'><strong>Quis</strong></span> <span class='ocrx_word' id='word_1_760' title='bbox 424 4858 565 4911; x_wconf 90' lang='lat' dir='ltr'><strong>enim</strong></span> <span class='ocrx_word' id='word_1_761' title='bbox 593 4858 822 4915; x_wconf 81' lang='lat' dir='ltr'><strong>nesciret</strong></span> <span class='ocrx_word' id='word_1_762' title='bbox 856 4876 922 4914; x_wconf 76' lang='lat' dir='ltr'><strong>ex</strong></span> <span class='ocrx_word' id='word_1_763' title='bbox 954 4860 1124 4914; x_wconf 90' lang='lat' dir='ltr'><strong>bobus</strong></span> <span class='ocrx_word' id='word_1_764' title='bbox 1151 4862 1369 4914; x_wconf 91' lang='lat' dir='ltr'><strong>vitulum</strong></span> <span class='ocrx_word' id='word_1_765' title='bbox 1415 4862 1598 4916; x_wconf 82' lang='lat' dir='ltr'><strong>nasci?</strong></span> <span class='ocrx_word' id='word_1_766' title='bbox 1631 4863 1741 4917; x_wconf 84' lang='lat' dir='ltr'><strong>Nisi</strong></span> <span class='ocrx_word' id='word_1_767' title='bbox 1787 4873 1847 4919; x_wconf 89' lang='lat' dir='ltr'><strong>ut</strong></span> 
     </span>
    </p>
   </div>
   <div class='ocr_carea' id='block_1_96' title="bbox 257 4946 1844 5018">
    <p class='ocr_par' dir='ltr' id='par_1_96' title="bbox 257 4946 1844 5018">
     <span class='ocr_line' id='line_1_96' title="bbox 257 4946 1844 5018; baseline 0.008 -21"><span class='ocrx_word' id='word_1_768' title='bbox 257 4946 604 5013; x_wconf 85' lang='lat' dir='ltr'><strong>ostenderet,</strong></span> <span class='ocrx_word' id='word_1_769' title='bbox 664 4950 767 5018; x_wconf 81' lang='lat'><strong>27</strong></span> <span class='ocrx_word' id='word_1_770' title='bbox 820 4948 1089 5004; x_wconf 77' lang='lat' dir='ltr'><strong>Ctrris&#39;um</strong></span> <span class='ocrx_word' id='word_1_771' title='bbox 1145 4964 1360 5004; x_wconf 84' lang='lat' dir='ltr'><strong>carnem</strong></span> <span class='ocrx_word' id='word_1_772' title='bbox 1417 4966 1485 5005; x_wconf 78' lang='lat' dir='ltr'><strong>ex</strong></span> <span class='ocrx_word' id='word_1_773' title='bbox 1541 4952 1844 5010; x_wconf 88' lang='lat' dir='ltr'><strong>hominibus</strong></span> 
     </span>
    </p>
   </div>
   <div class='ocr_carea' id='block_1_97' title="bbox 260 5034 1841 5109">
    <p class='ocr_par' dir='ltr' id='par_1_97' title="bbox 260 5034 1841 5109">
     <span class='ocr_line' id='line_1_97' title="bbox 260 5034 1841 5109; baseline 0.009 -23"><span class='ocrx_word' id='word_1_774' title='bbox 260 5034 600 5089; x_wconf 90' lang='lat' dir='ltr'><strong>habiturum?</strong></span> <span class='ocrx_word' id='word_1_775' title='bbox 629 5039 893 5091; x_wconf 84' lang='lat' dir='ltr'><strong>Abraham</strong></span> <span class='ocrx_word' id='word_1_776' title='bbox 924 5041 1081 5093; x_wconf 88' lang='lat' dir='ltr'><strong>etiam</strong></span> <span class='ocrx_word' id='word_1_777' title='bbox 1114 5040 1269 5109; x_wconf 88' lang='lat' dir='ltr'><strong>hujus</strong></span> <span class='ocrx_word' id='word_1_778' title='bbox 1299 5057 1400 5094; x_wconf 93' lang='lat' dir='ltr'><strong>non</strong></span> <span class='ocrx_word' id='word_1_779' title='bbox 1435 5043 1633 5098; x_wconf 90' lang='lat' dir='ltr'><strong>inscius</strong></span> <span class='ocrx_word' id='word_1_780' title='bbox 1658 5060 1841 5100; x_wconf 84' lang='lat' dir='ltr'><strong>sacra-</strong></span> 
     </span>
    </p>
   </div>
   <div class='ocr_carea' id='block_1_98' title="bbox 257 5122 1834 5203">
    <p class='ocr_par' dir='ltr' id='par_1_98' title="bbox 257 5122 1834 5203">
     <span class='ocr_line' id='line_1_98' title="bbox 257 5122 1834 5203; baseline 0.007 -26"><span class='ocrx_word' id='word_1_781' title='bbox 257 5122 447 5191; x_wconf 84' lang='lat' dir='ltr'><strong>menti,</strong></span> <span class='ocrx_word' id='word_1_782' title='bbox 480 5126 701 5179; x_wconf 89' lang='lat' dir='ltr'><strong>vitulum</strong></span> <span class='ocrx_word' id='word_1_783' title='bbox 731 5126 797 5181; x_wconf 90' lang='lat' dir='ltr'><strong>de</strong></span> <span class='ocrx_word' id='word_1_784' title='bbox 820 5138 1063 5181; x_wconf 85' lang='lat' dir='ltr'><strong>armento</strong></span> <span class='ocrx_word' id='word_1_785' title='bbox 1093 5129 1321 5196; x_wconf 78' lang='lat' dir='ltr'><strong>elegisse</strong></span> <span class='ocrx_word' id='word_1_786' title='bbox 1350 5129 1834 5203; x_wconf 76' lang='lat' dir='ltr'><strong>describitur(Gen.</strong></span> 
     </span>
    </p>
   </div>
   <div class='ocr_carea' id='block_1_99' title="bbox 258 5215 1837 5288">
    <p class='ocr_par' dir='ltr' id='par_1_99' title="bbox 258 5215 1837 5288">
     <span class='ocr_line' id='line_1_99' title="bbox 258 5215 1837 5288; baseline 0.008 -21"><span class='ocrx_word' id='word_1_787' title='bbox 258 5229 414 5281; x_wconf 70' lang='lat' dir='ltr'><strong>svnt,</strong></span> <span class='ocrx_word' id='word_1_788' title='bbox 442 5215 526 5283; x_wconf 87' lang='lat'><strong>7),</strong></span> <span class='ocrx_word' id='word_1_789' title='bbox 558 5232 713 5285; x_wconf 85' lang='lat' dir='ltr'><strong>quem</strong></span> <span class='ocrx_word' id='word_1_790' title='bbox 739 5218 790 5270; x_wconf 90' lang='lat' dir='ltr'><strong>in</strong></span> <span class='ocrx_word' id='word_1_791' title='bbox 823 5228 949 5288; x_wconf 89' lang='lat' dir='ltr'><strong>typo</strong></span> <span class='ocrx_word' id='word_1_792' title='bbox 970 5217 1250 5273; x_wconf 63' lang='lat' dir='ltr'><strong>dominicae</strong></span> <span class='ocrx_word' id='word_1_793' title='bbox 1281 5220 1544 5288; x_wconf 84' lang='lat' dir='ltr'><strong>passionis</strong></span> <span class='ocrx_word' id='word_1_794' title='bbox 1573 5222 1837 5280; x_wconf 88' lang='lat' dir='ltr'><strong>occidisse</strong></span> 
     </span>
    </p>
   </div>
   <div class='ocr_carea' id='block_1_100' title="bbox 258 5307 1835 5377">
    <p class='ocr_par' dir='ltr' id='par_1_100' title="bbox 258 5307 1835 5377">
     <span class='ocr_line' id='line_1_100' title="bbox 258 5307 1835 5377; baseline 0.006 -17"><span class='ocrx_word' id='word_1_795' title='bbox 258 5308 610 5376; x_wconf 88' lang='lat' dir='ltr'><strong>dignoscitur.</strong></span> <span class='ocrx_word' id='word_1_796' title='bbox 642 5307 747 5363; x_wconf 87' lang='lat' dir='ltr'><strong>Sed</strong></span> <span class='ocrx_word' id='word_1_797' title='bbox 778 5319 833 5365; x_wconf 89' lang='lat' dir='ltr'><strong>et</strong></span> <span class='ocrx_word' id='word_1_798' title='bbox 858 5326 1048 5377; x_wconf 76' lang='lat' dir='ltr'><strong>agnum</strong></span> <span class='ocrx_word' id='word_1_799' title='bbox 1084 5312 1150 5366; x_wconf 93' lang='lat' dir='ltr'><strong>de</strong></span> <span class='ocrx_word' id='word_1_800' title='bbox 1189 5311 1399 5376; x_wconf 46' lang='lat' dir='ltr'><strong>ovihu&#39;—‘,</strong></span> <span class='ocrx_word' id='word_1_801' title='bbox 1432 5320 1486 5366; x_wconf 92' lang='lat' dir='ltr'><strong>et</strong></span> <span class='ocrx_word' id='word_1_802' title='bbox 1525 5313 1733 5368; x_wconf 64' lang='lat' dir='ltr'><strong>haedum</strong></span> <span class='ocrx_word' id='word_1_803' title='bbox 1758 5316 1835 5369; x_wconf 87' lang='lat' dir='ltr'><strong>&#39;de</strong></span> 
     </span>
    </p>
   </div>
   <div class='ocr_carea' id='block_1_101' title="bbox 256 5398 1835 5473">
    <p class='ocr_par' dir='ltr' id='par_1_101' title="bbox 256 5398 1835 5473">
     <span class='ocr_line' id='line_1_101' title="bbox 256 5398 1835 5473; baseline 0.006 -22"><span class='ocrx_word' id='word_1_804' title='bbox 256 5398 437 5464; x_wconf 82' lang='lat' dir='ltr'><strong>capris</strong></span> <span class='ocrx_word' id='word_1_805' title='bbox 463 5411 730 5469; x_wconf 84' lang='lat' dir='ltr'><strong>synagoga</strong></span> <span class='ocrx_word' id='word_1_806' title='bbox 758 5400 951 5455; x_wconf 82' lang='lat' dir='ltr'><strong>oll&#39;erre</strong></span> <span class='ocrx_word' id='word_1_807' title='bbox 983 5402 1307 5471; x_wconf 68' lang='lat' dir='ltr'><strong>praccipitur.</strong></span> <span class='ocrx_word' id='word_1_808' title='bbox 1342 5402 1447 5465; x_wconf 86' lang='lat' dir='ltr'><strong>Per</strong></span> <span class='ocrx_word' id='word_1_809' title='bbox 1476 5403 1613 5471; x_wconf 87' lang='lat' dir='ltr'><strong>quod</strong></span> <span class='ocrx_word' id='word_1_810' title='bbox 1654 5406 1835 5473; x_wconf 77' lang='lat' dir='ltr'><strong>utique</strong></span> 
     </span>
    </p>
   </div>
   <div class='ocr_carea' id='block_1_102' title="bbox 256 5484 1831 5561">
    <p class='ocr_par' dir='ltr' id='par_1_102' title="bbox 256 5484 1831 5561">
     <span class='ocr_line' id='line_1_102' title="bbox 256 5484 1831 5561; baseline 0.004 -20"><span class='ocrx_word' id='word_1_811' title='bbox 256 5484 492 5554; x_wconf 83' lang='lat' dir='ltr'><strong>Spiritus</strong></span> <span class='ocrx_word' id='word_1_812' title='bbox 517 5485 744 5541; x_wconf 88' lang='lat' dir='ltr'><strong>Sanctus</strong></span> <span class='ocrx_word' id='word_1_813' title='bbox 771 5485 1007 5557; x_wconf 66' lang='lat' dir='ltr'><strong>perﬁdiae</strong></span> <span class='ocrx_word' id='word_1_814' title='bbox 1029 5491 1339 5546; x_wconf 88' lang='lat' dir='ltr'><strong>occasiones</strong></span> <span class='ocrx_word' id='word_1_815' title='bbox 1366 5491 1603 5547; x_wconf 86' lang='lat' dir='ltr'><strong>adimere</strong></span> <span class='ocrx_word' id='word_1_816' title='bbox 1628 5494 1831 5561; x_wconf 79' lang='lat' dir='ltr'><strong>volens,</strong></span> 
     </span>
    </p>
   </div>
   <div class='ocr_carea' id='block_1_103' title="bbox 255 5578 1837 5649">
    <p class='ocr_par' dir='ltr' id='par_1_103' title="bbox 255 5578 1837 5649">
     <span class='ocr_line' id='line_1_103' title="bbox 255 5578 1837 5649; baseline 0.005 -18"><span class='ocrx_word' id='word_1_817' title='bbox 255 5578 496 5644; x_wconf 90' lang='lat' dir='ltr'><strong>apertius</strong></span> <span class='ocrx_word' id='word_1_818' title='bbox 521 5585 576 5633; x_wconf 91' lang='lat' dir='ltr'><strong>et</strong></span> <span class='ocrx_word' id='word_1_819' title='bbox 601 5578 908 5649; x_wconf 82' lang='lat' dir='ltr'><strong>expressius</strong></span> <span class='ocrx_word' id='word_1_820' title='bbox 934 5578 1130 5635; x_wconf 87' lang='lat' dir='ltr'><strong>Christi</strong></span> <span class='ocrx_word' id='word_1_821' title='bbox 1180 5595 1394 5640; x_wconf 82' lang='lat' dir='ltr'><strong>carnem</strong></span> <span class='ocrx_word' id='word_1_822' title='bbox 1434 5597 1497 5637; x_wconf 78' lang='lat' dir='ltr'><strong>ex</strong></span> <span class='ocrx_word' id='word_1_823' title='bbox 1533 5583 1837 5645; x_wconf 80' lang='lat' dir='ltr'><strong>liom&#39;nihus</strong></span> 
     </span>
    </p>
   </div>
   <div class='ocr_carea' id='block_1_104' title="bbox 256 5666 1832 5742">
    <p class='ocr_par' dir='ltr' id='par_1_104' title="bbox 256 5666 1832 5742">
     <span class='ocr_line' id='line_1_104' title="bbox 256 5666 1832 5742; baseline 0.007 -23"><span class='ocrx_word' id='word_1_824' title='bbox 256 5669 657 5736; x_wconf 84' lang='lat' dir='ltr'><strong>assumendam,</strong></span> <span class='ocrx_word' id='word_1_825' title='bbox 683 5666 767 5723; x_wconf 87' lang='lat' dir='ltr'><strong>his</strong></span> <span class='ocrx_word' id='word_1_826' title='bbox 793 5668 1081 5726; x_wconf 80' lang='lat' dir='ltr'><strong>verborum</strong></span> <span class='ocrx_word' id='word_1_827' title='bbox 1114 5671 1498 5742; x_wconf 81' lang='lat' dir='ltr'><strong>adjectinnihus</strong></span> <span class='ocrx_word' id='word_1_828' title='bbox 1519 5671 1832 5730; x_wconf 85' lang='lat' dir='ltr'><strong>declaravit.</strong></span> 
     </span>
    </p>
   </div>
   <div class='ocr_carea' id='block_1_105' title="bbox 255 5758 1833 5833">
    <p class='ocr_par' dir='ltr' id='par_1_105' title="bbox 255 5758 1833 5833">
     <span class='ocr_line' id='line_1_105' title="bbox 255 5758 1833 5833; baseline 0.008 -23"><span class='ocrx_word' id='word_1_829' title='bbox 255 5760 426 5826; x_wconf 83' lang='lat' dir='ltr'><strong>Quam</strong></span> <span class='ocrx_word' id='word_1_830' title='bbox 483 5766 661 5815; x_wconf 88' lang='lat' dir='ltr'><strong>tamen</strong></span> <span class='ocrx_word' id='word_1_831' title='bbox 716 5758 854 5815; x_wconf 91' lang='lat' dir='ltr'><strong>sicut</strong></span> <span class='ocrx_word' id='word_1_832' title='bbox 910 5773 975 5816; x_wconf 77' lang='lat' dir='ltr'><strong>ex</strong></span> <span class='ocrx_word' id='word_1_833' title='bbox 1036 5760 1307 5819; x_wconf 79' lang='lat' dir='ltr'><strong>hominum</strong></span> <span class='ocrx_word' id='word_1_834' title='bbox 1363 5777 1557 5833; x_wconf 77' lang='lat' dir='ltr'><strong>genere</strong></span> <span class='ocrx_word' id='word_1_835' title='bbox 1605 5761 1833 5822; x_wconf 82' lang='lat' dir='ltr'><strong>futuram</strong></span> 
     </span>
    </p>
   </div>
   <div class='ocr_carea' id='block_1_106' title="bbox 1947 4675 3529 4750">
    <p class='ocr_par' dir='ltr' id='par_1_106' title="bbox 1947 4675 3529 4750">
     <span class='ocr_line' id='line_1_106' title="bbox 1947 4675 3529 4750; baseline 0.005 -20"><span class='ocrx_word' id='word_1_836' title='bbox 1947 4685 2031 4730; x_wconf 90' lang='lat' dir='ltr'><strong>tur</strong></span> <span class='ocrx_word' id='word_1_837' title='bbox 2060 4676 2321 4744; x_wconf 91' lang='lat' dir='ltr'><strong>arripere,</strong></span> <span class='ocrx_word' id='word_1_838' title='bbox 2356 4675 2494 4741; x_wconf 87' lang='lat' dir='ltr'><strong>quod</strong></span> <span class='ocrx_word' id='word_1_839' title='bbox 2537 4676 2620 4731; x_wconf 93' lang='lat' dir='ltr'><strong>his</strong></span> <span class='ocrx_word' id='word_1_840' title='bbox 2645 4676 2962 4732; x_wconf 85' lang='lat' dir='ltr'><strong>testimoniis</strong></span> <span class='ocrx_word' id='word_1_841' title='bbox 3010 4692 3114 4731; x_wconf 90' lang='lat' dir='ltr'><strong>una</strong></span> <span class='ocrx_word' id='word_1_842' title='bbox 3162 4682 3529 4750; x_wconf 80' lang='lat' dir='ltr'><strong>tantummodo</strong></span> 
     </span>
    </p>
   </div>
   <div class='ocr_carea' id='block_1_107' title="bbox 1945 4765 3530 4844">
    <p class='ocr_par' dir='ltr' id='par_1_107' title="bbox 1945 4765 3530 4844">
     <span class='ocr_line' id='line_1_107' title="bbox 1945 4765 3530 4844; baseline 0.005 -22"><span class='ocrx_word' id='word_1_843' title='bbox 1945 4767 2121 4822; x_wconf 88' lang='lat' dir='ltr'><strong>carnis</strong></span> <span class='ocrx_word' id='word_1_844' title='bbox 2149 4765 2350 4820; x_wconf 89' lang='lat' dir='ltr'><strong>Christi</strong></span> <span class='ocrx_word' id='word_1_845' title='bbox 2378 4767 2588 4822; x_wconf 89' lang='lat' dir='ltr'><strong>videtur</strong></span> <span class='ocrx_word' id='word_1_846' title='bbox 2623 4768 2882 4824; x_wconf 91' lang='lat' dir='ltr'><strong>declarari</strong></span> <span class='ocrx_word' id='word_1_847' title='bbox 2928 4780 3152 4836; x_wconf 88' lang='lat' dir='ltr'><strong>natura;</strong></span> <span class='ocrx_word' id='word_1_848' title='bbox 3192 4786 3530 4844; x_wconf 79' lang='lat' dir='ltr'><strong>consequens</strong></span> 
     </span>
    </p>
   </div>
   <div class='ocr_carea' id='block_1_108' title="bbox 1946 4841 3530 4934">
    <p class='ocr_par' dir='ltr' id='par_1_108' title="bbox 1946 4841 3530 4934">
     <span class='ocr_line' id='line_1_108' title="bbox 1946 4841 3530 4934; baseline 0.006 -21"><span class='ocrx_word' id='word_1_849' title='bbox 1946 4868 2001 4913; x_wconf 91' lang='lat' dir='ltr'><strong>et</strong></span> <span class='ocrx_word' id='word_1_850' title='bbox 2030 4858 2154 4914; x_wconf 88' lang='lat' dir='ltr'><strong>tidei</strong></span> <span class='ocrx_word' id='word_1_851' title='bbox 2185 4860 2546 4915; x_wconf 74' lang='lat' dir='ltr'><strong>necessarium</strong></span> <span class='ocrx_word' id='word_1_852' title='bbox 2588 4859 2750 4925; x_wconf 89' lang='lat' dir='ltr'><strong>duco,</strong></span> <span class='ocrx_word' id='word_1_853' title='bbox 2795 4862 2883 4917; x_wconf 88' lang='lat' dir='ltr'><strong>illa</strong></span> <span class='ocrx_word' id='word_1_854' title='bbox 2934 4863 3094 4917; x_wconf 88' lang='lat' dir='ltr'><strong>etiam</strong></span> <span class='ocrx_word' id='word_1_855' title='bbox 3151 4841 3530 4934; x_wconf 43' lang='lat' dir='ltr'><strong>replicareoac</strong></span> 
     </span>
    </p>
   </div>
   <div class='ocr_carea' id='block_1_109' title="bbox 1948 4948 3526 5022">
    <p class='ocr_par' dir='ltr' id='par_1_109' title="bbox 1948 4948 3526 5022">
     <span class='ocr_line' id='line_1_109' title="bbox 1948 4948 3526 5022; baseline 0.006 -21"><span class='ocrx_word' id='word_1_856' title='bbox 1948 4948 2187 5019; x_wconf 72' lang='lat' dir='ltr'><strong>proferre</strong></span> <span class='ocrx_word' id='word_1_857' title='bbox 2228 4950 2554 5016; x_wconf 89' lang='lat' dir='ltr'><strong>testimonia,</strong></span> <span class='ocrx_word' id='word_1_858' title='bbox 2599 4965 2719 5019; x_wconf 86' lang='lat' dir='ltr'><strong>quae</strong></span> <span class='ocrx_word' id='word_1_859' title='bbox 2749 4959 3049 5022; x_wconf 87' lang='lat' dir='ltr'><strong>utramque,</strong></span> <span class='ocrx_word' id='word_1_860' title='bbox 3089 4953 3141 5008; x_wconf 91' lang='lat' dir='ltr'><strong>id</strong></span> <span class='ocrx_word' id='word_1_861' title='bbox 3172 4964 3252 5009; x_wconf 88' lang='lat' dir='ltr'><strong>est</strong></span> <span class='ocrx_word' id='word_1_862' title='bbox 3292 4954 3526 5011; x_wconf 80' lang='lat' dir='ltr'><strong>divinam</strong></span> 
     </span>
    </p>
   </div>
   <div class='ocr_carea' id='block_1_110' title="bbox 1949 5038 3455 5104">
    <p class='ocr_par' dir='ltr' id='par_1_110' title="bbox 1949 5038 3455 5104">
     <span class='ocr_line' id='line_1_110' title="bbox 1949 5038 3455 5104; baseline 0.004 -12"><span class='ocrx_word' id='word_1_863' title='bbox 1949 5047 2009 5093; x_wconf 86' lang='lat' dir='ltr'><strong>et</strong></span> <span class='ocrx_word' id='word_1_864' title='bbox 2027 5038 2333 5104; x_wconf 82' lang='lat' dir='ltr'><strong>humanam,</strong></span> <span class='ocrx_word' id='word_1_865' title='bbox 2363 5038 2415 5093; x_wconf 91' lang='lat' dir='ltr'><strong>in</strong></span> <span class='ocrx_word' id='word_1_866' title='bbox 2448 5055 2555 5094; x_wconf 92' lang='lat' dir='ltr'><strong>uno</strong></span> <span class='ocrx_word' id='word_1_867' title='bbox 2583 5039 2798 5095; x_wconf 90' lang='lat' dir='ltr'><strong>Christo</strong></span> <span class='ocrx_word' id='word_1_868' title='bbox 2824 5042 3015 5096; x_wconf 86' lang='lat' dir='ltr'><strong>docent</strong></span> <span class='ocrx_word' id='word_1_869' title='bbox 3043 5058 3163 5099; x_wconf 89' lang='lat' dir='ltr'><strong>esse</strong></span> <span class='ocrx_word' id='word_1_870' title='bbox 3188 5052 3455 5100; x_wconf 86' lang='lat' dir='ltr'><strong>naturam.</strong></span> 
     </span>
    </p>
   </div>
   <div class='ocr_carea' id='block_1_111' title="bbox 2014 5127 3527 5201">
    <p class='ocr_par' dir='ltr' id='par_1_111' title="bbox 2014 5127 3527 5201">
     <span class='ocr_line' id='line_1_111' title="bbox 2014 5127 3527 5201; baseline 0.005 -20"><span class='ocrx_word' id='word_1_871' title='bbox 2014 5127 2124 5181; x_wconf 72' lang='lat' dir='ltr'><strong>VII.</strong></span> <span class='ocrx_word' id='word_1_872' title='bbox 2166 5127 2301 5181; x_wconf 87' lang='lat' dir='ltr'><strong>Dicit</strong></span> <span class='ocrx_word' id='word_1_873' title='bbox 2329 5143 2457 5198; x_wconf 90' lang='lat' dir='ltr'><strong>ergo</strong></span> <span class='ocrx_word' id='word_1_874' title='bbox 2487 5130 2777 5199; x_wconf 84' lang='lat' dir='ltr'><strong>Apostolus</strong></span> <span class='ocrx_word' id='word_1_875' title='bbox 2811 5132 2951 5201; x_wconf 89' lang='lat' dir='ltr'><strong>quod</strong></span> <span class='ocrx_word' id='word_1_876' title='bbox 2983 5148 3171 5189; x_wconf 87' lang='lat' dir='ltr'><strong>omnes</strong></span> <span class='ocrx_word' id='word_1_877' title='bbox 3200 5134 3527 5189; x_wconf 82' lang='lat' dir='ltr'><strong>benedictio-</strong></span> 
     </span>
    </p>
   </div>
   <div class='ocr_carea' id='block_1_112' title="bbox 1944 5219 3526 5296">
    <p class='ocr_par' dir='ltr' id='par_1_112' title="bbox 1944 5219 3526 5296">
     <span class='ocr_line' id='line_1_112' title="bbox 1944 5219 3526 5296; baseline 0.006 -25"><span class='ocrx_word' id='word_1_878' title='bbox 1944 5233 2069 5271; x_wconf 93' lang='lat' dir='ltr'><strong>num</strong></span> <span class='ocrx_word' id='word_1_879' title='bbox 2102 5219 2502 5287; x_wconf 45' lang='lat' dir='ltr'><strong>promissione-3</strong></span> <span class='ocrx_word' id='word_1_880' title='bbox 2538 5236 2656 5291; x_wconf 66' lang='lat' dir='ltr'><strong>quae</strong></span> <span class='ocrx_word' id='word_1_881' title='bbox 2686 5225 2963 5292; x_wconf 89' lang='lat' dir='ltr'><strong>prophetia</strong></span> <span class='ocrx_word' id='word_1_882' title='bbox 3006 5234 3060 5280; x_wconf 92' lang='lat' dir='ltr'><strong>et</strong></span> <span class='ocrx_word' id='word_1_883' title='bbox 3095 5226 3213 5296; x_wconf 81' lang='lat' dir='ltr'><strong>lege</strong></span> <span class='ocrx_word' id='word_1_884' title='bbox 3247 5227 3526 5281; x_wconf 85' lang='lat' dir='ltr'><strong>continen-</strong></span> 
     </span>
    </p>
   </div>
   <div class='ocr_carea' id='block_1_113' title="bbox 1944 5308 3520 5381">
    <p class='ocr_par' dir='ltr' id='par_1_113' title="bbox 1944 5308 3520 5381">
     <span class='ocr_line' id='line_1_113' title="bbox 1944 5308 3520 5381; baseline 0.006 -20"><span class='ocrx_word' id='word_1_885' title='bbox 1944 5316 2060 5376; x_wconf 77' lang='lat' dir='ltr'><strong>tur,</strong></span> <span class='ocrx_word' id='word_1_886' title='bbox 2080 5310 2145 5363; x_wconf 87' lang='lat' dir='ltr'><strong>ad</strong></span> <span class='ocrx_word' id='word_1_887' title='bbox 2173 5308 2370 5367; x_wconf 81' lang='lat' dir='ltr'><strong>ChriSIi</strong></span> <span class='ocrx_word' id='word_1_888' title='bbox 2404 5313 2671 5381; x_wconf 86' lang='lat' dir='ltr'><strong>pertinent</strong></span> <span class='ocrx_word' id='word_1_889' title='bbox 2696 5324 3110 5371; x_wconf 88' lang='lat' dir='ltr'><strong>sacramentum.</strong></span> <span class='ocrx_word' id='word_1_890' title='bbox 3143 5315 3275 5370; x_wconf 87' lang='lat' dir='ltr'><strong>Nam</strong></span> <span class='ocrx_word' id='word_1_891' title='bbox 3305 5316 3379 5369; x_wconf 90' lang='lat' dir='ltr'><strong>ita</strong></span> <span class='ocrx_word' id='word_1_892' title='bbox 3410 5316 3520 5370; x_wconf 92' lang='lat' dir='ltr'><strong>ait:</strong></span> 
     </span>
    </p>
   </div>
   <div class='ocr_carea' id='block_1_114' title="bbox 1943 5398 3521 5478">
    <p class='ocr_par' dir='ltr' id='par_1_114' title="bbox 1943 5398 3521 5478">
     <span class='ocr_line' id='line_1_114' title="bbox 1943 5398 3521 5478; baseline 0.009 -26"><span class='ocrx_word' id='word_1_893' title='bbox 1943 5398 2203 5469; x_wconf 82' lang='lat' dir='ltr'><strong>Quotquot</strong></span> <span class='ocrx_word' id='word_1_894' title='bbox 2222 5402 2354 5454; x_wconf 87' lang='lat' dir='ltr'><strong>enim</strong></span> <span class='ocrx_word' id='word_1_895' title='bbox 2382 5403 2740 5471; x_wconf 79' lang='lat' dir='ltr'><strong>promissiones</strong></span> <span class='ocrx_word' id='word_1_896' title='bbox 2769 5416 2909 5473; x_wconf 90' lang='lat' dir='ltr'><strong>sunt,</strong></span> <span class='ocrx_word' id='word_1_897' title='bbox 2943 5408 2995 5459; x_wconf 89' lang='lat' dir='ltr'><strong>in</strong></span> <span class='ocrx_word' id='word_1_898' title='bbox 3016 5410 3125 5478; x_wconf 84' lang='lat' dir='ltr'><strong>ipso</strong></span> <span class='ocrx_word' id='word_1_899' title='bbox 3150 5416 3264 5459; x_wconf 88' lang='lat' dir='ltr'><strong>sunt</strong></span> <span class='ocrx_word' id='word_1_900' title='bbox 3286 5405 3374 5475; x_wconf 87' lang='lat' dir='ltr'><strong>(II</strong></span> <span class='ocrx_word' id='word_1_901' title='bbox 3401 5407 3521 5466; x_wconf 87' lang='lat' dir='ltr'><strong>Cor.</strong></span> 
     </span>
    </p>
   </div>
   <div class='ocr_carea' id='block_1_115' title="bbox 1938 5490 3524 5568">
    <p class='ocr_par' dir='ltr' id='par_1_115' title="bbox 1938 5490 3524 5568">
     <span class='ocr_line' id='line_1_115' title="bbox 1938 5490 3524 5568; baseline 0.008 -24"><span class='ocrx_word' id='word_1_902' title='bbox 1938 5505 1987 5556; x_wconf 87' lang='grc' dir='ltr'>ι,</span> <span class='ocrx_word' id='word_1_903' title='bbox 2018 5490 2134 5561; x_wconf 74' lang='grc' dir='ltr'><strong>ΞΟ).</strong></span> <span class='ocrx_word' id='word_1_904' title='bbox 2166 5490 2452 5547; x_wconf 83' lang='lat' dir='ltr'><strong>Videamus</strong></span> <span class='ocrx_word' id='word_1_905' title='bbox 2500 5492 2676 5563; x_wconf 86' lang='lat' dir='ltr'><strong>itaque</strong></span> <span class='ocrx_word' id='word_1_906' title='bbox 2724 5497 2992 5565; x_wconf 89' lang='lat' dir='ltr'><strong>quomodo</strong></span> <span class='ocrx_word' id='word_1_907' title='bbox 3042 5502 3123 5550; x_wconf 71' lang='lat' dir='ltr'><strong>hie</strong></span> <span class='ocrx_word' id='word_1_908' title='bbox 3163 5511 3349 5552; x_wconf 90' lang='lat' dir='ltr'><strong>omnes</strong></span> <span class='ocrx_word' id='word_1_909' title='bbox 3402 5513 3524 5568; x_wconf 84' lang='lat' dir='ltr'><strong>pro-</strong></span> 
     </span>
    </p>
   </div>
   <div class='ocr_carea' id='block_1_116' title="bbox 1942 5582 3522 5663">
    <p class='ocr_par' dir='ltr' id='par_1_116' title="bbox 1942 5582 3522 5663">
     <span class='ocr_line' id='line_1_116' title="bbox 1942 5582 3522 5663; baseline 0.008 -27"><span class='ocrx_word' id='word_1_910' title='bbox 1942 5582 2254 5637; x_wconf 88' lang='lat' dir='ltr'><strong>missionum</strong></span> <span class='ocrx_word' id='word_1_911' title='bbox 2286 5583 2708 5653; x_wconf 88' lang='lat' dir='ltr'><strong>benedictiones,</strong></span> <span class='ocrx_word' id='word_1_912' title='bbox 2749 5589 2988 5659; x_wconf 87' lang='lat' dir='ltr'><strong>mysticis</strong></span> <span class='ocrx_word' id='word_1_913' title='bbox 3020 5588 3070 5641; x_wconf 93' lang='lat' dir='ltr'><strong>in</strong></span> <span class='ocrx_word' id='word_1_914' title='bbox 3102 5587 3317 5645; x_wconf 85' lang='lat' dir='ltr'><strong>Christo</strong></span> <span class='ocrx_word' id='word_1_915' title='bbox 3339 5589 3522 5663; x_wconf 85' lang='lat' dir='ltr'><strong>llgnris</strong></span> 
     </span>
    </p>
   </div>
   <div class='ocr_carea' id='block_1_117' title="bbox 1940 5675 3524 5748">
    <p class='ocr_par' dir='ltr' id='par_1_117' title="bbox 1940 5675 3524 5748">
     <span class='ocr_line' id='line_1_117' title="bbox 1940 5675 3524 5748; baseline 0.008 -19"><span class='ocrx_word' id='word_1_916' title='bbox 1940 5684 2230 5745; x_wconf 84' lang='lat' dir='ltr'><strong>aptentur;</strong></span> <span class='ocrx_word' id='word_1_917' title='bbox 2288 5684 2342 5731; x_wconf 89' lang='lat' dir='ltr'><strong>et</strong></span> <span class='ocrx_word' id='word_1_918' title='bbox 2390 5675 2463 5730; x_wconf 91' lang='lat' dir='ltr'><strong>ibi</strong></span> <span class='ocrx_word' id='word_1_919' title='bbox 2508 5677 2837 5748; x_wconf 89' lang='lat' dir='ltr'><strong>reperiemus</strong></span> <span class='ocrx_word' id='word_1_920' title='bbox 2868 5680 3139 5748; x_wconf 89' lang='lat' dir='ltr'><strong>utriusque</strong></span> <span class='ocrx_word' id='word_1_921' title='bbox 3184 5695 3524 5742; x_wconf 80' lang='lat' dir='ltr'><strong>sacramenta</strong></span> 
     </span>
    </p>
   </div>
   <div class='ocr_carea' id='block_1_118' title="bbox 1942 5766 3519 5838">
    <p class='ocr_par' dir='ltr' id='par_1_118' title="bbox 1942 5766 3519 5838">
     <span class='ocr_line' id='line_1_118' title="bbox 1942 5766 3519 5838; baseline 0.005 -13"><span class='ocrx_word' id='word_1_922' title='bbox 1942 5779 2145 5825; x_wconf 76' lang='lat' dir='ltr'><strong>natura:</strong></span> <span class='ocrx_word' id='word_1_923' title='bbox 2176 5768 2292 5826; x_wconf 90' lang='lat' dir='ltr'><strong>luce</strong></span> <span class='ocrx_word' id='word_1_924' title='bbox 2319 5766 2518 5825; x_wconf 87' lang='lat' dir='ltr'><strong>clarius</strong></span> <span class='ocrx_word' id='word_1_925' title='bbox 2547 5767 2797 5825; x_wconf 88' lang='lat' dir='ltr'><strong>emicare.</strong></span> <span class='ocrx_word' id='word_1_926' title='bbox 2842 5770 2973 5838; x_wconf 80' lang='lat' dir='ltr'><strong>Quia</strong></span> <span class='ocrx_word' id='word_1_927' title='bbox 3004 5780 3116 5829; x_wconf 87' lang='lat' dir='ltr'><strong>rata</strong></span> <span class='ocrx_word' id='word_1_928' title='bbox 3147 5782 3201 5830; x_wconf 87' lang='lat' dir='ltr'><strong>et</strong></span> <span class='ocrx_word' id='word_1_929' title='bbox 3230 5773 3380 5831; x_wconf 75' lang='lat' dir='ltr'><strong>ﬁrma</strong></span> <span class='ocrx_word' id='word_1_930' title='bbox 3423 5776 3519 5833; x_wconf 86' lang='lat' dir='ltr'><strong>ba-</strong></span> 
     </span>
    </p>
   </div>
  </div>
