3990 6390
503 392 601 447 Ιί5

1836 391 2061 449 VIGlLlI
2099 392 2465 451 TAPSENSIS

3662 404 3761 459 HG

504 509 816 565 nedictionis
844 512 1130 579 promissio
1154 526 1271 566 esse
1297 527 1400 566 non
1434 517 1660 578 poterat,
1691 506 1789 563 nisi
1823 507 2074 576 perlecta:
2101 508 2153 568 Α
2180 508 2351 575 (Psai.
2387 525 2539 577 Lari,
2585 511 2662 581 7).
2708 512 2839 579 Quae
2884 520 2967 568 est
2996 520 3136 569 terra
3171 527 3292 583 qua:
3337 514 3565 570 fructum
3599 515 3760 573 bene-

504 602 623 656 ﬁdei
651 616 752 671 qua
776 600 1021 656 Christus
1050 603 1190 658 Deus
1228 612 1281 657 et
1311 602 1470 655 homo
1497 601 1701 653 iuturus
1726 597 2081 652 annuntiaba-

506 701 611 758 tur,
661 693 967 747 contineret
1020 707 1293 747 arcanum.
1343 690 1668 746 Beucdicens
1713 690 1893 757 itaque
1939 688 2082 741 Isaac

506 784 808 852 patriarcha
840 782 1003 838 Jacob
1042 794 1096 838 et
1130 784 1269 838 Esau
1309 783 1445 836 lilios
1476 796 1632 843 suos,
1666 781 1730 833 ad
1774 779 1941 834 Jacob
1969 780 2083 847 qui-

506 876 629 929 dem
664 877 741 930 sic
772 876 980 929 locutus
1006 884 1105 938 est,
1139 874 1318 928 dicens
1347 891 1361 927 :
1396 871 1527 926 Ecce
1554 872 1678 925 odor
1708 871 1805 940 filii
1828 870 1924 923 mei
1954 870 2085 923 sicut

509 968 637 1020 odor
663 968 776 1037 agri
825 967 907 1019 cui
950 966 1198 1019 benedixit
1250 962 1410 1017 Deus.
1460 962 1555 1016 Det
1608 962 1696 1015 tibi
1746 960 1995 1013 Dominus
2025 957 2089 1011 de

513 1073 624 1112 tore
655 1058 785 1120 caeli,
825 1066 879 1110 et
931 1058 993 1109 de
1032 1056 1341 1124 p'nguedine
1385 1063 1532 1108 terra:
1581 1051 1949 1105 abundantiam
1977 1054 2086 1119 fru-

507 1151 693 1214 menti,
722 1148 824 1202 vini
880 1157 925 1201 et
955 1149 1052 1201 olei
1078 1145 1229 1219 (Gen.
1276 1161 1418 1211 xvtt,
1448 1143 1561 1215 '27).
1595 1144 1673 1198 Ad
1718 1144 1857 1197 Esau
1909 1155 2037 1194 vero
2069 1156 2083 1193 :

508 1235 577 1290 In
606 1239 906 1310 pinguedine
936 1248 1101 1301 terrm,
1128 1246 1173 1290 et
1207 1239 1258 1289 in
1286 1251 1399 1290 rore
1427 1234 1536 1288 εωΙὶ
1565 1234 1662 1289 erit
1692 1231 1972 1287 benedictio
2000 1241 2088 1282 tua

513 1329 697 1396 (lbid.,
738 1327 845 1398 59).
882 1327 1017 1395 Quid
1060 1329 1320 1398 apertius,
1360 1324 1553 1395 quidve
1581 1323 1805 1378 lucidius
1832 1322 1900 1377 de
1936 1330 2085 1375 utra-

508 1434 609 1486 que
638 1417 832 1472 Christi
862 1431 1050 1472 natura
1081 1418 1249 1487 potuit
1289 1416 1547 1485 proferri?
1588 1414 1859 1484 Siquidem
1892 1414 1941 1466 iu
1966 1426 2088 1466 rore

506 1509 650 1577 caeli,
699 1509 973 1573 Veibum;
1033 1509 1084 1562 in
1131 1518 1285 1562 terrai
1337 1514 1513 1561 autem
1570 1504 1910 1575 pinguedine,
1960 1516 2089 1556 caro

506 1602 622 1669 ejus
647 1601 933 1671 signiﬁcari
983 1609 1331 1653 monStratur.
1384 1598 1550 1653 Iacob
1597 1607 1775 1653 autem
1826 1605 1880 1650 et
1922 1595 2085 1659 Esau,

505 1693 687 1760 populi
715 1693 950 1760 gentium
987 1698 1041 1744 ct
1069 1688 1372 1744 Judznorum
1406 1699 1587 1742 tenere
1614 1688 1859 1757 ﬁguram,
1887 1685 2088 1739 nullum

506 1783 699 1849 opinor
746 1780 1017 1849 ambigere
1058 1779 1441 1834 Christianum.
1475 1778 1681 1832 Primus
1712 1793 1839 1847 ergo
1865 1776 2089 1847 populus

2184 599 2433 653 dictionis
2467 600 2644 666 dedit,
2676 603 2774 658 nisi
2804 603 2989 669 Maria,
3018 606 3102 658 cui
3130 605 3358 660 dicitur:
3383 605 3661 661 Benedicta
3687 619 3759 673 tu,

2185 702 2233 742 et
2262 690 2549 745 benedictus
2570 692 2765 762 fructm
2794 693 2902 764 3o
2927 695 3115 749 ventris
3164 697 3239 749 tui
3280 696 3431 767 (Luc.
3462 712 3502 763 ι,
3531 697 3669 769 42)?
3700 699 3763 752 Et

2187 780 2238 832 in
2279 780 2515 835 Genesi:
2559 781 2963 851 Benedictiones,
3014 784 3207 854 inquit,
3258 786 3469 840 uberum
3520 797 3570 841 et
3607 792 3767 842 valete

2188 867 2340 936 (Gen.
2373 885 2521 936 xux,
2549 870 2679 939 ‘25)?
2702 872 2768 926 Et
2789 873 2838 925 in
2866 873 3094 927 Psalmis
3122 890 3135 927 :
3168 872 3295 928 Filii
3325 891 3532 942 merces,
3570 877 3767 946 fructus

2188 963 2371 1015 ventris
2402 961 2574 1033 (Psal.
2624 978 2779 1019 cxxVI
2807 1008 2821 1032 ,
2862 965 2953 1034 δη
3000 966 3107 1019 Et:
3144 966 3219 1021 De
3262 970 3430 1035 fructu
3474 970 3667 1022 ventris
3697 970 3765 1023 tui

2190 1066 2375 1118 ponam
2402 1067 2556 1121 super
2581 1052 2750 1107 sedem
2777 1063 2915 1107 tuam
2942 1052 3117 1122 (Psal.
3146 1055 3329 1126 cxxst)
3352 1057 3374 1109 ?
3408 1055 3482 1111 De
3506 1071 3622 1126 quo
3662 1056 3767 1110 fru-

2188 1150 2279 1195 ctu
2336 1140 2422 1196 hic
2460 1142 2607 1197 idem
2657 1144 2798 1198 sacri
2838 1145 3092 1199 carminis
3117 1154 3303 1199 auctor
3346 1147 3400 1200 in
3427 1147 3532 1200 alio
3561 1148 3769 1216 psalmo

2189 1231 2424 1287 concinit
2450 1247 2467 1290 :
2499 1232 2699 1287 Veritas
2728 1234 2792 1287 de
2833 1243 2966 1288 terra
2998 1246 3111 1288 orto
3139 1242 3236 1300 est,
3261 1244 3307 1289 et
3324 1237 3526 1308 justitia
3553 1237 3622 1291 de
3648 1238 3767 1290 caelo

2189 1325 2469 1393 prospexit.
2493 1321 2698 1379 Etenim
2722 1323 2969 1379 Dominus
2994 1325 3132 1378 dabit
3155 1326 3529 1396 benignitatem,
3560 1337 3611 1381 et
3641 1338 3768 1379 terra

2190 1422 2363 1467 nostra
2392 1414 2529 1467 dabit
2555 1417 2777 1484 fructum
2796 1430 2947 1468 suum
2978 1413 3149 1485 (Psal.
3179 1431 3395 1481 Lxxxtv,
3426 1417 3557 1486 1'2)?
3584 1416 3644 1471 In
3670 1432 3767 1487 quo

2190 1504 2466 1559 evidenter
2491 1505 2766 1575 utriusque
2793 1514 2995 1561 natura:
3014 1506 3406 1562 confessionem
3437 1508 3759 1577 prmdica'ns,

2192 1594 2514 1663 perﬁdorum
2536 1610 2631 1650 ora
2669 1596 2937 1661 obtundit,
2988 1597 3115 1651 dum
3166 1600 3452 1654 veritatem
3507 1599 3582 1655 de
3636 1608 3767 1655 terra

2191 1699 2392 1751 ortam,
2437 1696 2490 1741 et
2538 1686 2798 1756 justitiam
2845 1687 2913 1743 de
2976 1687 3116 1743 caelo
3162 1690 3359 1743 asserit
3405 1692 3763 1760 prospexisse.

2192 1777 2324 1843 Quia
2354 1776 2596 1831 Christus
2637 1791 2702 1833 ex
2752 1784 2979 1846 utroque
3024 1777 3377 1832 substantiam
3425 1777 3659 1844 habens,
3705 1779 3768 1834 de

506 1871 766 1938 gentium,
790 1870 941 1939 cujus
964 1869 1129 1924 Jacob
1156 1869 1527 1937 praelormabat
1557 1870 1865 1937 imaginem,
1906 1884 1935 1921 a
1964 1881 2087 1922 rore
2118 1866 2164 1926 Β
2190 1868 2331 1923 caelo
2360 1869 2587 1933 scilicet,
2616 1870 2739 1937 quia
2767 1870 2834 1924 de
2860 1869 3016 1925 Patre
3035 1870 3281 1939 genitus;
3306 1870 3372 1924 de
3397 1879 3538 1925 terra
3574 1882 3765 1934 autem,

508 1960 629 2015 caeli
663 1968 716 2014 et
747 1975 776 2013 a
808 1960 1127 2029 pinguedine
1163 1971 1346 2025 terrae,
1385 1959 1434 2014 id
1473 1970 1555 2014 evt
1595 1958 1810 2013 Christo
1833 2000 1846 2022 ,
1873 1957 1962 2027 qui
2003 1965 2088 2029 est

510 2051 654 2106 Deus
698 2058 752 2104 et
798 2026 978 2114 homo,
1029 2048 1416 2104 benedictionis
1449 2050 1670 2102 sortitus
1699 2026 1946 2115 gratiam,
1981 2026 2091 2099 tru-

511 2140 712 2210 menti,
730 2148 785 2194 et
808 2138 936 2206 viui,
963 2148 1016 2195 et
1042 2139 1144 2194 olei
1176 2139 1594 2195 estabundantia
1625 2138 1731 2208 29
1756 2136 2089 2199 cumulatus;

510 2230 567 2285 id
595 2239 678 2285 est
711 2230 953 2300 corporis
999 2236 1055 2284 ct
1106 2230 1381 2298 sanguinis
1424 2227 1647 2295 Christi,
1693 2236 1749 2283 et
1787 2225 2090 2281 chrismatis

511 2324 628 2388 ejus
655 2322 911 2393 mysterio
937 2330 1301 2377 consecratus.
1326 2320 1489 2389 Cujus
1521 2320 1673 2375 trina:
1704 2316 2093 2387 benedictionis

512 2413 856 2482 multiplicem
883 2413 1135 2482 gratiam,
1180 2411 1346 2466 David
1385 2412 1543 2466 etiam
1583 2424 1739 2465 sacro
1768 2423 2092 2465 commemo-

511 2510 594 2556 rat
626 2504 883 2567 carmine,
910 2504 1094 2558 dicens
1126 2522 1137 2556 :
1183 2504 1224 2556 A
1255 2511 1475 2574 tempore
1500 2502 1759 2572 frumenti,
1793 2502 1895 2554 vini
1922 2510 1969 2555 et
1994 2500 2091 2554 olei

507 2596 590 2649 sui
636 2596 957 2665 multiplicati
996 2608 1114 2651 sunt
1159 2594 1328 2667 (Psal.
1384 2612 1456 2663 tv,
1490 2596 1566 2665 8).
1622 2596 1761 2650 Esau
1791 2604 1969 2649 autem
1999 2596 2088 2664 qui

509 2686 656 2754 prior
684 2687 975 2742 secundum
1004 2703 1219 2742 carnem
1260 2688 1427 2742 fuerat
1463 2697 1641 2751 natus,
1673 2695 1853 2757 typum
1883 2685 2089 2740 Judaici

509 2776 691 2844 populi
718 2777 1059 2846 apertissime
1082 2786 1320 2846 gestans,
1353 2778 1479 2831 dum
1506 2778 1559 2831 in
1582 2791 1711 2847 agro
1735 2777 1867 2845 legis
1892 2776 2093 2829 diutius

511 2867 846 2932 immoratur,
892 2869 1035 2937 vagis
1082 2878 1137 2922 et
1181 2867 1454 2936 fugacibus
1500 2867 1793 2923 carnalium
1838 2881 2090 2921 sensuum

511 2958 767 3011 insiSIens
809 2958 1108 3023 venatibus,
1143 2958 1224 3012 vel
1256 2959 1576 3012 transitoriis
1621 2958 1752 3027 legis
1798 2956 2003 3011 umbris
2032 2965 2086 3011 et

513 3048 835 3118 imaginibus
878 3049 1274 3115 obsecundans,
1322 3062 1512 3104 servus
1560 3051 1706 3104 venit
1749 3048 1815 3102 ad
1867 3048 2092 3118 gratiam

514 3136 671 3207 (Gen.
704 3153 834 3203 xxv,
852 3137 965 3207 27).
998 3138 1114 3205 Ipse
1143 3147 1226 3193 est
1253 3139 1343 3194 ille
1360 3138 1701 3208 evangelicus
1721 3137 1900 3192 senior
1929 3137 2089 3201 ﬁlius,

2192 1960 2314 2029 quia
2340 1968 2396 2014 et
2423 1959 2492 2013 de
2513 1968 2685 2014 matre
2720 1970 2876 2014 natus
2903 1970 3006 2025 est,
3050 1959 3326 2027 utriusque
3354 1960 3600 2029 parentis
3621 1961 3766 2014 habet

2190 2054 2433 2122 geritque
2467 2060 2731 2106 naturam.
2772 2052 2816 2104 Α
2842 2067 3037 2106 summa
3064 2052 3176 2106 cali
3203 2051 3423 2123 egressio
3451 2055 3566 2124 ejus
3604 2051 3762 2123 (Psal.

2192 2159 2351 2209 xvut,
2380 2143 2457 2213 7).
2512 2143 2789 2199 Summum
2822 2145 2965 2199 enim
3000 2143 3123 2199 cmli
3163 2143 3359 2199 Pater:
3410 2142 3475 2196 Et
3524 2144 3765 2211 processio

2191 2239 2303 2309 ejus
2328 2243 2567 2303 tanquam
2599 2234 2773 2303 sponsi
2800 2232 2986 2305 (lbid.,
3013 2233 3095 2302 6),
3130 2233 3198 2289 de
3226 2233 3466 2288 thalamo
3499 2235 3636 2288 uteri
3670 2234 3764 2286 vir-

2191 2324 2405 2394 ginalis.
2454 2323 2605 2389 Quod
2654 2324 2967 2393 mysterium
3020 2324 3298 2392 utriusque
3349 2334 3562 2377 natura
3614 2324 3763 2377 etiam

2195 2414 2359 2470 Isaias
2403 2413 2592 2468 iisdem
2639 2413 3115 2483 signiﬁcationibus
3156 2414 3416 2483 pandens,
3465 2415 3593 2468 caeli
3636 2411 3761 2466 haud

2199 2505 2417 2559 dubium
2450 2513 2504 2559 et
2526 2514 2706 2571 teme,
2736 2504 2813 2558 sic
2845 2504 3051 2559 locutus
3068 2513 3150 2559 est
3169 2503 3381 2559 dicens:
3410 2503 3619 2568 Rorate,
3641 2502 3761 2563 ereti,

2193 2596 2428 2666 desuper,
2485 2605 2531 2648 et
2561 2594 2717 2649 nubes
2756 2595 2934 2663 pluant
2974 2595 3213 2663 justum;
3255 2593 3520 2663 aperiatur
3560 2603 3689 2646 terra
3718 2599 3760 2643 et

2194 2687 2437 2755 germinet
2471 2683 2791 2738 Salvatorem
2813 2682 2966 2753 (lsai.
2999 2698 3121 2749 xu,
3154 2683 3235 2751 8).

2266 2774 2354 2828 IX.
2400 2773 2531 2830 Vide
2556 2787 2713 2844 quam
2745 2774 2996 2828 consonis
3020 2775 3218 2828 veritas
3238 2772 3512 2827 muniatur
3541 2769 3751 2840 prophe-

2196 2867 2297 2921 tica
2326 2866 2644 2922 auctoritate
2701 2866 3002 2922 sententiis.
3034 2865 3189 2931 Quod
3229 2866 3376 2921 enim
3438 2864 3592 2918 David
3637 2864 3752 2916 ait:

2195 2958 2404 3012 Iustitia
2444 2957 2509 3011 de
2546 2958 2670 3011 caelo
2709 2957 2987 3026 prospexit,
3034 2956 3135 3010 hoc
3176 2955 3339 3011 Isaias
3371 2954 3548 3008 dixit:
3600 2951 3759 3006 Nubes

2197 3051 2379 3119 pluant
2396 3052 2610 3121 justum.
2651 3050 2717 3105 Et
2751 3049 2893 3119 quod
2933 3048 3021 3103 ille
3055 3048 3367 3115 subjunxit:
3400 3046 3470 3100 Et
3499 3056 3634 3100 terra
3679 3059 3762 3097 no-

2196 3154 2303 3197 stra
2331 3144 2470 3197 dabit
2498 3144 2720 3213 fructum
2747 3156 2915 3205 suum,
2948 3140 3050 3195 hoc
3080 3141 3181 3196 iste
3223 3139 3427 3195 addidit
3453 3155 3468 3193 :
3504 3139 3761 3209 Aperiantr

512 3225 603 3294 qui
642 3224 768 3281 dum
807 3226 963 3291 ruris,
998 3226 1047 3281 id
1078 3234 1162 3283 est
1189 3228 1319 3297 legis
1350 3229 1608 3283 exercitio
1637 3234 1949 3296 occupatur,
1981 3225 2089 3279 ala-

2197 3248 2353 3304 terra,
2408 3244 2453 3289 et
2508 3235 2751 3307 germinet
2803 3234 3153 3296 Salvatorem;
3216 3232 3496 3302 perspicuo
3545 3231 3672 3285 satis
3713 3237 3759 3283 et

513 3316 698 3372 crlore
728 3316 957 3386 junioris
1000 3316 1261 3374 industria
1301 3319 1649 3387 praevenitur,
1687 3316 1915 3387 saginati
1942 3315 2091 3369 vituli

514 3407 771 3464 carnibus
790 3407 1134 3464 defraudatur
1160 3409 1313 3477 (Luc.
1343 3409 1463 3478 xv).
1501 3410 1664 3464 Cas~o
1693 3408 1852 3477 igitur
1871 3415 1926 3463 et
1947 3408 2089 3462 inani

512 3505 865 3573 semet'psum
908 3502 1091 3557 labore
1136 3512 1443 3565 conterens,
1491 3502 1639 3556 audit
1670 3515 1699 3555 a
1730 3510 1880 3571 patre
1911 3519 1925 3552 :
1960 3500 2091 3555 Fru-

513 3594 709 3648 strain
746 3593 829 3649 bis
860 3594 1110 3649 omnibus
1152 3595 1443 3657 exerceris,
1493 3602 1549 3649 et
1603 3593 1737 3648 ultra
1790 3603 2090 3661 temporum

514 3684 874 3739 conditionem
917 3684 1066 3755 (Cod.
1119 3683 1270 3756 Κεφ,
1321 3683 1800 3753 constitutionem),
1846 3681 2090 3751 legalium

515 3773 857 3828 decretorum
904 3773 1240 3842 dogmatibus
1279 3774 1558 3846 occuparis
1591 3791 1601 3824 :
1649 3773 1915 3827 arbitrans
1948 3780 1999 3826 te
2027 3785 2094 3825 ex

516 3864 638 3932 lege
666 3862 1056 3918 benedictionis
1091 3863 1317 3932 gratiam
1357 3864 1611 3932 consequi
1661 3876 1849 3932 posse;
1891 3876 2014 3917 cum
2041 3870 2095 3915 et

516 3954 730 4024 tempus
772 3955 1003 4010 carnalis
1033 3954 1386 4011 observanda:
1429 3955 1560 4026 legis
1598 3969 1877 4010 emensum
1908 3957 2010 4019 sit;
2040 3962 2095 4008 et

456 4116 461 4121 Δ
516 4063 614 4117 pro
660 4048 1082 4118 impossibilitate
1139 4049 1449 4119 perﬁciendi
1495 4065 1615 4119 qua:
1668 4050 2090 4120 legejubentur,

514 4159 618 4199 non
651 4153 757 4199 tam
787 4144 1208 4200 benedictionem
1240 4160 1396 4215 quam
1428 4144 1860 4200 maledictiouem
1889 4159 2096 4213 praiva-

516 4237 776 4290 ricatores
824 4236 955 4304 legis
1004 4236 1245 4305 ejusdem
1293 4236 1604 4292 sortiantur.
1660 4235 1793 4303 Quia
1836 4236 2092 4304 scriptum

514 4334 599 4379 est
628 4343 642 4378 :
701 4324 1007 4379 Maledictus
1040 4327 1200 4379 omnis
1228 4328 1310 4393 qui
1339 4343 1441 4381 non
1471 4329 1806 4397 permanserit
1845 4327 1896 4379 in
1924 4326 2091 4379 omni-

517 4421 608 4469 bus
634 4430 745 4483 qute
782 4414 971 4483 scripta
998 4424 1111 4467 sunt
1154 4416 1209 4467 in
1261 4417 1366 4485 lege
1397 4416 1550 4487 (Deut
1601 4433 1776 4479 xxv",
1824 4417 1937 4485 26).
1972 4416 2095 4470 Ideo

516 4507 656 4561 scire
685 4506 848 4561 debes
876 4506 1015 4574 quod
1048 4507 1104 4558 in
1134 4507 1454 4574 pinguedine
1486 4516 1641 4561 tetras
1671 4519 1724 4562 et
1751 4508 1801 4561 in
1832 4524 1957 4563 rore
1981 4522 2093 4563 ρω-

517 4597 584 4661 li,
618 4596 669 4650 id
696 4606 776 4650 est
806 4596 856 4648 in
887 4593 1131 4657 Christo,
1174 4596 1347 4650 t'utura
1379 4597 1447 4651 sit
1478 4597 1778 4653 benedictio
1810 4608 1923 4652 tua.
1968 4654 1969 4657 η

588 4686 724 4741 Vlll.
766 4685 933 4740 Jacob
958 4686 1115 4741 etiam
1147 4687 1466 4742 benedicens
1487 4688 1684 4758 Joseph
1719 4688 1881 4742 tilium
1911 4704 2088 4758 sumn,

516 4777 585 4830 ab
612 4776 769 4845 hujus
797 4777 1118 4831 sacramenti
1149 4778 1400 4847 mysterio
1430 4793 1537 4833 non
1583 4780 1828 4847 recessit,
1862 4780 2047 4835 diccns
2075 4800 2087 4836 :

519 4868 789 4923 Benedicet
836 4878 883 4923 te
928 4868 1356 4925 benedictionibus
1400 4873 1510 4927 cmli
1548 4872 1783 4942 desuper,
1808 4884 1855 4929 et
1886 4874 2092 4929 benedi-

519 4961 770 5016 ctionibus
812 4970 958 5017 terra:
988 4963 1215 5017 habentis
1255 4964 1422 5018 omnia
1451 4964 1600 5035 (Gen.
1638 4982 1787 5037 mx,
1816 4967 1931 5037 25).
1962 4966 2093 5034 Qua:

516 5061 601 5108 est
631 5052 934 5108 benedictio
961 5054 1103 5120 cmli,
1138 5055 1240 5109 nisi
1284 5054 1514 5112 Verbum
1560 5060 1700 5125 quod
1731 5060 1798 5114 de
1827 5060 1967 5115 caelo
1996 5060 2088 5116 dc-

517 5141 764 5199 scendit?
791 5143 857 5198 Et
873 5160 992 5213 quae
1013 5154 1099 5199 est
1127 5145 1426 5202 benedictio
1443 5138 1601 5203 terrae
1624 5149 1867 5207 habentis
1889 5152 2097 5218 omnia,

514 5227 622 5290 nisi
666 5234 866 5290 Christi
914 5249 1061 5300 caro,
1105 5237 1326 5306 quze'de
1369 5248 1530 5304 terra,
1582 5240 1637 5294 id
1682 5242 1855 5297 estde
1883 5252 2095 5299 terreno

525 5326 750 5398 Virginis
777 5341 1006 5398 corpore
1042 5339 1251 5398 sumpta
1280 5340 1354 5385 est
1378 5369 1394 5396 ,
1427 5332 1478 5386 in
1512 5347 1615 5402 qua
1644 5333 1900 5399 omnium,
1931 5336 2092 5403 spiri-

519 5421 702 5475 talium
726 5421 1013 5491 gratiarum
1038 5421 1298 5475 redundat
1329 5425 1546 5491 veritas,
1589 5431 1644 5479 ct
1684 5425 1845 5479 tutius
1874 5426 2094 5482 benedi-

518 5512 711 5568 ctionis
739 5513 940 5569 (ructus
990 5512 1289 5568 exuberat?
1323 5514 1378 5569 lu
1411 5531 1514 5582 quo
1555 5516 1756 5580 fructu,
1786 5518 1874 5585 qui
1907 5518 2093 5586 procul

516 5602 680 5656 dubio
732 5602 977 5660 Christus
1005 5615 1108 5673 est,
1140 5614 1453 5659 cunctorum
1506 5606 1738 5676 ﬁdelium
1791 5607 2094 5665 benedictio

518 5704 932 5763 consummatur,
948 5707 1007 5751 ut
1032 5697 1195 5752 David
1222 5697 1325 5754 ait:
1348 5696 1502 5751 Terra
1516 5699 1654 5751 dedit
1677 5702 1898 5769 fructum
1921 5717 2091 5755 suum.

518 5779 790 5839 Benedicat
817 5800 906 5839 nos
940 5787 1074 5842 Deus
1111 5788 1245 5843 Deus
1292 5798 1479 5857 noster,
1515 5788 1786 5862 ~bcnedicat
1834 5808 1925 5845 nos
1954 5790 2089 5848 Deus

2196 3338 2402 3400 aperto,
2437 3328 2543 3383 imo
2584 3326 2797 3396 proprio
2828 3326 2947 3381 Filii
2986 3325 3078 3379 Dei
3128 3324 3347 3379 nomine
3375 3336 3535 3385 usus;
3586 3330 3639 3375 ut
3666 3319 3760 3373 fru-

2194 3434 2337 3479 ctum
2383 3433 2437 3479 et
2461 3438 2681 3493 germen
2713 3431 2869 3475 terra;
2898 3421 3095 3489 smpius
3119 3420 3172 3473 in
3210 3417 3494 3488 prophetia
3544 3414 3761 3471 nomina-

2196 3527 2331 3584 tum,
2362 3517 2693 3570 nativitatem
2720 3512 2915 3568 Christi
2947 3526 3009 3566 ex
3042 3511 3205 3565 Maria
3233 3525 3352 3565 esse
3377 3508 3560 3563 nullus
3588 3506 3761 3562 audeat

2195 3607 2462 3662 dubitare.
2520 3606 2595 3660 De
2643 3618 2751 3673 quo
2796 3602 3038 3673 germine
3066 3601 3147 3655 vel
3192 3600 3365 3655 fructu
3420 3598 3568 3652 idem
3609 3594 3758 3651 adhuc

2196 3698 2359 3753 Isaias
2390 3697 2645 3768 loquitur,
2680 3696 2865 3749 dicens
2896 3711 2913 3749 :
2960 3691 3024 3747 In
3070 3694 3152 3747 die
3194 3691 3287 3746 illa
3317 3691 3409 3744 erit
3438 3704 3644 3760 germen
3674 3686 3763 3739 Da-

2195 3789 2320 3842 mini
2345 3790 2395 3842 in
2425 3787 2806 3859 magniﬁcentia
2836 3794 2921 3840 :et
2953 3785 3144 3857 gloria,
3202 3792 3250 3838 et
3289 3783 3485 3853 fructus
3514 3790 3665 3834 terra:
3686 3794 3759 3831 su-

2198 3878 2638 3951 blimis(lsai.tv,
2682 3878 2763 3948 2).
2816 3876 3126 3931 Belictusuc
3170 3883 3255 3929 est
3306 3873 3444 3928 ullus
3474 3865 3759 3938 ambigendi

2195 3970 2362 4037 locus,
2393 3970 2517 4038 quin
2548 3969 2749 4023 clareat
2781 3966 3039 4036 germinis
3063 3976 3116 4021 et
3148 3964 3348 4020 fructus
3380 3963 3606 4018 nomine
3624 3960 3759 4015 Chri-

2194 4070 2333 4117 stum
2365 4060 2701 4128 apertissime
2745 4058 3061 4129 siguiﬁcari,
3094 4057 3184 4127 qui
3229 4057 3281 4111 in
3327 4063 3471 4109 tanta
3520 4055 3690 4124 gloria
3713 4058 3760 4104 et

2196 4150 2589 4223 magniﬁcentia
2615 4147 2932 4204 sublimatus
2959 4155 3063 4216 est,
3088 4157 3145 4202 ut
3166 4150 3217 4201 in
3241 4146 3455 4201 nomine
3475 4146 3602 4214 ejus
3621 4154 3759 4198 omne

2195 4261 2333 4315 genu
2356 4244 2619 4309 ﬂectatur,
2641 4242 2961 4308 caelestium,
2987 4242 3319 4296 terrestrium
3343 4248 3395 4294 et
3421 4239 3757 4296 inlernorum.

2197 4349 2249 4393 ct
2298 4336 2473 4393 omnis
2526 4336 2699 4406 lingua
2755 4338 3091 4401 conﬁteatur,
3142 4336 3269 4403 quia
3312 4334 3567 4388 Dominus
3622 4332 3759 4389 JeSUS

2197 4428 2440 4483 Christus
2467 4428 2521 4481 in
2546 4427 2709 4496 gloria
2732 4436 2813 4482 est
2836 4427 2931 4482 Dei
2956 4427 3129 4481 Patris
3144 4426 3171 4478 ‘i
3192 4426 3342 4481 Unde
3359 4426 3496 4496 quod
3530 4429 3611 4481 ait
3638 4429 3759 4490 Apo-

2201 4519 2370 4573 smlus
2401 4539 2413 4575 λ
2444 4518 2661 4589 Propter
2688 4521 2823 4589 quod
2851 4529 2896 4574 et
2932 4518 3067 4574 Deus
3094 4522 3241 4574 illum
3268 4521 3506 4573 exultavit
3551 4520 3752 4591 (Philip.

2123 4596 2177 4656 ι)
2201 4630 2262 4677 ll,
2293 4612 2371 4681 9).
2405 4613 2469 4667 Et
2498 4629 2638 4667 nunc
2669 4614 2925 4681 propheta
2956 4630 2966 4665 :
3002 4611 3068 4666 Et
3094 4614 3185 4667 erit
3218 4613 3409 4683 fructus
3440 4622 3592 4664 terra:
3617 4610 3755 4664 subii.

2198 4705 2327 4769 mis,
2360 4703 2786 4760 manifestissime
2816 4705 2865 4759 id
2908 4705 3048 4772 quod
3090 4704 3156 4758 de
3183 4712 3352 4767 terra,
3383 4702 3433 4756 id
3464 4710 3549 4757 εει
3582 4702 3679 4772 31
3707 4712 3758 4751 ex

2200 4797 2365 4850 Maria
2390 4802 2654 4864 sumptum
2687 4804 2809 4863 est,
2839 4797 3127 4851 exaltatum
3162 4803 3214 4849 et
3236 4794 3583 4849 sublimatum
3617 4788 3747 4845 intel-

2198 4885 2285 4955 ligi
2317 4885 2503 4940 voluit.
2546 4884 2807 4940 Caeterum
2856 4886 2907 4940 id
2938 4885 3077 4954 quod
3108 4884 3176 4940 de
3206 4884 3365 4939 Patre
3408 4892 3514 4948 est,
3566 4890 3761 4949 semper

2199 4977 2428 5032 Sublimi:
2458 4977 2572 5030 fuit.

2271 5068 2337 5122 X.
2368 5067 2473 5123 Sed
2504 5082 2601 5123 nec
2628 5068 2696 5123 de
2725 5084 2846 5124 rore
2877 5069 3020 5134 caeli,
3047 5068 3186 5139 quod
3220 5067 3271 5122 in
3298 5067 3454 5122 Verbi
3477 5067 3571 5123 Dei
3606 5066 3753 5133 ﬁgura

2200 5159 2269 5213 sit
2299 5160 2550 5228 positum,
2596 5159 2701 5213 ulla
2731 5159 3019 5214 dubietatis
3044 5168 3185 5227 patet
3216 5159 3450 5219 occasio,
3501 5172 3622 5212 cum
3661 5156 3759 5225 ipse

2201 5251 2396 5307 dixerit
2420 5250 2616 5306 Isaias:
2652 5250 2716 5305 Et
2745 5252 2899 5305 nubes
2919 5253 3096 5321 pluant
3130 5254 3329 5322 justum
3351 5250 3504 5324 (Isai.
3536 5266 3653 5313 xcv,
3681 5246 3756 5314 8);

2199 5352 2254 5399 et
2280 5343 2407 5398 alibi
2446 5343 2576 5398 satis
2612 5344 2850 5415 apertius
2906 5344 3061 5398 itnbri
3112 5344 3576 5400 cuelestiVorbum
3620 5354 3757 5395 suum

2204 5434 2412 5490 Patrem
2443 5447 2782 5503 comparasse
2804 5434 3186 5504 descripserit:
3210 5449 3333 5489 nam
3362 5434 3432 5489 ita
3456 5449 3520 5490 ex
3552 5443 3757 5503 persona

2203 5526 2319 5594 ejus
2350 5525 2478 5579 dicit
2510 5543 2521 5577 :
2577 5524 2842 5592 Quomodo
2887 5527 2929 5581 si
2975 5527 3245 5581 descendat
3288 5527 3444 5581 imber
3470 5537 3556 5580 aut
3585 5525 3667 5578 nix
3706 5521 3759 5573 de

2202 5616 2346 5680 caelo,
2396 5625 2444 5671 et
2473 5617 2596 5669 illuc
2623 5633 2723 5670 non
2763 5626 3044 5672 revertatur
3076 5619 3184 5689 (sed
3212 5618 3425 5673 inebriat
3466 5627 3669 5679 terram,
3718 5619 3757 5663 et

2202 5707 2327 5777 facit
2355 5722 2467 5760 eam
2497 5708 2807 5777 germinare)
2834 5725 2845 5761 :
2873 5709 2945 5762 sic
2966 5710 3057 5763 erit
3101 5707 3309 5763 Verbum
3331 5710 3468 5780 quod
3495 5708 3756 5779 egredietur

2203 5798 2264 5849 dc
2294 5814 2377 5851 ore
2407 5813 2532 5865 meo,
2566 5815 2663 5853 non
2694 5808 2966 5853 revertetur
3010 5802 3076 5855 ad
3116 5818 3191 5856 γης
3223 5817 3451 5867 vacuum,
3493 5802 3580 5855 sed
3622 5799 3755 5871 foriit
