3990 6390
257 334 357 386 H7

1333 321 1606 379 CONTRA
1650 316 2117 371 EUTYCIIETEM
2160 318 2284 371 LIB.
2330 318 2410 373 Ill.

3404 316 3501 373 H8

257 460 570 516 qua‘cuttque
616 443 772 506 volui,
817 451 860 495 et
907 437 1281 509 prosperabitur
1310 436 1361 487 in
1390 434 1467 487 his
1491 432 1558 485 ad
1586 446 1697 500 qua:
1723 429 1837 481 misi
1865 433 1912 485 A
1942 428 2051 495 agri
2078 428 2471 496 pulchritudine
2491 439 2544 483 et
2575 430 2688 499 ipse
2710 428 3012 500 loquiturin
3045 430 3251 499 psalmo
3274 430 3510 501 quadra-

258 538 394 592 itlud
424 534 578 605 (Isai.
608 550 690 596 ιν,
728 532 836 599 l0).
878 531 1007 596 Quis
1035 530 1087 583 in
1118 539 1222 582 tam
1257 535 1440 595 aperta
1470 533 1524 578 et
1550 520 1834 575 absolutis-

259 627 399 681 sima
431 624 626 678 divina:
652 620 1041 690 pratdicationis
1064 618 1325 678 claritate,
1356 614 1532 668 lumen
1560 627 1663 665 non
1694 610 1833 677 aspi-

258 720 369 774 ciat
394 715 667 771 veritatis?
696 714 834 767 Ecce
863 712 1091 766 Verbum
1117 709 1209 765 Dei
1232 709 1368 761 sicut
1396 707 1565 760 imber
1594 704 1643 757 in
1670 715 1831 768 terra,

263 810 315 865 id
344 819 425 863 est
456 810 507 863 in
535 807 739 877 gremio
778 806 926 859 sinus
957 803 1135 857 Maria:
1176 801 1397 855 inﬂuere
1422 798 1643 860 dicitur;
1676 808 1832 864 quam

265 902 449 957 Sancti
474 899 703 967 Spiritus
726 898 986 951 ebrietate
1019 894 1393 954 fmcundatam,
1410 892 1461 943 in
1482 889 1721 958 germine
1742 886 1835 943 d0-

261 991 444 1046 minici
475 998 623 1043 ortus
656 1000 1001 1056 prorumpere
1023 985 1199 1047 faciat,
1223 992 1278 1037 et
1309 981 1567 1049 turgentis
1590 979 1692 1031 alvi
1716 992 1837 1046 pre-

257 1083 608 1137 tiosissimum
640 1081 799 1134 edere
827 1078 1077 1131 fructum.
1114 1074 1265 1141 Quod
1305 1072 1532 1126 Verbum
1557 1112 1571 1133 ,
1604 1070 1724 1138 quia
1758 1070 1837 1121 in-

256 1184 533 1229 carnatum
562 1172 727 1241 (quod
752 1180 832 1225 est
858 1185 1017 1225 carne
1047 1167 1309 1236 indutum)
1337 1166 1494 1218 honro
1511 1179 1630 1217 esse
1648 1161 1831 1227 voluit,

256 1264 461 1318 nudum
489 1272 543 1318 et
569 1276 790 1316 vacuum
821 1262 885 1313 ad
915 1261 1146 1324 Patrem,
1194 1274 1221 1312 a
1267 1272 1371 1327 quo
1419 1255 1587 1309 fuerat
1618 1254 1833 1318 missus,

260 1353 462 1409 reverti
495 1366 598 1407 non
631 1353 830 1421 potuit;
885 1350 978 1403 sed
1026 1350 1077 1403 in
1118 1350 1306 1403 eodem
1346 1360 1451 1414 quo
1478 1344 1722 1399 indutum
1752 1353 1836 1397 est

256 1455 488 1513 corpore
522 1444 766 1497 cmlestia
794 1439 1109 1509 penetravit.
1154 1438 1221 1492 Et
1267 1438 1385 1492 ideo
1409 1450 1530 1490 eum
1556 1433 1711 1488 Pater
1741 1447 1832 1486 va-

266 1549 429 1589 cuum
458 1535 523 1588 ad
554 1548 612 1586 se
638 1532 763 1586 dicit
792 1547 895 1585 non
939 1545 1095 1599 posse
1130 1530 1347 1594 rever-ti,
1399 1529 1520 1596 quia
1551 1524 1699 1581 nefas
1730 1534 1830 1590 est,

258 1641 326 1681 ex
354 1640 456 1695 quo
484 1626 534 1678 in
570 1624 800 1693 Virginis
836 1631 1030 1677 terram
1064 1620 1363 1686 descendit,
1399 1619 1598 1673 nudum
1626 1632 1749 1672 eum
1780 1625 1835 1671 et

258 1716 474 1771 homine
509 1729 733 1768 vacuum
776 1713 1051 1777 confiteri;
1103 1711 1155 1765 id
1210 1720 1316 1777 est,
1359 1711 1561 1778 absque
1615 1708 1832 1763 humani

1936 520 2140 586 gesirno
2171 536 2313 573 nono
2341 537 2353 573 :
2390 519 2455 573 Et
2484 522 2675 587 species
2699 522 2810 591 agri
2838 538 3034 576 mecum
3057 532 3129 576 est
3148 520 3318 589 (Psal.
3358 536 3507 579 xux.

1937 607 2051 678 ll).
2084 608 2183 663 Per
2212 610 2363 679 cujus
2394 613 2504 681 agri
2536 612 2757 681 gloriam
2787 612 3021 667 Ecclesia
3055 614 3106 665 in
3131 612 3385 680 prmdicto
3417 611 3511 666 Sa<

1938 698 2165 752 lomonis
2193 700 2329 754 libro
2357 702 2568 758 sodales
2595 702 2823 772 adjurat,
2855 702 3041 759 dicens
3067 722 3078 755 :
3113 704 3311 774 Adjuro
3340 719 3426 755 ros
3464 708 3507 751 in

1937 791 2101 859 gloria
2124 802 2169 844 et
2199 793 2464 846 virtutibus
2498 795 2609 863 agri
2652 794 2835 865 (Cant.
2867 811 2925 860 rt,
2956 795 3006 859 7,
3041 807 3086 849 et
3116 811 3193 860 ιιι,
3220 796 3317 865 5).,
3342 796 3508 860 Quem

1936 896 2121 953 agrum
2168 884 2280 951 ipsa
2324 885 2411 938 illa
2452 886 2599 941 fortis
2622 898 2677 943 et
2709 889 2922 957 sapiens
2950 890 3001 943 irr
3034 888 3337 943 Proverbiis
3362 887 3511 942 Salu-

1939 975 2112 1029 monis
2146 976 2358 1042 mulier,
2387 977 2437 1031 id
2487 986 2569 1032 est
2612 980 2869 1045 Ecclesia,
2917 981 3271 1035 introducitur
3298 995 3511 1046 compa-

1939 1080 2123 1133 rasse;
2166 1068 2245 1122 sic
2292 1069 2433 1122 enim
2474 1069 2541 1124 de
2586 1085 2647 1125 ea
2680 1071 2913 1127 dicitur:
2948 1075 3138 1144 Agrum
3168 1073 3290 1125 cidit
3322 1081 3367 1125 et
3398 1074 3511 1125 emit

1934 1159 2081 1213 ilium
2115 1159 2297 1230 (Pror.
2322 1176 2469 1227 xxxr,
2501 1162 2609 1229 16).
2652 1162 2889 1219 Pretiosa
2920 1173 3003 1220 est
3031 1164 3186 1233 hujus
3223 1165 3337 1234 agri
3387 1178 3509 1231 pos-

1938 1252 2126 1316 sessio,
2152 1268 2271 1321 qua:
2297 1252 2495 1307 Christi
2524 1254 2663 1308 intra
2694 1270 2751 1309 se
2778 1256 3100 1311 abscorrsam
3132 1256 3324 1311 retinet
3347 1255 3512 1309 deita-

1939 1353 2063 1397 tem.
2094 1342 2329 1411 Duplicis
2356 1345 2498 1398 enim
2528 1355 2730 1399 natura:
2757 1355 2839 1401 est
2870 1348 3134 1411 Christus,
3181 1358 3232 1402 et
3262 1348 3400 1409 ideo,
3456 1357 3513 1399 ut

1936 1434 2068 1499 dixi,
2101 1450 2198 1489 nec
2222 1434 2504 1491 thesaurus
2526 1436 2640 1491 sine
2669 1452 2820 1506 agro,
2850 1454 2950 1493 nec
2969 1454 3100 1508 ager
3124 1441 3239 1495 sine
3263 1442 3352 1495 the
3383 1454 3513 1506 anno

1937 1537 2115 1599 potest
2144 1529 2209 1583 ab
2235 1529 2414 1597 aliquo
2443 1530 2723 1599 possideri.
2757 1531 2888 1585 Nam
2915 1532 3240 1589 Manichacus
3266 1544 3318 1589 et
3345 1534 3511 1602 Euty-

1936 1621 2087 1687 ches,
2119 1621 2208 1691 qui
2237 1622 2425 1676 volunt
2454 1622 2764 1677 thesaurum
2806 1624 2922 1679 sine
2962 1639 3092 1693 agro
3121 1626 3417 1692 possidere,
3458 1623 3511 1678 id

1936 1723 2017 1769 est
2046 1714 2213 1767 solam
2241 1714 2575 1770 divinitatem
2606 1717 2722 1770 sine
2748 1730 2911 1771 carne
2943 1716 3118 1784 fateri,
3148 1719 3426 1790 utriusque
3459 1719 3510 1771 in

254 1806 501 1875 corporis
529 1815 714 1858 natura
743 1804 910 1857 Solam
936 1802 1052 1871 ejus
1073 1816 1313 1856 asserere
1333 1800 1604 1854 deitatem.
1633 1798 1833 1869 Equa-
1868 1786 1911 1845 Β
1938 1803 2154 1859 Christo
2185 1814 2391 1860 natura:
2417 1805 2809 1861 confessionem
2835 1817 3057 1877 uterque
3075 1786 3366 1878 refugiens,
3393 1822 3513 1877 pro-

251 1895 321 1953 lis
348 1896 491 1951 enim
522 1905 577 1950 et
602 1895 842 1964 ejusdem
868 1894 1084 1963 periculi
1115 1908 1201 1947 res
1228 1900 1329 1956 est,
1359 1892 1701 1945 autdivinarn
1718 1891 1833 1959 ejus

250 1989 649 2052 tantummodo,
708 1997 800 2041 aut
854 1988 1137 2039 humanam
1188 1985 1339 2039 fateri
1391 1990 1656 2048 naturam,
1704 1982 1830 2051 quia

249 2094 416 2135 unum
440 2082 556 2134 sine
578 2080 684 2133 alio
711 2094 815 2133 non
838 2077 1040 2146 prolicit
1068 2077 1132 2131 ad
1156 2076 1403 2131 salutem.

323 2170 414 2224 XI.
456 2170 606 2235 Quod
638 2180 690 2224 et
719 2170 833 2237 ipse
879 2169 1132 2222 Dominus
1174 2168 1223 2219 in
1255 2166 1543 2235 Evangelio
1592 2165 1692 2220 sub
1739 2165 1831 2219 tali

251 2262 619 2317 similitudinis
648 2259 1044 2329 comparatione
1062 2259 1392 2328 apertissime
1412 2256 1587 2311 dueet.
1614 2255 1829 2321 Iterum,

260 2354 456 2422 inquit,
483 2353 644 2406 simile
674 2363 743 2405 est
772 2368 982 2422 reg-rum
1008 2352 1249 2404 cwlorum
1272 2350 1510 2402 thesauro
1538 2349 1832 2402 abscondito

252 2444 303 2495 in
326 2457 471 2511 agro,
487 2456 633 2509 quem
652 2442 737 2508 qui
759 2440 1259 2503 irrvcnit,abscoudit,
1282 2449 1329 2491 et
1354 2454 1457 2506 prrr
1476 2438 1665 2506 gaudio
1686 2438 1831 2500 abiit,

255 2543 303 2586 et
334 2534 559 2586 vendidit
580 2534 747 2585 onmia
774 2549 891 2596 sua,
919 2545 962 2584 et
981 2533 1096 2585 emit
1119 2548 1298 2601 agrum
1323 2532 1469 2584 illum
1492 2531 1832 2599 (Matt/uxr",

256 2622 376 2693 46).
432 2623 617 2677 Nonne
665 2624 817 2691 quasi
849 2624 942 2677 tibi
982 2622 1193 2676 videtur
1234 2622 1391 2689 hujus
1436 2621 1681 2675 inventor
1722 2621 1835 2675 the-

253 2718 400 2770 sauri
435 2731 538 2770 non
590 2718 720 2771 satis
755 2718 1043 2785 prudenter
1073 2715 1287 2784 egisse?
1314 2714 1451 2781 Quid
1480 2714 1622 2768 enim
1654 2727 1837 2768 neces-

252 2809 429 2862 sitatis
462 2809 541 2863 vel
574 2808 939 2877 impedimenti
983 2807 1177 2873 fuerat,
1228 2818 1283 2861 ut
1312 2808 1582 2861 inventum
1615 2807 1833 2861 thesau-

250 2913 371 2951 rum
395 2914 502 2951 non
532 2900 709 2953 statim
740 2900 971 2953 auferret
1016 2899 1085 2953 de
1122 2898 1290 2968 agro?
1326 2912 1448 2953 cum
1496 2898 1674 2967 utique
1718 2899 1833 2966 ipso

252 2990 349 3043 illo
373 2989 484 3043 otio
517 2991 771 3057 temporis
793 2997 849 3043 et
877 2997 1108 3054 secreto,
1157 3004 1263 3058 quo
1290 2996 1583 3057 repererat,
1617 2988 1831 3043 auferre

255 3082 519 3149 potuerit;
568 3089 622 3134 et
663 3091 766 3134 tim
811 3079 950 3134 facili
976 3080 1316 3148 compendio,
1350 3079 1469 3134 sine
1494 3080 1828 3148 propriarum

1936 1894 2020 1949 cul
2044 1895 2283 1963 abjectus
2304 1903 2359 1950 et
2379 1896 2484 1966 33
2504 1896 2752 1951 exclusus
2773 1897 2840 1951 ab
2862 1897 2959 1952 hac
2982 1897 3321 1965 possessione
3344 1906 3513 1952 extor«

1936 1985 2011 2039 ris
2036 1982 2280 2041 habetur.
2312 1984 2569 2040 Photinus
2593 2001 2805 2057 quoque
2825 1994 2879 2043 et
2899 1988 2948 2042 ei
2970 1987 3189 2051 similes,
3218 1988 3305 2057 qui
3328 2001 3513 2056 agrum

1935 2075 2293 2141 solummodo,
2321 2091 2425 2130 non
2449 2085 2504 2131 et
2532 2078 2839 2132 thesaurum
2868 2077 2983 2146 ejus
3011 2078 3307 2146 possidere,
3357 2079 3410 2132 id
3434 2088 3514 2132 ost

1936 2166 2318 2221 humanitatem
2345 2166 2569 2232 Christi,
2621 2184 2727 2223 non
2767 2177 2821 2223 et
2847 2168 3183 2223 divinitatem
3228 2168 3381 2223 fa'eri
3415 2182 3511 2222 vo-

1937 2257 2169 2320 luerunt,
2201 2257 2299 2311 hac
2327 2260 2667 2326 possessione
2695 2258 2887 2328 privati
2918 2270 3063 2315 sunt.

2007 2351 2143 2405 Xlll.
2186 2351 2337 2407 Unde
2386 2352 2578 2408 merito
2609 2353 2720 2407 sola
2749 2354 2799 2408 in
2829 2353 3133 2409 Proverbiis
3163 2354 3353 2409 mulier
3390 2354 3513 2409 bea-

1939 2442 2179 2497 titudinis
2209 2445 2477 2510 praconio
2506 2446 2659 2513 digna
2694 2445 2939 2513 habetur,
2971 2461 3089 2516 quae
3144 2445 3286 2501 hunc
3324 2461 3509 2515 agrum

1937 2545 2277 2600 comparans,
2307 2534 2537 2601 duplicia
2579 2535 2737 2603 pallia
2773 2537 2889 2590 viro
2912 2551 3010 2591 suo
3036 2538 3223 2591 fecisse
3250 2538 3511 2591 describi-

1941 2630 2045 2675 tur.
2094 2623 2147 2675 ln
2180 2624 2355 2690 palliis
2395 2624 2559 2684 enim,
2614 2624 2966 2679 confessionis
3017 2625 3189 2680 honor
3234 2628 3512 2695 accipitur,

1941 2721 2144 2765 natura:
2166 2712 2371 2768 scilicet
2398 2714 2717 2783 utriusque:
2769 2714 2892 2783 quia
2948 2730 3045 2769 nec
3091 2716 3402 2786 dignaretur
3430 2718 3513 2769 vir

1938 2802 2051 2869 ejus
2080 2817 2243 2856 unum
2275 2803 2343 2855 ab
2370 2818 2431 2857 ea
2458 2804 2811 2859 confessionis
2858 2804 3073 2872 pallium
3115 2805 3377 2875 accipere,
3424 2818 3514 2859 aut

1936 2893 2234 2949 divinitatis
2258 2888 2648 2961 tantummodo,
2677 2904 2767 2950 aut
2787 2896 2957 2950 solum
2983 2896 3328 2951 humanitatis
3357 2911 3467 2952 sua:
3497 2914 3511 2959 ;

1938 2984 1990 3039 id
2017 2985 2159 3041 enim
2187 3000 2290 3040 non
2319 2986 2557 3052 honoris,
2605 2986 2699 3041 sed
2739 2988 3077 3042 contumelia:
3108 2996 3191 3043 est
3238 2988 3507 3054 maximat,

1936 3090 2101 3129 unum
2126 3076 2316 3131 horut'n
2345 3076 2463 3131 sine
2485 3076 2591 3131 alio
2620 3076 2834 3132 offerre.
2891 3075 3043 3131 Unde
3073 3077 3197 3132 talia
3225 3077 3511 3147 repudians

252 3147 538 3238 dispendio
582 3170 894 3225 facultatum
936 3147 1148 3226 emendi
1189 3171 1302 3240 agri
1348 3147 1720 3225 necessitatem
1749 3172 1830 3225 vi-
1858 3147 1904 3211 Ο
1940 3179 2181 3229 munera,
2213 3180 2333 3235 quae
2354 3163 2628 3236 utriusque
2658 3173 2861 3220 natura:
2900 3164 3236 3222 confessione
3267 3183 3372 3221 non
3402 3167 3511 3220 sint

251 3271 393 3315 tare.
426 3261 531 3331 32
569 3261 673 3316 Sed
700 3264 947 3331 cognovit
980 3262 1161 3331 utique
1187 3261 1629 3330 prudentissimus
1672 3262 1832 3315 homo

204 3348 211 3353 ’
252 3348 587 3406 inefficacem
634 3361 689 3406 et
732 3353 993 3417 inutilem,
1043 3353 1149 3406 imo
1180 3353 1530 3421 periculosam
1558 3367 1679 3407 esse
1708 3353 1827 3407 the-

248 3445 399 3500 sauri
429 3444 583 3514 hujus
613 3446 729 3500 sine
790 3447 1367 3516 agropossessionem.
1400 3447 1529 3499 Nam
1562 3447 1683 3502 vide
1712 3447 1831 3517 quia

248 3538 393 3590 sicut
413 3537 731 3592 absconsum
763 3539 1054 3601 invenerat,
1088 3539 1155 3590 ita
1188 3546 1241 3591 et
1270 3539 1384 3604 ipse
1410 3538 1709 3603 abscondit,
1737 3553 1833 3594 nec

247 3642 439 3695 agrum
463 3627 663 3682 nudare
689 3643 749 3681 ac
779 3644 1004 3683 vacuare
1036 3627 1089 3681 th
1127 3642 1287 3681 sauro
1314 3643 1495 3690 ausus.
1529 3630 1707 3682 omnia
1736 3643 1829 3683 sua

250 3718 488 3773 vendere
518 3720 817 3786 festinavit,
839 3731 894 3774 ttt
911 3720 1031 3789 jure
1057 3720 1308 3787 legitimo,
1335 3730 1389 3775 et
1418 3721 1667 3775 thesauro
1697 3723 1826 3790 poti-

249 3818 403 3863 I'clttl'
431 3819 483 3864 et
512 3826 657 3880 agro.
701 3810 864 3879 Igitur
905 3813 1186 3866 thesaurus
1228 3812 1278 3865 in
1325 3828 1450 3880 agro
1486 3813 1830 3869 absconditus

253 3904 398 3956 Deus
425 3910 528 3966 cst,
578 3905 744 3957 latens
790 3902 841 3955 in
874 3917 1034 3955 carne
1063 3918 1177 3957 sua.
1234 3903 1371 3957 Audi
1404 3904 1718 3971 Apostolum
1749 3905 1830 3958 di-

250 4002 463 4045 centem
494 3991 560 4046 de
590 3992 802 4046 Christo
828 4010 840 4044 :
873 3990 936 4045 In
966 3993 1094 4063 ipso,
1133 3994 1323 4060 inquit,
1372 4003 1487 4046 sunt
1518 4010 1690 4047 omnes
1715 3996 1827 4048 the-

250 4083 396 4135 sauri
426 4084 688 4149 sapientia:
715 4094 760 4135 et
792 4084 1011 4135 scientirc
1035 4084 1318 4135 absconditi
1346 4082 1487 4152 (Col.
1520 4099 1553 4136 tt
1577 4124 1591 4147 ,
1632 4085 1719 4153 5).
1769 4086 1831 4140 Et

252 4173 379 4226 ideo
402 4172 575 4225 omnis
601 4181 680 4225 est
716 4187 933 4241 prorsus
986 4175 1185 4226 inutilis
1230 4184 1283 4227 et
1334 4174 1494 4239 impia
1538 4174 1828 4242 confessio,

254 4276 377 4329 qua:
408 4261 685 4314 Dominum
716 4261 897 4314 .Iesum
930 4262 1221 4325 Christum,
1266 4273 1356 4315 aut
1388 4262 1552 4315 Deum
1595 4271 1831 4318 tantum-

250 4351 437 4418 modo,
464 4366 568 4405 non
601 4361 653 4406 et
683 4352 982 4419 hominem;
1016 4365 1103 4407 aut
1127 4354 1396 4409 hominem
1420 4354 1615 4423 solum,
1646 4370 1751 4411 non
1779 4366 1833 4413 et

248 4451 420 4503 Deum
450 4447 661 4503 fatetur.

1933 3262 2142 3330 gemina
2176 3261 2375 3329 pariter
2411 3270 2467 3315 et
2494 3260 2769 3327 distincta,
2819 3268 2978 3329 atque
3026 3274 3123 3329 pro
3174 3271 3415 3328 tempore
3460 3272 3512 3314 et

1936 3361 2271 3407 sacramento
2318 3351 2521 3417 divisa,
2574 3354 2704 3407 dicit
2748 3352 2813 3407 ad
2842 3353 2972 3407 Cain
3005 3370 3017 3407 :
3050 3352 3111 3408 Si
3140 3365 3270 3407 recte
3296 3353 3507 3419 oﬂeras,

1934 3459 2065 3500 recte
2095 3458 2261 3499 autem
2310 3464 2411 3499 non
2458 3446 2677 3511 dividas,
2720 3447 2937 3516 peccasti
2978 3445 3130 3517 (Gen.
3162 3462 3232 3509 tv,
3266 3447 3344 3513 7).
3377 3446 3509 3510 Quia

1936 3538 2027 3591 ille
2075 3536 2222 3590 solus
2263 3544 2407 3591 recte
2454 3535 2644 3590 dividit
2687 3536 2777 3605 qui
2818 3550 2923 3589 non
2976 3538 3184 3605 ignorat
3214 3537 3508 3589 secundum

1934 3628 2060 3697 quid
2093 3627 2259 3681 Filius
2290 3626 2508 3697 mqualis
2537 3636 2618 3681 est
2650 3626 2814 3691 Patri,
2847 3637 2901 3681 et
2928 3625 3220 3681 secundum
3255 3627 3381 3693 quid
3414 3643 3507 3680 co-

1935 3719 2055 3775 dem
2087 3717 2263 3775 minor"
2282 3727 2363 3776 est
2387 3720 2575 3785 Patre;
2603 3719 2893 3775 secundum
2919 3718 3042 3788 quid
3077 3731 3261 3787 passus
3289 3728 3341 3771 et
3364 3733 3509 3772 mor-

1937 3822 2056 3866 tuus
2085 3820 2189 3877 est,
2237 3820 2292 3867 et
2329 3810 2624 3866 secunduur
2662 3809 2787 3881 quid
2842 3808 3158 3865 immortalis
3209 3808 3409 3878 pariter
3456 3820 3511 3863 et

1935 3902 2275 3968 irnpassibilis
2297 3901 2511 3957 mansit.
2544 3900 2676 3968 Quia
2708 3916 2811 3956 non
2841 3902 3013 3955 solum
3041 3900 3389 3967 confundere,
3414 3901 3507 3955 sed

1932 4002 1985 4047 et
2025 4008 2129 4046 non
2174 4003 2318 4047 recte
2344 3992 2581 4048 dividere
2635 4002 2814 4047 reatus
2848 4004 2929 4047 est
2977 3992 3236 4047 criminis.
3289 3993 3347 4047 ln
3399 4007 3509 4046 uno

1934 4084 2072 4137 enim
2100 4078 2429 4152 Euty’chetis,
2465 4083 2517 4136 in
2541 4082 2646 4137 alio
2671 4082 2901 4137 Nestorii
2924 4082 3208 4136 damnatur
3235 4084 3506 4151 impietas,

1933 4173 2058 4227 dum
2088 4172 2228 4241 quod
2260 4172 2350 4227 ille
2372 4172 2509 4225 male
2528 4171 3087 4251 confunditnpessime
3110 4172 3209 4228 iste
3232 4173 3506 4227 discernit.

1936 4264 2011 4317 De
2040 4277 2266 4332 quorum
2294 4262 2605 4317 diversitate
2632 4261 2941 4331 dogmatum
2963 4305 2977 4328 ,
3022 4262 3123 4317 sibi
3158 4263 3387 4317 invicem
3416 4268 3511 4317 ad-

1936 4352 2286 4419 versantium,
2330 4363 2584 4423 quantum
2636 4354 2791 4408 exilis
2824 4354 2992 4408 nostri
3022 4354 3221 4423 ingenii
3254 4354 3531 4409 facultate‘

1932 4444 2215 4511 minimus,
2243 4444 2451 4500 duobus
2492 4444 2856 4513 superioribus
2912 4446 3276 4514 expressimus
3333 4446 3503 4501 libris.

326 4542 444 4596 Xll.
488 4544 685 4611 Agrum
718 4550 893 4594 autem
934 4541 1222 4609 figuraliter
1259 4557 1475 4597 carnem
1503 4542 1703 4597 Christi
1736 4561 1829 4597 no-
1857 4514 1910 4576 Ῑ)
1937 4538 2001 4592 Et
2029 4537 2276 4605 quoniam
2306 4538 2408 4593 isto
2434 4541 2590 4593 etiam
2622 4538 2801 4604 tertio,
2857 4538 3168 4594 irrefutabili
3226 4542 3504 4609 (quantum

154 4700 155 4703 η
245 4631 469 4695 minari,
504 4641 556 4686 et
586 4646 825 4700 praesens
853 4630 1050 4685 indicat
1094 4630 1261 4696 locus,
1312 4642 1364 4685 et
1403 4634 1653 4701 superius
1682 4634 1827 4689 illata

247 4724 553 4779 testimonia
582 4724 794 4777 docent.
844 4723 917 4775 De
960 4722 1060 4776 hoc
1087 4722 1230 4776 enim
1262 4738 1390 4793 agro
1430 4726 1659 4781 maxime
1684 4726 1828 4783 Isaac

244 4817 304 4870 in
345 4817 459 4867 suis
498 4813 958 4867 benedictionibus
998 4813 1375 4881 prophetavit:
1412 4812 1564 4879 Ecce,
1619 4815 1827 4882 dicens,

245 4908 380 4960 odor
406 4904 501 4973 ﬁlii
530 4906 627 4957 mei
649 4904 778 4957 sicut
804 4904 930 4955 odor
958 4903 1091 4971 agri,
1120 4905 1200 4956 cui
1228 4904 1476 4958 benedixit
1508 4904 1644 4960 Deus
1674 4906 1824 4975 (Gen.

242 5010 416 5058 xxvrr,
447 4995 558 5063 27).
591 4996 799 5063 Corpus
830 4994 972 5049 enim
995 4993 1317 5047 dominicum
1348 4996 1553 5064 magnis
1583 4996 1823 5052 diversa-

242 5102 366 5143 rum
397 5088 649 5140 virtutum
703 5086 898 5154 fragrat
944 5086 1224 5152 odoribus,
1272 5095 1324 5140 et
1372 5087 1451 5141 sui
1484 5088 1822 5143 beneolentia

241 5179 490 5233 infirmos
521 5190 757 5247 quosque
780 5177 1033 5232 vivificat.
1068 5177 1221 5232 Unde
1253 5178 1580 5247 Apostolus:
1613 5179 1820 5247 Christi,

241 5269 440 5337 inquit,
466 5267 625 5321 bonus
651 5267 777 5321 odor
797 5284 969 5321 sumus
1001 5266 1125 5334 Deo,
1160 5269 1221 5321 de
1246 5268 1345 5321 vita
1367 5269 1420 5321 in
1442 5269 1614 5337 vitam,
1637 5269 1713 5323 Iris
1738 5270 1825 5341 qui

241 5358 527 5426 salviﬁunt
579 5357 683 5427 (Il
719 5356 838 5412 Cor.
869 5374 928 5425 rt,
968 5359 1073 5429 15).
1133 5359 1295 5428 Cujus
1326 5368 1432 5413 tam
1480 5342 1733 5430 prazcipui
1770 5371 1824 5416 et

240 5447 473 5503 ralvilici
499 5448 681 5504 odoris
725 5450 992 5504 suavitate
1032 5449 1211 5503 illecta
1242 5450 1293 5503 in
1326 5449 1549 5505 Cantico
1577 5450 1825 5506 Cantico-

241 5553 361 5594 rum
390 5538 458 5594 ad
487 5554 608 5595 eum
649 5539 777 5594 dicit
808 5540 1053 5595 Ecclesia
1081 5558 1094 5592 :
1135 5539 1262 5594 Post
1312 5549 1359 5592 te
1397 5541 1450 5594 in
1496 5542 1700 5596 odorem
1732 5558 1827 5595 un-

244 5641 551 5705 guentorum
587 5641 783 5686 tuorum
812 5648 1067 5687 currcmus
1110 5631 1297 5702 (Cant.
1336 5647 1381 5697 ι,
1417 5631 1490 5702 3).
1547 5633 1620 5689 De
1663 5634 1821 5704 hujus

1932 4627 2147 4697 Opinor)
2178 4628 2371 4682 divina:
2402 4628 2694 4696 Scriptura:
2722 4630 3039 4685 auctoritate
3066 4630 3363 4696 docuimus,
3417 4632 3506 4685 Fi-

1931 4721 2058 4775 lium
2076 4721 2188 4787 Dei,
2212 4722 2345 4775 sicut
2365 4721 2431 4776 de
2451 4721 2627 4786 Patre,
2652 4722 2891 4791 ejusdem
2914 4723 3229 4787 divinitatis,
3256 4725 3322 4777 ita
3348 4725 3508 4777 etiam

1931 4813 1998 4868 de
2031 4823 2223 4879 matre,
2253 4814 2599 4867 humanitatis
2631 4812 2829 4868 habere
2861 4822 3100 4869 naturam
3127 4830 3142 4869 :
3172 4823 3225 4870 et
3246 4814 3387 4885 quod
3419 4830 3509 4867 ros

1932 4906 2077 4968 creti,
2111 4912 2165 4958 et
2197 4918 2413 4973 germen
2445 4904 2526 4958 vel
2559 4904 2761 4958 fructus
2794 4914 2971 4972 terrm,
3002 4919 3219 4975 propter
3259 4920 3510 4975 utrasque

1928 5007 2145 5049 naturas
2172 4994 2331 5049 fuerit
2357 4995 2673 5063 appellatus,
2700 4995 2893 5049 invicta
2925 4996 3273 5051 nihilominus
3303 5009 3355 5051 et
3383 5012 3501 5067 per-

1928 5087 2114 5155 spicua
2144 5085 2441 5140 assertione
2472 5086 2906 5141 monstravimus.
2945 5085 3094 5141 Nunc
3123 5086 3188 5140 ad
3221 5086 3489 5142 defensio—

1926 5191 2047 5231 nem
2074 5175 2266 5231 Leonis
2293 5177 2534 5247 epistolre
2561 5187 2615 5232 et
2652 5178 2865 5233 concilii
2889 5176 3344 5234 Chalcedonensis
3374 5180 3501 5245 stin

1928 5267 2098 5321 nostri
2124 5276 2495 5322 convertamrrs
2525 5267 2761 5323 officium
2795 5285 2810 5326 :
2859 5278 2913 5324 et
2938 5270 3079 5338 quod
3126 5269 3419 5324 catholicus
3457 5272 3504 5319 in

1928 5358 2006 5411 eis
2035 5366 2193 5426 atque
2237 5356 2565 5425 apostolicus
2592 5357 2852 5421 refulgeat
2891 5372 3109 5423 sensus,
3142 5359 3363 5411 casatis
3400 5359 3507 5409 hau

1930 5451 2219 5503 reticorum
2243 5444 2630 5518 objectionibus
2659 5450 2966 5522 doceamus.
3022 5450 3128 5507 Sed
3171 5450 3234 5502 ad
3269 5448 3379 5502 hazc
3411 5450 3505 5501 de-

1930 5540 2281 5594 monstranda
2333 5540 2439 5595 alia
2486 5541 2640 5597 nobis
2681 5554 2801 5597 sunt
2830 5542 3085 5597 ordienda
3118 5541 3395 5611 principia.
3444 5542 3504 5595 Ιίι

1931 5632 2051 5687 idco
2079 5630 2235 5700 hujus
2255 5633 2433 5701 operis
2464 5631 2677 5688 tandem
2710 5633 2809 5687 istc
2840 5633 2907 5685 sit
2938 5632 3076 5685 ﬁnis.
