3990 6390
549 347 652 402 H9

1856 339 2081 397 YlClLll
2123 340 2486 397 TAPSENSIS

551 474 3775 503 ww

1506 559 1972 670 LIBER
2053 561 2150 684 Q
2176 559 2478 664 ΗΑΒ
2511 559 2841 664 TU'S.

786 770 1096 814 nar-mssa
1140 768 1454 812 Epts'rou:
1497 765 1547 808 s.
1596 762 1812 805 LEONI‘S
1862 758 2035 800 Peras
2083 756 2167 798 Αι)
2215 756 2647 801 usususus!
2692 756 3513 800 consrsnrmorounucu.

2021 883 2347 896 —-———-

619 969 726 1042 34
753 972 792 1025 l.
823 971 1043 1037 Quidam
1067 983 1329 1039 perversa:
1351 966 1545 1022 montis
1569 965 1833 1023 homines,
1857 969 1911 1015 et
1938 957 2108 1013 inanis
2134 959 2188 1019 Α
2216 954 2285 1008 tia
2316 954 2731 1022 reprehensione
2758 957 2975 1025 dignum
3004 956 3223 1025 putasti,
3257 956 3309 1010 in
3341 970 3447 1026 quo
3467 956 3544 1010 ait
3570 974 3585 1008 :
3631 956 3797 1011 Verbo

546 1063 730 1132 gloria:
755 1064 949 1132 cupidi,
1002 1064 1297 1127 nescientes,
1357 1070 1414 1114 ut
1439 1059 1568 1113 dicit
1601 1054 1901 1125 Apostolus,
1953 1062 2109 1119 neque

546 1171 659 1223 qua:
686 1158 980 1225 loquuntur,
1003 1170 1159 1222 neque
1183 1153 1244 1207 de
1264 1152 1443 1222 quibus
1464 1151 1712 1219 a/jirmant
1740 1144 1791 1215 (1
1817 1144 1947 1198 Tim.
1964 1158 2002 1208 ι,
2021 1140 2106 1211 7);

547 1243 804 1298 habentes
830 1243 1055 1298 formam
1086 1242 1321 1311 pietatis,
1368 1240 1611 1293 virtutem
1644 1244 1819 1289 autem
1858 1233 1975 1302 ejus
2014 1230 2108 1285 ab-

547 1343 829 1403 negantes;
872 1332 1132 1403 indignati
1180 1331 1419 1385 veritatis
1468 1326 1822 1396 dogmatibus,
1855 1332 1910 1378 et
1938 1321 2109 1376 eccle-

543 1425 648 1480 sias
675 1425 783 1479 icas
815 1425 934 1480 fidei
958 1424 1168 1493 regulas
1193 1437 1298 1476 non
1323 1421 1578 1487 ferentes,
1601 1415 1891 1474 beati-simi
1917 1414 2108 1469 Leonis

541 1515 780 1581 epistola:
793 1515 942 1584 juxta
970 1529 1187 1569 sensum
1211 1511 1519 1582 apostolica:
1546 1507 1847 1564 traditionis
1869 1505 2108 1561 conscri-

542 1616 664 1674 ptae.
712 1613 767 1660 et
795 1605 1014 1659 decreto
1062 1603 1247 1674 synodi
1270 1600 1723 1657 Chalcedonensis
1754 1596 1933 1667 pravis
1977 1610 2108 1649 con-

540 1695 952 1751 tradictionibus
979 1692 1301 1748 obviandum
1326 1700 1660 1763 putaverunt,
1708 1687 1932 1743 nefanda
1962 1700 2107 1741 com-

542 1796 722 1843 menta
754 1785 1095 1841 borribilibus
1125 1785 1407 1840 verborum
1433 1780 1829 1839 nauseamentis
1853 1792 2107 1835 evomen-

545 1888 648 1931 tes.
674 1875 1078 1945 Qumquoniam
1110 1873 1526 1945 simplicioribus
1556 1872 1853 1942 quibusque
1880 1869 2107 1924 nonnul-

540 1968 649 2020 lum
678 1966 927 2020 videntur
952 1966 1237 2020 dubietatis
1266 1965 1571 2035 scrupulum
1602 1962 1858 2027 excitare,
1907 1960 2107 2015 idcirco

539 2057 843 2112 esthortatu
869 2066 1176 2111 sanctorum
1211 2056 1452 2121 fratrum,
1505 2055 1559 2110 in
1605 2052 1869 2122 adjutorio
1897 2050 2106 2106 Domini

542 2149 632 2205 Dei
658 2149 847 2213 nostri,
878 2148 1265 2203 consideranda
1307 2156 1370 2202 et
1407 2144 1687 2201 refutanda
1730 2142 1964 2211 suscepi.
2012 2140 2104 2195 illa

539 2240 783 2307 primitus
806 2253 910 2293 uno
940 2238 1149 2293 diluens
1171 2238 1457 2301 volumine,
1483 2251 1602 2306 qua:
1627 2236 1819 2290 Leonis
1844 2233 2104 2303 objiciun-

2211 1045 2400 1098 scilicet
2445 1056 2682 1116 operante
2722 1049 2856 1116 quod
2892 1046 3042 1101 Verbi
3087 1057 3193 1114 est,
3223 1056 3272 1101 et
3299 1064 3452 1101 carne
3485 1059 3796 1117 exsequente

2208 1134 2347 1204 quod
2368 1138 2535 1190 carnis
2557 1146 2661 1201 est;
2690 1154 2846 1191 unum
2870 1148 3055 1192 norum
3085 1148 3317 1193 coruscat
3337 1140 3629 1202 miraculis,
3652 1140 3794 1191 aliud

2210 1227 2485 1280 succumbit
2512 1228 2716 1299 injuriis
2746 1227 2934 1299 (Num.
2964 1228 3040 1298 4).
3074 1230 3139 1283 Ει
3170 1230 3340 1298 primo
3363 1229 3583 1298 quidem
3617 1229 3793 1283 inten‘

2210 1315 2449 1371 dendum
2475 1327 2559 1373 est
2587 1318 2731 1388 quod
2762 1334 2871 1374 non
2895 1319 3115 1387 dixerit,
3150 1328 3205 1373 ut
3231 1327 3286 1373 tu
3314 1319 3561 1388 imperite
3590 1318 3794 1372 calum-

2208 1407 2404 1461 niaris:
2442 1408 2587 1463 Unus
2618 1409 2806 1464 horum
2833 1417 3081 1466 coruscat
3102 1409 3394 1473 miraculis,
3419 1418 3475 1464 et
3498 1409 3647 1463 alius
3669 1423 3791 1465 suc-

2208 1498 2411 1554 cumbit
2443 1500 2680 1570 injuriis:
2714 1516 2811 1571 per
2829 1501 2972 1571 quod
3000 1503 3116 1556 sine
3142 1501 3231 1555 illi
3269 1502 3629 1571 ambiguitate
3656 1500 3789 1555 duos

2212 1590 2488 1646 videretur
2535 1606 2883 1661 quoscunque
2934 1600 3243 1661 separatos,
3290 1593 3373 1647 vel
3404 1594 3536 1647 duas
3586 1592 3792 1661 signifi-

2208 1696 2360 1737 casse
2390 1696 2673 1752 personas,
2706 1684 2801 1739 sed
2850 1686 2954 1739 ait:
2988 1685 3160 1740 Unum
3211 1687 3399 1742 borum
3427 1697 3480 1743 et
3509 1687 3667 1742 aliud
3700 1690 3789 1743 ho-

2209 1788 2356 1837 rum,
2386 1774 2506 1841 quia
2538 1790 2726 1840 unum,
2762 1775 2813 1830 id
2847 1785 2929 1830 est
2958 1776 3058 1830 hoc
3096 1785 3155 1831 ct
3181 1777 3330 1842 illud,
3380 1792 3487 1832 non
3529 1792 3787 1847 persona-

2206 1878 2322 1918 rum
2351 1863 2660 1931 diversitas,
2689 1866 2783 1920 scd
2815 1870 3026 1935 gener's
3045 1867 3317 1923 distinctio
3340 1869 3769 1938 demonstratur,

2208 1954 2368 2010 Verbi
2407 1954 2619 2011 scilicet
2650 1966 2703 2011 et
2732 1957 2928 2012 carnis.

2275 2045 2361 2100 ill.
2403 2044 2533 2101 Item
2561 2046 2694 2102 dixit
2724 2048 2865 2104 Leo:
2900 2048 3002 2115 Qui
3027 2050 3162 2103 enim
3187 2065 3333 2104 verus
3353 2059 3427 2104 est
3459 2049 3623 2116 Deus,
3656 2052 3782 2105 idem

2206 2152 2349 2190 verus
2376 2146 2447 2191 est
2475 2138 2668 2203 homo;
2712 2147 2761 2192 et
2789 2140 2990 2193 nullum
3030 2150 3193 2208 potest
3239 2156 3345 2194 esse
3374 2141 3429 2193 in
3460 2144 3558 2194 hac
3590 2142 3783 2194 unitate

2205 2228 2547 2296 mendacium,
2576 2230 2695 2283 dum
2726 2229 2936 2284 invicem
2966 2238 3106 2295 sunt,
3144 2239 3192 2284 et
3234 2231 3497 2284 humilitas
3528 2230 3774 2297 hominis,

538 2339 625 2383 tur
648 2330 916 2399 epistolae;
961 2330 1111 2399 cujus
1143 2329 1243 2384 hoc
1280 2328 1381 2383 sibi
1430 2330 1597 2397 primo
1636 2325 1948 2394 capitulum,
2000 2324 2099 2379 iste
2128 2318 2175 2379 Β
2202 2326 2249 2372 et
2272 2319 2488 2373 altitudo
2516 2320 2721 2373 deitatis
2750 2319 2938 2388 (Num.
2976 2318 3055 2392 ὁ).
3089 2321 3240 2388 Quod
3269 2330 3324 2374 ιιι
3352 2320 3508 2376 solita
3536 2321 3779 2390 maligni—

539 2420 720 2472 nescio
743 2418 859 2485 quis
889 2419 1185 2488 proposuit.
1228 2415 1487 2472 Fidelium
1515 2417 1812 2471 universitas
1839 2414 2102 2485 proﬁtetur

533 2507 735 2561 credere
752 2524 805 2561 se
830 2509 883 2560 in
906 2506 1067 2562 Deum
1098 2505 1305 2561 Patrem
1334 2507 1747 2576 omnipotentem,
1775 2514 1823 2559 et
1852 2504 2100 2559 inlesum

531 2598 783 2652 Christum
806 2596 1001 2652 Filium
1028 2600 1138 2670 ejus
1167 2599 1370 2653 unicum
1392 2597 1668 2651 Dominum
1697 2604 1923 2649 nostrum
1944 2593 2095 2658 (Leo.

528 2689 677 2751 epist.
706 2688 793 2753 10,
818 2703 960 2740 nunt.
982 2686 1062 2755 2).
1090 2687 1222 2742 lluic
1250 2689 1483 2757 capitulo
1505 2689 1573 2742 ob
1602 2689 1653 2742 id
1686 2689 1787 2742 iste
1809 2686 2100 2741 calumnia-

529 2786 635 2842 tur,
676 2790 773 2830 cur
812 2790 916 2829 non
957 2775 1175 2840 dixerit,
1215 2777 1267 2829 in
1297 2793 1456 2830 unum
1490 2775 1652 2829 Deum
1692 2775 1922 2837 Patrem,
1963 2784 2008 2827 et
2045 2775 2099 2827 iu

528 2883 685 2920 unum
707 2867 886 2921 Jesum
911 2864 1167 2919 Christum
1188 2862 1383 2918 Filium
1404 2866 1555 2935 ejus;
1586 2864 1736 2935 juxta
1776 2864 1970 2920 Nicteni
2005 2863 2098 2918 de-

528 2967 735 3012 cretum
778 2956 1012 3013 concilii.
1062 2956 1164 3012 Sed
1193 2957 1396 3021 Romae,
1446 2965 1503 3012 et
1552 2965 1836 3026 antequam
1882 2955 2097 3011 Nicaeae

527 3047 765 3118 synodus
817 3047 1148 3113 conveniret,
1183 3061 1212 3100 a
1246 3045 1572 3115 temporibus
1601 3047 1966 3116 apostolorum
2000 3061 2093 3102 us-

529 3152 629 3206 que
660 3136 731 3191 ad
756 3151 919 3202 nunc,
953 3143 1007 3189 et
1032 3135 1131 3189 sub
1163 3136 1334 3191 beata:
1365 3136 1635 3189 memoria:
1663 3132 1977 3201 leesdno,
2011 3136 2096 3191 cui

529 3230 628 3282 iste
666 3234 826 3282 rectm
877 3225 997 3279 lidei
1039 3226 1402 3280 testimonium
1444 3223 1693 3290 reddidit,
1749 3224 1827 3279 ita
1849 3223 2096 3279 ﬁdelibus

528 3320 828 3393 symbolum
876 3318 1136 3385 traditur;
1181 3333 1280 3373 nec
1318 3317 1734 3388 praejudicantur
1784 3316 1966 3381 verba,
2006 3314 2095 3370 ubi

527 3409 1023 3465 sensnsincolumis
1052 3422 1349 3479 permanet.
1375 3410 1539 3481 Magis
1562 3412 1705 3465 enim
1736 3426 1854 3465 cum
1886 3408 2094 3464 Domini

526 3502 651 3557 Jesu
681 3500 879 3555 Christi
912 3502 1175 3556 sententia
1207 3502 1321 3556 haec
1353 3501 1471 3557 fidei
1514 3501 1770 3570 professio
1809 3502 1924 3572 35.
1950 3499 2092 3566 facit,

525 3595 749 3649 dicentis
772 3612 785 3649 :
813 3592 1027 3649 Creditis
1056 3596 1107 3647 in
1126 3593 1369 3659 Deum,et
1392 3593 1444 3645 in
1472 3608 1550 3646 me
1568 3591 1754 3645 credite
1778 3590 1952 3662 (Joan.
1980 3605 2091 3657 xtv,

2208 2421 2312 2468 tate
2355 2414 2406 2467 in
2437 2413 2580 2468 aliud
2622 2400 2930 2478 detorsisti,
2963 2414 3148 2469 dicens
3189 2429 3310 2469 eum
3353 2414 3490 2469 duos
3520 2414 3771 2483 quosdam

2204 2514 2486 2573 separatos
2516 2504 2818 2571 induxisse,
2849 2505 3083 2559 vicissim
3132 2520 3250 2574 quae
3290 2506 3388 2559 sibi
3422 2506 3531 2559 sint
3560 2506 3769 2574 propria

2201 2600 2516 2662 aperantes,
2548 2594 2656 2666 36
2678 2610 2796 2650 cum
2830 2596 2921 2651 ille
2948 2595 3283 2650 altitudinem
3312 2604 3367 2651 et
3394 2596 3773 2659 humilitatem,

2200 2684 2253 2740 id
2280 2694 2364 2740 est
2388 2694 2667 2754 utramque
2695 2694 2943 2740 naturam
2966 2729 2980 2753 ,
3016 2687 3162 2741 velut
3191 2684 3297 2739 duo
3325 2688 3567 2754 quaedam
3601 2726 3614 2747 ,
3666 2701 3769 2737 non

2200 2774 2335 2829 duos
2359 2776 2638 2842 quosdam,
2665 2778 2716 2831 in
2746 2791 2852 2830 uno
2874 2776 3093 2831 Christo
3120 2784 3400 2832 manentes
3432 2773 3649 2830 voluerit
3674 2774 3766 2828 de-

2200 2876 2517 2923 monstrare.
2551 2867 2714 2923 Miror
2734 2876 2911 2922 autem
2944 2866 3212 2937 quomodo
3234 2881 3341 2921 non
3372 2866 3478 2922 hac
3503 2866 3770 2921 existima-

2200 2958 2347 3013 tione
2373 2959 2672 3028 apostolum
2695 2973 2907 3029 quoque
2931 2958 3265 3013 accusaveris
3295 2957 3541 3025 Paulum,
3576 2958 3697 3027 quia
3720 2967 3769 3011 et

2199 3048 2316 3118 ipse
2344 3049 2720 3120 duotquaedam
2751 3064 2873 3105 esse
2897 3038 3034 3104 dixit
3061 3050 3112 3104 in
3145 3064 3251 3105 uno
3281 3050 3516 3116 homine,
3543 3050 3767 3104 vicissim

2199 3156 2325 3212 qua:
2352 3155 2446 3197 sua
2477 3150 2601 3196 sunt
2630 3142 2841 3212 propria
2872 3148 3182 3210 operantes,
3230 3148 3284 3195 et
3327 3149 3519 3195 contra
3552 3155 3615 3194 se
3644 3138 3766 3193 invi-

2198 3244 2316 3286 cem
2346 3231 2603 3297 nitentes,
2639 3231 2884 3301 spiritum
2908 3229 3158 3285 videlicet
3173 3237 3227 3285 et
3247 3243 3485 3285 carnem.
3504 3227 3663 3293 Caro,
3690 3229 3765 3282 ia-

2198 3320 2336 3390 quit,
2364 3320 2674 3388 concupiscit
2708 3323 2948 3374 adversus
2975 3319 3242 3388 spiritum,
3274 3325 3323 3371 et
3357 3318 3577 3386 spiritus
3602 3319 3767 3371 adrer-

2197 3427 2283 3465 sus
2308 3427 2530 3465 carnem.
2570 3408 2695 3463 Htec
2725 3411 2858 3464 enim
2892 3410 2990 3463 sibi
3028 3409 3238 3462 invicem
3266 3409 3605 3463 adversantur
3634 3406 3763 3480 (Gal.

2198 3514 2252 3566 v,
2297 3498 2406 3570 l7).
2440 3500 2590 3557 Sicut
2618 3513 2748 3569 ergo
2797 3512 2932 3554 unus
2958 3507 3041 3553 est
3086 3496 3249 3551 homo
3282 3498 3333 3551 in
3361 3512 3468 3565 quo
3516 3505 3645 3552 sunt
3671 3496 3764 3550 duo

2200 3591 2444 3662 quaedam
2473 3589 2528 3645 in
2573 3604 2632 3645 se
2679 3590 2906 3645 invicem
2937 3590 3326 3659 permanentia,
3351 3597 3407 3643 et
3428 3601 3528 3642 sua
3551 3601 3766 3657 quaeque

527 3682 603 3753 1).
645 3682 753 3737 Nec
789 3683 941 3750 dixit,
984 3684 1037 3736 in
1077 3697 1239 3736 unum
1282 3682 1446 3736 Deum
1486 3681 1719 3747 Patrem,
1771 3690 1825 3735 et
1855 3680 1906 3733 in
1936 3694 2094 3733 unum
2127 3681 2174 3744 C
2204 3682 2417 3750 propria
2440 3682 2713 3750 operantia
2736 3722 2751 3746 ,
2784 3694 2883 3735 nec
2909 3688 3084 3749 potest
3102 3680 3237 3734 alius
3266 3680 3395 3747 dici,
3422 3679 3553 3734 dum
3582 3694 3761 3735 secuno

526 3771 787 3839 meipsum
826 3772 990 3839 :quis
1035 3772 1176 3826 enim
1216 3771 1419 3825 nesciat
1446 3786 1606 3825 unum
1649 3784 1767 3825 esse
1798 3771 1964 3824 Deum
1996 3769 2097 3824 Pa-

529 3871 686 3925 trem,
714 3869 770 3914 et
791 3873 951 3913 unum
979 3857 1159 3914 Jesum
1186 3858 1456 3912 Christum
1486 3858 1675 3912 Filium
1706 3858 1823 3927 ejus
1846 3860 1869 3911 ?

604 3949 671 4005 ll.
711 3949 871 4004 Miror
895 3959 1071 4004 tamen
1104 3948 1368 4018 quomodo
1394 3948 1534 4003 hunc
1563 3948 1856 4002 locumiste
1873 3947 2097 4015 notavit,

527 4050 579 4095 et
611 4040 758 4095 illum
790 4041 1153 4110 praetermisit,
1184 4040 1272 4095 ubi
1306 4039 1442 4095 unici
1480 4038 1596 4093 Filii
1628 4039 2099 4094 commemoratio-

527 4145 645 4186 nem
686 4128 822 4184 idem
851 4130 1041 4185 beatus
1070 4129 1177 4184 Leo
1209 4130 1357 4197 facit,
1388 4130 1608 4185 dicens:
1640 4128 1787 4183 Idem
1818 4146 1934 4184 vero
1963 4146 2097 4183 sem-

524 4222 707 4288 piterni
735 4223 972 4292 genitoris
1002 4223 1291 4292 unigetiitus
1343 4225 1680 4292 sempiternus
1703 4262 1717 4287 ,
1752 4232 1901 4276 natus
1926 4231 2002 4275 est
2032 4220 2097 4275 de

488 4312 723 4382 .Spiritu
760 4323 930 4365 sancto
968 4322 1014 4365 et
1046 4312 1215 4365 Maria
1252 4312 1462 4382 Virgine
1506 4312 1649 4386 (Ep.
1698 4313 1796 4378 10,
1831 4330 1955 4367 num
2001 4314 2089 4385 2).

523 4403 627 4456 Sed
661 4412 715 4457 et
740 4403 839 4458 hoc
871 4418 1081 4471 quoque
1108 4403 1405 4458 mirandum
1432 4416 1513 4459 est
1539 4420 1633 4459 cur
1662 4419 1768 4459 non
1806 4404 1969 4459 simili
1999 4405 2097 4459 de-

524 4494 724 4547 mentia
756 4494 1126 4563 reprehendit,
1156 4494 1293 4563 quod
1325 4496 1426 4549 ait:
1462 4496 1562 4562 Qui
1596 4508 1742 4551 natus
1776 4506 1846 4569 est
1877 4498 1938 4551 de
1965 4495 2089 4564 Spi-

524 4587 631 4640 ritu
665 4598 841 4641 sancto
870 4596 917 4641 et
950 4586 1121 4641 Maria
1166 4587 1410 4660 Virgine,
1441 4588 1691 4657 quoniam
1733 4589 1833 4643 hoc
1870 4590 2090 4644 verbum

526 4678 740 4732 Nicaena
785 4678 1023 4749 synodus
1068 4692 1173 4733 non
1204 4678 1417 4749 posuit;
1445 4688 1498 4734 et
1533 4678 1611 4749 (ut
1636 4678 1715 4732 illi
1764 4678 1957 4749 placet)
1993 4680 2092 4735 hoc

526 4771 749 4824 verbum
780 4769 1020 4839 profiteri
1059 4770 1336 4836 debemus,
1364 4772 1503 4837 quod
1533 4771 1603 4826 ibi
1635 4771 1895 4841 scriptum
1943 4772 2090 4827 inve-

524 4862 780 4914 nerimus.
815 4860 979 4929 lmpie
1006 4871 1181 4916 autem
1204 4861 1555 4917 calumniatur
1586 4862 1838 4927 Leonem,
1862 4862 2001 4931 quod
2034 4863 2085 4917 in

524 4968 687 5007 unum
736 4953 946 5022 quidem
992 4962 1260 5010 auctorem
1307 4963 1361 5010 et
1385 4971 1570 5011 verum
1611 4955 1799 5010 Filium
1833 4955 1927 5011 Dei
1959 4955 2091 5011 Ver-

2201 3774 2326 3829 dum
2356 3788 2567 3828 carnem
2602 3774 2740 3843 sapit
2782 3781 2837 3828 et
2866 3772 3013 3838 iacit,
3039 3783 3092 3827 et
3122 3772 3260 3827 alius
3300 3771 3426 3827 dum
3476 3772 3760 3827 secundum

2200 3865 2446 3935 spiritum
2475 3865 2634 3930 vivit;
2664 3864 2757 3919 sed
2784 3864 2923 3920 idem
2953 3864 3065 3933 ipse
3092 3863 3175 3919 es‘t
3207 3865 3257 3918 in
3288 3876 3536 3933 utroque,
3568 3865 3761 3920 habens

2200 3960 2255 4013 in
2278 3973 2336 4014 se
2363 3966 2665 4026 utrumque.
2699 3957 2770 4011 ita
2794 3966 2847 4011 et
2872 3956 3135 4023 Christus,
3169 3956 3295 4011 dum
3322 3971 3485 4010 unum
3517 3956 3568 4010 in
3598 3970 3662 4011 se
3681 3956 3763 4009 hs-

2200 4051 2309 4120 bet,
2331 4051 2382 4105 in
2403 4064 2509 4121 quo
2537 4049 2834 4105 succumbit
2854 4048 3249 4104 infirmitatibus
3273 4066 3285 4101 :
3316 4058 3370 4102 et
3391 4048 3537 4102 aliud
3553 4088 3570 4114 ,
3597 4048 3652 4102 in
3669 4060 3761 4117 quo

2203 4141 2375 4197 radiat
2401 4143 2667 4211 micatque
2686 4142 2993 4209 virtutibus,
3022 4140 3071 4195 id
3091 4148 3176 4195 est
3194 4155 3407 4194 carnem
3436 4148 3486 4195 et
3511 4141 3756 4201 Verbum,

2199 4247 2315 4303 qua:
2345 4232 2451 4287 duo
2476 4231 2767 4301 Apostolus
2791 4232 2843 4286 in
2870 4245 2936 4286 eo
2957 4232 3306 4301 distinguens,
3342 4231 3450 4285 ait:
3485 4229 3628 4283 Nam
3654 4240 3699 4285 et
3721 4228 3759 4281 si

2197 4324 2469 4389 cruciﬁxus
2508 4330 2579 4376 est
2600 4337 2663 4375 ea:
2691 4322 2987 4390 inﬁrmitate
3012 4331 3207 4387 nostra,
3238 4320 3325 4375 sed
3355 4322 3474 4374 vivit
3497 4337 3561 4375 ea:
3588 4323 3759 4375 virtute

2198 4411 2295 4467 Dei
2325 4410 2410 4483 (II
2434 4409 2551 4466 Cor.
2585 4426 2699 4477 xm,
2739 4413 2834 4483 4);
2870 4426 2974 4466 non
3008 4412 3309 4481 bipertitus.
3340 4421 3394 4466 et
3439 4412 3577 4467 alius
3608 4423 3761 4482 atque

2197 4503 2461 4568 alius,sed
2484 4503 2622 4567 idem
2644 4502 2757 4572 ipse
2788 4517 2924 4558 unus
2951 4514 3112 4574 atque
3141 4502 3278 4558 idem
3308 4504 3651 4574 apertissime
3673 4503 3758 4557 de-

2200 4603 2543 4649 monstratur.

2269 4684 2358 4739 1V.
2402 4685 2594 4740 Verum
2627 4694 2704 4751 tu,
2734 4685 2858 4740 dum
2888 4700 2984 4754 per
3035 4685 3193 4740 unius
3222 4695 3427 4739 naturas
3474 4682 3759 4753 professio-

2196 4792 2341 4841 nem,
2392 4777 2674 4832 humanam
2719 4778 2933 4832 Christo
2980 4778 3191 4832 conaris
3225 4774 3436 4831 auferre
3479 4784 3757 4835 naturam,

2195 4868 2391 4923 videris
2415 4875 2591 4922 tamen
2640 4868 2885 4922 confiteri
2926 4866 3066 4938 quod
3097 4881 3281 4937 negas.
3332 4866 3527 4920 Divisti
3580 4865 3755 4918 enim:

2195 4961 2310 5030 ipse
2356 4960 2520 5035 Deus,
2552 4960 2638 5028 qui
2666 4960 2719 5013 in
2749 4974 2912 5015 carne
2959 4967 3115 5013 natus
3144 4967 3257 5022 est,
3292 4956 3376 5025 qni
3418 4965 3503 5010 est
3530 4956 3755 5010 Verbum

525 5044 675 5106 hum,
707 5052 761 5097 et
792 5043 843 5098 in
872 5043 1031 5098 alium
1061 5044 1432 5113 recogitatum,
1457 5056 1512 5101 et
1544 5046 1996 5118 congloriﬁcatum
2021 5063 2085 5103 ex
2116 5045 2169 5106 D
2198 5052 2290 5107 Dei
2315 5051 2522 5116 Patris;
2552 5052 2641 5119 qui
2669 5050 2841 5105 factus
2871 5060 2953 5105 est
2992 5048 3474 5105 inconvertibiliter
3497 5048 3756 5116 perfectus

524 5135 687 5189 Maria
736 5136 1003 5191 hominem
1052 5136 1362 5191 crediderit.
1397 5138 1506 5193 lloc
1536 5140 1676 5193 enim
1708 5141 1779 5194 ita
1806 5154 1927 5195 eum
1958 5154 2084 5196 sen-

520 5228 657 5280 sisse
702 5226 783 5281 vel
831 5225 1075 5281 docuisse
1121 5227 1329 5296 probari
1367 5244 1470 5283 non
1514 5239 1709 5297 potest.
1744 5232 1911 5301 Magis
1940 5234 2086 5287 enim

521 5333 682 5371 unum
712 5316 1066 5387 eumdemqne
1094 5319 1370 5373 confessus
1396 5330 1499 5385 est,
1534 5320 1624 5375 Dei
1665 5331 1718 5375 et
1744 5320 1977 5376 hominis
2005 5323 2093 5377 Fi-

522 5408 652 5461 lium
694 5408 974 5462 Dominum
1024 5408 1288 5462 Christum
1321 5409 1503 5465 dicens
1535 5428 1545 5461 :
1590 5409 1733 5465 Unus
1770 5412 1903 5465 enim
1930 5412 2090 5466 idem-

519 5514 616 5566 que
642 5496 735 5551 Dei
760 5508 804 5553 et
830 5499 1047 5552 hominis
1074 5498 1239 5553 Filius
1266 5499 1453 5566 (Num.
1478 5499 1556 5569 4).
1592 5501 1655 5555 Et
1681 5500 1871 5556 iterum
1895 5520 1907 5555 :
1945 5501 2089 5557 Unus

523 5596 672 5643 atque
713 5590 843 5642 idem
891 5591 1142 5644 mediator
1175 5590 1269 5644 Dei
1309 5601 1355 5644 et
1394 5589 1657 5646 hominum
1686 5592 1835 5647 homo
1857 5592 2086 5649 Christus

524 5676 675 5732 Iesus
706 5680 888 5749 (Num.
917 5682 991 5752 ὅ).
1021 5681 1130 5740 Hoc
1150 5682 1309 5740 etiam
1334 5683 1622 5740 capitulum
1650 5683 1783 5740 mira
1813 5683 2089 5753 impuden-

2198 5141 2378 5206 homo,
2422 5156 2740 5213 permanens
2769 5142 2861 5196 Dei
2902 5141 3065 5195 Filius
3107 5140 3443 5211 unigenitus;
3473 5148 3529 5193 et
3559 5138 3666 5192 Deo
3693 5135 3756 5187 1-i-

2196 5230 2335 5285 milis
2356 5232 2408 5284 in
2439 5231 2654 5294 virtute,
2673 5238 2735 5285 et.
2756 5230 2910 5285 nobis
2932 5230 3123 5285 similis
3152 5230 3205 5285 in
3234 5228 3564 5283 infirmitate.
3582 5226 3635 5282 Si
3650 5226 3754 5279 Deo

2194 5321 2383 5376 similis
2407 5330 2488 5376 est
2514 5320 2566 5376 in
2591 5322 2819 5389 virtute,
2853 5329 2908 5376 et
2933 5321 3082 5375 nobis
3114 5322 3165 5375 in
3198 5320 3538 5380 infirmitate;
3570 5316 3724 5372 simili

2196 5411 2323 5466 tudo
2354 5421 2532 5467 autem
2562 5411 2775 5467 deitatis
2806 5411 2857 5466 in
2904 5412 3095 5466 virtute
3138 5410 3433 5480 proprietas
3460 5418 3543 5463 est
3570 5408 3754 5461 divina:

2198 5511 2421 5570 naturae,
2449 5504 2632 5571 procul
2659 5501 2821 5557 dubio
2845 5502 3136 5556 similitudo
3168 5498 3507 5554 humanitatis
3537 5498 3588 5552 in
3620 5497 3754 5552 infu-

2194 5594 2380 5649 mitate
2406 5596 2701 5663 proprietas
2729 5602 2811 5648 est
2832 5593 3077 5647 humanae
3100 5599 3325 5645 naturae.
3346 5588 3457 5650 Non
3476 5588 3618 5643 enim
3642 5603 3753 5658 pru-

2195 5685 2369 5741 dentis
2412 5693 2492 5743 est
2527 5684 2581 5742 in
2622 5701 2677 5742 re
2716 5684 2878 5741 simili
2917 5683 3194 5739 dissimilia
3237 5680 3502 5737 confiteri.
3556 5680 3660 5736 Sed
3705 5686 3751 5734 et
