3990 6390
196 357 300 411 ηι

1305 362 1577 421 CONTRA
1613 363 2075 423 EUTYCHETEM
2114 366 2240 425 LIB.
2281 369 2368 429 ιν.

3360 374 3468 433 ιες

213 485 334 525 cum
379 470 542 526 dicis:
574 471 674 541 Qui
700 471 867 529 factus
891 484 973 530 est
994 474 1474 535 inconvertibiliter
1510 480 1780 550 perfectus
1808 482 1860 542 A
1888 484 2003 538 Dei.
2036 485 2178 541 ldem
2222 487 2363 541 Patri
2391 484 2612 556 aequalis
2643 486 2698 541 in
2743 487 2915 542 forma
2958 486 3073 551 Dei,
3122 486 3263 543 idem
3301 486 3460 545 Patre

214 562 396 625 homo,
425 577 745 630 permanens
775 564 942 631 Deus;
976 576 1239 633 nostram,
1266 570 1376 623 imo
1418 571 1737 628 catholicam
1766 612 1782 639 ,

213 649 470 705 adversus
498 667 656 721 quam
683 653 891 721 niteris,
919 655 1075 710 fidem
1097 656 1405 713 conﬁrmas.
1433 659 1491 714 Si
1512 658 1652 715 enim
1678 676 1785 715 non

213 747 297 791 est
325 753 619 794 conversus
647 743 698 796 in
725 757 960 810 carnem,
984 755 1037 799 et
1062 744 1231 800 iactus
1263 757 1343 801 est
1374 747 1536 803 homo
1568 765 1783 817 perma-

211 847 345 886 nens
374 832 537 898 Dens,
583 836 685 891 hoc
735 837 907 904 ipsum
938 837 1079 908 quod
1127 838 1297 895 factus
1326 850 1407 896 est
1450 842 1625 908 homo,
1658 843 1783 913 quia

210 926 510 982 immutatio
537 927 642 983 dici
664 944 766 983 non
797 938 993 999 potest,
1017 934 1314 1001 assumptio
1328 934 1535 988 dicatur
1562 949 1783 990 necesse

210 1024 321 1068 cst:
349 1029 411 1069 ac
436 1018 515 1070 sic
554 1019 821 1087 geminum
846 1020 1097 1090 quiddam
1125 1022 1227 1077 erit
1256 1023 1306 1077 id
1330 1025 1434 1095 37
1458 1025 1599 1095 quod
1628 1035 1777 1093 erat,

211 1115 266 1156 et
298 1115 556 1159 mutatum
590 1124 693 1161 non
723 1118 836 1173 est;
862 1120 911 1165 et
937 1110 986 1164 id
1026 1113 1165 1181 quod
1194 1129 1299 1167 non
1339 1124 1482 1181 erat,
1506 1124 1560 1171 et
1587 1116 1779 1170 factum

210 1201 313 1257 est,
346 1195 428 1247 vel
458 1205 821 1265 assumptum;
852 1200 976 1267 quia
1006 1200 1055 1253 id
1080 1201 1220 1268 quod
1251 1214 1369 1257 erat
1398 1218 1503 1258 non
1544 1213 1625 1259 est
1664 1220 1782 1259 mu-

211 1295 376 1340 tatum
410 1288 463 1341 in
490 1303 729 1354 carnem,
753 1301 807 1344 et
840 1299 1015 1345 tamen
1040 1291 1200 1347 habet
1227 1308 1444 1349 carnem
1464 1336 1478 1359 ,
1505 1296 1642 1350 sicut
1665 1296 1779 1365 ipse

209 1379 311 1431 ait:
346 1376 478 1431 Caro
502 1396 611 1432 mea
644 1395 755 1433 rere
778 1392 851 1433 est
876 1382 1015 1435 cibus
1046 1383 1224 1451 (Joan.
1244 1400 1316 1452 vt,
1336 1385 1449 1453 56);
1475 1397 1529 1441 et
1553 1388 1739 1442 Petrus
1762 1404 1775 1440 :

211 1469 392 1540 Neque
414 1487 532 1524 caro
560 1475 670 1542 ejus
691 1472 813 1526 vidit
842 1475 1219 1545 corruptionem
1250 1476 1385 1547 (Act.
1411 1492 1469 1545 ιι,
1498 1477 1611 1547 51).
1648 1478 1778 1545 Quia

209 1572 338 1624 ergo
388 1572 490 1612 non
542 1570 624 1613 est
672 1559 902 1630 idipsum
955 1562 1138 1619 haberi
1168 1571 1222 1620 et
1256 1564 1454 1621 habere
1500 1566 1779 1635 (Verbum

211 1647 408 1716 quippe
437 1648 617 1715 habet,
648 1650 870 1706 habetur
894 1661 1071 1708 autem
1103 1656 1271 1725 caro),
1322 1658 1602 1725 perspicue
1631 1666 1685 1713 et
1711 1659 1779 1712 li-

212 1738 372 1804 quido
397 1741 773 1809 comprobatur
794 1743 1065 1798 Christum
1096 1745 1371 1816 utriusque
1399 1761 1519 1802 esse
1549 1758 1773 1816 natum,

208 1844 365 1884 unius
387 1845 513 1886 vero
538 1848 800 1900 ρειεοιιξιδ.

277 1919 340 1973 γ.
383 1921 532 1977 Unde
560 1924 814 1993 quidquid
842 1926 1109 1995 copiosius
1134 1936 1186 1981 et
1216 1926 1376 1982 latius
1405 1931 1657 2000 persequi
1690 1946 1785 1986 vo-

201 2008 377 2075 luisti,
426 2020 483 2065 ut
513 2028 678 2066 unum
709 2015 1021 2070 ostenderes
1055 2013 1350 2083 Christum,
1384 2019 1596 2073 noveris
1615 2027 1668 2074 te
1692 2035 1782 2073 su-

201 2097 429 2161 terﬂuis
485 2100 822 2155 immoratnm
879 2103 1194 2169 laboribus;
1245 2107 1465 2176 cupiens
1500 2109 1781 2166 ostendere

197 2190 343 2256 quod
371 2189 468 2257 ipsi
501 2191 711 2258 penitus
746 2207 850 2246 non
874 2208 1148 2261 negamus.
1189 2196 1240 2249 In
1266 2196 1367 2250 hoc
1397 2212 1526 2252 sane
1571 2200 1781 2255 subtili-

197 2287 283 2331 ter
311 2287 364 2333 et
387 2279 550 2347 impie
581 2281 703 2335 fidei
733 2282 1050 2335 Christiante
1094 2284 1344 2350 illudens,
1386 2294 1444 2339 ut
1473 2286 1593 2355 quia
1619 2286 1780 2343 Chri-

194 2379 316 2420 stus
345 2383 481 2422 unus
508 2379 619 2434 est,
652 2371 791 2435 quod
818 2372 1002 2440 negari
1033 2387 1135 2425 non
1173 2383 1364 2441 potest,
1387 2375 1637 2429 unionem
1663 2391 1781 2444 per-

194 2470 350 2511 some
380 2459 443 2512 ad
479 2459 839 2528 prajudicium
867 2460 1171 2515 inﬂecteres
1221 2464 1497 2532 utriusque
1535 2474 1737 2517 natura?
1764 2507 1778 2530 ,

200 2545 333 2597 dum
360 2554 587 2614 utraque
617 2557 800 2599 natura
826 2563 934 2601 uno
951 2563 1166 2617 semper
1180 2553 1397 2603 nomine
1420 2559 1779 2620 nuncupetur.

200 2633 340 2687 Nam
371 2649 492 2689 cum
521 2635 677 2689 Jesus
701 2635 944 2691 Christus
973 2653 1076 2691 non
1104 2638 1287 2701 Verbi,
1320 2638 1415 2692 sud
1439 2641 1616 2694 carnis
1659 2656 1783 2707 pro-

198 2723 378 2790 prium
411 2725 480 2777 sit
504 2738 698 2779 nomen
724 2742 737 2789 ;
764 2734 818 2780 et
849 2726 986 2779 Deus
1018 2728 1290 2795 proprium
1312 2727 1496 2794 Verbi,
1526 2744 1631 2783 non
1661 2745 1782 2784 car-

194 2812 283 2866 nis
335 2821 549 2867 constet
598 2829 720 2869 esse
771 2815 1121 2881 vocabulum;
1182 2826 1357 2872 tamen
1408 2825 1463 2871 et
1508 2818 1778 2883 Verbum,

190 2911 414 2971 propter
439 2916 656 2957 carnem
682 2918 854 2969 suam,
886 2904 1044 2958 homo
1070 2905 1227 2959 Jesus
1247 2906 1522 2971 Christus;
1556 2916 1610 2961 et
1653 2921 1779 2961 caro

189 3001 414 3061 propter
440 2994 696 3057 Verbum,
725 2997 863 3051 Dens
887 2995 1114 3070 Verbum
1150 3004 1249 3050 est.
1278 2995 1474 3050 Christi
1506 2998 1645 3051 enim
1683 3012 1782 3051 no—

188 3096 322 3136 men
352 3097 415 3136 es
448 3098 514 3137 eo
551 3082 626 3137 illi
678 3093 792 3149 est,
842 3084 982 3153 quod
1033 3083 1098 3138 ad
1129 3098 1254 3138 eum
1305 3086 1570 3154 Propheta
1603 3087 1729 3141 dicit
1761 3104 1775 3141 :

190 3169 363 3225 Unxit
391 3181 437 3225 te
477 3172 633 3237 Deus,
658 3172 798 3227 Deus
828 3182 944 3228 tuus
960 3174 1069 3228 oleo
1090 3176 1447 3229 exsultationis
1469 3217 1483 3241 ,
1512 3191 1620 3242 prae
1645 3193 1768 3230 con-
1794 3191 1840 3255 ρ

185 3262 412 3315 sortibus
455 3263 555 3316 tuis
584 3262 755 3331 (Psal.
788 3278 935 3328 xuv,
968 3264 1045 3333 8).
1080 3263 1193 3318 Non
1225 3265 1367 3318 enim
1395 3265 1551 3320 Verbi
1578 3275 1767 3319 natura

184 3356 351 3404 uncta
388 3362 467 3405 εει
489 3389 506 3415 ,
537 3366 656 3421 quae
685 3362 967 3407 consortes
995 3352 1289 3408 secundum
1333 3369 1392 3408 se
1434 3353 1630 3409 habere
1659 3369 1764 3408 non

182 3440 384 3508 potuit.
410 3442 561 3497 Unde
584 3453 821 3512 apparet,
838 3444 901 3498 ad
922 3443 973 3498 id
990 3444 1130 3513 quod
1154 3444 1315 3498 homo
1335 3444 1505 3499 factus
1523 3454 1626 3511 est,
1652 3460 1767 3515 per-

184 3531 365 3584 tinere
394 3533 689 3597 unctionis,
721 3533 772 3587 id
800 3544 883 3588 est
911 3532 1109 3588 Christi
1134 3533 1473 3589 vocabulum.
1506 3535 1611 3590 Sed
1642 3536 1763 3602 quia

181 3625 294 3694 iam
340 3639 433 3693 per
473 3626 830 3695 cognitionem
863 3625 1143 3694 utriusque
1194 3636 1432 3695 naturae,
1465 3641 1629 3679 unum
1681 3636 1765 3681 est

181 3716 948 3787 divinitatishumanitatisque
971 3716 1086 3785 ejus
1111 3717 1462 3783 vocabulum;
1492 3718 1610 3772 ideo
1624 3717 1767 3787 Apo-

181 3805 359 3860 stolus
379 3805 485 3860 ait:
510 3806 625 3860 Hoc
645 3808 825 3862 sentite
844 3808 895 3860 in
917 3807 1079 3873 vobis,
1097 3807 1235 3877 quod
1255 3815 1301 3860 et
1322 3811 1375 3859 in
1394 3806 1594 3861 Christo
1614 3808 1761 3876 Jesu,

180 3898 307 3969 quia
337 3915 450 3952 cum
478 3900 530 3953 in
561 3900 725 3968 forma
766 3898 863 3953 Dei
906 3907 1069 3963 esset,
1095 3915 1198 3952 non
1222 3899 1461 3967 rapinam
1489 3899 1764 3953 arbitratus

178 4003 257 4046 est
293 4008 401 4045 esse
427 4008 481 4046 se
504 3994 747 4062 tequa'em
776 3990 924 4056 Deo;
970 3992 1059 4045 sed
1103 3992 1422 4061 semetipsum
1451 3991 1726 4045 exinanitiit
1746 4031 1762 4057 ,

176 4084 404 4152 formam
429 4086 559 4137 serui
594 4084 848 4152 accipiens
875 4082 1100 4151 (Philip.
1146 4098 1203 4146 tt,
1235 4082 1315 4149 6).
1360 4079 1490 4135 Cum
1525 4082 1764 4151 profecto

176 4184 475 4242 antequam
512 4174 579 4227 ab
607 4174 701 4227 illo
730 4173 898 4226 forma
930 4174 1072 4226 servi
1103 4179 1244 4225 esset
1273 4178 1485 4239 accepta
1522 4170 1759 4224 nondum

177 4264 350 4316 fuerit
379 4260 640 4323 Christus,
673 4258 767 4314 sed
797 4259 1166 4313 tantummodo
1197 4258 1463 4319 Verbum;
1490 4257 1542 4311 id
1564 4265 1649 4311 est
1669 4272 1765 4310 an-

177 4362 401 4417 tequam
426 4357 568 4403 esset
599 4348 785 4411 homo,
810 4347 1043 4402 nondum
1068 4354 1185 4402 erat
1202 4346 1383 4409 homo,
1409 4346 1504 4400 sed
1536 4355 1765 4400 tantum-

172 4439 348 4497 modo
372 4440 546 4493 Deus:
576 4438 814 4492 nondum
845 4446 962 4492 erat
991 4434 1565 4503 Christus,'antequam
1597 4434 1765 4487 nostri

176 4530 401 4587 habitus
436 4527 787 4582 similitudine
815 4525 976 4580 homo
1001 4535 1145 4581 esset
1192 4524 1468 4587 inventus;
1499 4531 1554 4578 et
1584 4532 1759 4578 tamen

174 4622 427 4678 Christus
458 4631 539 4673 est
568 4620 620 4671 in
650 4618 822 4673 forma
854 4617 979 4682 Dei,
1004 4615 1250 4670 Christus
1289 4614 1340 4667 in
1381 4612 1550 4667 forma
1581 4614 1755 4677 servi;

174 4702 428 4767 Christus
455 4710 675 4779 aequalis
699 4708 861 4775 Patri,
889 4708 1137 4763 Christus
1160 4704 1385 4760 inferior
1409 4703 1593 4769 Patre;
1617 4702 1756 4759 idem

178 4806 344 4866 Deus,
376 4799 517 4855 idem
547 4800 738 4854 homo:
765 4798 907 4853 unde
934 4805 1147 4852 constat
1182 4805 1234 4850 et
1275 4795 1613 4850 divinitatem
1656 4793 1758 4848 hu-

177 4891 477 4955 manitatis,
505 4898 559 4943 et
582 4889 695 4959 38
720 4888 1098 4942 humanitatem
1121 4883 1416 4939 divinitatis
1437 4882 1635 4939 habere
1661 4898 1757 4936 vo-

176 4980 459 5043 cabulum;
490 4977 542 5032 id
564 4988 648 5033 est
678 4976 905 5032 Verbum
928 4976 1033 5031 dici
1056 4990 1273 5031 carnem
1298 5014 1312 5039 ,
1342 4984 1393 5028 et
1421 4988 1635 5027 carnem
1655 4972 1759 5028 dici

178 5071 462 5128 Verbum:
490 5071 747 5140 non‘quia
778 5071 829 5124 in
856 5084 916 5124 se
946 5077 1232 5137 utrumque
1262 5076 1523 5121 mutatum
1546 5065 1633 5131 sit,
1660 5064 1755 5120 sed

177 5167 305 5235 quia
333 5173 619 5231 utrumque
635 5178 738 5217 una
770 5177 1020 5231 persona,
1050 5159 1099 5214 id
1130 5169 1211 5213 est
1240 5172 1379 5212 unus
1400 5157 1644 5212 Christus
1665 5155 1755 5210 sit.

178 5255 247 5310 Et
276 5254 397 5309 ideo
420 5263 565 5309 recte
588 5252 858 5307 credimus
890 5261 943 5305 et
969 5249 1320 5319 praedicamus
1347 5261 1468 5302 cum
1501 5244 1758 5315 Apostolo

178 5345 347 5401 Deum
394 5343 698 5412 cruciﬁxum
723 5351 769 5396 et
816 5348 1074 5395 mortuum
1115 5338 1163 5408 (i
1194 5337 1314 5391 Cor.
1351 5352 1392 5401 ι,
1434 5333 1544 5405 25).
1579 5334 1632 5389 lu
1659 5336 1759 5388 hu-

179 5452 338 5492 mana
370 5447 578 5503 natura,
609 5451 727 5506 qua:
766 5451 831 5491 ex
873 5434 1007 5489 uniti
1031 5432 1190 5489 Verbi
1217 5430 1511 5493 consortio,
1545 5429 1760 5484 deitatis

179 5528 419 5598 possidet
449 5540 666 5581 nomen.
688 5526 805 5595 Ipse
832 5526 989 5595 igitur
1004 5539 1141 5580 unus
1168 5522 1415 5592 idemque
1444 5520 1533 5575 Dei
1566 5519 1753 5588 Filius,

184 5619 445 5673 Dominus
473 5618 629 5673 Jesus
660 5616 926 5682 Christus,
957 5626 1011 5671 et
1053 5622 1296 5669 mortuus
1326 5620 1407 5668 est
1450 5610 1746 5667 secundum

185 5708 407 5766 formam
436 5709 599 5773 servi,
630 5716 806 5764 etnon
824 5721 907 5764 est
936 5714 1178 5763 mortuus
1201 5701 1494 5761 secundum
1525 5701 1752 5757 formam

1892 580 2067 633 minor
2096 579 2148 633 in
2178 578 2345 633 forma
2373 578 2537 635 servi.

1961 670 2050 724 Vl.
2090 670 2220 736 Quae
2247 686 2367 726 cum
2401 671 2472 725 ita
2500 672 2628 736 sint,
2657 670 2911 741 quidquid
2941 670 3008 726 de
3035 678 3259 741 utraque
3286 670 3453 727 forma

1885 761 2178 815 secundum
2212 760 2288 814 tui
2332 776 2524 817 sensus
2553 763 2867 830 pravitatem
2906 761 3177 828 disputare
3206 760 3452 827 voluisti,

1887 852 2105 907 noveris
2154 850 2253 905 ista
2282 853 2616 921 expositione
2654 852 2873 906 cassari.
2905 851 3014 918 Qua
3052 865 3180 918 sane
3228 852 3450 918 imperi-
3514 897 3523 905 .

1886 944 1980 1007 tia,
2009 942 2091 998 vel
2116 942 2292 1012 potius
2318 942 2611 1007 dementia,
2636 942 2995 1013 evangelicum
3013 941 3243 995 volueris
3266 942 3453 993 immu-

1885 1045 2001 1091 tare
2027 1020 2352 1100 sermonem,
2382 1036 2519 1089 scias
2544 1034 2697 1091 nobis
2731 1051 2835 1089 non
2865 1049 2983 1089 esse
3014 1035 3271 1103 ignotum.
3296 1032 3449 1100 Quod

1883 1128 2023 1183 enim
2053 1128 2122 1183 ibi
2147 1128 2340 1197 legitur
2370 1127 2436 1182 de
2466 1125 2700 1192 Christo,
2730 1128 2851 1196 quia
2881 1129 3021 1181 inter
3049 1126 3184 1180 duos
3210 1126 3449 1179 latrones

1882 1222 2165 1277 crucifixus
2194 1233 2306 1286 εει,
2333 1236 2397 1275 ex
2430 1219 2701 1288 propheta:
2734 1220 3067 1283 testimonio,
3100 1216 3350 1272 dicentis:
3382 1216 3449 1270 Et

1885 1314 2018 1368 inter
2056 1314 2255 1383 iniquos
2284 1313 2552 1382 deputatus
2580 1321 2651 1363 est
2680 1309 2833 1379 (Isai.
2856 1326 2973 1372 LIII,
3010 1309 3121 1377 te),
3146 1318 3200 1363 tu
3227 1308 3406 1361 dixisti
3432 1325 3445 1360 :

1886 1403 1950 1457 Et
1996 1404 2136 1458 inter
2186 1410 2422 1457 mortuus
2476 1401 2759 1469 deputatus
2803 1408 2904 1454 est.
2954 1400 3191 1468 D’enique
3230 1400 3328 1452 ista
3361 1407 3448 1452 tua

1882 1504 2005 1549 sunt
2036 1492 2231 1549 verba:
2258 1493 2412 1557 Vitae,
2440 1492 2892 1560 inquis,datorem
2924 1499 2977 1543 ct
2999 1505 3090 1558 per
3111 1490 3287 1544 omnia
3311 1503 3449 1543 ama-

1882 1596 2050 1641 torem
2082 1584 2311 1639 hominis
2351 1584 2514 1638 Deum
2538 1626 2553 1649 ,
2604 1584 2692 1652 qui
2725 1584 2864 1637 inter
2887 1592 3124 1636 mortuos
3164 1582 3449 1651 deputatus

1881 1685 1996 1739 est,
2034 1684 2086 1730 et
2126 1676 2472 1745 corruptione
2515 1682 2569 1729 et
2610 1680 2784 1727 morte
2833 1688 3096 1741 nunquam
3127 1672 3299 1726 victus
3328 1680 3450 1736 est;

1881 1766 2006 1835 quin
2035 1766 2086 1820 in
2112 1765 2319 1820 inferno
2340 1764 2619 1820 descendit
2644 1773 2699 1817 ut
2721 1763 2985 1817 obnoxius
3003 1769 3199 1815 nostrte
3222 1766 3451 1827 naturas,

1813 1845 1862 1904 Β
1889 1857 2004 1911 sine
2032 1866 2267 1927 peccato.
2295 1855 2454 1911 Vides
2477 1864 2734 1926 quantum
2766 1851 3027 1922 sacrilegii
3079 1851 3270 1905 haheat
3301 1852 3453 1904 unius

1886 1958 2088 2004 tantum
2117 1948 2389 2003 confessio
2439 1958 2663 2001 naturae.
2695 1944 2857 1999 Vides
2900 1944 2952 1997 in
2984 1957 3101 2010 qum
3131 1956 3227 1995 vos
3262 1940 3453 2008 impie-

1884 2043 2006 2097 tatis
2036 2042 2261 2110 ahrnpts
2292 2040 2583 2109 przecipitet
2616 2039 2825 2091 novitas
2856 2036 2952 2090 ista
2996 2032 3293 2088 doctrinm?
3323 2032 3453 2098 Quia

1882 2134 2024 2189 enim
2059 2132 2136 2187 sic
2159 2132 2319 2186 vultis
2341 2130 2510 2186 videri
2538 2129 2706 2183 Deum
2739 2128 3091 2193 incarnatum,
3122 2133 3177 2177 ut
3201 2122 3329 2177 nihil
3363 2122 3454 2174 ha-

1882 2224 2001 2279 beat
2035 2222 2280 2276 humanm
2322 2230 2555 2284 naturm;
2587 2229 2753 2273 totum
2784 2216 2927 2287 quod
2971 2224 3088 2281 est,
3118 2214 3330 2269 deitatis
3362 2229 3454 2267 na-

1883 2324 1998 2370 tura
2030 2314 2130 2369 sit:
2167 2312 2259 2366 Dei
2311 2326 2441 2365 vero
2490 2319 2765 2370 naturam,
2821 2322 2939 2375 qua:
2988 2304 3305 2359 immortalis
3332 2314 3408 2357 εει
3438 2343 3453 2367 ,

1883 2407 2122 2460 scientes
2168 2402 2301 2455 mori
2334 2416 2439 2454 non
2473 2414 2657 2466 posse,
2688 2412 2787 2452 nec
2812 2398 2859 2450 ei
2902 2397 3111 2461 penitus
3144 2394 3327 2449 mortis
3361 2408 3454 2447 no-

1884 2514 2005 2553 men
2035 2509 2354 2562 congruere,
2378 2493 2618 2561 elegistis
2636 2506 2663 2543 a
2681 2490 2782 2543 fide
2806 2487 3095 2557 apo'stolica
3127 2487 3452 2553 exorbitare,

1885 2589 2110 2646 dicendo
2142 2588 2302 2640 Deum
2332 2586 2472 2638 inter
2500 2591 2740 2635 mortuos
2773 2580 3117 2647 deputatum;
3147 2592 3301 2645 quam
3332 2590 3454 2629 eum

1888 2685 2037 2740 fateri
2070 2682 2361 2737 secundum
2416 2677 2689 2732 hominem
2742 2682 3035 2729 mortuum.
3084 2671 3213 2725 Nam
3263 2670 3454 2722 Filium

1886 2778 1980 2833 Dei
2026 2773 2319 2831 secundum
2364 2770 2636 2825 hominem
2669 2776 2935 2821 mortuum
2966 2762 3252 2831 Apostolus
3276 2760 3453 2825 docet,

1882 2868 2066 2921 dicens
2096 2864 2163 2918 ad
2206 2864 2512 2917 Romanos:
2562 2859 2707 2912 Sicut
2745 2873 2835 2928 per
2878 2852 3265 2908 inobedientiam
3303 2850 3453 2902 unius

1884 2958 2100 3010 hominis
2134 2964 2418 3027 peciatores
2458 2948 2717 3004 constituti
2755 2957 2871 3003 sunt
2901 2945 3067 3009 multi,
3098 2944 3171 2997 ita
3204 2958 3291 3011 per
3321 2941 3453 2994 ohe-

1882 3046 2292 3103 dientiamunt'us
2312 3044 2551 3103 hominis,
2566 3041 2695 3111 justi
2721 3038 3088 3092 constituentur
3108 3034 3254 3086 multi
3273 3032 3447 3102 (Rom.

1882 3158 1945 3206 v,
1978 3141 2088 3209 i9).
2116 3139 2262 3194 lianc
2289 3146 2462 3191 autem
2494 3132 2856 3188 obedientiam
2889 3128 3077 3182 mortis
3101 3139 3220 3180 esse
3247 3166 3261 3189 ,
3287 3137 3445 3193 quam

1874 3232 1968 3308 pro
1986 3233 2141 3289 nobis
2164 3233 2214 3285 in
2234 3241 2430 3285 nostra:
2444 3236 2645 3281 natura:
2660 3224 2884 3279 veritate
2896 3219 3150 3289 suscepit,
3166 3220 3281 3287 ipse
3298 3214 3450 3269 nihil-

1868 3305 2079 3383 ominus
2101 3324 2255 3380 docet
2273 3318 2554 3390 Apostolus
2576 3316 2759 3372 dicens
2782 3314 2849 3367 de
2862 3313 2967 3385 39
2979 3310 3222 3365 Christo:
3256 3305 3445 3359 Factus

1869 3418 2102 3473 obediens
2124 3429 2283 3483 usque
2310 3412 2378 3465 ad
2402 3418 2639 3473 mortem,
2673 3414 2882 3460 mortem
2901 3412 3071 3457 autent
3097 3400 3262 3453 crucis
3288 3396 3446 3465 (Plii-

1870 3513 1961 3582 lip.
1995 3526 2055 3573 tt,
2082 3508 2159 3578 8).
2188 3508 2253 3560 Et
2279 3506 2502 3558 iterum:
2531 3497 2861 3553 Reconciliati
2879 3510 3051 3547 sumus
3073 3490 3179 3544 Deo
3203 3506 3289 3557 per
3309 3504 3444 3540 mor-

1869 3576 1968 3655 tem
1992 3576 2127 3651 Filii
2150 3599 2259 3668 rjus
2288 3594 2463 3664 (Rom.
2495 3606 2547 3651 v,
2576 3589 2683 3657 10).
2715 3587 2782 3641 Ει
2809 3584 2874 3638 ad
2910 3580 3265 3668 Corinthios:
3312 3576 3439 3668 Tra-

1868 3691 2001 3755 didi,
2024 3666 2222 3757 inquit,
2252 3685 2387 3739 vobis
2416 3680 2551 3744 quod
2579 3687 2624 3733 et
2646 3678 2859 3745 accepi:
2885 3674 3005 3741 quia
3031 3667 3183 3724 Iesus
3212 3666 3444 3721 Christus

1868 3792 2096 3839 mortuus
2112 3788 2203 3848 est,
2227 3776 2505 3832 secundum
2535 3771 2829 3837 Scripturas
2859 3764 2912 3836 (1
2941 3762 3057 3818 Cor.
3092 3776 3187 3820 xv.
3214 3760 3292 3828 ⁸5).

1938 3874 2051 3929 Vll.
2080 3873 2194 3938 Quo
2227 3884 2355 3937 ergo
2401 3874 2543 3921 metu
2588 3856 2985 3941 formidaveris,
3041 3855 3205 3908 Deum
3259 3849 3441 3904 dicere

1867 3978 2160 4029 mortuum,
2190 3978 2292 4018 non
2320 3968 2403 4015 est
2424 3957 2575 4011 nobis
2602 3955 2862 4024 ignotum.
2914 3946 3137 4003 Noveris
3179 3953 3352 3998 tamen
3391 3950 3443 3994 te

1865 4067 2048 4116 contra
2079 4066 2220 4111 tuam
2251 4050 2635 4123 professionem
2658 4046 2860 4107 venire,
2880 4041 3004 4095 dum
3032 4038 3164 4091 dicis
3191 4036 3258 4089 de
3286 4033 3442 4085 Chri-

1868 4160 1973 4210 sto,
2021 4147 2114 4216 qui
2160 4145 2212 4198 iu
2268 4142 2475 4196 inferno
2501 4135 2815 4199 descendit,
2856 4140 2914 4185 ut
2940 4128 3207 4184 obnoxius
3238 4132 3438 4177 nostra:

1867 4213 2071 4294 natura:
2097 4236 2213 4289 sine
2239 4240 2476 4299 peccato.
2505 4228 2561 4282 Si
2584 4239 2711 4293 ergo
2736 4217 2932 4276 nostim
2955 4228 3157 4272 natura:
3179 4213 3441 4269 obnoxius

1869 4330 1988 4393 fuit,
2035 4334 2270 4380 nostram
2315 4318 2555 4389 profecto
2592 4326 2829 4370 naturam
2864 4308 3081 4371 habuit,
3135 4314 3227 4360 aut
3256 4304 3297 4358 si
3332 4319 3436 4357 non

1871 4419 2077 4482 habuit,
2100 4413 2322 4470 ostende
2353 4409 2489 4465 unde
2516 4406 2779 4463 obnoxius
2810 4404 2930 4456 fuit.
2961 4399 3129 4455 Nemo
3169 4396 3310 4451 enim
3344 4394 3439 4449 de-

1869 4511 1958 4566 bet
1981 4506 2177 4578 aliquid
2205 4506 2250 4560 ei
2278 4520 2306 4558 a
2336 4516 2441 4572 quo
2470 4500 2596 4553 nihil
2622 4496 2849 4563 accepit.
2905 4492 3009 4550 Sed
3061 4500 3112 4545 et
3154 4504 3273 4544 cum
3303 4487 3438 4541 dicis

1868 4604 1921 4658 in
1952 4597 2295 4669 sequentibus
2316 4636 2331 4660 ,
2384 4594 2452 4647 de
2482 4592 2694 4647 Christo
2720 4600 2994 4657 exponens
3018 4582 3267 4639 Jeremiae
3292 4580 3440 4635 testi-

1867 4668 2136 4747 monium:
2164 4686 2228 4741 Et
2250 4703 2361 4739 cum
2376 4681 2659 4735 hominibus
2681 4686 3000 4733 conuersatus
3017 4686 3088 4730 cst
3105 4673 3252 4745 (Bar.
3270 4688 3305 4737 ι,
3322 4668 3437 4739 '58).

1866 4781 2169 4839 Secundum
2196 4779 2479 4833 humanam
2502 4775 2722 4827 formam
2747 4786 2809 4825 ex
2824 4768 2992 4823 Adam
3020 4782 3175 4822 servo
3203 4763 3439 4829 suo,tuis

1867 4874 2214 4930 nihilominus
2246 4866 2661 4939 professionibus
2709 4860 3032 4917 adversaris.
3087 4856 3439 4927 Apertissime

1866 4966 2010 5021 enim
2059 4948 2338 5018 declarasti
2386 4957 2679 5015 secundum
2726 4954 2971 5007 humana:
3002 4961 3204 5005 naturae
3234 4962 3439 5001 assum-

1862 5059 2119 5127 ptionem,
2154 5053 2319 5107 Deum
2376 5052 2511 5105 inter
2560 5047 2803 5102 homines
2847 5051 3245 5099 canversatum.
3290 5036 3440 5092 Sicut
3490 5064 3501 5074 -

1861 5149 2002 5203 enim
2036 5146 2130 5200 Dei
2161 5146 2351 5209 forma,
2387 5143 2437 5197 in
2462 5156 2561 5211 qua
2600 5150 2683 5195 est
2712 5138 2882 5199 Filius
2912 5136 3130 5204 mqualis
3160 5132 3327 5193 Patri,
3358 5127 3439 5181 ni-

1861 5242 1936 5297 hil
1966 5238 2209 5296 estaliud
2239 5252 2395 5307 qnam
2428 5234 2517 5289 Dei
2549 5241 2778 5297 natura;
2826 5230 2893 5284 ita
2926 5228 3067 5283 servi
3097 5225 3267 5279 forma
3300 5218 3431 5273 nihil

1861 5342 1945 5390 est
1991 5332 2153 5387 aliud’
2178 5344 2338 5399 quam
2383 5327 2612 5381 humana
2638 5332 2852 5385 natura,
2892 5320 2946 5374 in
2973 5332 3073 5388 qua
3106 5325 3189 5369 est
3217 5307 3439 5365 inferior

1863 5424 2041 5481 Patre.
2067 5398 2297 5477 Attende
2326 5419 2483 5489 igitur
2508 5417 2615 5470 vim
2642 5415 2769 5469 dicti
2804 5413 2901 5479 tui,
2930 5419 2984 5464 et
3011 5409 3102 5462 tibi
3134 5403 3304 5471 magis
3336 5398 3436 5467 ipsi

1864 5530 2022 5587 quam
2064 5513 2221 5569 nobis
2257 5510 2477 5566 credito.
2520 5506 2706 5562 Dixisti
2733 5506 2872 5559 enim
2902 5517 2968 5556 ex
2998 5497 3166 5553 Adam
3211 5493 3435 5587 formam

1860 5579 2003 5663 servi
2034 5602 2307 5669 habuisse,
2338 5601 2463 5655 licet
2486 5596 2723 5653 nolueris
2760 5596 2939 5648 dicere
2968 5584 3260 5655 accepisse,
3292 5579 3435 5651 quod

1860 5696 2150 5766 Apostolus
2198 5694 2273 5751 ait
2305 5712 2318 5745 :
2351 5690 2687 5759 Semetipsum
2738 5681 3011 5740 exinanivit
3064 5678 3281 5748 formant
3310 5672 3437 5729 srrri
