3990 6390
578 322 678 375 {'23

1900 326 2117 384 ιἰῡιιιι

2259 329 2523 385 PSENSIS
3735 331 3815 385 liii

572 431 824 499 accipiens
856 430 1077 503 (Philip.
1114 449 1174 499 ιι,
1206 434 1284 502 7).
1320 433 1424 489 Sed
1455 434 1579 504 quid
1609 432 1673 487 ad
1706 449 1823 499 nos,
1856 438 1900 489 si
1930 438 2149 492 verbum
2180 450 2233 509 Α
2261 440 2571 511 Apostolum
2598 440 2699 509 41
2733 439 2854 493 audi
2880 438 3143 494 dicentem
3174 439 3242 495 de
3274 439 3389 506 ipso
3420 460 3430 491 ;
3463 438 3524 491 lu
3563 431 3813 509 quo‘inha-

575 524 832 594 refugeris
862 526 1017 592 cujus
1047 540 1263 578 sensum
1308 527 1471 579 vitare
1520 541 1624 579 non
1678 528 1940 593 potuisti?
1996 530 2147 594 Quod

575 631 703 686 ergo
731 633 797 670 ex
825 616 995 671 altero
1025 626 1104 671 est
1136 615 1232 679 illi,
1265 632 1367 669 non
1399 626 1511 671 erat
1538 618 1724 685 ipsius,
1756 619 2064 687 priusquam
2098 619 2149 673 id

577 707 861 776 acciperet.
881 706 1046 761 Nemo
1069 708 1210 761 enim
1229 708 1295 763 ab
1310 706 1478 762 altero
1507 718 1776 761 mutuatur
1803 708 1940 775 quod
1967 711 2019 762 in
2052 723 2152 764 se-

577 798 693 867 ipso
724 798 920 852 habere
951 799 1299 868 dignoscitur.
1327 800 1474 853 Unde
1517 810 1740 869 apparet
1790 800 1883 854 Dei
1920 800 2150 855 Verbum

558 891 657 944 sic
688 874 1038 953 incarnatum,
1071 899 1127 944 ut
1155 906 1215 943 ex
1251 891 1403 944 nobis
1433 907 1549 960 qua:
1584 898 1765 944 nostra
1795 901 1917 945 sunt
1946 893 2151 960 accipe-

580 993 683 1041 ret,
718 997 819 1034 non
852 992 907 1033 ut
933 996 1077 1034 suam
1124 982 1363 1034 naturam
1398 982 1449 1033 in
1499 996 1712 1033 carnem
1766 989 2015 1036 mutaret.
2074 983 2151 1036 Ac

578 1072 658 1125 sic
687 1071 738 1124 in
768 1086 830 1124 eo
856 1071 1047 1138 duplex
1073 1073 1171 1127 erit
1199 1081 1409 1136 natura,
1436 1071 1595 1125 Verbi
1628 1072 1852 1137 scilicet,
1877 1088 1998 1141 quae
2028 1088 2146 1127 mus

580 1173 686 1218 tata
721 1178 825 1218 non
857 1174 958 1230 est,
983 1172 1035 1219 et
1059 1164 1257 1229 carnis,
1288 1180 1405 1233 qute
1435 1179 1498 1219 ex
1530 1164 1695 1217 Adam
1726 1178 1881 1219 servo
1912 1166 2029 1234 ejus
2059 1180 2149 1219 ac-

577 1262 727 1319 cepta
756 1261 860 1307 est.

650 1343 780 1397 Vlll.
810 1343 911 1398 Sed
940 1343 1049 1412 jam
1088 1352 1283 1399 cratera
1314 1352 1398 1397 tua
1429 1343 1617 1413 quibus
1646 1342 1960 1397 catholicam
1993 1342 2150 1397 ﬁdem

574 1434 941 1501 reprehendis,
986 1435 1159 1499 qualia
1212 1435 1318 1487 sint
1361 1433 1654 1489 videamus.
1716 1434 1960 1503 Loquens
2006 1436 2149 1489 enim

573 1525 639 1578 ad
671 1526 902 1579 Leonem
947 1535 1000 1580 et
1032 1525 1096 1580 ad
1128 1516 1287 1581 omne
1314 1526 1621 1591 concilium,
1672 1525 1742 1580 ita
1774 1540 1956 1578 eorum
1989 1527 2148 1579 verba

574 1615 869 1683 interponis
895 1633 905 1667 :
936 1612 1152 1669 Dixist's
1179 1616 1331 1681 enim,
1362 1616 1558 1685 inquis,
1582 1616 1819 1670 addentes
1834 1616 1985 1669 etiam
2012 1616 2148 1668 haec:

578 1703 720 1757 Unus
751 1717 899 1771 atque
927 1704 1056 1757 idem
1082 1714 1153 1758 est
1200 1722 1309 1759 vere
1347 1704 1518 1758 Filius
1554 1704 1669 1770 Dei,
1713 1712 1759 1757 et
1798 1722 1905 1757 vere
1934 1705 2149 1757 hominis

2258 530 2403 592 bitat,
2447 529 2633 596 inquit,
2703 532 2864 582 omnis
2895 531 3156 597 plenitudo
3189 531 3469 583 divinitatis
3498 533 3811 598 corporalixr

2254 617 2390 686 (Col.
2413 636 2469 684 ιι,
2486 621 2561 687 9).
2588 622 2650 673 Et
2669 622 2855 675 iterum
2879 639 2890 675 :
2912 622 3044 676 Deus
3057 634 3164 675 erat
3182 624 3235 675 in
3250 622 3471 687 Christo,
3490 625 3733 675 mundum
3751 640 3812 675 re-

2254 712 2529 764 corteilians
2550 712 2644 764 sibi
2662 712 2727 781 (ll
2752 712 2866 767 Cor.
2890 729 2942 776 v,
2968 714 3077 782 I9).
3108 715 3173 768 Et
3193 714 3382 768 iterum
3402 731 3413 764 :
3431 714 3646 768 Solvens
3665 714 3811 765 inimi-

2256 802 2399 853 citias
2428 803 2480 855 in
2502 818 2652 855 carne
2668 803 2987 872 sua(l:'phes.
3004 817 3061 868 ιι,
3084 803 3194 873 14).
3214 803 3285 858 De
3314 804 3637 871 proprietate
3658 813 3809 855 autem

2256 892 2578 956 Operationis
2604 894 2882 961 utriusque
2918 904 3118 946 naturae
3142 878 3251 961 jam
3274 894 3514 962 superius
3534 892 3809 961 disputavi-

2258 984 2397 1043 mus,
2416 997 2571 1049 quam
2590 991 2643 1036 et
2662 992 2712 1035 tu
2739 985 2849 1050 pari
2872 984 3183 1037 assensione
3202 984 3537 1037 convinceris
3559 982 3806 1051 proﬁteri;

2256 1071 2334 1124 ais
2354 1072 2491 1125 enim
2529 1088 2542 1123 :
2572 1072 2885 1141 Confitentur
2909 1072 3103 1127 Filium
3127 1074 3345 1127 hontinis
3367 1089 3431 1127 ex
3452 1077 3646 1127 semine
3668 1074 3805 1125 Abra-

2255 1158 2397 1223 ham,
2421 1169 2465 1211 et
2490 1160 2674 1229 David,
2691 1172 2735 1214 et
2757 1163 3024 1230 infantem,
3044 1172 3088 1214 et
3109 1174 3403 1232 puerum,et
3421 1161 3807 1223 Bethleemitam,

2256 1260 2303 1302 et
2320 1268 2380 1303 ex
2401 1251 2678 1316 Nazarcth,
2707 1263 2751 1306 et
2773 1254 2815 1307 si
2838 1254 2961 1322 quid
2985 1255 3129 1307 aliud
3152 1256 3451 1308 voluntaria:
3474 1256 3589 1323 ejus
3619 1271 3809 1324 pauper-

2254 1342 2375 1393 tatis
2401 1351 2472 1393 est
2503 1343 2779 1409 proprium.
2812 1343 2941 1410 Quae
2972 1352 3054 1397 est
3080 1346 3223 1397 enim
3251 1344 3365 1412 ejus
3392 1356 3698 1412 paupertas,
3725 1344 3806 1395 nisi

2254 1443 2456 1485 natura:
2486 1442 2682 1487 nostrae
2714 1434 2995 1489 inﬁrmitas
3021 1436 3043 1489 ?
3096 1437 3218 1505 quia
3249 1437 3299 1490 id
3327 1436 3465 1504 quod
3493 1438 3573 1489 ait
3603 1436 3806 1504 Aposto-

2255 1520 2338 1575 lus
2372 1540 2383 1572 :
2420 1522 2518 1586 Qui
2547 1540 2659 1575 cum
2688 1525 2824 1578 dives
2849 1536 2997 1589 esset,
3037 1542 3231 1596 pauper
3272 1530 3439 1594 [actus
3478 1534 3554 1578 est
3586 1525 3667 1593 (ll
3708 1523 3804 1578 Cor.

2254 1625 2367 1678 vui,
2411 1611 2488 1682 9),
2536 1613 2661 1680 quid
2692 1622 2773 1667 est
2810 1614 2953 1669 aliud
2990 1615 3092 1669 nisi
3124 1630 3246 1668 cum
3297 1616 3435 1669 Deus
3462 1624 3644 1681 esset,
3672 1612 3807 1668 homo

2256 1700 2425 1755 factus
2454 1715 2534 1757 est
2564 1721 2575 1754 :
2607 1718 2669 1757 ac
2698 1720 2796 1773 per
2828 1704 2927 1760 hoc
2952 1706 3097 1760 salva
3128 1708 3408 1774 utriusque
3449 1716 3661 1759 natura:
3706 1720 3804 1774 pro-

573 1794 766 1848 Filius.
800 1796 966 1860 Quam
999 1796 1317 1849 sententiam
1350 1798 1539 1850 talibus
1574 1797 1785 1851 incusas
1814 1795 1920 1867 ἧς)
1949 1797 2139 1860 verbis,
2180 1813 2224 1872 Β
2255 1795 2498 1861 prietate,
2531 1809 2665 1848 unus
2686 1806 2844 1865 atque
2872 1796 3008 1851 idem
3038 1805 3119 1851 est
3145 1798 3407 1852 Christus.
3454 1797 3614 1864 Quod
3639 1806 3692 1851 et
3713 1797 3805 1863 ipse

574 1896 627 1940 et
643 1887 999 1955 petulantibus
1020 1887 1207 1941 niteris
1229 1899 1507 1942 attenuare
1531 1890 1813 1942 conviciis:
1832 1888 2145 1954 Auscultate,

576 1977 806 2043 obsecra,
852 1978 1060 2043 dicens,
1118 1989 1370 2032 venenatte
1419 1978 1608 2048 lingua:
1655 1978 1851 2044 dolum,
1898 1979 2149 2046 quomodo

576 2066 1086 2119 duosintroducentes
1109 2067 1261 2135 ﬁlios,
1286 2068 1630 2134 pra’posuistis
1652 2083 1808 2121 unum
1828 2076 1975 2136 atque
1996 2067 2145 2131 idem,

577 2168 635 2210 ut
662 2157 867 2225 impiam
895 2157 1192 2211 distantiam
1216 2160 1367 2212 nudis
1394 2160 1617 2212 veritatis
1644 2159 1801 2212 verbis
1826 2159 2148 2213 obumbretis.

577 2247 865 2315 Su/I'ecerat
912 2250 1043 2301 enim
1073 2250 1235 2301 dicere
1262 2265 1277 2301 :
1303 2249 1445 2303 Unus
1476 2260 1625 2320 atque
1676 2251 1808 2303 idem
1834 2259 1907 2304 est
1958 2248 2149 2312 Filius,

577 2342 661 2410 qui
692 2338 1134 2393 incont'ertibiliter
1165 2341 1329 2410 factus
1380 2352 1452 2394 est
1496 2332 1665 2394 hom‘o.
1724 2341 1832 2395 lloc
1880 2340 2150 2395 dixerunt.

577 2429 682 2484 Sed
743 2441 817 2492 tu,
874 2438 967 2483 aut
1015 2445 1117 2484 non
1170 2429 1441 2501 intelligis,
1474 2440 1583 2496 aut,
1610 2432 1746 2501 quod
1774 2432 1941 2501 magis
1972 2446 2151 2485 verum

576 2529 678 2584 est,
712 2520 871 2587 impie
893 2520 1255 2575 caluinniaris.
1298 2520 1427 2575 Nam
1458 2522 1595 2591 quod
1647 2523 1826 2576 dixisti
1871 2532 1943 2585 tu,
1982 2522 2151 2591 [actus

577 2622 649 2665 est
678 2608 853 2674 homo,
887 2615 984 2665 hoc
1010 2612 1087 2664 illi
1119 2611 1385 2679 dixerunt,
1420 2614 1551 2665 idem
1581 2622 1650 2667 est
1688 2614 1853 2666 Filius
1895 2613 2151 2667 hominis:

575 2705 666 2758 sed
728 2705 774 2759 si
830 2706 921 2759 tibi
973 2706 1088 2759 Filii
1143 2706 1375 2761 hominis
1435 2707 1680 2775 displicet
1730 2722 1923 2761 nomen
1956 2749 1967 2768 ,
2036 2706 2153 2761 dele

574 2797 947 2865 Evangelium,
978 2798 1147 2867 ipsum
1182 2798 1377 2851 Filium
1410 2799 1547 2851 male
1576 2799 1643 2851 de
1674 2812 1731 2851 se
1783 2800 2155 2865 pronuntiasse

578 2889 862 2943 contende.
897 2888 1026 2943 Nam
1058 2890 1171 2957 ipse
1205 2888 1383 2958 utique
1415 2889 1549 2941 hanc
1576 2889 1696 2942 lidei
1724 2890 1957 2957 regulam
1984 2888 2151 2951 dedit,

578 2979 694 3044 ipse
721 2978 819 3032 sibi
850 2987 1134 3048 utrumque
1163 2995 1352 3033 nomen
1386 2977 1653 3047 imposuit.
1683 2976 1837 3031 Cteco
1868 2979 2008 3031 enim
2039 2993 2065 3028 a
2098 2992 2155 3030 se

578 3071 878 3124 illuminato
900 3070 979 3125 sic
1005 3071 1114 3123 ait:
1152 3070 1227 3123 Tu
1258 3072 1418 3124 credis
1444 3072 1493 3122 in
1530 3068 1725 3122 Filium
1751 3068 1845 3122 Dei
1870 3068 2046 3137 (Joan.
2079 3086 2151 3135 Ix,

577 3161 707 3228 35)?
736 3160 840 3215 Sed
869 3160 1008 3230 quod
1042 3161 1127 3213 hic
1153 3161 1316 3214 Filius
1343 3161 1458 3226 Dei,
1494 3160 1605 3229 ipse
1636 3161 1703 3214 sit
1732 3169 1784 3214 et
1815 3161 1952 3213 [ilius
1985 3160 2145 3213 homi-
2181 3173 2230 3233 (ι

577 3254 680 3319 nis,
710 3253 830 3307 alibi
859 3255 933 3306 ait
963 3272 973 3306 :
1022 3251 1149 3305 Cum
1192 3255 1377 3305 ventr't
1427 3250 1594 3304 Filius
1626 3253 1862 3317 hominis,
1897 3262 2045 3318 putas
2072 3252 2155 3304 in-

578 3345 735 3397 veniet
786 3346 939 3413 ﬁdem
986 3346 1036 3397 in
1079 3352 1212 3395 terra
1244 3342 1395 3413 (Luc.
1440 3359 1586 3401 xvut.
1634 3342 1728 3412 8)?
1784 3352 1837 3396 et
1867 3344 1965 3395 alia
1998 3357 2154 3411 quam

578 3436 826 3505 plurima.
859 3436 1121 3506 Numquid
1155 3452 1284 3506 ergo
1314 3446 1365 3490 et
1406 3436 1516 3505 ipse
1543 3435 1783 3489 Christus
1820 3436 2054 3503 scipsum
2086 3433 2158 3487 ili-

578 3526 765 3581 visisse
795 3527 1094 3582 credendus
1122 3536 1219 3591 est,
1252 3527 1341 3596 qui
1374 3542 1430 3580 se
1459 3536 1510 3579 et
1542 3524 1734 3579 Filium
1766 3525 1857 3579 Dei
1889 3533 1942 3579 et
1967 3524 2154 3578 Filium

578 3616 810 3671 hominis
832 3619 1071 3674 conﬁteri
1102 3618 1349 3687 dignatus
1379 3618 1501 3673 est?

651 3708 744 3761 IX.
778 3709 907 3762 Item
938 3711 1280 3764 calumniaris
1324 3712 1575 3773 Leonem,
1623 3708 1761 3778 quod
1796 3724 1862 3777 qu
1884 3710 1943 3761 isi
1977 3707 2152 3760 homi-

583 3814 705 3853 nem
736 3801 1017 3868 quv-mdam
1049 3817 1111 3853 ex
1144 3802 1303 3854 Maria
1337 3801 1527 3855 dixerit
1558 3813 1761 3865 natum,
1813 3800 1864 3852 in
1898 3815 2002 3867 quo
2027 3798 2158 3852 Ver-

582 3888 706 3943 bum
740 3889 1063 3954 inhabitarit,
1110 3906 1171 3943 ex
1214 3890 1304 3943 illo
1343 3891 1455 3959 ejus
1501 3889 1832 3951 testimonio,
1885 3903 1989 3958 quo
2034 3889 2154 3941 ait:

583 3980 894 4050 Cooperatur
915 3983 1045 4035 enim
1078 3992 1289 4051 utraque
1331 3992 1517 4035 natura
1561 3999 1674 4033 cum
1705 3982 2055 4034 communione
2076 3978 2153 4032 al-

583 4072 740 4126 terius
766 4073 901 4139 quad
919 4073 1186 4143 proprium
1215 4085 1285 4127 est
1318 4074 1501 4147 (Num.
1535 4071 1613 4143 4).
1666 4073 1945 4125 llominem
1978 4086 2160 4138 quern-

583 4166 704 4219 dam
760 4180 1028 4234 nunquam
1086 4167 1287 4220 dixisse
1344 4182 1466 4221 eum
1539 4164 1957 4220 demonstrabis.
2006 4162 2155 4229 Quod

579 4270 754 4310 autem
808 4258 1037 4311 Verbum
1096 4258 1147 4311 in
1204 4274 1365 4313 carne
1409 4274 1539 4323 sua,
1597 4258 1647 4311 id
1699 4268 1780 4312 est
1826 4258 1875 4311 in
1910 4257 2152 4320 homine,

583 4345 725 4411 quod
758 4346 873 4413 ipse
900 4344 1069 4399 factus
1116 4360 1216 4411 ρει,
1251 4348 1591 4411 habitaverit,
1616 4347 1873 4401 Joannem
1904 4348 2046 4409 audi,
2076 4347 2157 4400 di-

582 4445 793 4488 centem
828 4453 839 4487 :
874 4432 939 4486 Et
977 4436 1199 4488 Verbum
1248 4453 1365 4488 caro
1399 4440 1587 4504 {actum
1618 4448 1706 4499 est,
1763 4449 1806 4490 et
1836 4437 2076 4489 habitavit
2105 4439 2154 4489 in

2255 1885 2550 1947 conliteris,
2578 1886 2761 1941 dicens
2795 1903 2807 1937 :
2842 1885 3053 1941 Divinas
3081 1890 3398 1958 Operationes
3427 1899 3471 1939 et
3507 1888 3682 1940 carnis
3712 1904 3803 1949 pas-

2254 1974 2420 2026 siones
2470 1992 2495 2026 c
2533 1976 2770 2041 nﬁtemur
2818 1988 2862 2029 et
2908 1979 3178 2031 credimus.
3215 1978 3345 2031 Dum
3376 1979 3523 2033 enim
3554 1978 3805 2048 passiones

2256 2066 2559 2133 Specinlitcr
2607 2070 2754 2122 carni
2799 2070 3128 2138 ascripsisti,
3172 2071 3553 2139 proprietatem
3590 2071 3803 2125 humana:

2258 2164 2458 2207 natum-
2496 2158 2831 2224 apertissime
2852 2158 3250 2215 demonstrasti.

2330 2243 2394 2296 Χ.
2414 2245 2709 2311 Videamus
2736 2258 2787 2301 et
2812 2250 2910 2301 alia
2938 2266 3053 2318 qua:
3072 2251 3447 2318 reprehendis.
3482 2251 3644 2316 Quid,
3660 2249 3803 2319 inquis

2256 2332 2440 2401 Leoni,
2471 2338 2745 2389 secundum
2788 2338 2881 2391 hoc
2926 2349 2970 2392 ct
3015 2342 3129 2405 hoc,
3170 2342 3221 2393 in
3264 2340 3431 2393 Deum
3476 2352 3526 2394 et
3561 2342 3800 2401 hominem,

2256 2440 2408 2476 unum
2441 2425 2519 2477 Do
2540 2428 2711 2479 uinum
2740 2428 2917 2482 Jesum
2948 2429 3201 2483 Christum
3250 2429 3444 2483 Filium
3482 2431 3580 2485 Dei
3600 2432 3801 2485 dividis:

2255 2514 2473 2568 dicendo
2506 2516 2665 2570 Deum
2696 2520 2899 2587 quidem
2926 2522 3202 2573 secundum
3238 2521 3333 2573 hoc
3357 2524 3496 2589 quod
3535 2524 3700 2575 omnia
3734 2538 3801 2590 per

2256 2606 2419 2674 ipsum
2450 2611 2585 2675 facta
2615 2621 2763 2675 sunt;
2793 2611 3047 2665 hominem
3077 2623 3241 2665 autem
3275 2616 3554 2666 secundum
3581 2614 3671 2666 hoc
3695 2615 3803 2680 quod

2258 2696 2423 2763 factus
2452 2707 2519 2749 σοι
2546 2710 2607 2751 ex
2630 2702 2838 2754 muliere
2863 2704 2885 2755 ζ)
2928 2702 2983 2756 Si
3018 2717 3120 2755 non
3161 2705 3281 2757 licet
3308 2703 3489 2758 dicere
3516 2705 3572 2758 in
3600 2704 3803 2764 Chris‘o,

2258 2789 2549 2842 secundum
2582 2791 2684 2845 hoc
2712 2802 2767 2845 et
2799 2796 2920 2861 hoc,
2953 2794 3002 2847 id
3031 2804 3114 2849 est
3143 2804 3235 2847 aut
3256 2796 3554 2850 secundum
3581 2796 3804 2849 diiinita-

2259 2884 2363 2931 tem
2393 2890 2482 2932 aut
2510 2879 2800 2936 secandum
2828 2899 3042 2937 carnem
3070 2926 3085 2951 ,
3136 2887 3408 2955 quomodo
3437 2887 3531 2941 de-
3556 2890 3662 2955 ipso
3689 2868 3805 2939 dicit

2256 2969 2543 3036 Apostolus
2578 2990 2588 3024 :
2626 2973 2725 3039 Qui
2756 2980 2921 3041 factus
2962 2987 3031 3029 est
3055 2994 3118 3029 ex
3146 2979 3333 3030 semine
3358 2976 3529 3031 David
3550 2977 3799 3033 “cundum

2257 3075 2454 3114 carnem
2481 3060 2659 3127 (Rom.
2692 3079 2729 3127 ι,
2760 3066 2853 3132 3)?
2881 3066 2950 3120 At
2977 3076 3027 3119 tu
3060 3067 3326 3135 quomodo
3358 3069 3409 3122 in
3441 3069 3695 3138 subjectis
3714 3068 3801 3121 ais:

2264 3147 2327 3201 In
2347 3151 2491 3204 nullo
2518 3154 2757 3207 dividitur
2789 3155 3041 3221 Christus,
3093 3174 3250 3222 neque
3289 3160 3572 3212 secundum
3603 3160 3803 3213 incarna-

2262 3242 2467 3304 tionem,
2518 3260 2676 3313 neque
2704 3246 2979 3298 secundum
3024 3259 3320 3300 coreternam
3367 3259 3633 3313 naturam,
3679 3264 3803 3315 nequ

2264 3334 2539 3384 secundum
2564 3335 2875 3388 voluntarias
2907 3338 3185 3403 passiones,
3220 3354 3374 3404 neque
3396 3340 3676 3393 secundum
3702 3336 3805 3403 inef-

2260 3420 2465 3489 fabilem
2510 3425 2777 3493 gloriam?
2820 3428 2875 3482 Si
2908 3428 3201 3482 secundum
3242 3428 3343 3483 huc
3383 3439 3439 3484 et
3482 3431 3612 3497 hoc,
3648 3428 3804 3483 divisio

2264 3513 2353 3565 tibi
2380 3524 2552 3575 sonat,
2586 3530 2711 3570 ecce
2741 3525 2793 3570 tu
2822 3518 2873 3571 in
2902 3529 3128 3587 quatuor
3158 3520 3429 3587 portiones
3453 3521 3724 3575 Christum
3741 3518 3803 3571 di-

2260 3611 2450 3675 visisti,
2477 3627 2636 3680 quem
2670 3623 2869 3677 tamen,
2900 3616 3039 3667 sicut
3065 3624 3167 3681 est,
3214 3615 3503 3669 indivisum
3539 3632 3657 3672 esse
3694 3615 3804 3669 disi-

2261 3702 2347 3755 sti.
2383 3703 2531 3769 Quod
2562 3719 2689 3773 ergo
2714 3706 2873 3760 simili
2918 3707 3076 3761 modo
3110 3723 3431 3777 praesumere
3459 3724 3629 3765 ausus
3666 3714 3734 3771 es',
3764 3709 3802 3759 in

2261 3794 2365 3846 alio
2397 3795 2791 3863 reprehendere
2823 3812 2928 3851 non
2962 3799 3145 3852 debes.
3179 3799 3434 3854 Stultitia:
3473 3812 3561 3854 est
3596 3802 3727 3855 enim
3766 3796 3804 3850 id

2260 3887 2395 3942 velle
2424 3888 2658 3943 refutire
2686 3891 2822 3958 quod
2857 3892 3058 3960 pariter
3084 3893 3417 3946 convinceris
3442 3908 3553 3947 non
3589 3905 3778 3961 negare.

2331 3978 2421 4034 XI.
2450 3980 2730 4046 Quomodo
2748 3992 2924 4036 autem
2952 3993 3006 4036 et
3045 3981 3144 4037 hoc
3169 3984 3402 4037 volueris
3437 3986 3806 4051 reprehendere

2262 4088 2366 4125 non
2398 4075 2653 4143 intelligo,
2690 4076 2829 4141 quod
2859 4076 2999 4128 idem
3033 4076 3218 4130 beatus
3239 4077 3469 4129 asseruit
3490 4076 3607 4130 Leo
3626 4077 3805 4129 dicens:

2261 4165 2517 4219 Nativitas
2542 4168 2743 4230 carnis,
2793 4169 3137 4237 manifestutio
3176 4179 3248 4221 est
3304 4168 3546 4221 humana:
3594 4178 3804 4220 natura:

2260 4266 2435 4327 partus
2464 4258 2711 4328 Virginis,
2742 4259 2925 4311 divince
2951 4259 3055 4328 42
3078 4268 3151 4313 est
3182 4259 3377 4312 virtutis
3406 4260 3660 4311 indicium
3698 4272 3714 4308 :
3749 4256 3808 4306 in-

2261 4350 2426 4417 famia
2450 4351 2649 4419 parvuli
2680 4349 2961 4401 ostenditur
2993 4349 3280 4402 humil'tate
3329 4366 3611 4413 cunarum,
3644 4344 3808 4415 magni-

2262 4443 2385 4493 tudo
2431 4441 2677 4494 Altissimi
2723 4442 3011 4494 declaratur
3047 4440 3247 4493 vocibus
3286 4442 3589 4508 angelorum
3615 4456 3635 4495 :
3661 4434 3810 4492 similis

583 4525 726 4579 nobis
758 4524 937 4597 (Joan.
964 4542 1001 4591 ι,
1040 4527 1152 4596 li),
1199 4526 1249 4580 id
1276 4535 1355 4580 est
1390 4529 1440 4579 in
1493 4536 1687 4579 nostrae
1730 4536 1932 4579 natura:
1973 4541 2153 4580 carne.
2186 4544 2238 4602 ι)
2263 4542 2333 4584 est
2362 4534 2659 4586 rudimentis
2682 4532 2961 4597 hominum,
3003 4548 3151 4601 quem
3184 4531 3415 4584 Herodes
3448 4532 3611 4600 impie
3634 4528 3810 4583 molitur

582 4616 714 4671 Nam
748 4626 923 4683 posset
949 4616 1129 4671 dicere
1157 4616 1398 4669 halitavit
1422 4614 1703 4678 nobiscum,
1743 4614 1786 4668 si
1820 4615 2154 4683 prtesentiam

583 4709 700 4777 ejus
726 4708 795 4763 ad
825 4710 1085 4774 homines,
1112 4721 1159 4765 et
1185 4726 1289 4763 non
1324 4707 1703 4763 habitationem
1738 4707 1788 4761 in
1818 4722 1909 4761 sua
1944 4710 2154 4775 propria

585 4816 768 4868 carne,
801 4817 919 4871 qua:
951 4817 1017 4856 ex
1064 4802 1216 4857 nobis
1245 4810 1347 4866 est,
1390 4801 1643 4854 voluisset
1697 4800 2001 4854 ostendere.
2053 4800 2155 4855 Sed

584 4898 705 4965 quia
734 4905 932 4951 nostra:
959 4904 1159 4950 natura:
1182 4898 1340 4949 homo
1373 4895 1563 4963 factus,
1594 4905 1789 4950 nostra:
1814 4904 2017 4950 natura:
2040 4910 2157 4950 cor-

586 5004 685 5059 pus
715 4988 952 5052 incoluit,
981 4989 1154 5043 dictus
1196 5000 1279 5043 est
1308 4988 1578 5045 habitasse
1621 4990 1670 5042 in
1712 4988 1885 5041 nobis.
1940 4987 2005 5041 Et
2035 4987 2156 5043 hinc

582 5084 691 5154 jam
718 5083 768 5137 in
798 5084 936 5137 crelo
963 5098 1102 5150 esse,
1125 5094 1176 5138 et
1204 5082 1269 5135 ad
1300 5084 1576 5136 dexteram
1610 5082 1784 5136 Patris
1815 5082 2026 5147 sedere,
2062 5096 2158 5135 nos

584 5177 873 5248 Apostolus
898 5178 1076 5241 docet,
1122 5176 1173 5230 in
1202 5176 1318 5244 ipso
1365 5178 1452 5244 qui
1484 5184 1681 5228 nostra:
1721 5184 1925 5228 naturae
1973 5188 2157 5227 verum

582 5287 778 5340 corpus
808 5270 1115 5338 assump~it.
1134 5269 1221 5322 Ait
1245 5268 1384 5322 enim
1412 5285 1425 5321 :
1458 5268 1555 5333 Qui
1580 5283 1673 5320 nos
1699 5266 1854 5319 simul
1875 5266 2154 5329 suscitavit,

585 5376 625 5418 et
669 5363 819 5418 simul
845 5364 1016 5417 sedere
1050 5363 1165 5432 fecit
1199 5363 1251 5414 in
1293 5361 1595 5424 etelestibus,
1630 5359 1681 5411 in
1711 5356 1916 5411 Christo
1940 5356 2154 5427 (Ephes.

586 5473 641 5522 ιι,
673 5458 743 5524 6).
778 5456 929 5512 Unde
956 5472 1084 5527 ergo
1117 5456 1184 5510 ibi
1214 5455 1497 5521 sedemus,
1542 5453 1583 5505 si
1620 5460 1863 5504 naturam
1919 5460 2152 5503 nostram

588 5548 640 5601 in
667 5548 880 5602 Christo
909 5564 1012 5603 non
1041 5548 1110 5603 ibi
1158 5546 1453 5601 habemus?
1489 5542 1642 5611 Quod
1699 5552 1875 5595 autem
1912 5539 2153 5595 Christus

591 5654 691 5693 non
719 5648 965 5710 tauquam
993 5641 1127 5697 alius
1158 5640 1209 5694 in
1236 5639 1341 5692 alio
1372 5635 1651 5697 inhabitat,
1695 5632 1817 5685 dum
1852 5633 1901 5684 in
1936 5630 1984 5683 id
2011 5629 2155 5698 quod

595 5731 641 5801 ip
675 5732 753 5787 ius
804 5745 884 5791 cst
914 5736 1178 5804 proprium
1212 5775 1224 5800 ,
1278 5731 1329 5786 id
1361 5742 1443 5787 cst
1484 5730 1534 5783 in
1573 5741 1732 5781 carne
1760 5740 1849 5780 Sua
1879 5725 2161 5787 inhabitat,

2267 4626 2526 4692 occidere;
2568 4625 2655 4675 sed
2698 4622 2945 4675 Dominus
2989 4634 3059 4675 est
3091 4623 3337 4687 omnium,
3368 4637 3517 4689 quem
3550 4621 3687 4690 magi
3708 4632 3810 4688 grut-

2268 4712 2383 4765 tlunt
2432 4714 2727 4782 suppliciter
2769 4713 2984 4764 adorare
3030 4710 3219 4780 (Num.
3246 4712 3324 4780 ι).
3376 4715 3670 4765 Asseveras
3695 4708 3811 4763 enim

2268 4804 2555 4855 secundum
2589 4804 2898 4871 pravitatem
2930 4816 3117 4856 sensus
3142 4804 3238 4868 tui,
3259 4802 3396 4871 quod
3428 4801 3511 4855 his
3531 4802 3709 4856 verbis
3728 4799 3812 4850 Leo

2267 4896 2398 4949 duos
2449 4896 2676 4949 voluerit
2722 4894 3002 4948 ostendere
3032 4893 3291 4959 Christos,
3324 4908 3440 4948 cum
3471 4894 3647 4960 ipsum
3679 4903 3813 4960 quem

2266 4988 2400 5041 diait
2430 4989 2707 5051 infantem,
2738 4988 2807 5040 ob
2845 4986 3325 5042 manifestalionem
3358 4988 3609 5040 humanre
3639 4994 3814 5039 natura:

2263 5078 2555 5132 invnilutum
2590 5079 2879 5131 humilitate
2896 5093 3175 5144 cunarum,
3209 5077 3452 5132 eumdem
3485 5078 3555 5131 ob
3587 5075 3813 5130 indicium

2264 5171 2609 5251 nihilominus
2632 5171 2824 5222 divina:
2857 5181 3060 5223 natura!
3089 5169 3420 5222 declaratum
3471 5168 3701 5222 asseruit
3737 5178 3813 5212 vo-

2262 5260 2413 5315 cibus
2453 5262 2778 5329 angelorum.
2814 5261 2868 5313 Si
2909 5259 3050 5312 enitn
3082 5259 3285 5312 diceret
3316 5277 3327 5310 :
3357 5258 3504 5309 Alius
3533 5256 3732 5327 jacebat
3774 5253 3815 5300 in

2263 5354 2464 5425 pannis,
2498 5354 2629 5405 alius
2657 5351 3029 5420 prtedicabatnr
3056 5349 3119 5401 ab
3151 5349 3351 5419 angelis
3372 5364 3391 5413 ,°
3418 5347 3579 5400 alium
3606 5346 3815 5399 Herodes

2266 5447 2515 5512 quterebat
2558 5442 2718 5495 occid.
2736 5457 2809 5504 re,
2837 5442 2996 5493 alium
3034 5441 3310 5511 gestiebant
3359 5439 3494 5508 magi
3543 5433 3817 5507 suppliciter

2268 5536 2501 5601 adorare,
2536 5535 2732 5590 rectius
2760 5542 3073 5601 argueretur
3100 5532 3237 5585 male
3267 5532 3523 5585 sensisse.
3554 5529 3685 5583 Cum
3713 5540 3754 5575 vi
3772 5535 3817 5573 το

2272 5625 2520 5680 eumdem
2565 5625 2708 5679 dicat
2753 5624 2903 5677 cuuis
2931 5624 3232 5677 involutum
3273 5636 3427 5690 quem
3458 5618 3619 5673 millia
3643 5612 3819 5685 praedi-

2270 5728 2387 5773 cant
2445 5719 2787 5789 augt-lorum;
2821 5717 3065 5770 eumdem
3113 5715 3340 5770 Herodis
3386 5711 3589 5767 insidiis
3632 5703 3817 5779 appeti-
