3990 6390
166 363 263 419 125

1250 363 1521 422 CONTRA
1558 365 2025 427 EUTYCIIETEM
2070 371 2194 427 LIB.
2236 372 2322 429 IV.

3314 380 3414 435 £26

158 478 1109 551 tum,quemealiensastrisqutesivit
1134 495 1262 534 cura
1283 483 1729 552 magorumzquid
1764 492 1808 550 Α
1842 495 2002 540 tatem
2057 485 2314 542 Ecclesia:
2360 486 2715 556 introducitis,
2769 489 2861 559 qui
2914 490 2967 545 in
3028 506 3138 547 uno
3197 475 3411 550 Christo

158 568 371 622 conaris
384 570 448 622 ad
462 567 738 623 divisionis
749 569 931 625 vilium
950 568 1244 634 reﬂectere,
1262 585 1378 637 qua:
1389 569 1455 624 de
1470 584 1575 623 uno
1586 571 1735 625 Chri-

159 669 245 712 sto
259 658 323 712 ad
341 659 849 714 demonstrationem
872 660 1013 719 dicta
1035 670 1157 714 sunt
1188 662 1461 729 utriusque
1489 670 1692 715 natura:
1709 663 1732 717 ἲ

159 744 299 819 Quid
324 767 383 807 ea
405 753 753 821 reprehendis
774 754 1018 823 quaeipse
1035 754 1185 808 fateri
1210 752 1545 808 convinceris
1562 753 1584 806 ?
1602 753 1731 808 Nam

160 846 233 899 ita
251 844 586 913 eulpabiliter
600 844 832 899 Leonem
862 845 1041 899 all'aris
1060 863 1073 898 ε
1092 844 1216 910 Cur,
1237 845 1433 912 inquis,
1456 860 1556 897 non
1569 844 1731 912 con/i-

161 938 284 988 teris
300 935 462 989 Deum
474 952 641 990 verum
664 939 910 1006 infantem
923 947 1099 991 natum
1117 945 1317 1005 prapter
1338 953 1451 1003 nos,
1467 946 1512 989 et
1530 952 1734 1003 perma-

160 1036 365 1078 nentem
377 1025 612 1079 similiter
627 1025 811 1091 Deum,
836 1037 882 1079 et
897 1028 1236 1080 involumenta
1259 1026 1428 1079 carnis
1455 1024 1734 1093 suscepisse

160 1125 354 1168 nostrw
366 1124 569 1170 natura:
582 1126 785 1184 propter
802 1134 894 1171 nos
913 1119 935 1171 ?
951 1117 1041 1172 Sic
1060 1117 1194 1170 enim
1216 1115 1360 1170 nobis
1372 1115 1553 1169 similis
1569 1114 1734 1183 {actus

160 1217 235 1261 est
262 1224 351 1277 per
378 1210 551 1262 omnia
578 1209 686 1263 sine
707 1218 928 1279 peccato.
956 1210 1111 1275 Ecce,
1141 1208 1281 1278 quod
1308 1207 1505 1276 ubique
1531 1205 1733 1275 arguis,

160 1299 304 1365 quod
335 1298 532 1367 ubique
553 1301 864 1369 exprobras,
896 1300 1038 1370 quod
1076 1301 1295 1369 impium
1321 1309 1377 1354 et
1415 1298 1735 1367 sacrilegum

163 1405 321 1457 putas
345 1407 359 1456 ;
389 1405 676 1460 oppressus
703 1392 944 1447 veritatis
965 1392 1216 1457 molibus,
1243 1391 1451 1460 cogeris
1472 1391 1731 1459 profiteri.

162 1481 217 1535 Si
249 1481 389 1536 enim
415 1482 772 1537 involumenta
796 1491 992 1537 nostrae
1022 1491 1226 1537 naturae
1252 1482 1507 1551 suscepit,
1538 1488 1735 1535 nostra:

164 1572 401 1642 profecto
422 1581 623 1627 natura:
654 1574 928 1628 veritatem
974 1574 1173 1628 habuit.
1208 1572 1388 1642 Neque
1417 1571 1559 1627 enim
1599 1586 1735 1641 pan-

167 1678 358 1717 norum
404 1664 782 1719 involumentis
810 1706 825 1729 ,
873 1675 927 1720 et
958 1665 1183 1720 materni
1218 1664 1370 1719 laetis
1396 1664 1650 1719 alimento
1681 1664 1733 1715 in

169 1753 284 1808 Deo
307 1754 491 1809 nutriri
525 1756 740 1823 putuit,
793 1756 893 1810 nisi
923 1755 1066 1824 quod
1100 1756 1152 1810 in
1179 1756 1268 1809 illo
1297 1763 1492 1809 nostne
1533 1763 1736 1808 natura:

1836 582 2117 644 utramque
2138 584 2379 631 naturam
2408 577 2561 633 lateri
2590 595 2692 635 non
2717 579 2895 635 vultis.
2928 581 3185 651 Repetam
3214 584 3410 649 adhuc,

1834 668 1879 721 si
1910 666 2082 731 valeo,
2110 667 2336 735 plenius.
2370 668 2555 724 Patres
2581 671 2633 723 in
2661 671 2877 726 Nicaeno
2903 673 3132 727 concilio
3156 674 3410 743 proﬁten-

1836 766 1916 811 tes
1948 758 2156 812 Patrem
2206 768 2261 813 et
2292 758 2483 814 Filium
2528 763 2687 816 unius
2724 776 2843 816 esse
2880 764 3224 832 substantiae,
3278 765 3412 820 duas

1771 901 1775 905 ,
1835 846 2020 913 utique
2057 860 2313 914 personas
2346 849 2397 901 in
2430 850 2633 905 unitate
2664 861 2866 907 natura:
2912 854 3286 925 intelligendas
3327 870 3413 909 rc-

1836 936 2176 1005 ligiosissime
2204 937 2557 994 tradiderunt.
2592 942 2754 1011 Igitur
2783 958 2876 998 vos
2901 958 3022 1000 cum
3052 946 3250 1012 dicitis,
3281 946 3415 1000 Ver-

1837 1026 1962 1081 bum
2009 1036 2063 1080 et
2105 1042 2319 1081 carnem
2370 1029 2527 1083 unius
2576 1045 2695 1086 esse
2738 1032 2848 1104 44
2885 1035 3228 1100 substantiae,
3279 1036 3414 1090 duas

1837 1118 1991 1173 nobis
2036 1118 2234 1174 Christi
2261 1135 2538 1190 personas,
2571 1124 2813 1193 duosque
2855 1126 3095 1183 Clu-istos
3138 1127 3411 1203 inducitis,

1837 1209 1969 1278 Quia
2001 1212 2296 1267 secundum
2322 1214 2695 1271 auctoritatem
2716 1218 2926 1272 Patrum
2960 1227 3284 1285 nostrorum,
3309 1236 3412 1291 qua

1838 1322 1944 1360 non
1986 1308 2086 1361 nisi
2118 1306 2258 1362 inter
2304 1308 2436 1363 duas
2486 1323 2746 1377 personas
2793 1312 3055 1368 unitatem
3105 1313 3415 1368 substantias

1837 1395 2006 1464 accipi
2035 1398 2119 1451 vel
2135 1396 2238 1452 dici
2261 1399 2525 1453 sancitum
2548 1408 2650 1464 est,
2675 1399 2725 1454 id
2752 1402 2886 1455 ratio
2904 1402 3104 1472 ﬂagitat
3126 1412 3185 1458 ut
3205 1403 3247 1456 si
3266 1404 3415 1472 juxta

1838 1488 2052 1556 impiam
2081 1498 2312 1543 vestram
2362 1491 2710 1556 sententiam,
2755 1492 2911 1546 unius
2953 1494 3268 1548 substantia:
3294 1501 3418 1547 sunt

1841 1577 2068 1632 Verbum
2096 1587 2151 1633 et
2171 1593 2317 1645 caro,
2348 1579 2467 1634 dua:
2491 1581 2599 1635 sint
2635 1578 2874 1650 profecto
2904 1597 3148 1651 personae
3178 1582 3339 1638 Verbi
3362 1589 3418 1637 et

1837 1671 2032 1737 carnis,
2062 1674 2488 1727 communionem
2518 1672 2675 1727 unius
2706 1673 2965 1729 habentes
2996 1683 3220 1729 naturze.

1914 1763 2049 1816 XIV.
2086 1763 2287 1818 Deinde
2319 1778 2540 1819 necesse
2570 1764 2672 1819 erit
2701 1772 2762 1818 ut
2790 1772 2845 1818 et
2865 1778 3011 1829 caro,
3040 1764 3179 1818 sicut
3205 1772 3259 1819 et
3289 1763 3416 1818 νιετ-

163 1845 435 1912 proprium
467 1845 601 1911 fuit;
635 1862 733 1900 nec
763 1847 813 1901 in
842 1846 1020 1916 aliquo
1048 1847 1203 1901 nobis
1233 1856 1442 1915 poterat
1471 1845 1728 1910 similarc,
1765 1873 1809 1933 Β
1839 1855 1988 1916 bum,
2021 1854 2065 1907 si
2120 1854 2277 1907 unius
2306 1868 2427 1908 cum
2469 1868 2533 1908 eo
2581 1861 2664 1907 est
2699 1861 2927 1919 naturae,
2960 1854 3197 1907 inci-cata
3249 1854 3318 1906 sit
3363 1861 3419 1907 et

160 1937 207 1990 si
222 1952 328 1990 non
343 1936 393 1991 id
409 1938 549 2008 quod
564 1937 661 2007 ipsi
676 1940 938 2005 sumus,in
956 1940 1129 2007 seipso
1143 1939 1448 2007 dignaretur
1459 1937 1728 2004 accipere.

233 2028 351 2083 XII.
382 2030 570 2084 Adhuc
601 2039 775 2086 autem
809 2047 925 2100 qua:
952 2041 1131 2086 nostra
1164 2039 1309 2096 sunt,
1354 2032 1461 2085 imo
1488 2044 1605 2098 qua:
1646 2042 1735 2081 ve-

160 2118 339 2171 ritatis
367 2128 510 2183 sunt,
542 2119 740 2173 invitus
784 2120 964 2174 fateris
994 2121 1178 2175 dicens
1212 2118 1519 2173 :‘Glariatur
1564 2126 1737 2171 nostra

160 2220 350 2262 natura
382 2211 736 2278 Itonori/icnta,
770 2211 944 2264 videns
974 2227 1087 2264 eum
1120 2212 1207 2278 qui
1227 2219 1299 2263 est
1330 2210 1478 2262 unius
1506 2207 1739 2261 substan-

160 2302 247 2354 tia:
275 2317 391 2354 cum
433 2300 590 2354 Patre
619 2302 895 2355 secundum
941 2302 1267 2369 divinitatem,
1301 2300 1560 2353 nobiscum
1587 2297 1740 2350 unius

162 2394 464 2447 substantia:
492 2397 770 2446 secundum
798 2393 1186 2446 inenarrabilem
1214 2409 1278 2445 ex
1326 2390 1530 2461 Virgine
1573 2391 1742 2442 incar-

159 2486 423 2536 nationem
435 2524 447 2546 ,
463 2483 714 2536 sedentem
737 2484 788 2535 in
812 2484 1016 2536 dextera
1043 2482 1436 2552 magnificentiae
1447 2480 1524 2533 sui
1548 2478 1740 2529 Patris.

169 2574 359 2625 Divina
386 2574 515 2624 enim
547 2575 655 2643 ejus
699 2589 850 2625 carne
892 2588 1043 2642 super
1085 2586 1283 2626 ontnem
1326 2571 1529 2624 sedente
1570 2568 1747 2636 gloria:

160 2665 512 2736 splendorem,
535 2665 638 2735 43
668 2665 859 2717 divitiis
903 2674 948 2718 et
989 2663 1236 2731 ineffabili
1266 2662 1462 2715 lumine
1489 2659 1746 2730 refulgens

159 2756 423 2826 gloriatur
455 2765 641 2809 nostra:
668 2767 870 2808 natura:
893 2755 1182 2823 inﬁrmitas.
1216 2754 1501 2808 Confessus
1527 2766 1585 2805 es
1608 2750 1745 2805 divi-

164 2848 256 2901 tiis
279 2846 576 2899 divinitatis
613 2845 751 2914 ejus,
781 2845 1145 2899 infirmitatem
1174 2856 1371 2897 nostra:
1392 2840 1742 2911 gloriﬁcatam

162 2952 289 2992 esse
320 2922 550 2999 naturae;
582 2937 735 3005 cujus
763 2934 1167 3004 glorificationis
1195 2935 1310 3002 ejus
1342 2932 1479 2985 hanc
1504 2946 1623 2985 esse
1651 2945 1741 2983 as-

163 3030 307 3084 seris
332 3044 542 3084 causam
565 3070 577 3093 ,
601 3028 743 3098 quod
772 3030 885 3082 lucc
915 3025 1101 3081 eadem
1131 3035 1321 3079 natura
1353 3038 1448 3093 per
1484 3022 1741 3076 unitatem

165 3122 336 3176 Verbi
369 3122 624 3192 glorietur
647 3123 838 3176 sedere
866 3135 924 3175 se
951 3121 1019 3174 ad
1065 3120 1341 3175 dexteram
1389 3117 1508 3172 Dei.
1543 3118 1665 3171 llatc
1699 3116 1745 3170 si

1840 1942 2125 1997 invisibilis
2146 1953 2303 2010 atque
2332 1942 2787 1997 in'contrectabilis
2809 1950 2864 1996 et
2892 1943 3045 1997 initio
3067 1956 3289 2005 carens;
3319 1941 3412 1994 ali-

1841 2042 1920 2087 ter
1949 2032 2091 2087 enim
2114 2047 2235 2087 cum
2262 2034 2438 2089 Verbo
2477 2033 2733 2088 unitatem
2760 2048 2863 2087 non
2893 2041 3065 2102 potest
3096 2033 3293 2087 habere
3324 2046 3419 2085 na-

1841 2132 1993 2177 turae.
2024 2122 2128 2178 Sed
2157 2124 2277 2192 quia
2326 2138 2541 2177 carnem
2576 2122 2660 2176 b's
2705 2123 3100 2177 conditionibus
3140 2122 3419 2191 subjacere

1839 2212 2056 2267 dubium
2081 2229 2185 2267 non
2216 2222 2337 2276 est;
2369 2214 2525 2267 unius
2555 2222 2730 2267 autem
2762 2214 2842 2283 (ut
2869 2214 3065 2283 dicitis)
3092 2228 3213 2268 cum
3246 2212 3421 2267 Verbo

1840 2314 2042 2357 naturae
2080 2313 2161 2358 est
2207 2322 2219 2356 :
2250 2304 2485 2359 Verbum
2516 2320 2645 2374 ergo
2676 2306 2799 2368 erit,
2844 2305 3136 2361 secundum
3169 2304 3418 2372 Arianos,

1841 2394 2169 2459 creabile,et
2194 2396 2580 2450 contrectabile
2602 2405 2759 2465 atque
2788 2398 3016 2460 visibile,
3068 2406 3121 2450 et
3164 2413 3231 2451 ex
3272 2397 3423 2450 initio

1846 2482 2163 2548 subsistens,
2201 2485 2324 2553 quia
2351 2486 2509 2539 aliter
2534 2500 2654 2539 cum
2685 2501 2846 2539 carne
2878 2501 2981 2539 non
3024 2486 3217 2554 poterit
3251 2488 3424 2540 unita-

1851 2585 1956 2627 tem
2005 2575 2202 2630 habere
2250 2584 2473 2630 natura}.
2530 2577 2729 2631 Deinde
2760 2578 2802 2630 si
2830 2577 2992 2631 Verbi
3032 2586 3085 2631 et
3113 2578 3290 2631 carnis
3322 2590 3424 2630 una

1850 2676 2037 2718 natura
2070 2674 2171 2728 est,
2204 2666 2472 2735 quomodo
2510 2682 2631 2722 cum
2677 2668 2908 2723 Verbum
2950 2668 3146 2736 ubique
3184 2669 3272 2732 sit,
3317 2683 3425 2722 non

1847 2758 2043 2827 ubique
2074 2758 2375 2812 inveniatur
2404 2768 2458 2813 et
2478 2759 2645 2813 caro?
2668 2758 2797 2813 Nam
2821 2759 3035 2829 quando
3058 2759 3110 2812 in
3144 2769 3284 2814 terra
3307 2759 3425 2824 fuit,

1848 2867 1953 2903 nun
1986 2859 2100 2904 erat
2140 2850 2323 2921 utique
2355 2852 2405 2906 in
2428 2852 2589 2907 ctelo.
2625 2851 2688 2907 Et
2712 2868 2852 2907 nunc
2880 2854 3003 2923 quia
3037 2855 3087 2908 in
3140 2851 3278 2908 cdelo
3314 2862 3425 2916 est,

1850 2966 1953 3004 non
1984 2959 2069 3005 est
2097 2952 2279 3021 utique
2308 2952 2359 3005 in
2389 2960 2549 3017 terra,
2582 2961 2635 3007 et
2664 2952 2715 3005 in
2750 2961 2954 3005 tantum
2987 2966 3093 3005 non
3124 2960 3228 3017 est,
3261 2958 3319 3004 ut
3347 2964 3427 3004 εει

1848 3042 2077 3096 eundum
2101 3044 2267 3112 ipsam
2294 3042 2568 3097 Christum
2600 3051 2901 3112 spectemus
2922 3058 3040 3098 esse
3067 3050 3344 3096 venturum
3364 3040 3426 3094 de

1850 3136 2007 3200 coal»,
2043 3149 2200 3205 quem
2224 3135 2515 3189 secundum
2554 3134 2781 3189 Verbum
2816 3134 3092 3188 nobiscum
3118 3147 3236 3187 esse
3258 3131 3429 3185 credi-

160 3217 490 3285 siznplieitcr
540 3217 874 3279 sentiantur,
922 3224 1068 3268 recte
1094 3222 1146 3267 et
1180 3212 1445 3267 catltoliec
1473 3210 1741 3265 dicuntur.
1771 3232 1818 3295 ο
1852 3242 1967 3277 ,ηης
1991 3226 2042 3279 in
2070 3234 2233 3279 terra.
2266 3226 2426 3295 18in".
2456 3226 2750 3279 secundum
2780 3240 2892 3291 vos,
2926 3233 3018 3278 aut
3046 3224 3276 3278 verbum
3307 3237 3428 3275 cum

164 3308 361 3363 Dixisd
393 3308 551 3360 etiam
583 3306 722 3377 quod
753 3308 892 3360 sicut
931 3306 1089 3361 unius
1133 3304 1446 3358 substantia:
1472 3311 1553 3357 est
1580 3301 1746 3355 Filius

160 3417 296 3456 cum
331 3400 487 3453 Patre
517 3397 806 3453 secundum
833 3398 1188 3464 divinitatem,
1224 3397 1292 3450 ita
1325 3396 1482 3449 unius
1504 3394 1749 3448 substan-

162 3495 261 3547 tiae
280 3501 360 3546 est
388 3494 660 3547 nobiscum
684 3492 977 3548 secundum
1006 3490 1447 3546 incarnationem.
1480 3489 1593 3555 Qua
1621 3502 1747 3558 pro-

162 3586 426 3651 fessione,
455 3597 511 3639 ιιι
580 3596 751 3639 tecum
794 3585 1104 3655 simpliciter
1159 3599 1344 3653 agam,
1400 3583 1664 3650 duplicem
1694 3579 1746 3634 in

164 3679 393 3732 Christo
422 3678 604 3731 fateris
632 3690 752 3731 esse
795 3685 1059 3729 naturam.
1103 3674 1235 3739 Quia
1268 3673 1313 3727 si
1344 3672 1639 3728 secundum
1667 3669 1746 3725 di-

162 3772 447 3825 vinitatem
492 3772 648 3823 unius
692 3783 812 3823 cunt
858 3768 1017 3823 Patre
1055 3766 1394 3834 substantire,
1438 3775 1490 3820 et
1534 3780 1745 3819 rursum

161 3878 197 3917 ιι
226 3865 331 3915 tius
352 3870 434 3915 cst
456 3861 733 3918 nobiscum
758 3859 1050 3915 secundum
1078 3858 1497 3913 incarnationem
1520 3864 1743 3919 naturis,

159 3956 399 4025 geminae
442 3963 525 4009 est
571 3952 808 4023 profecto
845 3962 1070 4007 natura).
1131 3953 1185 4006 Si
1235 3965 1364 4005 vero
1418 3958 1469 4003 te
1510 3947 1747 4002 strictius

160 4048 462 4116 exagitem,
495 4053 551 4100 et
597 4060 714 4111 quas
766 4046 934 4099 sentis
965 4045 1197 4112 pressius
1233 4042 1507 4108 ventilem,
1548 4047 1746 4111 quanta

162 4149 217 4196 te
248 4149 542 4207 sequantur
570 4137 799 4191 absurda
833 4138 1145 4207 perspicies.

238 4228 381 4282 XIII.
409 4226 599 4281 Dixisti
620 4226 891 4281 Christum
917 4229 1054 4281 sicut
1087 4242 1205 4281 cum
1236 4228 1412 4292 Patre,
1454 4226 1525 4279 ita
1556 4232 1625 4280 et
1646 4239 1745 4279 no-

158 4320 376 4373 biscum
399 4316 654 4369 unitatem
678 4314 877 4370 habere
904 4316 1240 4379 substantiae,
1270 4331 1429 4370 unam
1463 4324 1641 4370 tamen
1669 4314 1748 4368 vis

157 4423 292 4464 eum
317 4406 515 4460 habere
540 4413 782 4459 naturam
812 4424 822 4458 :
856 4421 960 4460 una
992 4422 1118 4475 ergo
1148 4407 1247 4461 erit
1278 4417 1330 4461 et
1364 4407 1455 4461 Dei
1485 4416 1540 4463 et
1568 4415 1744 4460 nostra

157 4509 377 4557 natura.
407 4496 473 4551 Et
516 4495 639 4565 quid
670 4496 768 4551 hac
799 4497 1128 4567 professione
1159 4499 1374 4567 impium
1409 4498 1574 4567 magis
1603 4497 1745 4552 erit?

1850 3331 2010 3369 carne
2038 3330 2132 3370 sua
2161 3315 2277 3370 loco
2306 3318 2605 3371 continetur
2623 3330 2711 3371 aut
2740 3331 2865 3370 caro
2890 3330 3008 3369 cum
3033 3314 3205 3368 Verbo
3235 3313 3429 3381 ubique

1851 3420 1951 3471 ρει,
1986 3408 2237 3477 quoniam
2269 3422 2371 3460 una
2405 3422 2594 3461 natura
2634 3408 2959 3462 comrar‘ium
3002 3405 3128 3476 quid
3176 3413 3230 3458 et
3260 3403 3429 3457 diver-

1850 3513 1967 3551 sum
1997 3514 2100 3552 non
2153 3498 2340 3565 recipit
2389 3500 2441 3552 in
2486 3499 2680 3567 seipsa.
2730 3498 3011 3551 Diversum
3039 3506 3121 3550 est
3169 3504 3343 3549 autem
3375 3502 3430 3549 ει

1838 3589 2006 3659 longe
2030 3588 2288 3642 dissimile
2317 3589 2682 3642 circumscribi
2710 3589 2828 3642 loco
2860 3598 2913 3641 et
2945 3587 3141 3655 ubique
3170 3600 3289 3639 esse
3318 3601 3328 3635 :
3374 3594 3430 3637 et

1850 3680 1974 3748 quia
2006 3678 2237 3733 Verbum
2269 3680 2467 3748 ubique
2492 3689 2591 3744 est,
2612 3694 2737 3734 caro
2760 3682 2936 3733 autem
2962 3679 3075 3748 ejus
3100 3677 3295 3748 ubique
3322 3693 3430 3732 non

1849 3780 1950 3833 est,
1976 3778 2200 3840 apparet
2230 3786 2391 3824 unum
2428 3771 2784 3840 eumdemque
2829 3771 3101 3825 Christum
3149 3770 3431 3838 utriusque

1844 3880 1967 3921 esse
1998 3874 2200 3920 natura:
2226 3883 2241 3921 :
2270 3875 2322 3921 et
2350 3881 2471 3921 esse
2489 3864 2703 3935 qtiidem
2728 3867 2924 3936 ubique
2951 3863 3241 3920 secundum
3272 3870 3431 3916 natu-

1848 3972 1960 4009 ram
1990 3956 2283 4011 divinitatis
2305 3972 2436 4026 sum,
2488 3966 2541 4011 ct
2571 3958 2689 4011 loco
2724 3957 2989 4012 contineri
3016 3953 3309 4011 secundum
3341 3970 3429 4007 na-

1850 4057 2019 4101 turam
2051 4047 2395 4102 humanitatis
2418 4063 2531 4101 sua:
2558 4065 2569 4099 :
2596 4044 2835 4102 creatdm
2868 4062 2985 4099 esse
3007 4057 3062 4100 et
3092 4046 3299 4099 initium
3325 4057 3430 4096 non

1850 4137 2077 4191 habere:
2110 4138 2269 4191 morti
2298 4138 2677 4203 succumbere,
2712 4146 2766 4191 et
2796 4135 2929 4189 mori
2954 4150 3057 4202 non
3091 4148 3276 4202 posse;
3300 4148 3431 4201 quo~

1848 4242 1965 4280 rum
2007 4240 2169 4279 unum
2212 4226 2288 4278 illi
2339 4236 2419 4279 est
2460 4241 2529 4279 ex
2560 4236 2744 4279 natura
2794 4223 2995 4291 Verbi,
3023 4238 3122 4293 qua
3156 4224 3295 4277 Deus
3323 4229 3430 4285 est,

1847 4315 1991 4369 aliud
2021 4330 2089 4369 ex
2142 4324 2327 4369 natura
2379 4317 2577 4381 carnis,
2622 4330 2726 4385 qua
2780 4316 2923 4370 idem
2975 4300 3113 4368 Deus
3144 4313 3428 4367 homoet.

1847 4409 2008 4479 Igitur
2035 4423 2168 4463 unus
2201 4408 2293 4463 Dei
2330 4406 2521 4474 Filius,
2562 4410 2808 4478 idemque
2844 4407 3077 4461 hominis
3128 4405 3303 4461 factus
3339 4405 3425 4458 Fi-

1846 4500 1965 4564 lius,
1989 4500 2146 4556 habet
2165 4500 2368 4554 initium
2396 4517 2458 4555 ex
2487 4510 2671 4554 natura
2701 4500 2879 4556 carnis
2902 4516 3031 4562 suae,
3058 4508 3111 4554 et
3140 4512 3246 4551 non
3270 4495 3429 4551 habet

158 4588 369 4645 Deinde
397 4596 451 4643 el
475 4584 690 4641 Patrum
714 4598 1017 4642 nostrorum
1048 4589 1365 4643 auctoritate
1391 4598 1445 4643 et
1472 4588 1739 4642 communi
1768 4600 1818 4661 ι)
1846 4593 2052 4647 initium
2094 4608 2158 4647 ex
2191 4602 2376 4646 natura
2419 4592 2709 4646 divinitatis
2751 4607 2860 4645 ειιεε
2896 4609 2909 4643 :
2962 4602 3176 4644 creatus
3208 4597 3291 4643 est
3333 4603 3429 4657 per

160 4678 404 4735 omnium
430 4678 727 4747 sapientum
755 4678 974 4748 judicio,
1010 4694 1113 4733 non
1137 4690 1215 4734 est
1248 4680 1426 4746 unius,
1456 4679 1549 4734 sed
1594 4678 1739 4733 duo-

160 4787 307 4838 rum,
339 4771 770 4825 communionem
794 4771 1033 4840 ejusdem
1058 4772 1257 4827 habere
1287 4773 1617 4828 substantiae.
1661 4773 1738 4828 Ac

157 4864 238 4920 sic
270 4871 325 4916 tu
347 4860 481 4917 duos
509 4862 661 4917 nobis
713 4863 969 4932 quosdam
1013 4862 1256 4917 Christus
1300 4863 1526 4930 inducis,
1574 4879 1737 4919 unum

158 4956 393 5024 quicum
442 4954 595 5009 Patre
622 4955 778 5009 unius
814 4955 883 5009 sit
913 4955 1204 5010 secundum
1248 4956 1577 5010 divinitatem
1608 4956 1737 5012 sub-

159 5046 392 5111 stantiae,
417 5046 577 5099 alium
600 5047 685 5114 qui
713 5048 988 5102 nobiscum
1013 5048 1303 5103 secundum
1334 5064 1546 5105 carnem
1570 5051 1741 5104 unita-

161 5146 270 5191 tem
295 5136 710 5191 habcatnatum
737 5154 749 5191 :
781 5139 1054 5205 quoniam,
1084 5149 1139 5193 ut
1166 5140 1295 5207 dixi,
1330 5150 1510 5194 instra
1558 5152 1610 5196 et
1642 5140 1739 5196 Pa-

161 5230 259 5282 tris
289 5242 395 5281 non
418 5237 499 5281 est
534 5242 635 5281 una
678 5228 996 5292 substantia,
1022 5239 1077 5285 tu
1100 5240 1277 5285 autem
1301 5231 1351 5284 in
1382 5229 1599 5286 Christo
1631 5247 1738 5287 non

161 5319 239 5372 vis
271 5317 536 5386 duplicem
576 5332 696 5373 esse
740 5331 1019 5385 naturam;
1074 5336 1293 5377 necesse
1323 5338 1452 5393 ergo
1502 5323 1624 5389 erit,
1656 5338 1741 5379 se-
1826 5370 1829 5373 .

160 5408 395 5465 cundum
424 5416 474 5464 te
498 5409 659 5464 alium
689 5425 808 5467 esse
836 5413 1106 5467 Christum
1148 5413 1237 5483 qui
1269 5428 1390 5468 cum
1440 5412 1597 5470 Patre
1646 5416 1737 5469 ha-

160 5499 281 5555 beat
314 5502 567 5557 unitatem
596 5502 928 5571 substantiae,
960 5505 1121 5558 alium
1152 5507 1239 5574 qui
1265 5506 1564 5561 nobiscum.
1598 5507 1729 5573 Quia

160 5592 202 5645 si
237 5608 339 5646 non
371 5607 505 5647 unus
526 5603 777 5664 utrasque
801 5594 980 5659 habet.
1013 5610 1132 5650 cum
1165 5596 1284 5651 dua:
1312 5597 1436 5659 sint,
1468 5605 1521 5652 tu
1553 5609 1729 5653 autem

161 5692 412 5753 utrasque
441 5683 637 5740 habere
674 5685 855 5741 dixisti
897 5703 909 5740 :
941 5687 1047 5742 duo
1079 5687 1163 5741 hic
1192 5703 1311 5744 esse
1353 5700 1571 5745 necesse
1626 5700 1727 5754 est.

159 5775 244 5839 qui
271 5774 505 5845 singulas
529 5776 777 5844 habeant,
809 5787 861 5834 ct
912 5792 1007 5847 per
1038 5779 1089 5835 id
1132 5794 1223 5834 vos
1255 5782 1426 5851 potius
1456 5784 1729 5851 quaterni--

1842 4694 2086 4741 naturam
2114 4686 2291 4740 carnis
2318 4685 2423 4757 45
2446 4700 2578 4751 suae,
2611 4693 2664 4739 et
2693 4700 2800 4738 non
2839 4694 2924 4739 est
2958 4693 3172 4737 creatus
3204 4697 3301 4751 per
3334 4696 3427 4735 na-

1844 4791 2015 4833 turam
2036 4779 2333 4833 divinitatis
2364 4793 2474 4832 suae
2502 4797 2514 4832 :
2543 4777 3002 4833 circumscribitur
3024 4776 3141 4831 loco
3162 4791 3252 4844 per
3276 4783 3428 4828 natu-

1841 4886 1953 4923 ram
1976 4870 2153 4925 carnis
2178 4885 2307 4935 sum,
2342 4880 2396 4924 et
2422 4871 2539 4924 loco
2570 4885 2675 4924 non
2704 4870 2909 4940 capitur
2932 4885 3025 4938 per
3062 4878 3304 4923 naturam
3349 4867 3429 4921 di-

1843 4961 2077 5015 vinitatis
2114 4975 2223 5016 sua:
2251 4977 2266 5015 :
2296 4961 2470 5015 minor
2490 4972 2571 5016 est
2601 4963 2759 5017 etiam
2812 4962 3014 5030 angelis
3042 4976 3136 5031 per
3179 4970 3425 5014 naturam

1843 5052 2020 5106 carnis
2046 5067 2175 5117 sum,
2203 5062 2255 5107 et
2283 5054 2505 5122 :equalis
2547 5064 2630 5109 est
2668 5053 2809 5108 Patri
2846 5053 3139 5107 secundum
3184 5064 3426 5106 naturam

1843 5142 2135 5197 divinitatis
2163 5157 2275 5197 suae
2310 5161 2321 5196 :
2358 5153 2596 5197 mortuus
2625 5152 2708 5198 est
2731 5153 2917 5198 natura
2963 5142 3140 5196 carnis
3178 5156 3322 5209 suae,
3373 5150 3427 5193 et

1845 5249 1949 5288 non
1981 5243 2062 5288 est
2087 5243 2327 5288 mortuus
2355 5245 2545 5289 natura
2570 5234 2863 5289 divinitatis
2896 5248 3026 5288 suae.

1917 5325 2031 5380 XV.
2060 5325 2184 5380 Ilazc
2207 5335 2288 5380 est
2305 5328 2437 5381 lides
2460 5335 2513 5381 et
2538 5324 2805 5381 confessio
2826 5325 3086 5381 catholica
3111 5339 3267 5393 quam
3296 5334 3426 5388 ³Ρ⁰⁴

1842 5419 1963 5472 stoli
1997 5418 2350 5482 tradiderunt,
2400 5427 2663 5489 martyres
2693 5418 3104 5482 roboraverunt,
3153 5424 3206 5469 et
3238 5412 3425 5467 ﬁdeles

1841 5525 1980 5565 nunc
2030 5524 2196 5578 usque
2231 5510 2559 5564 custodiunt.
2605 5509 2752 5565 Unde
2782 5509 3119 5577 impiissime,
3165 5516 3218 5560 et
3251 5504 3421 5575 Eutyo

1840 5602 2043 5655 chianre
2068 5600 2337 5656 haereseos
2368 5616 2573 5656 veneno
2611 5600 2826 5666 infecte,
2862 5599 3095 5653 Leonem
3138 5596 3303 5651 audes
3334 5610 3423 5652 re—

1838 5691 2193 5761 prehendere,
2224 5693 2351 5748 dum
2379 5707 2446 5747 ex
2481 5693 2791 5747 diversitate
2816 5701 3087 5759 ges‘orum
3122 5689 3276 5744 unius
3318 5688 3421 5744 Do-

1842 5785 2201 5855 miniCbristi,
2224 5786 2498 5842 veritatem
2534 5784 2717 5839 edocet
2746 5782 3019 5851 utriusth
3048 5781 3162 5851 ejus
3185 5793 3417 5838 natum:
