3990 6390
606 373 705 428 127

1923 368 2145 427 νιυιιιι
2183 365 2197 421 Ἴ

2301 366 2549 427 ’SENSIS
3753 368 3770 422 l
3780 368 3817 422 21

608 498 662 543 ιιι
685 486 823 556 quod
851 486 937 540 ille
957 485 1023 541 ad
1053 487 1563 543 demonstrationem
1597 496 1937 556 utrarumque
1960 483 2178 555 pratulit
2204 480 2258 539 Α
2285 500 2467 554 corpus
2498 501 2595 537 non
2626 492 2699 537 est
2726 496 2881 535 unum
2905 483 3201 548 membrum,
3234 482 3322 534 sed
3357 480 3541 533 multa.
3593 481 3655 536 Si
3682 483 3835 535 dixerit

608 585 941 640 naturarum,
989 573 1377 643 professionem
1426 576 1766 630 calumnieris
1798 577 2020 629 duarum
2057 587 2177 627 esse

609 680 982 736 personarum.
1027 666 1262 736 Denique
1289 665 1406 735 ejus
1450 667 1548 721 ista
1588 676 1713 722 sunt
1740 666 1900 721 verba
1931 682 1946 720 :
1980 664 2181 719 Nativi—

610 766 688 809 tas
739 758 908 810 carnis
948 757 1289 826 manifestatio
1325 767 1397 811 est
1444 757 1682 811 humana:
1718 768 1915 811 naturtz
1940 772 1959 810 :
2006 763 2184 825 partus

623 846 869 916 Virginis,
916 848 1097 900 divina:
1140 858 1210 901 est
1248 850 1445 901 virtutis
1482 849 1729 902 indicium
1770 848 1956 919 (Num.
1998 846 2075 916 4).
2121 846 2186 899 Ει

615 938 809 992 iterant
845 955 860 993 :
892 938 1007 1011 Agit
1037 941 1169 993 enim
1212 956 1424 1008 utraque
1448 949 1657 1005 natura,
1699 956 1808 993 cum
1836 939 2188 993 communione

615 1030 851 1091 alterius,
880 1029 1015 1095 quod
1045 1030 1307 1098 praprium
1353 1041 1423 1084 est
1467 1046 1484 1084 :
1522 1031 1691 1084 Verbo
1732 1031 1918 1084 scilicet
1946 1039 2186 1097 operante

616 1118 751 1195 quod
798 1116 945 1170 Verbi
972 1126 1064 1182 est,
1116 1128 1161 1171 et
1210 1136 1363 1172 carne
1405 1128 1702 1188 exsequente
1745 1119 1880 1189 quod
1906 1119 2075 1171 carnis
2114 1128 2188 1172 est

619 1204 803 1273 (Num.
828 1207 905 1273 4).
942 1206 1006 1260 Ει
1036 1208 1229 1260 iterum
1259 1225 1273 1261 :
1302 1208 1543 1272 Quamvis
1564 1210 1615 1261 in
1647 1209 1863 1262 Domino
1889 1208 2013 1262 Jesu
2042 1208 2186 1262 Chri-

618 1305 693 1348 sto
721 1294 813 1349 Dei
832 1305 878 1348 et
902 1296 1118 1351 hominis
1144 1314 1245 1351 una
1271 1315 1484 1367 persona
1512 1300 1595 1365 sit,
1620 1301 1763 1353 aliud
1788 1310 1951 1353 tamen
1971 1309 2043 1353 est
2059 1301 2190 1354 unde

617 1385 893 1438 communis
941 1386 1133 1456 injuria
1163 1396 1257 1454 est,
1286 1390 1429 1442 a’iud
1467 1390 1602 1443 unde
1631 1392 1908 1443 communis
1932 1399 2006 1443 est
2026 1392 2190 1461 gloria

617 1475 805 1543 (Num.
844 1478 926 1546 ι).
953 1479 1083 1545 Qua:
1114 1481 1271 1533 verba
1317 1488 1372 1534 tu
1425 1480 1617 1549 iniquis
1663 1482 2189 1550 interpretationibus

616 1566 718 1621 hoc
746 1569 908 1623 modo
930 1570 1315 1637 reprehendis:
1350 1572 1476 1636 Quis
1510 1574 1716 1639 audeat,
1755 1573 1961 1643 inquis,
1997 1572 2189 1627 duobus

619 1660 895 1727 propositis
919 1662 1152 1714 articulis
1177 1669 1223 1714 et
1255 1662 1729 1733 signiﬁcationibus,
1759 1664 1810 1717 in
1845 1664 2042 1718 duobus
2085 1664 2193 1732 qui-

617 1748 831 1802 busdam
853 1751 1161 1815 nominibus,
1184 1768 1338 1804 unum
1369 1750 1498 1815 Deo,
1529 1762 1576 1807 et
1597 1752 1743 1807 aliud
1755 1753 1949 1807 homini
1968 1754 2021 1806 in
2038 1769 2190 1807 unam

2283 590 2371 643 pes
2395 589 2414 627 :
2446 574 2697 637 Quoniam
2730 589 2831 626 non
2859 589 2973 625 sum
2998 587 3196 636 manus,
3237 587 3337 624 non
3375 588 3491 625 sum
3524 572 3591 625 de
3633 589 3827 639 corpore,

2284 680 2385 718 non
2412 665 2523 717 ideo
2541 679 2638 716 non
2668 673 2741 717 est
2770 662 2834 716 de
2854 676 3064 728 corpore
3085 664 3108 716 ?
3130 662 3190 717 Si
3211 662 3391 716 dixerit
3408 664 3590 716 auris:
3615 664 3829 728 Quoniam

2287 769 2387 806 non
2409 770 2521 807 sum
2549 752 2745 817 oculus,
2778 769 2877 806 non
2907 770 3016 807 sum
3042 752 3106 807 de
3128 768 3362 821 corpore,
3392 769 3499 806 non
3529 754 3644 806 ideo
3664 770 3753 806 non
3777 764 3829 808 est

2295 844 2358 896 de
2384 844 2634 913 corpore?
2661 843 2719 897 Si
2744 853 2901 896 totum
2941 859 3127 911 corpus
3168 845 3367 908 oculus,
3396 844 3485 896 ubi
3520 852 3593 896 est
3622 847 3831 897 auditus!

2288 932 2347 988 Si
2371 944 2527 986 totum
2555 935 2779 996 auditus,
2805 934 2887 986 ubi
2914 945 2984 987 est
3008 935 3247 987 odoratus
3274 932 3325 1003 (I
3357 933 3479 987 Cor.
3508 949 3607 999 xu,
3637 932 3757 1001 li)?
3784 935 3829 988 Et

2288 1023 2457 1078 infra:
2485 1024 2603 1079 Non
2626 1034 2785 1094 potest
2807 1027 2975 1079 dicere
3007 1023 3185 1077 oculus
3204 1026 3414 1077 manui:
3441 1023 3621 1090 Opera
3652 1033 3731 1075 tua
3756 1041 3829 1075 non

2287 1114 2509 1183 indigeo;
2530 1125 2614 1166 aut
2639 1116 2821 1166 iterum
2842 1122 2996 1179 caput
3026 1113 3232 1169 aedibus
3248 1129 3264 1166 :
3283 1110 3400 1164 Non
3412 1113 3538 1164 estis
3560 1111 3680 1163 mihi
3694 1128 3827 1164 neces-

2287 1204 2409 1256 sarii
2432 1201 2594 1272 (Ibid.
2614 1204 2674 1255 2|
2689 1202 2729 1272 ).
2759 1203 2893 1257 Ecce
2908 1201 3198 1269 Apostolus
3224 1201 3276 1255 in
3298 1216 3405 1253 uno
3425 1201 3670 1265 homine,
3691 1201 3736 1253 in
3756 1215 3829 1252 una

2290 1306 2541 1361 persona,
2571 1292 2670 1345 alia
2698 1303 2861 1360 atque
2882 1290 2985 1344 alia
3016 1291 3145 1344 dicit
3173 1290 3351 1343 inesse
3388 1304 3579 1359 opu-ra,
3624 1290 3830 1343 multum-

2290 1397 2395 1451 que
2441 1396 2471 1435 a
2513 1396 2571 1436 se
2608 1381 2833 1435 invicem
2887 1380 3141 1435 diversa:
3174 1379 3269 1434 sed
3324 1380 3394 1432 ita
3455 1378 3829 1447 uniuscujusque

2291 1471 2515 1526 membri
2547 1482 2786 1540 separata
2813 1479 2866 1525 et
2882 1470 3118 1540 propria,
3142 1479 3201 1522 ut
3224 1483 3395 1523 tamen
3414 1483 3542 1523 cum
3572 1469 3674 1522 alio
3692 1473 3829 1522 metu2

2291 1564 2387 1619 bro
2419 1563 2714 1617 habeantur
2743 1564 3068 1617 communia.
3110 1561 3295 1629 Neque
3339 1561 3484 1616 enim
3525 1562 3647 1631 quia
3689 1560 3828 1615 diver-

2291 1669 2409 1708 sum
2438 1663 2519 1708 est
2541 1653 2644 1724 47
2663 1654 2830 1707 oculis
2860 1652 3059 1717 videre,
3081 1661 3135 1706 et
3160 1653 3378 1707 auribus
3392 1652 3605 1713 audire,
3628 1652 3736 1707 ideo
3752 1664 3831 1704 non

2293 1751 2377 1799 est
2408 1745 2563 1798 unius
2594 1743 2825 1798 hominis
2852 1754 3134 1811 utrumque
3160 1758 3176 1797 ς
3211 1750 3302 1796 aut
3328 1742 3454 1809 quia
3491 1740 3749 1796 diversum
3771 1748 3826 1794 est

617 1855 765 1907 posse
794 1840 1057 1893 conuenire
1085 1843 1389 1909 personam?
1426 1841 1495 1894 In
1523 1860 1624 1896 una
1654 1845 1785 1896 enim
1818 1860 2032 1910 persona
2051 1844 2197 1899 aliud
2226 1833 2272 1894 Β
2300 1834 2460 1903 capiti
2485 1842 2539 1888 et
2561 1834 2783 1903 pedibus
2813 1832 3112 1897 ambulare,
3150 1832 3271 1886 ideo
3298 1847 3406 1886 non
3427 1841 3517 1886 est
3564 1846 3690 1901 opus
3719 1845 3826 1884 com-

620 1937 664 1980 et
685 1928 824 1980 ulin
843 1937 893 1981 et
912 1932 1244 1985 communiter
1266 1950 1525 2002 nunquam
1541 1934 1745 1986 dicitur.
1764 1932 1912 1987 Unde
1934 1935 2197 2002 manifeste

621 2018 781 2073 alium
804 2018 963 2073 Deum
992 2019 1232 2087 Verbum,
1262 2024 1419 2077 alium
1440 2025 1683 2096 injuriam
1710 2040 1914 2093 passum
1942 2024 2196 2079 hominem

622 2111 914 2164 memorasti
942 2112 1149 2166 dicens:
1178 2114 1335 2169 Aliud
1383 2125 1463 2169 est
1493 2115 1633 2169 unde
1658 2115 1964 2169 communis
1985 2125 2068 2170 est
2117 2117 2196 2169 in-

620 2200 778 2267 iuria,
806 2202 947 2256 aliud
968 2204 1106 2257 unde
1134 2207 1436 2259 communis
1457 2215 1536 2259 est
1566 2206 1755 2272 gloria.
1787 2205 1954 2260 Nemo
1981 2208 2114 2260 enim
2144 2209 2197 2260 in

623 2309 725 2346 uno
751 2291 954 2347 homine
974 2296 1374 2348 communionem
1398 2296 1635 2363 patientis
1656 2297 1824 2350 carnis
1848 2298 2051 2366 accipit,
2082 2313 2197 2350 cum

622 2382 686 2433 sit
736 2398 853 2436 caro
908 2384 1185 2437 secundum
1236 2395 1468 2438 naturam
1515 2385 1683 2440 homo.
1729 2388 2007 2453 Quomodo
2052 2386 2194 2442 aliud

628 2474 856 2529 Verbum
879 2476 1252 2545 gloriﬁcatum,
1286 2479 1448 2533 alium
1494 2478 1761 2534 hominem
1802 2479 2049 2547 iniuriam
2080 2494 2199 2547 pas-

626 2577 745 2617 sum
778 2563 979 2618 dixisse
1004 2566 1085 2621 vel
1114 2568 1671 2624 sensissetcredendus
1696 2577 1797 2630 est,
1830 2568 1919 2637 qui
1966 2569 2021 2622 in
2067 2569 2196 2622 sub-

621 2652 777 2723 iectis
800 2654 903 2708 ait:
929 2655 1107 2722 Quem,
1146 2667 1199 2709 ut
1247 2659 1524 2719 hominem,
1565 2659 1757 2711 diaboli
1795 2667 1949 2712 tentat
1989 2660 2196 2723 astutia,

623 2747 805 2809 eidem,
828 2747 957 2799 sicut
984 2746 1110 2812 Deo,
1132 2749 1360 2817 angelica
1392 2751 1705 2817 famulantur
1735 2751 1893 2818 officia
1911 2750 2100 2819 (Num.
2119 2750 2199 2819 4)?

631 2834 895 2902 Numquid
920 2836 1081 2889 dixit:
1108 2837 1279 2889 Alium
1309 2837 1499 2895 diaboli
1532 2846 1687 2891 tentat
1716 2841 1921 2903 astutia,
1952 2849 1997 2892 et
2018 2840 2106 2892 alii
2132 2841 2201 2892 si-

626 2936 710 2977 cut
743 2922 850 2977 Deo
887 2928 1116 2996 angelica
1160 2927 1477 2995 famulantur
1514 2929 1675 2996 ofﬁcia
1698 2930 1723 2982 .’
1750 2929 1813 2982 Et
1838 2931 2065 2984 iterum:
2091 2929 2201 2983 Im-

627 3014 883 3082 passibilis
912 3014 1049 3067 Deus
1073 3033 1171 3069 non
1194 3017 1494 3086 dedignatus
1524 3028 1595 3070 est
1626 3018 1776 3071 homo
1797 3035 1902 3074 esse
1927 3022 2199 3090 passibil.'s.

628 3103 736 3174 46
769 3104 833 3158 Et
873 3107 1058 3160 iterum
1084 3126 1094 3159 :
1124 3108 1223 3173 Qui
1250 3111 1381 3162 enim
1412 3124 1555 3163 verus
1594 3120 1667 3163 est
1698 3109 1852 3173 Deus,
1899 3114 2032 3166 idem
2057 3129 2201 3167 verus

2298 1937 2479 1977 mune.
2515 1924 2663 1978 Sicut
2691 1937 2819 1991 ergo
2839 1922 3055 1977 diversa
3081 1922 3276 1976 habent
3305 1935 3472 1990 opera
3507 1930 3663 1990 caput
3694 1929 3741 1975 et
3764 1934 3824 1986 pe-

2298 2012 2392 2067 des
2418 2014 2469 2067 in
2509 2014 2723 2068 homine
2781 2028 2906 2075 uno,
2951 2022 3006 2067 et
3034 2022 3212 2065 tamen
3262 2026 3399 2066 unus
3432 2010 3535 2090 est
3576 2014 3825 2073 bomo,net

2298 2104 2434 2157 alius
2454 2114 2533 2158 est
2558 2104 2610 2156 in
2637 2104 2831 2172 capite,
2866 2102 3003 2157 alius
3032 2102 3082 2155 in
3114 2096 3368 2171 pedibus:
3402 2102 3488 2157 sic
3508 2102 3705 2155 diversa
3736 2108 3823 2152 sunt

2297 2210 2459 2264 Opera
2488 2195 2640 2249 Verbi
2671 2204 2725 2248 et
2752 2196 2929 2249 carnis
2950 2194 3002 2248 in
3029 2193 3272 2249 Christo:
3303 2207 3400 2247 nec
3432 2201 3614 2245 tamen
3636 2191 3824 2244 sliusest

2298 2286 2350 2339 in
2384 2285 2578 2350 Verbo,
2609 2288 2746 2340 alius
2772 2287 2821 2339 in
2851 2300 3032 2352 carne,
3067 2285 3161 2339 sed
3194 2300 3259 2340 ex
3286 2292 3540 2354 utroque,
3564 2292 3616 2338 et
3642 2283 3688 2337 in
3713 2288 3821 2335 utro-

2298 2393 2401 2447 qne
2427 2391 2559 2430 unus
2588 2387 2747 2445 atque
2769 2376 2906 2430 idem
2933 2384 3016 2431 est
3044 2374 3306 2431 Christus.

2375 2468 2534 2522 XVII.
2578 2467 2705 2523 Mori
2740 2476 2884 2522 certe
2905 2476 2959 2522 et
2990 2483 3091 2521 non
3120 2468 3251 2521 mori
3274 2466 3432 2536 longe
3469 2465 3725 2522 diversum
3748 2470 3818 2524 est.

2300 2570 2353 2615 et
2387 2567 2563 2613 tamen
2598 2574 2692 2611 nos
2726 2560 2822 2625 ipsi
2866 2573 3049 2612 sumus
3100 2558 3189 2628 qui
3248 2559 3531 2621 morimur,
3570 2564 3619 2611 et
3645 2570 3727 2609 nos
3752 2552 3820 2620 ipsi

2300 2664 2484 2705 sumus
2510 2651 2597 2717 qui
2630 2650 2763 2704 mori
2812 2665 2916 2703 non
2948 2665 3243 2719 possumus.
3296 2651 3385 2704 Ait
3436 2651 3576 2706 enim
3626 2648 3818 2703 Salvator

2301 2743 2574 2811 discipulis
2602 2744 2712 2797 suis
2745 2760 2758 2797 :
2796 2742 2937 2796 Tunc
2964 2748 3159 2797 tradent
3190 2760 3274 2796 vos
3311 2744 3363 2796 in
3408 2742 3765 2799 tribulationem,
3788 2746 3821 2787 et

2303 2836 2530 2887 occident
2552 2850 2638 2887 vos
2669 2832 2883 2901 (Matth.
2919 2849 3070 2898 xxrv,
3113 2833 3193 2901 9).
3245 2833 3348 2888 Sed
3372 2832 3503 2887 'vide
3529 2830 3635 2899 quid
3663 2829 3819 2882 iterum

2304 2925 2426 2979 alibi
2453 2926 2616 2979 dicit:
2644 2924 2816 2979 Nolite
2846 2926 3017 2978 timere
3037 2942 3121 2979 eos
3156 2925 3243 2995 qui
3271 2940 3462 2992 corpus
3485 2922 3717 2987 occidunt,
3740 2918 3820 2970 aui-

2304 3033 2439 3070 mam
2457 3028 2623 3070 autem
2646 3034 2744 3071 non
2758 3026 2968 3087 possunt
2991 3017 3218 3070 occidere
3239 3010 3455 3085 (Matth.
3482 3033 3537 3080 ι,
3559 3013 3660 3081 Ξὸ).
3677 3013 3817 3065 Osten-

2304 3108 2438 3163 dens
2483 3109 2535 3162 in
2576 3121 2894 3177 unoquoque
2926 3120 3166 3163 DOSll‘um
3200 3123 3361 3162 unum
3390 3123 3518 3163 esse
3562 3102 3755 3161 mortale
3782 3107 3817 3152 et

628 3204 699 3248 est
744 3195 894 3249 homo
942 3197 1128 3268 (Num.
1158 3199 1233 3267 4).
1267 3200 1529 3271 Numquid
1576 3202 1709 3257 dixit
1737 3220 1749 3253 :
1782 3204 1917 3258 alius
1948 3213 2018 3258 est
2066 3204 2202 3258 Deus
2229 3190 2274 3254 C
2304 3200 2444 3255 aliud
2475 3200 2795 3255 immortale.
2820 3200 2957 3255 Caro
2977 3198 3171 3269 quippe
3194 3199 3246 3254 in
3270 3200 3425 3254 nobis
3440 3200 3670 3263 moritur,
3688 3194 3814 3249 anim:

628 3284 973 3352 impassibilis,
1005 3300 1051 3341 et
1080 3290 1213 3344 alius
1250 3302 1322 3345 est
1363 3292 1510 3346 homo
1543 3294 1832 3364 possibilia;
1865 3305 1957 3348 aut
1976 3295 2109 3350 alius
2128 3304 2201 3351 est

628 3389 774 3429 serus
805 3373 963 3441 Dens,
989 3387 1036 3433 et
1052 3380 1184 3434 alius
1206 3392 1277 3435 est
1311 3399 1452 3436 t'erus
1487 3383 1679 3437 homo?
1705 3384 1807 3439 Sed
1835 3386 1922 3456 qui
1947 3402 2091 3440 verus
2130 3397 2201 3441 est

628 3465 787 3532 Deus,
815 3468 971 3537 idem,
998 3470 1186 3539 inquit,
1212 3488 1358 3526 verus
1379 3484 1450 3527 est
1479 3476 1651 3527 homo.
1672 3475 1801 3543 Quae
1827 3491 1946 3530 cum
1975 3477 2045 3531 ita
2072 3477 2199 3541 sint,

627 3556 913 3614 inhonesto
936 3562 1101 3617 uteris
1123 3562 1321 3632 olticio,
1352 3565 1616 3635 religiosis
1655 3567 1814 3621 dictis
1847 3566 2037 3622 callide
2067 3566 2201 3621 insi-

628 3652 815 3720 diaris,
839 3663 896 3707 ut
933 3657 1205 3723 superiora
1234 3657 1528 3724 demendo,
1555 3675 1618 3713 ac
1654 3659 1929 3728 sequentia
1962 3675 2066 3715 non
2108 3659 2201 3713 ad-

634 3741 833 3806 dendo,
868 3744 937 3797 ita
963 3746 1134 3800 media
1164 3748 1349 3816 eligas,
1381 3757 1438 3801 ut
1472 3749 1631 3803 verba
1660 3750 1939 3804 sententiis
1972 3766 2200 3814 exuens,

632 3834 699 3889 de
740 3849 926 3888 eorum
953 3836 1190 3892 nuditate
1222 3853 1315 3906 pro
1350 3839 1571 3893 arbitrio
1611 3840 1783 3893 ludas.
1837 3840 2018 3895 Redde
2045 3841 2205 3909 igitur

632 3924 745 3977 suis
770 3926 945 3978 omnia
972 3925 1122 3988 locis.
1155 3936 1209 3983 et
1239 3930 1447 3996 propria
1474 3931 1761 3985 sententiis
1787 3931 2091 3985 indumenta
2123 3947 2205 3986 re-

631 4015 822 4068 stituas
848 4031 863 4067 :
894 4025 946 4070 et
982 4018 1087 4072 noli
1121 4018 1395 4073 insidiosis
1424 4019 1700 4075 fraudibus
1736 4013 2026 4076 calumnias
2057 4026 2205 4077 inne-

628 4116 801 4171 ctere;
836 4110 1054 4179 utquod
1102 4110 1167 4164 ad
1207 4110 1718 4167 demonstrationem
1750 4125 2091 4185 utrarumque
2120 4116 2201 4170 di-

627 4209 772 4253 ctum
811 4209 892 4254 est
921 4209 1261 4271 naturarum,
1312 4203 1378 4257 ad
1426 4203 1731 4259 dualitatem
1772 4205 1974 4262 releras
2022 4221 2204 4277 perso-

628 4307 837 4347 narum.

703 4379 841 4433 XVI.
874 4380 1067 4434 Verum
1108 4384 1227 4451 q'tia
1265 4386 1397 4439 dixit
1427 4386 1478 4440 in
1522 4403 1627 4443 uno
1673 4387 1886 4443 Christo
1916 4390 2057 4444 aliud
2084 4406 2204 4446 esse

629 4467 972 4535 Verbi,aliud
1004 4473 1179 4523 carnis
1210 4476 1501 4542 proprium,
1524 4478 1602 4531 sic
1630 4487 1804 4532 tamen
1831 4480 1971 4532 utsit
1998 4488 2205 4534 utrum-

2302 3302 2479 3346 antem
2512 3307 2616 3346 non
2653 3291 2878 3346 moritur
2904 3309 2917 3347 :
2947 3292 3088 3347 unde
3129 3302 3183 3346 et
3215 3291 3269 3346 in
3300 3292 3547 3362 symbolo
3581 3288 3731 3345 carnis
3761 3296 3815 3338 te-

2305 3383 2711 3446 surrectionem,
2769 3398 2872 3437 non
2933 3383 3124 3437 animae
3168 3382 3519 3448 e’ontitemur,
3569 3393 3707 3445 quam
3736 3386 3816 3429 esse

2306 3474 2658 3528 immortalem
2690 3473 3200 3542 crederejubemui'.
3232 3472 3360 3539 Quia
3392 3487 3526 3543 ergo
3555 3470 3762 3526 Salvator
3783 3463 3815 3514 in

2305 3578 2411 3617 uno
2445 3564 2661 3616 homine
2691 3562 2796 3615 duo
2828 3562 2925 3616 is:a
2957 3562 3159 3628 divisit,
3197 3553 3389 3631 q'uibus
3418 3573 3476 3617 et
3509 3558 3815 3631 proprietatem

2304 3655 2575 3723 qualitatis
2619 3654 2925 3723 assignavit,
2970 3670 3074 3708 non
3125 3654 3245 3708 ideo
3274 3654 3543 3719 putandus
3582 3662 3655 3706 est
3700 3657 3813 3701 unum

2307 3747 2575 3799 hominem
2602 3747 2655 3799 in
2693 3745 2829 3800 duos
2853 3747 3092 3800 homines
3116 3745 3381 3801 divisisse.
3419 3745 3573 3800 Sicut
3600 3755 3709 3811 ergo
3723 3747 3817 3791 unus

2305 3849 2381 3892 εει
2415 3836 2575 3890 homo
2605 3837 2697 3905 qui
2728 3837 2955 3890 moritur
2979 3852 3042 3891 ex
3071 3851 3197 3901 uno,
3230 3843 3285 3891 et
3306 3850 3412 3891 noii
3444 3836 3662 3890 moritur
3691 3844 3741 3885 ex
3767 3823 3813 3878 al-

2306 3935 2444 3993 tero,
2469 3928 2546 3982 sic
2576 3942 2711 3982 unus
2733 3937 2814 3982 est
2835 3927 3099 3993 Christus,
3130 3927 3216 3996 qui
3242 3936 3489 3981 mortuus
3514 3935 3592 3981 est
3617 3924 3660 3977 in
3685 3928 3814 3975 carne.

2305 4028 2359 4073 et
2389 4033 2493 4073 non
2523 4027 2606 4072 est
2646 4028 2887 4072 mortuus
2913 4032 2975 4073 ex
3012 4018 3204 4072 Verbo.
3246 4018 3378 4083 Quia
3405 4015 3685 4072 secundum
3704 4018 3809 4063 natu-

2305 4129 2438 4177 ram,
2469 4129 2588 4183 quae
2615 4112 2664 4166 in
2690 4127 2755 4167 eo
2785 4112 3022 4166 mortalis
3050 4111 3165 4175 fuit,
3190 4111 3323 4165 mori
3357 4112 3562 4178 potuit:
3591 4100 3815 4162 secundum

2304 4209 2447 4262 illam
2484 4215 2661 4261 autem
2690 4220 2807 4275 qum
2836 4205 2887 4259 in
2916 4219 2980 4258 eo
3010 4206 3141 4258 mori
3185 4220 3285 4257 non
3325 4204 3516 4271 potuit,
3546 4200 3729 4265 semp‘er
3752 4192 3816 4242 im~

2305 4302 2551 4356 mortalis
2596 4298 2905 4369 permansit.
2948 4298 3112 4367 Igitur
3160 4312 3255 4351 vos
3296 4296 3382 4361 qui
3417 4311 3542 4349 eum
3574 4304 3712 4345 unam
3739 4294 3817 4336 tan-

2306 4390 2582 4445 tummodo
2645 4400 2887 4444 naluram
2948 4391 3196 4443 habuisse
3241 4388 3319 4441 vel
3373 4386 3574 4440 habere
3611 4370 3813 4436 fatemini.

2310 4484 2570 4536 ostendite
2593 4483 2743 4535 nobis
2770 4481 3036 4550 quomodo
3060 4482 3194 4533 idem
3222 4478 3451 4547 potuerit
3483 4476 3642 4535 mori,
3670 4480 3711 4523 et
3732 4475 3816 4530 αυθ·

630 4574 732 4628 que
762 4573 1076 4626 commune;
1102 4561 1152 4615 id
1180 4571 1262 4616 est
1292 4571 1348 4617 ut
1372 4574 1427 4618 et
1463 4580 1627 4628 mors,
1660 4569 1800 4635 quod
1833 4578 1914 4622 est
1937 4572 2207 4638 proprium
2236 4546 2288 4608 D
2316 4572 2475 4625 modo
2498 4571 2633 4625 idem
2666 4588 2770 4624 non
2803 4570 3030 4640 potuerit
3057 4570 3211 4624 mori.
3255 4569 3368 4623 Non
3396 4568 3542 4621 enim
3573 4569 3723 4634 potest
3746 4564 3815 4607 una

630 4650 826 4717 carnis,
862 4651 1127 4718 pertineat
1161 4652 1226 4707 ad
1254 4653 1507 4721 Verbum,
1540 4664 1592 4710 et
1633 4657 1759 4724 vita,
1792 4659 1931 4726 quod
1974 4671 2054 4713 est
2088 4676 2211 4727 pro-

630 4740 801 4809 prium
836 4743 1021 4808 Verbi,
1057 4745 1320 4813 pertineat
1347 4748 1412 4802 ad
1441 4763 1683 4812 carnem,
1714 4752 1833 4815 quia
1874 4765 1938 4804 ex
1968 4750 2209 4818 utrisque

631 4830 873 4884 Christus
906 4833 1005 4886 sub
1037 4836 1202 4889 istens
1235 4852 1371 4890 unus
1410 4846 1497 4891 est
1528 4838 1579 4891 in
1608 4847 1833 4906 utroque
1865 4857 1878 4892 :
1910 4841 2079 4895 visum
2113 4839 2207 4895 tibi

631 4930 712 4975 est
739 4922 974 4990 objicere
1003 4926 1144 4994 quod
1179 4928 1229 4979 in
1265 4943 1365 4980 una
1411 4944 1637 4995 persona
1682 4932 1824 4985 aliud
1869 4941 1922 4986 et
1951 4932 2115 4999 aliud,
2155 4943 2209 4989 et

630 5014 987 5068 communiter
1011 5016 1113 5070 dici
1149 5031 1253 5070 non
1287 5018 1469 5083 possit.
1512 5020 1643 5086 Quia
1684 5037 1862 5087 nemo,
1902 5023 2079 5092 inquis
2101 5068 2115 5090 ,
2149 5024 2201 5078 in

629 5120 737 5158 uno
769 5106 984 5161 homine
1014 5109 1447 5164 communionem
1493 5114 1739 5179 patientis
1773 5116 1949 5169 carnis
1979 5116 2200 5184 accipit,

629 5210 749 5249 eam
782 5196 852 5250 sit
876 5211 999 5263 caro
1026 5200 1318 5257 secundum
1350 5212 1591 5256 naturam
1639 5204 1815 5257 homo.
1853 5204 2204 5274 Requiramus

630 5288 748 5354 quis
781 5289 833 5342 in
876 5287 975 5343 hoc
1016 5291 1321 5357 apostolicis
1346 5303 1604 5363 congrue:
1629 5295 1900 5361 sensibus,
1934 5306 2109 5351 utrum
2149 5307 2203 5351 tu

629 5393 695 5431 an
728 5379 855 5444 Leo,
890 5379 976 5448 qui
1004 5379 1142 5433 sicut
1170 5380 1293 5437 ﬁdei
1324 5384 1580 5453 regulam,
1603 5384 1671 5439 ita
1698 5393 1752 5438 et
1776 5385 1936 5439 verba
1967 5388 2204 5456 sequitur

629 5472 939 5539 apostolica.
971 5473 1105 5528 Dicit
1144 5489 1271 5545 ergo
1306 5477 1589 5545 Apostolus
1611 5478 1675 5532 ad
1708 5479 1979 5536 Romanos
2012 5499 2023 5532 :
2060 5480 2206 5535 Sicut

631 5562 684 5614 in
709 5578 808 5617 uno
837 5580 1047 5635 corpore
1074 5563 1237 5618 multa
1262 5577 1377 5621 sunt
1406 5569 1650 5633 membra,
1678 5570 1851 5623 omnia
1871 5581 2037 5625 autem
2053 5589 2209 5625 mem-

635 5649 721 5702 bra
750 5669 847 5705 non
882 5655 1114 5709 eamdem
1160 5656 1342 5711 habent
1381 5661 1727 5727 operationem
1770 5661 1944 5732 (llam.
2000 5679 2093 5727 xu,
2124 5665 2202 5732 4).

635 5740 782 5805 Quod
822 5744 886 5797 ad
929 5746 1235 5803 Corinthios
1283 5748 1438 5807 latius
1464 5751 1739 5821 explicans
1774 5753 1902 5809 dicit
1933 5771 1947 5809 :
1978 5754 2112 5808 Nam
2161 5764 2207 5810 et

2315 4673 2502 4715 natura
2533 4662 2717 4714 eadem
2745 4661 2899 4726 mori,
2928 4670 2981 4714 et
3010 4660 3197 4713 eadem
3226 4674 3328 4712 non
3364 4658 3530 4712 mori:
3560 4654 3667 4722 quia
3695 4648 3729 4701 si
3750 4645 3818 4739 ἱιῐξ·

2314 4751 2552 4805 mortalis
2581 4760 2683 4818 est,
2712 4750 2813 4804 hoc
2843 4753 2958 4819 ipso
2983 4766 3088 4821 quo
3110 4760 3190 4804 est
3219 4749 3538 4804 immortalis
3565 4760 3659 4800 non
3693 4747 3816 4792 mort-

2314 4849 2444 4906 tur;
2478 4851 2532 4895 et
2575 4842 2619 4895 si
2672 4842 2908 4895 mortalis
2956 4849 3059 4906 est,
3093 4841 3277 4895 eadem
3327 4839 3515 4894 mortis
3569 4827 3817 4890 conditione

2314 4936 2558 4989 moritur.
2589 4934 2698 4986 Non
2732 4943 2903 5002 potest
2934 4933 2983 4986 in
3029 4948 3132 4986 una
3165 4943 3353 4985 natura
3399 4946 3520 4987 esse
3568 4928 3814 4983 utrumqu-

2309 5027 2373 5082 Et
2396 5025 2516 5094 quia
2539 5025 2783 5079 Christus
2813 5025 2995 5079 habuit
3012 5032 3317 5093 utrumque,
3348 5024 3614 5090 utriusque
3634 5009 3818 5086 proiecto

2307 5124 2421 5171 erat
2451 5127 2673 5181 naturte,
2723 5131 2787 5170 ex
2818 5115 3009 5185 quibus
3043 5116 3096 5168 in
3141 5129 3209 5170 eo
3257 5114 3520 5168 invenitur
3548 5108 3814 5169 utrumque:

2306 5219 2396 5261 aut
2424 5208 2465 5261 si
2494 5223 2596 5261 non
2628 5206 2813 5260 habuit
2841 5214 3143 5275 utrumque,
3178 5204 3228 5259 id
3268 5214 3351 5261 est
3377 5214 3429 5259 et
3458 5205 3610 5257 vitam
3638 5206 3687 5252 et
3710 5200 3817 5246 m0!"

2310 5309 2413 5356 tem
2442 5302 2491 5355 in
2515 5302 2714 5370 seipso,
2741 5298 2834 5353 sed
2857 5307 2947 5352 aut
2969 5298 3126 5351 vitam
3157 5307 3249 5352 aut
3272 5307 3494 5352 mortem
3511 5276 3819 5348 tantummodo

2308 5392 2452 5462 (quia
2492 5391 2595 5445 alia
2636 5399 2719 5445 est
2751 5398 2937 5444 natura
2968 5390 3176 5455 mortis,
3207 5389 3323 5443 alia.
3356 5400 3537 5443 natura
3576 5382 3719 5467 vim}
3751 5378 3819 5467 '2'

2306 5457 2419 5553 ἦξε
2442 5490 2619 5535 autem
2639 5479 2815 5535 dic'tis
2844 5479 3113 5535 Christum
3146 5478 3303 5534 unius
3346 5493 3465 5533 esse
3504 5466 3726 5533 natura):
3762 5457 3820 5511 δί’

2311 5574 2415 5627 cite
2436 5572 2737 5626 evidentius
2761 5585 2878 5639 qua:
2899 5585 2963 5625 ex
2986 5569 3072 5625 his
3097 5568 3305 5624 duabus
3330 5568 3532 5623 naturis
3571 5576 3661 5616 una
3699 5555 3740 5608 in
3770 5557 3817 5601 9°

2314 5663 2469 5717 fuerit
2495 5672 2701 5717 natura.
2726 5662 2785 5718 Si
2822 5661 2964 5726 vitae,
2998 5660 3049 5715 id
3074 5670 3157 5716 est
3182 5659 3340 5715 Verbi
3373 5657 3513 5729 (quia
3540 5649 3744 5708 Verbum
3762 5642 3820 5692 6⁸⁸

2313 5755 2440 5822 vita)
2457 5796 2471 5818 ,
2491 5770 2617 5822 ergo
2645 5753 2896 5821 Verbum,
2929 5750 2979 5807 id
3007 5760 3089 5808 est
3115 5752 3243 5819 vita,
3268 5759 3473 5807 mortua
3500 5754 3577 5804 cst
3595 5744 3644 5799 in
3662 5735 3815 5803 scipia-
