3990 6390
200 336 302 394 ηε

1268 343 1542 401 CONTRA
1578 341 2040 402 EUTYCHETEM
2082 340 2205 402 LIB.
2250 344 2338 405 IV.

3336 352 3437 409 450

193 450 301 506 Sed
330 450 453 520 quia
482 458 567 507 est
598 451 852 521 Verbum,
899 453 951 510 id
980 463 1064 511 est
1088 455 1217 521 vita,
1247 458 1383 512 mori
1411 473 1516 513 non
1547 467 1761 527 potest;
1789 465 1838 520 Α
1866 466 2085 526 propter
2124 458 2266 526 quod
2310 472 2375 512 ex
2416 456 2568 512 nobis
2606 463 2689 514 est
2731 472 2857 515 vera
2903 460 3219 529 incarnatio,
3274 463 3436 519 Deum

192 542 441 597 Christus
469 554 645 599 autem
679 556 918 601 mortuus
964 556 1068 615 est,
1101 549 1233 603 nihil
1273 549 1413 603 aliud
1465 560 1631 603 restat
1673 564 1763 603 se-

192 632 428 686 cundum
454 647 568 699 vos,
599 634 701 689 nisi
732 644 790 689 ut
810 634 1076 703 Christus,
1108 646 1197 690 aut
1223 638 1441 693 omnino
1473 652 1577 692 non
1609 638 1766 692 fuerit

195 729 463 785 mortuus,
493 736 650 775 unam
681 731 885 777 tantum
917 724 1098 790 Verbi,
1134 724 1183 778 id
1211 734 1294 780 est
1315 727 1434 779 vita:
1452 725 1654 780 habens
1674 741 1765 780 na-

197 819 394 876 turam,
437 826 557 879 qua:
601 813 732 866 mori
780 829 883 866 non
917 815 1120 883 potuit:
1152 825 1243 869 aut
1294 816 1339 870 si
1371 833 1495 871 vere
1526 827 1765 871 mortuus

195 905 300 973 est,
334 900 473 966 quod
508 901 690 969 negari
718 917 823 955 non
868 912 1061 973 potest,
1089 905 1276 958 mortis
1317 914 1541 971 tantum,
1601 908 1651 960 id
1681 916 1764 962 est

193 968 373 1043 carnis
404 968 649 1046 habuerit
674 968 936 1059 naturain,
979 1011 1098 1063 quae
1146 998 1279 1050 mori
1313 999 1563 1066 potuerit.
1589 1000 1765 1068 Agno-

203 1079 341 1133 scite
367 1080 543 1148 igitur,
577 1098 608 1134 ο
636 1085 839 1148 miseri,
884 1095 1096 1155 quantm
1143 1089 1399 1157 perfidiae,
1431 1099 1641 1159 quanta:
1667 1092 1765 1145 im-

194 1169 413 1236 pietatis
445 1172 535 1233 sit,
593 1188 748 1226 unam
783 1174 833 1227 in
880 1176 1094 1230 Christo
1144 1178 1298 1233 fateri
1348 1189 1614 1247 naturam,
1671 1197 1766 1250 per

192 1274 353 1325 quant
380 1275 500 1313 eum
552 1273 641 1316 aut
671 1271 935 1318 mortuum
966 1266 1187 1323 credere
1233 1271 1628 1335 convincimini,
1675 1280 1766 1326 aut

192 1345 383 1402 falsum
414 1350 481 1404 de
507 1366 572 1405 ει»
602 1353 833 1420 epinari,
875 1371 979 1409 non
1005 1358 1074 1412 ibi
1116 1374 1237 1413 eum
1269 1360 1589 1417 confitentes
1631 1363 1764 1417 mori

195 1438 454 1505 potuisse,
487 1440 570 1493 ubi
601 1443 770 1510 potuit
798 1446 957 1499 mori.

268 1528 459 1595 XVIII.
486 1531 565 1584 An
598 1530 735 1586 forte
764 1535 863 1588 ista
888 1538 1069 1591 nescio
1099 1553 1198 1606 qua
1232 1549 1405 1594 vestra
1459 1550 1645 1597 natura
1695 1544 1765 1599 ita

195 1630 263 1672 ex
294 1617 466 1673 Verbo
495 1630 547 1673 et
582 1636 741 1677 carne
767 1636 1015 1680 concreta
1048 1639 1127 1682 est
1157 1639 1315 1698 atque
1360 1644 1660 1701 compacta,
1709 1643 1766 1687 ut

196 1722 263 1762 ex
294 1718 511 1777 utroque
555 1712 876 1781 subsistens,
912 1725 1197 1789 utrumque
1236 1722 1504 1777 amitteret
1532 1724 1583 1777 in
1613 1734 1763 1779 utro-

1864 554 2042 599 autem
2073 547 2341 614 eumdem,
2370 556 2589 617 propter
2617 547 2755 617 quod
2783 558 2838 604 et
2872 560 2989 619 post
3016 551 3434 607 incarnationem

1863 633 2209 687 immutabilis
2233 636 2521 701 permansit
2542 636 2660 706 ejus
2681 654 2747 691 ex
2776 637 2883 693 Deo
2904 639 3060 694 Patre
3084 646 3437 707 natura.Quis

1861 719 1931 774 ita
1960 722 2186 775 stolidus
2207 730 2260 776 et
2288 725 2463 792 exigui
2488 740 2676 780 sensus
2700 736 2883 781 contra
2911 742 3004 782 sua
3032 744 3262 797 unquam
3298 733 3436 782 nnti-

1861 820 1939 867 tat
1960 814 2153 869 verba?
2170 815 2298 881 Quis
2321 832 2555 888 eousque
2584 819 2839 888 insipiens
2865 821 2932 874 ita
2966 820 3178 885 labitur,
3201 830 3257 875 ut
3276 822 3435 877 fidem

1864 920 2014 961 suam
2042 922 2106 961 ex
2140 907 2253 975 ipsa
2280 907 2594 964 defensione
2617 949 2632 975 ,
2663 925 2764 979 qua
2797 912 3056 973 vindieat,
3092 913 3318 981 arguat?
3352 914 3438 967 Di-

1862 993 1981 1049 citis
2005 996 2056 1048 in
2086 995 2300 1048 Christo
2327 1011 2483 1048 unam
2513 1011 2634 1052 esse
2656 1008 2921 1063 naturam,
2945 1007 2997 1053 et
3022 1014 3144 1054 ecce
3181 1001 3231 1054 id
3262 1001 3435 1069 ipsum

1862 1082 2078 1151 quantis
2098 1082 2372 1135 destruitis
2395 1084 2605 1136 verbis?
2630 1084 2804 1140 Fateri
2832 1088 2972 1141 enim
3000 1088 3225 1142 Verbum
3252 1088 3438 1143 incon-

1863 1170 2179 1225 vertibiliter
2209 1170 2476 1226 hominem
2502 1172 2717 1241 factum,
2741 1184 2901 1243 atque
2929 1193 3047 1233 cum
3070 1194 3230 1235 carne
3253 1182 3438 1235 incon-

1867 1258 1980 1314 fuse
2012 1261 2238 1327 unitum,
2281 1260 2666 1327 professionem
2699 1266 2855 1320 unius
2879 1277 3081 1324 natura:
3103 1272 3439 1338 apertissime

1864 1346 2110 1411 destruit,
2142 1363 2262 1402 cum
2291 1358 2345 1403 et
2375 1351 2541 1402 unitio
2569 1367 2672 1405 non
2698 1354 2877 1418 unius,
2900 1356 2991 1409 sed
3020 1357 3243 1411 duorum
3270 1361 3438 1413 solvat

1864 1447 2003 1498 esse,
2028 1445 2081 1489 et
2106 1436 2204 1490 hac
2225 1436 2337 1505 ipsa
2363 1437 2599 1492 unitione
2625 1453 2729 1492 non
2754 1444 2945 1495 mutari
2970 1459 3139 1513 neque
3162 1450 3437 1512 contundi,

1866 1521 2220 1589 integritatem
2240 1532 2293 1577 et
2309 1526 2687 1593 proprietatem
2708 1527 2904 1581 indicet
2921 1540 3196 1600 utriusque
3214 1546 3435 1592 natura.

1871 1608 1999 1661 Item
2031 1625 2150 1663 cum
2180 1611 2378 1678 dicitis,
2401 1613 2645 1667 eumdem
2681 1614 2951 1671 hominem
2985 1620 3141 1673 simul
3167 1632 3219 1675 et
3248 1624 3437 1688 Deum,

1866 1699 1991 1768 quid
2017 1700 2185 1765 aliud,
2217 1702 2319 1754 nisi
2344 1702 2395 1755 in
2418 1717 2524 1756 uno
2544 1702 2650 1756 duo
2676 1704 2917 1772 quaedam
2940 1710 3250 1763 ostenditis?
3270 1712 3437 1769 Nemo

192 1812 317 1864 qua,
364 1810 610 1871 “mque
662 1815 909 1859 mnuum
958 1821 1021 1860 ex
1066 1818 1324 1879 unoque;
1356 1811 1404 1864 id
1450 1821 1550 1877 es,’
1579 1823 1636 1866 υι
1664 1829 1761 1869 nec
1792 1802 1837 1863 Β
1864 1793 2008 1845 enim
2055 1791 2124 1845 de
2161 1792 2397 1859 qualibet
2442 1809 2500 1847 re
2538 1794 2789 1864 singulari
2833 1806 2978 1852 recte
3016 1799 3215 1855 dixerit
3256 1804 3434 1860 simul.

192 1888 425 1947 Verbum
451 1896 732 1952 retinuerit
758 1910 998 1955 naturam
1031 1918 1203 1973 suam,
1226 1907 1605 1964 commixtione
1646 1925 1766 1964 car-

188 1982 276 2036 nis
321 1984 585 2052 humanm,
620 2003 719 2043 nec
761 2004 887 2045 caro
938 1994 1317 2062 proprietatem
1366 2008 1567 2052 natura:
1610 2014 1758 2068 sum,

185 2074 569 2131 commixtione
598 2089 797 2135 natura:
819 2082 1039 2149 divinze;
1065 2095 1222 2155 atque
1252 2090 1319 2141 ita
1351 2105 1447 2143 nec
1476 2093 1636 2144 homo
1661 2107 1760 2146 nec

188 2160 333 2216 Deus
355 2164 425 2219 sit
448 2164 712 2236 Christus,
742 2180 967 2242 utroque
987 2175 1125 2230 inter
1150 2187 1434 2248 utrumque
1465 2180 1759 2236 fraudatus.

184 2251 342 2319 Quod
372 2268 571 2324 quanto
593 2261 873 2331 sacrilegio
913 2267 1197 2334 cogitetur,
1244 2286 1425 2337 quaeso
1463 2272 1760 2327 reminisci-

184 2343 341 2397 mini.
369 2345 479 2401 Hoc
500 2351 640 2403 enim
664 2355 820 2407 unius
844 2364 1043 2410 natura:
1074 2358 1333 2425 professio
1355 2362 1493 2431 cogit
1514 2364 1757 2433 intelligi.

183 2430 295 2486 Sed
326 2434 370 2488 si
403 2439 693 2493 secundum
723 2444 862 2511 quod
886 2453 939 2497 et
967 2445 1065 2513 ipsi
1096 2447 1355 2514 fatemini,
1401 2454 1469 2504 ita
1510 2462 1593 2506 est
1629 2430 1760 2508 Ver-

184 2520 317 2573 bum
339 2536 465 2577 caro
488 2525 703 2593 factum,
739 2539 796 2583 ut
822 2547 926 2586 non
956 2533 1113 2587 fuerit
1142 2545 1317 2591 tamen
1350 2540 1402 2592 in
1441 2557 1601 2595 carne
1647 2560 1762 2596 mu-

188 2615 361 2662 tatum
397 2620 554 2680 atque
594 2630 932 2686 conversum,
965 2625 1204 2679 retinens
1254 2636 1308 2681 et
1357 2644 1459 2683 non
1511 2635 1762 2687 amittens

184 2699 569 2767 proprietatem
598 2714 800 2761 natura:
836 2723 965 2777 suae,
1000 2712 1052 2767 in
1108 2720 1369 2771 counione
1408 2722 1581 2775 carnis
1625 2737 1759 2786 sum,

182 2802 351 2855 quam
384 2790 520 2845 miro
547 2803 598 2848 et
627 2795 878 2852 ineffabili
902 2803 1060 2856 modo
1089 2816 1338 2872 operatus
1386 2822 1465 2863 cst
1508 2812 1560 2864 in
1602 2823 1756 2866 utero

184 2879 377 2930 matris
428 2895 537 2935 sua:
569 2899 581 2935 :
610 2896 660 2938 et
697 2901 902 2955 rursus,
934 2906 1061 2945 caro
1091 2894 1208 2963 ejus
1262 2914 1366 2950 non
1422 2901 1617 2969 amisit,
1662 2917 1760 2958 nec

185 2966 421 3032 perdidit
464 2974 838 3057 proprietatem
889 2993 1091 3037 natura:
1140 2995 1299 3054 atque
1329 2995 1541 3057 generis
1570 2966 1650 3048 sui
1702 2996 1755 3049 in

182 3059 453 3113 counione
495 3061 651 3118 Verbi
674 3054 836 3122 divini
860 3087 873 3135 ;
902 3075 1020 3140 quis
1047 3090 1152 3129 non
1183 3078 1355 3133 videat
1377 3080 1529 3135 istam
1553 3084 1756 3138 aduna-

184 3145 390 3201 tionem
420 3150 571 3206 Verbi
600 3165 653 3208 et
678 3160 876 3225 carnis,
898 3178 1000 3217 non
1029 3164 1095 3218 ad
1121 3167 1459 3225 abolitionem
1485 3175 1755 3243 utriusque
1783 3158 1828 3221 (ἶ

183 3246 412 3303 naturai,
439 3242 531 3294 sed
562 3245 628 3297 ad
663 3249 907 3303 unionem
938 3254 1224 3323 singularis
1253 3263 1538 3327 profecisse
1572 3280 1757 3333 perso-

184 3327 311 3380 nae?
338 3328 467 3383 Nam
496 3346 615 3387 eum
639 3347 694 3390 et
722 3354 816 3393 vos
844 3341 1035 3399 dicatis
1061 3349 1213 3401 sicuti
1241 3361 1294 3404 et
1317 3367 1442 3407 vere
1470 3354 1756 3412 d.cendnm

183 3426 289 3482 est,
322 3422 564 3477 eumdem
588 3426 881 3494 perfectum
914 3432 1099 3500 Deum,
1135 3438 1427 3505 perfectum
1461 3442 1754 3511 hominem,

181 3509 437 3565 eumdem
461 3528 643 3569 verum
675 3516 865 3585 Deum,
897 3538 1080 3579 verum
1127 3527 1397 3586 hominem
1423 3551 1437 3597 ;
1488 3537 1627 3591 unde
1656 3540 1757 3593 erit

184 3599 459 3665 perfectus
486 3613 539 3658 et
569 3621 726 3661 verus
755 3612 807 3664 in
840 3619 1063 3684 utroque
1112 3617 1209 3673 nisi
1242 3636 1335 3689 per
1376 3626 1655 3682 veritatem
1706 3639 1759 3684 et

184 3694 568 3758 proprietatem
592 3698 866 3771 utriusque
890 3713 1093 3761 natura:
1113 3709 1135 3760 ?
1158 3709 1262 3765 Sed
1289 3730 1353 3769 ne
1375 3715 1484 3787 49
1515 3727 1760 3787 putemur

184 3781 501 3839 calumniari
526 3790 693 3854 vobis,
726 3792 956 3851 dicendo
981 3814 1073 3854 vos
1105 3800 1173 3855 ita
1209 3807 1451 3873 credere,
1484 3812 1621 3865 sicut
1650 3813 1756 3867 for-

184 3879 333 3926 tasse
360 3890 463 3929 non
491 3880 731 3949 creditis,
766 3888 925 3941 verba
956 3900 1129 3946 vestra
1164 3910 1438 3964 ponamus,
1478 3904 1669 3970 quibus
1710 3909 1753 3962 si

183 3961 408 4028 pudoris
459 3967 656 4035 aliquid
698 3975 907 4041 geritis,
957 3961 1209 4039 resistere
1246 4002 1351 4042 non
1399 3961 1624 4048 debetis.
1682 3997 1755 4053 Ita

180 4050 331 4105 enim
359 4053 422 4116 in
447 4070 512 4109 eo
537 4058 693 4127 libro,
720 4078 873 4132 quem
894 4079 1077 4124 contra
1107 4072 1539 4136 Chalcedonense
1577 4090 1757 4141 conci-

182 4141 316 4195 lium
360 4157 515 4200 casso
560 4150 742 4207 labore
767 4158 1090 4225 confecistis,
1130 4164 1354 4223 habetur
1400 4187 1752 4240 expressum:

185 4231 282 4285 Sic
301 4235 434 4285 enim
452 4237 537 4302 qui
560 4254 624 4290 ex
652 4240 819 4295 Maria
844 4260 992 4302 natus
1016 4260 1090 4304 est
1118 4252 1373 4323 Salvator,
1406 4231 1758 4319 inconvertibi-

182 4322 306 4376 liter
330 4326 637 4391 incarnatus,
670 4348 786 4387 cum
826 4349 950 4391 esset
985 4340 1140 4410 Deus,
1180 4348 1345 4412 [actus
1388 4363 1461 4404 est
1499 4356 1670 4423 homo,
1710 4367 1759 4410 et

182 4415 349 4468 dictus
371 4426 447 4469 est
466 4420 611 4484 ﬁlius
632 4422 867 4482 hominis.
890 4432 1070 4498 quiest
1110 4447 1226 4491 ante
1249 4443 1436 4495 strcula
1467 4443 1601 4499 Deus
1634 4415 1756 4502 Ver-

183 4505 321 4572 bum,
365 4508 695 4568 immutabilis
716 4534 1018 4582 permanens
1059 4526 1112 4578 in
1154 4539 1339 4585 natura
1371 4534 1480 4589 Dei.
1538 4538 1683 4594 Unde
1705 4555 1753 4595 et
1782 4521 1835 4582 D

185 4610 318 4649 unus
342 4595 513 4653 Filius
547 4601 659 4663 Dei,
686 4606 738 4659 in
780 4624 880 4662 una
910 4628 1128 4680 persona
1156 4619 1306 4688 digne
1329 4625 1506 4693 pieque
1530 4638 1602 4682 est
1633 4648 1752 4686 con-

186 4688 428 4755 ﬁtendus.
460 4691 584 4748 Sine
608 4699 740 4749 enim
770 4699 874 4754 Deo
911 4703 1071 4759 Verbo
1095 4688 1355 4782 segregata
1375 4688 1543 4773 carnis
1567 4732 1753 4779 natura

186 4794 282 4832 non
303 4781 528 4836 subsistit
548 4787 600 4839 in
630 4786 859 4857 Virgine,
877 4804 922 4846 et
944 4796 1014 4849 ita
1032 4798 1437 4860 inenarrabiliter
1457 4812 1653 4866 unitum
1680 4825 1754 4869 est

186 4877 326 4928 carni
360 4877 495 4933 Deus
525 4880 769 4949 Verbum,
796 4896 851 4939 ut
877 4891 1193 4948 incarnatum
1225 4908 1271 4950 et
1309 4916 1429 4955 caro
1460 4907 1755 4963 immutabi-

186 4963 298 5017 liter
324 4967 514 5033 factum
539 4986 649 5024 uere
689 4985 735 5027 et
775 4977 1037 5046 inconfus:
1082 4987 1332 5055 perfectus
1372 4993 1514 5058 [ieret
1558 4996 1751 5056 homo:

187 5056 318 5109 unde
347 5073 463 5111 eum
504 5058 760 5117 hominem
787 5069 939 5122 simul
963 5082 1008 5124 et
1043 5074 1202 5128 Deum
1242 5082 1558 5150 conﬁtemur,
1589 5087 1754 5143 Itami-

186 5160 296 5198 ιιι-ιη
325 5151 532 5218 quidem
560 5169 765 5225 propter
784 5163 921 5228 quod
944 5180 1006 5217 ra:
1032 5167 1174 5221 nobis
1198 5181 1268 5223 est
1298 5190 1414 5227 vera
1435 5176 1754 5248 incarnatio;

192 5238 349 5293 Deum
378 5256 544 5300 autem
573 5252 804 5305 eumdem
830 5267 1034 5325 propter
1056 5260 1420 5319 immutabilem
1448 5271 1580 5341 ejus,
1606 5276 1755 5328 etiam

190 5341 292 5397 post
311 5334 727 5403 incarnationem,
744 5358 804 5394 ex
826 5341 932 5395 Deo
959 5346 1111 5400 Patre
1135 5363 1390 5407 naturam.
1450 5361 1463 5373 ‘

226 5416 227 5419 “
261 5422 397 5475 XIX.
439 5424 576 5480 Ecce
603 5429 776 5483 dicitis
812 5433 1035 5489 Verbum
1080 5440 1550 5502 inconvertibiliter
1580 5451 1755 5506 incar-

191 5520 367 5565 natum
392 5525 447 5567 et
481 5516 747 5573 hominem
776 5522 990 5586 factum,
1013 5527 1187 5582 dicitis
1211 5530 1440 5588 Verbum
1465 5540 1611 5593 carni
1641 5544 1757 5596 nni-

194 5609 320 5667 tum,
349 5607 524 5659 dicitis
555 5609 827 5666 ineonfuse
856 5613 1122 5671 hominem
1155 5622 1368 5688 factum,
1401 5624 1579 5682 dicitis
1607 5645 1758 5686 eum-

194 5688 307 5748 dem
356 5696 630 5753 hominem
668 5701 826 5756 simul
876 5716 927 5760 et
978 5709 1138 5763 Deum
1176 5728 1188 5762 :
1233 5712 1501 5771 hominem
1541 5721 1752 5787 quidem

1867 1881 1994 1935 Item
2030 1898 2153 1937 cum
2183 1883 2381 1950 dicitis,
2412 1886 2482 1940 ob
2513 1884 2614 1940 hoc
2641 1886 2871 1942 Verbum
2911 1889 3180 1946 hominem
3221 1906 3437 1964 propter

1806 1982 1821 1999 δ
1862 1972 1979 2041 ejus
2008 1987 2073 2026 ει
2107 1974 2261 2027 nobis
2295 1989 2478 2029 veram
2510 1978 2953 2036 incarnationem.
2985 1980 3049 2033 Et
3066 1982 3135 2036 ob
3166 1982 3285 2050 hoc,
3321 1999 3437 2039 rur-

1862 2079 1954 2118 sus
1986 2080 2168 2119 verum
2200 2067 2387 2130 Deum,
2418 2077 2639 2136 prepter
2668 2070 3085 2128 immutationem
3116 2075 3309 2131 divinae
3332 2079 3438 2149 50

1860 2166 1925 2207 ex
1954 2153 2109 2207 Patre
2137 2165 2371 2220 natnrze,
2412 2159 2571 2212 etiam
2606 2171 2723 2228 post
2753 2160 3172 2221 incarnationem
3196 2172 3437 2237 geminas

1863 2241 2104 2309 profecto
2148 2243 2404 2313 integras,
2452 2247 2782 2314 immutatos,
2829 2250 3135 2308 inconfusas
3178 2255 3338 2311 Verbi
3381 2270 3437 2314 et

1860 2332 2036 2384 carnis
2061 2329 2297 2384 fatemini
2316 2346 2437 2387 esse
2461 2347 2695 2389 naturas.
2722 2338 2854 2403 Quia
2881 2342 2924 2393 si
2944 2339 3104 2395 Verbi
3124 2356 3306 2398 natura
3331 2361 3436 2403 non

1862 2427 1944 2470 est
1977 2427 2175 2471 mutata
2212 2434 2387 2485 neque
2414 2423 2631 2475 confusa
2668 2424 2721 2477 in
2753 2440 2935 2489 carne.
2964 2439 3017 2483 et
3047 2446 3231 2487 rursus
3260 2438 3437 2491 carnis

1864 2517 2053 2558 natura
2073 2522 2177 2559 non
2200 2517 2281 2560 est
2304 2518 2502 2563 mutata
2531 2524 2629 2565 nec
2650 2516 2871 2567 contusa
2893 2518 2945 2573 in
2972 2518 3165 2587 Verbo,
3179 2524 3270 2577 sed
3294 2534 3436 2582 tenet

1865 2602 2088 2663 utraque
2126 2595 2386 2664 integram
2426 2607 2474 2651 et
2508 2598 2872 2670 incorruptam
2904 2608 3144 2661 veritatis
3167 2624 3277 2665 suae
3309 2628 3436 2679 pro-

1865 2686 2166 2754 prietatem,
2200 2702 2303 2739 non
2334 2698 2555 2755 possunt
2582 2700 2806 2762 utraque
2833 2694 2937 2749 dici
2971 2712 3153 2752 unum.
3178 2700 3232 2755 Si
3258 2715 3436 2759 autem

1863 2775 2130 2838 dicuntur,
2161 2777 2400 2844 sequitur
2426 2778 2567 2833 illico
2593 2789 2648 2833 ut
2673 2788 3065 2852 corruptionem
3093 2790 3173 2843 sui
3202 2794 3438 2858 pertule-

1863 2864 1990 2929 rint,
2039 2872 2092 2917 ει
2132 2874 2346 2917 mutatae
2390 2865 2497 2920 sint
2545 2868 2595 2920 in
2647 2869 2697 2923 id
2741 2874 2882 2937 quod
2933 2874 3000 2926 ita
3053 2891 3215 2930 unum
3260 2880 3350 2946 sit,
3382 2890 3437 2936 ut

1862 2960 2146 3019 utrumque
2168 2965 2287 3004 esse
2313 2968 2417 3005 non
2452 2956 2635 3020 possit.
2663 2958 2813 3022 Quod
2836 2975 2954 3012 cum
2985 2965 3172 3017 merito
3198 2964 3433 3034 fugiatis,

1861 3040 1980 3107 quia
2014 3049 2097 3093 est
2131 3039 2348 3108 impium
2381 3053 2433 3095 et
2462 3044 2797 3113 detestabile,
2832 3063 2929 3102 cur
2961 3066 3063 3103 uno
3095 3053 3258 3107 verbo
3287 3056 3337 3109 in
3380 3058 3432 3111 id

1862 3127 2114 3195 inciditis,
2147 3132 2287 3199 quod
2330 3133 2510 3187 multis
2536 3136 2877 3190 detestatnini
2912 3142 3121 3196 verbis?
3150 3143 3257 3197 Cur
3286 3145 3434 3212 pium

1860 3226 1911 3269 et
1943 3218 2260 3273 catholicum
2293 3234 2507 3276 sensum
2534 3264 2549 3288 ,
2581 3241 2737 3293 quem
2784 3228 2849 3282 de
2875 3229 3031 3284 Verbi
3065 3230 3436 3291 immutatione

1859 3310 2108 3363 etcarnis
2142 3312 2259 3379 ejus
2288 3317 2506 3369 veritate
2538 3322 2747 3386 tenetis,
2787 3322 2884 3377 hac
2921 3340 3023 3379 una
3064 3326 3277 3383 infanda
3311 3347 3435 3401 pro—
3520 3394 3523 3399 ν

1861 3403 2090 3459 fessione
2137 3406 2455 3462 destruitis?
2499 3409 2713 3468 Credite
2772 3416 2929 3483 igitur
2971 3420 3121 3472 vobis
3172 3421 3331 3489 ipsis,
3376 3434 3433 3479 et

1860 3507 1979 3548 cum
2002 3495 2313 3552 orthodosis
2332 3501 2442 3567 pari
2469 3504 2805 3558 confessione
2829 3507 3091 3572 fatemini,
3112 3510 3276 3565 Deum
3304 3512 3432 3567 Ver-

1860 3585 1983 3639 bum
2016 3586 2087 3640 ita
2116 3587 2167 3641 in
2196 3600 2348 3643 utero
2376 3591 2655 3660 virginali,
2698 3598 2842 3649 cirni
2882 3612 2991 3651 sum
3030 3600 3258 3665 unitum,
3288 3604 3430 3670 quod

1859 3682 1943 3728 est
1963 3690 2089 3729 caro
2121 3675 2340 3743 factum,
2374 3690 2430 3733 ut
2457 3682 2569 3750 ipse
2598 3700 2732 3737 unus
2759 3689 2828 3739 sit
2871 3687 2921 3741 in
2954 3697 3196 3758 utroque,
3228 3693 3433 3747 habens

1861 3761 1911 3815 in
1942 3762 2120 3831 seipse
2142 3776 2444 3837 utrumque,
2470 3780 2522 3823 et
2550 3782 2791 3828 naturam
2825 3776 3001 3845 Verbi,
3026 3796 3127 3847 qua
3161 3782 3213 3833 D.
3236 3798 3297 3837 us
3326 3798 3428 3848 εει,

1859 3862 1910 3905 ει
1937 3862 2177 3907 naturam
2207 3859 2383 3910 carnis
2403 3902 2418 3927 ,
2458 3876 2559 3929 qua
2594 3862 2732 3918 idem
2764 3864 2904 3921 Deus
2935 3870 3094 3922 homo
3126 3882 3227 3925 est.
3260 3874 3432 3929 Aliter

1858 3946 2001 3998 enim
2043 3955 2189 4002 stare
2220 3964 2322 4003 non
2356 3954 2551 4019 poterit
2589 3957 2729 4022 quod
2772 3958 3047 4013 nobiscum
3084 3963 3322 4027 creditis,
3358 3966 3429 4019 i'a

1858 4047 1977 4087 eum
2008 4036 2205 4090 factum
2238 4038 2403 4094 fuisse
2432 4042 2573 4109 quod
2607 4059 2714 4098 non
2743 4057 2885 4112 erat,
2936 4058 2992 4102 ut
3023 4066 3127 4102 non
3162 4052 3434 4109 amitteret

1858 4126 1997 4194 quod
2028 4138 2160 4181 erat.
2194 4129 2345 4194 Quod
2373 4140 2487 4183 erat
2520 4142 2727 4195 autem.
2764 4146 2817 4189 et
2846 4138 2986 4204 quod
3020 4154 3123 4191 non
3155 4148 3294 4203 erat,
3326 4158 3431 4197 non

1858 4222 1943 4265 est
1982 4215 2137 4268 unius
2163 4226 2404 4270 naturae:
2438 4232 2499 4271 ac
2535 4233 2633 4287 per
2663 4220 2762 4275 ho‘c
2798 4222 2888 4276 Dei
2925 4223 3087 4277 Filius
3121 4238 3320 4281 natura:
3348 4240 3431 4284 est

1860 4301 2171 4372 utriusque,
2219 4319 2323 4359 non
2351 4308 2643 4362 amittendo
2676 4322 2969 4380 utramque.
3008 4316 3138 4379 Quia
3171 4316 3309 4371 sicut
3339 4321 3430 4375 Dei

1860 4390 2025 4447 Fibus
2055 4393 2161 4447 dici
2187 4410 2291 4448 non
2327 4404 2520 4463 potest,
2554 4398 2654 4452 nisi
2681 4415 2747 4452 ex
2776 4403 2995 4457 veritate
3038 4413 3241 4460 natura:
3276 4408 3430 4463 Verbi

1862 4495 1978 4547 qua:
2005 4481 2078 4535 illi
2098 4491 2179 4535 est
2200 4498 2263 4536 ex
2295 4483 2404 4539 Deo
2425 4484 2617 4548 Patre;
2641 4489 2713 4539 ita
2743 4488 2881 4541 idem
2909 4490 3048 4543 filius
3072 4492 3302 4548 hominis
3324 4498 3429 4552 diti

1857 4583 1962 4622 non
1998 4579 2192 4638 potest,
2231 4572 2330 4625 nisi
2369 4588 2431 4626 ex
2472 4577 2695 4629 veritate
2726 4587 2927 4632 natura:
2958 4582 3134 4637 carnis
3160 4625 3175 4649 ,
3205 4599 3323 4654 qua:
3352 4590 3429 4644 illi

1856 4666 1938 4712 est
1965 4674 2028 4712 ex
2055 4658 2270 4716 homine
2299 4676 2487 4716 matre.

1930 4748 2047 4806 ΧΧ.
2073 4752 2205 4818 Quid
2224 4756 2321 4807 sibi
2348 4764 2521 4809 autem
2546 4758 2675 4811 velit
2696 4769 2839 4813 tanta
2864 4763 3212 4830 professionis
3236 4783 3410 4828 vestra

1858 4843 2108 4905 varietas,
2149 4851 2204 4893 ut
2243 4843 2380 4910 quod
2412 4860 2511 4897 una
2553 4862 2711 4902 manu
2754 4854 3050 4921 :cdiliratis,
3093 4862 3191 4913 alia
3236 4862 3417 4919 iterurr.

1860 4926 2165 4996 destruatis,
2200 4945 2304 4983 non
2335 4932 2594 5003 intelligo,
2624 4938 2723 4989 nisi
2755 4942 2875 5009 quia
2906 4950 3181 5004 veritatem
3213 4956 3424 5023 religio-

1857 5018 1939 5071 nis
1961 5020 2360 5075 mendaciorum
2384 5025 2515 5078 fucis
2544 5027 2775 5093 eluditis,
2793 5035 2934 5089 aliud
2959 5055 3071 5106 ore,
3098 5044 3241 5097 aliud
3265 5051 3427 5102 corde

1855 5113 2147 5173 gestantes.
2180 5108 2309 5163 Nam
2331 5113 2419 5180 qui
2450 5115 2605 5181 paulo
2626 5127 2747 5173 ante
2768 5120 2861 5175 Dei
2892 5126 3117 5182 Verbum
3150 5133 3431 5189 inconver-

1859 5194 2007 5251 tibile
2030 5198 2153 5255 fassi
2184 5200 2422 5273 fueratis,
2447 5220 2633 5261 rursus
2655 5210 2725 5270 id.
2750 5217 2933 5271 nescio
2959 5236 3058 5288 qua
3080 5229 3439 5284 conversione

1861 5297 2118 5344 tnutatum
2157 5307 2399 5351 asserere
2428 5298 2607 5353 vultis.
2641 5302 2714 5356 Ita
2755 5307 2896 5363 enim
2928 5311 2995 5367 de
3025 5315 3139 5382 ipso
3168 5318 3382 5375 dixistis
3411 5340 3425 5375 :

1868 5373 2053 5431 Valens
2086 5378 2181 5433 Dei
2222 5381 2436 5437 Verbum
2466 5387 2683 5444 liberare
2718 5392 2981 5452 hominum
3022 5373 3214 5472 genus,
3259 5373 3432 5475 utpote

1859 5474 2057 5519 creator
2083 5471 2164 5522 sui
2189 5472 2436 5543 ﬁgmenti,
2468 5480 2789 5549 semetipsum
2816 5471 3158 5557 replasmavit,
3191 5493 3431 5549 incarna-

1860 5565 1939 5609 tus
1967 5560 2031 5613 de
2057 5574 2230 5617 nostra
2256 5569 2552 5623 substantia.
2598 5573 2727 5638 Quis
2760 5585 2862 5631 tam
2892 5580 3134 5636 nefanda:
3163 5586 3433 5653 opini0nis

1862 5645 2113 5705 latentem
2158 5670 2259 5710 non
2299 5660 2523 5743 aspiciat
2558 5662 2769 5728 dolum,
2807 5670 2912 5722 imo
2952 5675 3118 5739 magis
3149 5689 3433 5746 apertum?

1865 5736 2070 5808 Ergone
2098 5742 2189 5797 Dei
2219 5746 2446 5800 Verbum
2474 5736 2573 5817 ει
2606 5751 2837 5820 scipsum
2870 5736 3300 5827 replastnavihel
3330 5736 3433 5828 non
