3990 6390
614 352 709 418 131

1931 367 2155 429 VIGILII
2196 371 2561 435 TAPSENSIS
3735 395 3803 452 liii

611 485 827 526 carnem
858 471 958 528 sibi
989 471 1040 526 in
1070 482 1222 528 uti-r0
1254 475 1438 530 matris
1467 476 1701 530 creavit?
1726 477 1810 531 cui
1839 491 1896 532 se
1928 481 2179 538 incITabiIi
2211 493 2258 551 Α
2287 487 2470 542 Patres
2504 488 2804 542 temeritate
2842 491 3097 561 sacrilega
3130 491 3182 546 in
3224 493 3390 549 simili
3422 499 3612 554 erroris
3634 502 3800 564 crinuue

611 565 771 618 modo
809 565 994 629 univit,
1034 565 1182 634 juxta
1223 565 1528 621 Salomonis
1557 568 1742 633 verba,
1789 568 2056 625 dicentis:
2088 571 2188 625 Sa-

610 656 799 725 pientia
819 657 1086 724 wdiﬁcavit
1108 658 1202 710 sibi
1225 659 1430 710 domum
1453 657 1638 726 (Prov.
1664 674 1736 726 tx,
1772 659 1845 730 l),
1864 675 1980 728 qua:
2011 672 2190 728 posset

611 754 786 798 morte
815 744 1039 809 destrui,
1072 747 1206 799 sicut
1237 747 1350 813 ipse
1379 748 1429 800 in
1461 747 1748 816 Evangelio
1777 751 1852 801 ait
1885 765 1896 798 :
1934 746 2189 803 Destruite

610 832 858 900 templum
885 833 1002 900 hoc,
1031 843 1076 887 et
1101 835 1151 887 in
1175 836 1330 888 tribus
1360 835 1535 888 diebus
1562 836 1820 888 suscitabo
1846 835 1978 888 illud
2008 836 2184 903 (Jean.

612 938 672 987 tt,
710 923 818 990 i9).
859 922 976 976 Hoc
994 965 1008 989 ,
1036 923 1240 993 inquit,
1272 922 1468 977 dicebat
1494 963 1510 990 ,
1536 925 1598 976 de
1625 924 1813 990 templo
1833 923 2057 988 corporis
2085 924 2183 976 sui.

613 1016 669 1072 Si
700 1015 880 1086 itaque
906 1016 1135 1084 seipsum
1159 1015 1521 1084 replasmavit,
1551 1015 1838 1082 plasmatus
1860 1027 1985 1082 ergo
2008 1021 2185 1080 antea,

611 1120 717 1158 non
747 1105 953 1174 genitus
989 1104 1104 1158 fuit.
1133 1103 1243 1157 Nos
1279 1113 1457 1156 autem
1485 1102 1677 1156 Filium
1711 1101 1806 1156 Dei
1843 1111 1966 1154 ante
1991 1099 2187 1154 sazcula

609 1194 678 1249 de
709 1195 864 1248 Patre
894 1208 1000 1247 non
1037 1193 1379 1262 plasmatum,
1424 1192 1516 1245 sed
1557 1191 1791 1259 genitum
1830 1187 2184 1253 conﬁtemur;

611 1285 697 1353 qui
728 1284 808 1348 si,
841 1293 894 1334 ut
930 1296 1024 1336 vos
1053 1280 1326 1347 asseritis,
1359 1280 1660 1334 novissimis
1691 1279 2020 1348 temporibus
2049 1280 2188 1347 seip-

609 1386 726 1428 sum
753 1371 804 1424 in
832 1378 981 1423 utero
1011 1369 1242 1440 Virginis
1266 1368 1630 1437 replasmavit,
1658 1369 1948 1438 plasmatus
1965 1383 2114 1438 ergo,
2131 1378 2186 1424 ut

606 1461 735 1528 dixi,
769 1458 826 1514 id
855 1468 938 1514 est
964 1457 1137 1512 factus
1171 1458 1254 1512 vel
1285 1467 1522 1522 creatus,
1566 1463 1670 1510 ιιοη
1709 1457 1921 1526 genitus
1951 1456 2070 1527 fuit.
2105 1456 2184 1510 Ac

605 1551 684 1606 sic
708 1549 941 1604 obtinuit
961 1547 1216 1602 Arianum
1238 1544 1760 1616 dogma,secundum
1783 1546 1942 1605 istum
1965 1545 2184 1614 impium

605 1651 848 1703 sensum,
895 1637 1151 1689 Iacturam
1193 1649 1441 1690 asserens
1481 1635 1674 1689 Filium
1721 1635 1838 1690 Dei.
1887 1635 2096 1688 Deinde
2138 1635 2182 1688 si

605 1723 1244 1795 seipsum‘replasmavit,
1278 1723 1541 1778 destruxit
1579 1738 1704 1793 ergo
1732 1725 2099 1792 semetipsum,
2131 1725 2182 1778 id

604 1823 687 1868 est
716 1812 768 1866 id
804 1811 945 1881 quod
979 1812 1131 1880 prius
1159 1811 1278 1879 fuit,
1321 1822 1376 1868 et
1406 1812 1750 1882 replasmavit
1791 1827 1849 1868 se
1879 1814 1930 1867 in
1962 1815 2010 1867 id
2042 1815 2180 1883 quod

606 1914 760 1959 antea
802 1904 1052 1960 nonfuit.
1098 1905 1457 1974 Replasmatiu
1484 1907 1626 1961 enim
1666 1907 1782 1962 sine
1819 1907 2182 1965 destructione

606 1994 800 2063 prioris
822 1995 1003 2049 forma:
1027 2010 1130 2049 non
1155 2005 1327 2064 potest
1350 1996 1594 2065 intelligi.
1624 1997 1687 2050 Et
1711 1998 1834 2052 audi
1853 1999 2137 2053 Jercmiam
2161 2013 2178 2054 :

607 2085 770 2150 Dixit,
797 2085 988 2154 inquit,
1018 2084 1265 2140 Dominus
1290 2087 1357 2138 ad
1381 2103 1492 2140 me:
1517 2085 1776 2141 Descende
1803 2089 1855 2141 in
1883 2090 2090 2142 domum
2119 2090 2182 2157 ﬁ-

605 2175 736 2247 guli,
771 2183 817 2227 et
850 2175 922 2228 ibi
958 2175 1134 2229 audies
1172 2174 1321 2228 verba
1359 2191 1469 2227 mea
1507 2190 1525 2229 :
1554 2185 1599 2229 et
1636 2176 1871 2230 descendi
1902 2177 1953 2228 in
1980 2181 2183 2230 domum

607 2263 775 2332 ﬁguli,
813 2271 861 2316 et
894 2278 1007 2318 ecce
1030 2265 1136 2333 ipse
1164 2264 1378 2332 faciebat
1407 2277 1534 2332 Opus
1563 2279 1715 2316 suum
1743 2280 1897 2333 super
1927 2275 2112 2330 rotam,
2137 2276 2183 2318 et

605 2351 989 2403 exterminarunt
1027 2359 1099 2405 est
1137 2367 1225 2405 vas
1251 2353 1389 2421 quod
1421 2350 1656 2420 faciebat,
1693 2352 1744 2404 in
1772 2352 2001 2404 omnibus
2029 2355 2180 2423 ejus:

606 2449 654 2496 et
678 2456 944 2496 conversus
970 2442 1295 2511 replasmavit
1320 2442 1451 2494 illud
1491 2442 1544 2494 in
1573 2441 1738 2508 aliud,
1763 2443 1892 2494 sicut
1919 2444 2182 2512 jlucuerat

607 2532 768 2586 oculis
791 2535 902 2606 ejus
924 2531 1058 2601 (Jer.
1089 2548 1232 2599 xvut,
1263 2532 1346 2603 2).
1376 2533 1534 2589 Vides
1563 2548 1690 2602 ergo
1711 2537 2178 2605 replasmationem

606 2621 886 2676 novissimi
917 2622 1116 2691 operis,
1144 2623 1416 2676 interitum
1450 2624 1819 2678 demonstrare
1847 2624 2077 2692 prioris?
2107 2627 2178 2678 Ita

603 2722 730 2778 ergo
754 2716 810 2763 et
844 2707 1076 2763 Verbum
1104 2710 1197 2764 Dei
1225 2710 1343 2765 sine
1376 2711 1666 2766 abolitione
1692 2721 1746 2766 et
1773 2713 1987 2766 interitu
2013 2723 2181 2766 status

604 2798 688 2851 sui
715 2799 929 2865 prioris,
959 2798 1288 2866 replasmare
1318 2801 1551 2868 seipsum
1587 2817 1691 2856 non
1732 2805 1898 2872 potuit
1937 2806 1990 2857 in
2028 2817 2182 2860 utero

606 2887 819 2939 matris.
864 2885 970 2940 Sed
1009 2896 1066 2941 ut
1101 2888 1481 2953 concedamus,
1520 2892 1659 2959 quod
1702 2892 1858 2962 hujus
1898 2897 2179 2950 sententiae

605 2972 845 3026 conditio
873 2988 978 3027 non
1007 2975 1154 3042 sinit,
1187 2975 1304 3039 sine
1325 2977 1406 3030 sui
1429 2977 1716 3034 abolitione
1743 2982 1976 3050 seipsum
2009 2985 2181 3052 repla-

606 3076 832 3128 smasse,
866 3062 992 3117 nihil
1021 3065 1130 3133 jam
1159 3066 1425 3120 invenitur
1454 3070 1744 3136 sumpsisse
1766 3070 1831 3125 de
1868 3072 2096 3142 Virgine.
2117 3074 2180 3127 Et

606 3150 732 3221 quid
763 3152 1034 3220 quaerebat
1061 3152 1132 3206 ibi
1168 3167 1228 3209 se
1268 3157 1612 3223 replasmare,
1654 3159 1795 3213 unde
1835 3161 2006 3228 pomit
2046 3163 2174 3216 nihil

606 3243 895 3312 acciperet
943 3243 1048 3298 Sed
1076 3245 1120 3298 si
1151 3247 1360 3314 accepit
1389 3248 1543 3317 (quia
1573 3250 1860 3317 Apostolus
1899 3255 1968 3306 ait
1995 3270 2009 3306 :

605 3349 744 3387 mam
771 3335 901 3389 servi
927 3337 1177 3404 accipiens
1207 3336 1462 3411 [Philipp.
1498 3356 1554 3407 ιι,
1585 3339 1664 3412 7])
1697 3342 1823 3396 illud
1855 3346 1968 3400 sine
1995 3347 2177 3414 dubio,

603 3425 745 3495 quod
774 3441 876 3482 nou
904 3437 1036 3490 erat,
1063 3427 1296 3481 uniendo
1324 3429 1424 3483 sibi
1448 3431 1747 3498 plasmavit.
1772 3433 1923 3488 Sicut
1947 3446 2000 3490 et
2024 3437 2180 3492 Pater

603 3517 670 3571 ad
704 3531 824 3570 eum
860 3532 952 3585 per
979 3517 1166 3572 Isaiam
1197 3519 1446 3586 loquitur,
1475 3520 1660 3575 dicens
1689 3538 1702 3575 :
1737 3521 1805 3577 Et
1833 3525 2081 3592 plasnmvi
2111 3536 2176 3593 te,

601 3615 647 3658 et
670 3604 787 3658 dedi
810 3615 856 3658 te
877 3607 929 3658 in
953 3617 1299 3660 testamentum
1319 3610 1541 3679 gentium
1566 3609 1876 3681 (lsai.xt.tx,
1897 3617 1970 3686 8),
1987 3628 2038 3670 et
2065 3619 2179 3686 ipse

602 3697 658 3747 in
688 3693 876 3747 eodem
908 3696 1188 3764 propheta,
1221 3701 1331 3765 pari
1371 3714 1499 3754 voce
1524 3709 1782 3756 testatur:
1815 3705 1876 3757 Et
1907 3723 2039 3758 nunc
2059 3709 2180 3762 dicit

606 3779 874 3845 Dominus,
901 3781 1129 3849 formans
1169 3801 1246 3837 me
1281 3801 1343 3838 ea;
1373 3796 1514 3839 utero
1539 3804 1738 3842 servum
1761 3793 1855 3843 sibi
1875 3792 2065 3860 (Ibid,
2097 3794 2176 3865 v).

608 3868 758 3924 Unde
780 3870 912 3923 mira
936 3871 1261 3939 impudentia
1288 3885 1342 3930 et
1365 3876 1666 3932 detestabili
1693 3882 1969 3948 pravitatis
1995 3899 2180 3941 errore

611 3961 841 4016 Verbum
898 3963 991 4018 Dei
1040 3966 1418 4034 replasmatum
1467 3970 1675 4025 audetis
1724 3987 2008 4042 asserere,
2058 3992 2178 4032 cum

606 4055 710 4111 hoc
757 4055 952 4112 divinis
996 4059 1355 4128 conscriptum
1407 4060 1599 4116 litteris
1649 4079 1906 4133 nusquam
1961 4069 2180 4135 potesus

601 4145 905 4202 ostendere.

677 4238 782 4308 52
813 4235 952 4290 XXI.
983 4235 1050 4292 Et
1076 4238 1198 4306 quia
1231 4237 1444 4308 longum
1473 4251 1555 4296 est
1599 4243 1642 4295 si
1684 4243 1841 4297 velim
1882 4243 2040 4298 istum
2083 4261 2177 4301 ve»

602 4337 772 4383 strum
799 4327 1039 4396 impium
1076 4341 1289 4381 sensum
1319 4331 1688 4386 subtilioribus
1717 4343 1990 4388 coarctare
2029 4350 2177 4404 quae-

604 4413 888 4478 stionibus,
925 4422 980 4468 et
1016 4415 1304 4468 ostendere
1333 4427 1526 4484 quanta
1551 4433 1671 4471 eum
1703 4420 1949 4486 nefanda,
1983 4437 2176 4492 quanta

604 4513 896 4571 sequantur
933 4501 1197 4566 absurda;
1240 4517 1379 4556 nunc
1405 4505 1531 4559 illud
1572 4508 1842 4563 videamus
1865 4552 1880 4576 ,
1913 4515 2052 4581 quod
2083 4529 2176 4567 vos

2288 538 2305 541 _
2333 538 2465 542 η---
2844 538 3097 561 -_-----,,_
3424 538 3612 554 me...
3635 538 3800 564 ιιηηηπ

2288 576 2574 630 vocaretis.
2617 576 2829 632 Nicatna
2878 579 3020 632 enim
3069 581 3315 651 synodus
3361 583 3631 642 Dominum
3668 591 3799 648 Jesum
3897 538 3899 609 ι

2287 666 2581 733 Christum,
2624 667 2918 723 secundum
2958 670 3010 724 id
3049 648 3188 741 quod
3230 682 3362 728 ante
3409 679 3596 732 saecula
3634 681 3690 735 de
3727 684 3799 738 Deo
3897 648 3900 771 ρ

2289 759 2447 815 Patre
2469 763 2680 826 genitus
2701 769 2805 829 est,
2822 763 2978 816 unius
2994 779 3112 818 cum
3135 781 3201 820 eo
3223 765 3364 820 dixit
3384 782 3504 823 esse
3525 771 3797 838 substantia;

2289 851 2409 919 quia
2438 849 2618 904 Ariani
2661 852 2953 906 secundum
2995 854 3099 909 hoc
3138 871 3264 910 eum
3298 857 3451 914 lateri
3487 863 3654 920 nolunt
3688 869 3797 921 IIltllIS

2287 954 2407 994 esse
2455 950 2681 996 natura.
2734 943 2808 996 De
2847 958 2950 1011 qua
2995 945 3138 999 enim
3182 947 3340 1002 vobis
3389 950 3625 1006 videntur
3661 966 3796 1011 natura

2287 1028 2487 1085 dixisse
2511 1031 2592 1085 vel
2618 1031 2825 1087 dicere:
2859 1032 2984 1088 Erat
3013 1037 3221 1104 quando
3249 1055 3352 1092 non
3374 1053 3503 1107 erat,
3525 1051 3568 1094 et
3591 1053 3795 1114 antequam

2287 1131 2576 1174 nasceretur
2602 1139 2700 1176 non
2723 1127 2866 1178 erat?
2889 1127 3068 1193 procul
3092 1127 3258 1184 dubio
3283 1131 3352 1186 de
3380 1143 3561 1188 natura
3583 1135 3728 1191 Verbi.
3746 1139 3795 1194 De

2289 1208 2404 1278 ipsa
2421 1210 2584 1280 igitur
2609 1227 2921 1281 responsum
2950 1230 3280 1286 acceperunt
3305 1223 3447 1289 quod
3470 1237 3663 1292 semper
3677 1239 3790 1291 esset,

2286 1308 2340 1355 et
2363 1301 2568 1356 initium
2601 1319 2705 1358 non
2736 1307 2976 1372 haberet,
2997 1317 3136 1362 etex
3170 1311 3344 1364 nihilo
3375 1328 3477 1366 non
3499 1326 3648 1370 esset.
3663 1316 3794 1385 Neque

2285 1391 2427 1445 enim
2461 1394 2645 1447 Ariani
2677 1403 2920 1450 naturam
2951 1400 3126 1452 carnis
3155 1400 3364 1456 Christi
3389 1418 3454 1457 ex
3482 1405 3635 1459 nihilo
3656 1407 3793 1461 lactat:

2285 1482 2618 1549 asserebant,
2644 1499 2804 1553 quam
2829 1501 2895 1540 ex
2929 1487 3147 1558 Virgine
3176 1503 3518 1559 procreatam
3544 1510 3636 1550 non
3663 1499 3792 1565 utique

2288 1571 2618 1626 nesciebant.
2651 1574 2889 1645 Denique
2919 1589 3271 1649 posteaquam
3309 1583 3624 1640 sufﬁcienter
3642 1586 3696 1640 de
3725 1587 3791 1638 Itac

2285 1662 2463 1717 divina
2505 1665 2622 1719 Filii
2667 1666 2760 1720 Dei
2797 1677 2983 1723 natura
3021 1671 3435 1740 disputaverunt
3477 1675 3787 1745 religiosissimi

2287 1749 2494 1820 Patres,
2538 1757 2588 1809 in
2633 1759 2979 1827 sequentibus
3025 1763 3209 1830 etiam,
3270 1776 3478 1820 natura)
3522 1769 3676 1822 carnis
3711 1768 3788 1835 ejus

2214 1860 2258 1918 Β
2285 1847 2848 1900 commemorationem
2885 1847 3146 1916 fecerunt,
3190 1853 3440 1909 dicentes
3476 1870 3587 1910 eum
3623 1856 3784 1910 descen-

2283 1935 2426 1991 disse
2470 1946 2524 1992 et
2561 1938 2887 1995 incarnatum
2926 1958 3066 1998 esse.
3115 1947 3233 1999 Non
3281 1963 3413 2018 ergo
3456 1949 3475 2018 (
3498 1949 3622 2003 sicut
3655 1959 3696 2002 tu
3724 1963 3786 2001 eos

2281 2040 2535 2082 accusare
2575 2030 2808 2099 voluisti)
2849 2046 3180 2102 prarpostero
3221 2039 3416 2093 ordine
3458 2049 3723 2107 posuerunt,
3747 2050 3782 2088 ιιι

2283 2116 2428 2184 prius
2451 2118 2691 2175 dicerent
2715 2124 3070 2190 incarnatum,
3095 2136 3149 2180 et
3171 2138 3362 2197 postea
3383 2130 3535 2184 unius
3553 2145 3656 2184 cum
3675 2130 3782 2183 Pati:

2281 2212 2620 2279 substantias;
2669 2217 2764 2270 sed
2805 2219 2954 2287 prius
2998 2222 3157 2275 unius
3191 2223 3506 2277 substantiae
3540 2222 3778 2278 vocabulum

2284 2315 2596 2374 pusuerunt,
2625 2310 2763 2377 quod
2790 2312 3019 2380 pertinet
3045 2313 3110 2366 ad
3138 2314 3288 2368 illam
3319 2315 3474 2370 Verbi
3504 2324 3780 2375 natumut:

2282 2411 2382 2464 qua
2427 2401 2649 2466 quaestio
2677 2405 3010 2470 vertebatur;
3045 2413 3097 2460 et
3128 2412 3319 2476 postea
3352 2409 3652 2463 incai'natum
3675 2406 3777 2460 diu-

2283 2496 2430 2554 runt,
2470 2490 2610 2558 quod
2642 2497 2871 2560 pertinet
2909 2496 2976 2548 ad
3005 2499 3185 2552 carnis
3215 2499 3335 2567 ejus
3367 2496 3612 2560 natui'atn,
3636 2497 3688 2550 de
3707 2511 3775 2563 qua

2284 2576 2415 2632 nihil
2453 2578 2626 2636 fuerat
2665 2584 2990 2639 mutilatum.
3024 2587 3127 2658 53
3168 2589 3273 2655 Qui
3305 2603 3433 2658 ergo
3461 2596 3512 2642 et
3548 2588 3713 2654 tempus
3740 2582 3775 2635 ἐι

2282 2667 2526 2721 ordinem
2560 2680 2614 2724 et
2643 2672 3040 2730 distinctionem
3068 2677 3208 2731 inter
3233 2677 3432 2741 Usiam,
3463 2686 3514 2733 et
3535 2673 3760 2730 incarnatio

2284 2768 2402 2807 nem
2435 2771 2785 2816 servaverunt
2815 2780 2826 2814 :
2864 2763 3040 2818 Usiam
3070 2766 3316 2822 dicentes
3343 2777 3628 2843 goaeternam
3650 2763 3772 2822 Patri,

2282 2852 2704 2909 incarnationem
2737 2869 2913 2911 autem
2951 2873 3015 2912 ex
3056 2867 3300 2928 tempore
3331 2862 3539 2926 iactam,
3567 2857 3774 2913 evidettlel’

2284 2943 2337 2996 in
2371 2959 2476 2997 uno
2509 2945 2802 3016 eodemque
2843 2948 2934 3003 Dei
2967 2950 3138 3015 Filio,
3171 2951 3308 3006 duas
3332 2951 3550 3006 confessi
3571 2955 3668 3004 sunt
3689 2958 3770 2997 esse

2285 3044 2528 3096 naturas;
2575 3050 2732 3088 unam
2764 3051 2864 3104 qua
2891 3045 2974 3092 est
3000 3039 3066 3092 tle
3094 3039 3255 3094 Patre
3287 3049 3412 3094 ante
3439 3049 3643 3105 tempora
3668 3030 3769 3100 geni-

2284 3133 2387 3186 tus,
2417 3133 2472 3176 et
2495 3124 2652 3178 aliam
2684 3142 2785 3196 qua
2827 3138 2907 3182 est
2945 3143 3010 3182 ex
3052 3130 3278 3186 muliere
3311 3131 3364 3184 in
3406 3131 3506 3184 ﬁne
3547 3134 3767 3193 temporum

2204 3208 2250 3269 C
2282 3213 2471 3268 ίδθίυεο
2495 3215 2662 3269 Unam
2681 3231 2780 3284 (11³³
2811 3227 2890 3271 εει
2912 3217 3052 3283 Patri
3068 3216 3552 3285 coaiteruus,aliam
3570 3217 3612 3269 in
3629 3216 3767 3280 quaest

2283 3315 2523 3374 tempore
2547 3307 2812 3374 posterior
2841 3309 3108 3364 inventus.
3135 3309 3307 3365 Unam
3335 3325 3450 3380 qua:
3476 3322 3582 3363 eum
3602 3299 3768 3359 ostendit

2283 3395 2424 3449 Patri
2448 3399 2726 3466 aequalem,
2744 3398 2899 3452 aliam
2923 3414 3042 3468 qum
3063 3401 3224 3456 docet
3248 3402 3402 3456 Patre
3424 3415 3534 3455 esse
3555 3396 3762 3451 minorem.

2282 3486 2410 3552 Qua:
2423 3501 2541 3542 cum
2561 3489 2627 3540 ita
2645 3489 2772 3554 sint,
2789 3504 2890 3558 qua
2912 3503 3088 3544 aucmt
3103 3491 3234 3546 itate
3250 3493 3451 3547 audetis
3463 3482 3765 3545 asser'ere,1't0n

2284 3593 2444 3645 posse
2475 3580 2697 3634 inveniri
2725 3581 2775 3634 in
2792 3581 3002 3635 Christo
3021 3583 3218 3650 aliquid
3244 3602 3322 3637 ιη..
3326 3585 3411 3652 jus
3432 3593 3480 3636 et
3506 3579 3667 3636 minus,
3684 3582 3763 3623 cum

2284 3670 2396 3737 ipse
2428 3669 2567 3724 dicat
2595 3689 2605 3723 :
2643 3669 2797 3725 Pater
2835 3676 3000 3742 major
3039 3691 3116 3727 me
3152 3685 3228 3728 est
3259 3676 3436 3747 (Joan.
3465 3681 3563 3739 xlv,
3587 3667 3682 3734 18);
3702 3670 3761 3714 ειτ

2285 3760 2393 3830 Ego
2424 3772 2467 3816 et
2503 3763 2655 3824 I’atcr
2695 3783 2850 3818 unum
2878 3783 3048 3820 sumus
3089 3767 3274 3837 (Joan.
3318 3785 3370 3834 x,
3416 3765 3533 3834 50)?
3565 3763 3620 3815 Et
3649 3757 3762 3812 Lucas

2282 3856 2606 3923 evangelista
2637 3855 2703 3910 de
2737 3858 2850 3924 ipso
2875 3857 3105 3911 referat:
3149 3857 3291 3914 Puer
3329 3857 3486 3912 atitem
3515 3850 3710 3936 crescebat
3733 3851 3764 3936 cf

2281 3947 2656 4014 confortabatur
2678 3947 2829 4016 (Luc.
2847 3963 2885 4015 ι,
2901 3947 2991 4015 80)
3017 3965 3031 4003 :
3057 3951 3184 4016 Qua:
3200 3965 3295 4005 vos
3319 3947 3501 4002 videtis
3523 3934 3762 4012 profession

2283 4042 2439 4092 unius
2481 4049 2683 4092 natura:
2723 4039 2992 4094 contraria
3029 4055 3177 4105 esse;
3217 4045 3340 4111 quia
3382 4053 3481 4093 non
3517 4028 3662 4103 poi'cst
3695 4031 3762 4075 υιη

2280 4141 2492 4193 natura,
2523 4137 2577 4180 et
2607 4130 2838 4184 maxime
2865 4130 3064 4194 divina,
3083 4131 3456 4186 detrimentum
3483 4127 3760 4210 auginenttttlt'

2279 4234 2382 4288 que
2411 4222 2682 4287 recipere,
2711 4228 2768 4275 et
2798 4224 2967 4289 major
2997 4223 3080 4276 vel
3119 4223 3295 4278 minor
3334 4221 3522 4291 pariter
3554 4206 3759 4282 appellari.

2280 4312 2530 4382 Elcgistis
2556 4322 2739 4379 aperta
2770 4313 3118 4382 impudentia,
3145 4325 3330 4370 contra
3363 4313 3511 4366 ﬁdem
3534 4306 3760 4368 SCF'Pwn'

2281 4419 2397 4457 rum
2424 4405 2490 4458 de
2519 4404 2731 4458 Christo
2769 4406 3004 4469 mentiri,
3039 4422 3193 4475 quam
3221 4408 3353 4462 duas
3377 4419 3492 4460 eum
3519 4395 3680 4452 habere
3701 4395 3760 4436 11³·

2282 4503 2427 4546 turas
2454 4495 2713 4550 catholice
2734 4497 2995 4562 conﬁteri,
3022 4513 3116 4566 per
3137 4513 3270 4567 quas
3291 4498 3423 4552 idem
3447 4475 3758 4557 magnusiide‘"

602 4595 804 4648 Ariano
819 4608 978 4648 sensu
993 4593 1190 4648 dixisse
1203 4595 1655 4667 manifestumest,
1671 4615 1773 4652 non
1791 4615 1945 4668 posse
1959 4604 2012 4655 in
2028 4605 2178 4655 Lbri-

2285 4583 2458 4637 minor
2488 4600 2590 4638 non
2615 4596 2788 4654 potest
2811 4587 3082 4656 denegari.

605 4696 689 4739 sto
703 4685 844 4740 aliud
859 4685 1030 4754 majus
1045 4694 1100 4740 et
1113 4687 1286 4740 minus
1300 4686 1820 4757 intelligi,cupientes
1838 4693 1885 4745 ei
1904 4692 2054 4744 solita
2070 4691 2179 4745 cal-

605 4776 825 4830 liditatis
854 4778 1336 4846 argumentatione,
1366 4779 1650 4832 humanam
1679 4781 1888 4836 auterre
1911 4792 2172 4849 naturam,

603 4882 698 4936 per
718 4881 876 4935 quam
903 4867 1072 4936 possit
1097 4866 1316 4922 inferior
1342 4869 1586 4924 inveniri.
1611 4870 1850 4940 Denique
1872 4872 1970 4926 ista
1998 4884 2172 4929 vestra

602 4966 727 5010 sunt
755 4957 915 5011 verba
943 4973 956 5013 :
984 4957 1251 5022 Quomodo
1276 4969 1444 5012 autem
1466 4961 1516 5012 in
1541 4959 1740 5014 Christo
1765 4963 1889 5015 nihil
1911 4980 2170 5034 magnum,

601 5052 729 5106 uiltil
757 5051 1020 5106 minimum
1050 5054 1272 5122 intelligi
1306 5056 1484 5122 possit,
1519 5057 1668 5109 etiam
1697 5057 1741 5110 si
1771 5059 1954 5112 nostris
1988 5061 2172 5112 condc—

597 5139 790 5192 scendit
821 5139 1068 5192 mensuris
1088 5155 1175 5206 per
1191 5155 1335 5192 suam
1357 5143 1681 5205 voluntatem,
1705 5145 1991 5212 manifestat
2016 5147 2167 5198 etiam

597 5233 766 5284 divina
793 5239 1130 5284 trecentorum
1171 5231 1342 5285 decent
1383 5241 1427 5285 et
1465 5242 1574 5286 octo
1600 5232 1814 5286 Patrum
1849 5234 2163 5300 deliberatio,

593 5325 852 5378 continens
875 5324 929 5377 in
963 5339 1124 5376 unum
1163 5323 1435 5376 Dominum
1461 5322 1635 5377 Jesum
1675 5325 1930 5378 Christum
1969 5323 2167 5379 Filium

595 5416 691 5470 Dei
719 5417 955 5485 credere,
982 5431 1125 5484 quem
1149 5425 1195 5470 et
1227 5417 1545 5468 incarnatum
1565 5455 1579 5480 ,
1626 5425 1669 5468 ct
1700 5417 1848 5469 unius
1873 5417 2168 5470 substantia:

593 5523 705 5558 cum
729 5505 883 5562 Patre
903 5515 1242 5578 cognoscunt;
1265 5521 1365 5559 non
1385 5506 1658 5560 dividentes
1680 5507 1924 5560 minorem
1948 5508 1998 5560 in
2020 5505 2168 5561 Chri-

593 5606 670 5648 sto
711 5598 1096 5665 humanitatem,
1137 5607 1186 5653 et
1222 5597 1468 5667 wqualem
1506 5596 1650 5659 Patri
1685 5598 1867 5651 iterum
1909 5598 2161 5653 deitatem.

597 5683 809 5741 Utinam
834 5689 976 5746 solos
999 5705 1089 5746 vos
1115 5691 1166 5745 in
1196 5689 1298 5745 hoc
1320 5703 1501 5746 errare
1531 5689 1757 5755 sciretis,
1779 5698 1838 5767 et
1866 5705 1973 5744 non
1998 5689 2160 5744 etiam

2354 4676 2516 4730 XXII.
2557 4678 2684 4732 Illud
2711 4682 2869 4736 etiam
2900 4683 3024 4737 libet
3070 4693 3387 4750 pertractare
3427 4669 3688 4743 capitulum.
3726 4665 3757 4753 l"
3893 4653 3895 4724 l

2279 4785 2384 4838 quo
2409 4781 2514 4824 tata
2547 4771 2787 4826 cﬁ't'enati
2814 4776 3004 4828 furoris
3026 4778 3185 4830 Vestri
3221 4775 3392 4845 erupit
3418 4763 3618 4825 insania.
3645 4753 3758 4848 idvmf

2281 4872 2449 4918 tentes
2476 4878 2749 4928 asserere,
2780 4867 2920 4934 quod
2957 4866 3182 4921 Verbum
3211 4869 3298 4921 Dei
3333 4880 3422 4935 per
3441 4863 3645 4916 naturam
3669 4841 3758 4935 tm"

2277 4955 2480 5020 nitatis,
2515 4971 2616 5008 nou
2649 4970 2739 5022 per
2767 4933 3010 5010 naturam
3060 4956 3433 5013 incarnationis
3484 4960 3598 5006 sua}:
3627 4933 3754 5006 Pal?"

2279 5044 2384 5098 bile
2413 5047 2648 5113 seipsom
2676 5056 2728 5100 et
2758 5047 2966 5102 visibile
3011 5049 3283 5118 dignatum
3329 5055 3409 5102 est
3448 5032 3754 5120 demonsmfﬂff

2277 5135 2401 5188 llaac
2425 5137 2566 5188 enim
2597 5145 2719 5188 sunt
2745 5138 2907 5191 verba
2936 5149 3139 5193 vestra:
3172 5139 3320 5204 Quod
3341 5141 3380 5192 is
3406 5133 3488 5205 qui
3509 5130 3554 5182 in
3573 5118 3754 5192 princip“

2273 5235 2381 5278 mu
2419 5226 2658 5293 Verbum.
2688 5230 2776 5297 qui
2807 5245 2894 5295 Ρεῖ
2922 5230 3192 5299 Prophetas
3223 5231 3491 5302 riuitjiatus,
3515 5228 3615 5270 caro
3638 5207 3754 5302 [mli

2271 5327 2364 5382 εει,
2397 5334 2549 5388 super
2580 5327 2765 5373 terram
2789 5321 2921 5374 visus
2950 5330 3045 5386 est,
3069 5332 3248 5376 etcum
3270 5317 3536 5376 hominibus
3560 5299 3754 5357 converta-

2270 5423 2368 5478 tus,
2393 5413 2601 5466 visibilis
2622 5422 2667 5466 et
2693 5415 2965 5483 palpabilis
2996 5419 3180 5484 factus,
3223 5418 3323 5471 vita
3356 5419 3527 5507 teterna
3558 5388 3751 5514 (λιιιχίζὲ

2271 5502 2410 5558 Deus
2439 5504 2501 5557 sit
2529 5544 2545 5570 ,
2587 5478 2855 5559 attestatur
2900 5478 3074 5559 beatus
3123 5478 3379 5567 Joannes,
3430 5497 3577 5551 dicem
3605 5498 3620 5536 ἔ
3643 5478 3748 5578 om}:

2270 5604 2386 5648 erat
2411 5595 2477 5646 ab
2499 5558 2676 5660 initio,
2706 5595 2845 5666 quod
2875 5597 3197 5664 audivimus,
3224 5595 3360 5667 quod
3407 5586 3608 5641 vidimus
3629 5558 3749 5667 oculis

2272 5688 2488 5754 nostris,
2519 5688 2658 5757 quod
2687 5691 3010 5758 aspeximus,
3039 5699 3092 5746 et
3120 5706 3306 5746 manus
3335 5689 3513 5741 nostra:
3553 5661 3746 5722 περιθεῖεν·
