3990 6390
194 400 296 455 155

1286 400 1563 458 CONTRA
1600 401 2065 460 EUTYCHETEM
2109 406 2231 462 LIB.
2273 405 2335 462 V.

3359 409 3451 467 ιδι

192 520 317 565 runt
343 510 410 565 de
435 509 610 566 Verbo
639 520 760 567 Vita:
788 512 843 581 (1
867 511 1020 566 Joan.
1057 514 1116 583 ι).
1180 514 1445 582 Quantum
1483 532 1581 587 ego
1612 518 1664 571 in
1695 519 1777 574 his
1803 531 1855 589 Α
1880 525 2001 593 quid
2028 524 2246 589 erimus;
2276 540 2388 577 cum
2420 533 2583 577 autem
2609 527 2921 592 apparuerit,
2952 524 3141 580 similes
3170 528 3214 581 ei
3239 530 3447 590 erimus,

198 600 370 655 verbis
432 600 729 672 intell=gere
786 605 935 672 potui
988 604 1091 659 hoc
1144 605 1273 660 mihi
1326 607 1579 662 videmini
1634 609 1775 664 velle

190 700 455 755 astruere,
487 693 627 760 quod
660 691 941 747 Trinitatis
984 704 1195 760 natura,
1225 697 1475 764 quoniam
1506 708 1588 752 cst
1614 697 1773 752 Verbi

189 790 402 844 natura,
426 796 544 849 qua:
587 782 868 838 invisibilis
923 800 1135 855 semper
1205 795 1259 841 et
1321 788 1775 844 incontrectabilis

192 882 489 939 permanet,
533 874 583 925 in
614 874 726 941 ipsa
778 888 836 929 se
869 874 1101 930 Verbum
1150 877 1242 931 Dei
1278 878 1484 933 visibile
1510 890 1564 934 et
1592 881 1773 949 palpa-

190 962 297 1016 bile
327 964 633 1031 pncbuerit,
666 978 769 1018 non
803 966 854 1019 in
887 975 1071 1021 natura
1124 969 1325 1034 carnis,
1381 983 1537 1037 quam
1592 971 1694 1023 sibi
1724 972 1775 1024 in

194 1065 349 1106 utero
378 1056 562 1106 matris
592 1057 778 1109 univit.
810 1056 963 1122 Quod
993 1059 1037 1111 si
1086 1057 1159 1111 ita
1202 1067 1304 1123 est,
1336 1060 1460 1128 quid
1509 1060 1608 1113 hac
1658 1077 1773 1129 pro-

190 1143 429 1197 fessione
454 1143 560 1215 54
584 1146 825 1214 impium,
882 1148 1010 1215 quid
1068 1149 1384 1217 sacrilegmn
1460 1150 1584 1213 erit,
1638 1154 1776 1204 unde

191 1248 293 1287 nos
324 1243 480 1288 tanta:
512 1234 746 1301 perﬁdiae
778 1245 832 1290 et
880 1238 1194 1292 temeritatis
1252 1239 1580 1292 detestantes
1628 1255 1778 1292 etru-

191 1339 332 1389 rem,
354 1325 575 1380 Joannis
603 1328 829 1395 apostoli
856 1328 1042 1395 verba,
1071 1343 1189 1397 qua:
1218 1329 1304 1382 isti
1334 1330 1397 1383 ad
1424 1331 1775 1399 patrocinium

192 1404 470 1482 pravitatis
500 1429 611 1469 sua:
660 1416 892 1484 pessime
947 1418 1260 1483 abutuntur,
1311 1435 1414 1471 nun
1469 1420 1574 1473 alio
1618 1434 1775 1487 quam

192 1506 431 1573 ejusdem
463 1507 686 1574 apostoli
742 1522 902 1562 sensu
959 1517 1287 1572 tractemus,
1350 1511 1776 1578 constringentes

193 1597 341 1665 prius
376 1607 425 1649 et
455 1606 787 1651 coarctantes
818 1598 1042 1652 istorum
1078 1599 1421 1667 imperitiam,
1465 1612 1517 1654 ut
1550 1616 1773 1668 respon-

192 1686 378 1752 deant,
407 1688 675 1754 quomodo
700 1689 745 1742 si
776 1688 828 1741 iu
854 1702 1042 1743 natura
1073 1691 1367 1743 divinitatis
1397 1704 1506 1744 sua:
1551 1692 1691 1745 visus
1724 1702 1774 1745 ct

189 1777 434 1845 palpatus
462 1786 544 1832 est
574 1778 665 1833 Dei
695 1778 885 1847 Filius,
916 1795 1078 1849 quare
1109 1796 1230 1834 eum
1257 1782 1356 1835 soli
1427 1785 1650 1849 apostoli
1696 1786 1774 1835 vi-

187 1867 333 1921 disse
354 1877 408 1920 et
438 1867 684 1935 palpasse
713 1870 965 1923 credendi
998 1880 1151 1934 sunt;
1185 1886 1303 1924 cum
1336 1874 1445 1940 pari
1490 1873 1694 1925 visione
1721 1882 1775 1926 et

1874 614 1997 683 quia
2021 614 2297 667 videbimus
2328 630 2443 667 eum
2498 616 2643 668 sicuti
2678 628 2749 669 est
2778 617 2839 686 (1
2871 616 3028 671 Joan.
3068 634 3145 687 Ill,
3172 619 3249 687 2).
3300 623 3453 676 Certe

1877 705 2206 773 palpaverat,
2237 716 2381 760 certe
2423 705 2626 761 viderat
2672 722 2810 761 eum.
2865 708 3003 775 Quid
3043 724 3102 765 se
3150 710 3309 779 igitur
3360 728 3455 780 pro

1878 811 2071 865 magno
2092 797 2434 851 beatitudinis
2460 815 2677 853 munere
2710 801 2945 856 visurum
2998 814 3276 871 prmoptat,
3307 816 3360 859 et
3386 804 3454 859 ibi

1879 896 2044 941 totam
2090 888 2171 940 sui
2206 887 2407 941 laboris
2438 892 2737 946 mercedem
2792 894 3087 959 constituit,
3146 895 3189 948 si
3216 912 3335 951 eum
3380 901 3459 951 vi-

1877 976 2039 1030 deat?
2072 976 2205 1046 (Non
2235 978 2377 1031 enim
2407 980 2480 1031 ait
2507 982 2740 1043 vidimus,
2763 982 2854 1036 sed
2882 984 3152 1039 videbimus
3173 1002 3285 1038 eum
3311 989 3459 1040 sicuti

1877 1075 1949 1119 est
1978 1081 1995 1117 .·
2028 1067 2497 1134 necnitapparuit,
2527 1070 2619 1122 sed
2669 1087 2785 1122 cum
2837 1074 3150 1143 apparuerit)
3197 1076 3296 1129 nisi
3339 1079 3459 1146 quia

1880 1155 2169 1211 Filiusnon
2202 1157 2745 1224 apparuitsicutiest,
2783 1162 2875 1215 sed
2926 1164 3081 1217 sicuti
3132 1164 3297 1221 factus
3343 1182 3456 1234 est,

1877 1258 1929 1301 et
1961 1248 2079 1301 ideo
2111 1264 2212 1303 non
2242 1258 2323 1301 est
2350 1249 2490 1303 visus
2533 1250 2585 1303 in
2611 1252 2708 1305 hoc
2733 1253 2928 1307 sarculo
2955 1257 3111 1311 sicuti
3136 1268 3237 1324 est,
3267 1260 3359 1312 scd
3391 1263 3461 1312 si-

1877 1338 1983 1391 cuti
2016 1338 2186 1391 factus
2214 1348 2315 1403 est,
2345 1339 2601 1393 videndus
2629 1342 2679 1393 in
2710 1342 2888 1396 futuro
2917 1345 3074 1399 sicuti
3094 1356 3193 1399 est.
3227 1346 3461 1402 Credon-

1878 1428 1946 1481 do
1966 1444 2115 1497 ergo,
2163 1446 2266 1482 non
2301 1429 2549 1498 videndo,
2597 1431 2673 1484 ait
2726 1433 3015 1495 Apostolus
3054 1437 3250 1491 vidgsse
3303 1454 3361 1491 se
3412 1441 3461 1492 id

1878 1518 2016 1587 quod
2052 1519 2117 1573 ab
2142 1519 2294 1573 initio
2324 1529 2426 1574 est.
2468 1521 2608 1573 Vidit
2639 1537 2731 1589 per
2761 1522 2879 1576 fidei
2926 1528 3198 1593 speculum
3252 1529 3305 1582 in
3331 1533 3462 1582 auti-

1877 1621 2078 1681 gmate,
2110 1613 2319 1666 visurus
2373 1613 2700 1667 manifestius
2739 1615 2933 1683 rejecto
2956 1616 3241 1688 velamine,
3272 1620 3338 1674 de
3362 1636 3462 1689 qua

1878 1704 2096 1758 visionis
2125 1704 2555 1759 ntanifestatione
2582 1721 2698 1774 quae
2728 1708 2854 1760 solis
2886 1706 3459 1780 lidelibusreservatur,

1879 1795 1992 1862 ipse
2025 1794 2278 1848 Dominus
2322 1797 2371 1849 in
2419 1797 2705 1864 Evangelio
2731 1798 2942 1852 dicebat
2985 1816 2998 1852 :
3036 1799 3135 1866 Qui
3166 1801 3333 1871 diligit
3384 1821 3462 1857 me

1878 1886 2170 1954 diligetura
2199 1885 2355 1939 Patre
2406 1902 2536 1952 ineo,
2571 1898 2615 1939 et
2674 1904 2780 1958 ego.
2819 1891 3077 1941 ostendam
3125 1891 3173 1943 ei
3218 1893 3461 1961 meipsum

185 1960 426 2026 palpata,
456 1959 651 2014 milites
674 1976 885 2029 quoque
910 1961 999 2030 qui
1022 1977 1141 2014 eum
1186 1963 1586 2026 crucifixerunt,
1640 1980 1770 2017 con-
1804 1950 1851 2009 Β
1880 1950 2058 2043 (Joan.
2093 1990 2202 2038 xw,
2233 1972 2345 2042 2i).
2381 1974 2436 2029 Si
2466 1950 2721 2029 videbant
2741 1992 2860 2031 eum
2892 1978 3139 2045 apostoli,
3196 1950 3460 2049 quomodo

184 2051 535 2135 trectaverint
560 2058 615 2105 et
638 2052 866 2106 viderint
896 2070 906 2105 :
937 2066 990 2107 et
1013 2068 1107 2122 per
1152 2056 1252 2108 hoc
1306 2057 1512 2111 Patrem
1564 2071 1773 2126 quoque

183 2144 375 2198 videre
397 2151 710 2214 potuerunt;
741 2147 862 2217 quis
893 2148 1005 2217 ipse
1026 2152 1137 2202 ait:
1172 2148 1269 2215 Qui
1314 2167 1391 2203 me
1441 2151 1595 2218 videt,
1642 2153 1773 2203 videt

181 2245 232 2289 et
262 2234 472 2290 Patrem
506 2236 685 2307 (Joan.
718 2255 821 2305 xw,
853 2240 954 2309 9)?
984 2241 1120 2308 Quid
1161 2243 1260 2297 hac
1305 2244 1635 2312 professione
1676 2246 1774 2297 im-

182 2326 336 2393 pium
357 2328 498 2381 erit?
528 2328 732 2385 Deinde
749 2330 877 2399 quid
903 2345 1125 2387 necesse
1150 2332 1248 2387 fuit
1269 2336 1527 2403 Apostolo
1554 2336 1731 2389 dicere
1755 2352 1771 2391 :

184 2417 340 2482 Quod
372 2419 586 2473 vidimus
616 2424 1001 2487 annuntiamus,
1032 2438 1151 2477 cum
1183 2439 1369 2479 omnes
1421 2426 1498 2479 illi
1528 2428 1616 2495 qui
1652 2437 1776 2479 tunc

183 2511 433 2576 aderant,
489 2513 620 2566 etin
679 2528 801 2567 eum
840 2514 1203 2584 crediderant,
1253 2518 1503 2570 sunilitcr
1552 2518 1779 2570 viderint

186 2605 351 2661 eum?
379 2606 529 2671 Quod
583 2621 703 2661 cum
731 2608 800 2661 ita
847 2610 1051 2664 sentire
1100 2610 1387 2664 absurdum
1447 2622 1499 2665 et
1548 2611 1780 2665 vanitate

187 2696 414 2764 plenum
443 2696 532 2762 sit,
564 2700 825 2766 spiritalia
856 2699 1097 2768 Apostoli
1138 2702 1295 2754 verba
1326 2702 1639 2769 spiritaliter
1686 2701 1780 2755 ad—

183 2796 489 2853 vertamus,
521 2789 714 2858 quibus
730 2804 789 2845 se
810 2806 915 2845 non
941 2792 1107 2845 oculis
1135 2802 1187 2847 et
1203 2793 1446 2846 manibus
1469 2794 1742 2863 corporeis
1759 2835 1772 2857 ,

184 2877 286 2933 sed
311 2877 581 2933 interioris
612 2880 843 2933 hominis
873 2882 1128 2936 membris
1158 2884 1375 2948 vidisse,
1429 2891 1483 2937 et
1534 2884 1777 2953 palpasse

182 2967 421 3023 Verbum
443 2968 536 3024 Dei
568 2978 815 3024 testatur.
846 2972 980 3036 Quia
1012 2972 1204 3041 quibus
1230 2973 1447 3028 naribus
1499 2976 1632 3027 odor
1660 2975 1776 3042 ejus

181 3059 457 3127 hauritur,
483 3071 535 3115 et
561 3076 667 3130 quo
697 3076 791 3116 ore
820 3064 1055 3116 suavitas
1077 3063 1193 3131 ejus
1209 3072 1470 3133 gustatur,
1490 3063 1616 3132 ipsis
1642 3077 1773 3117 ocu-

180 3154 248 3207 lis
279 3162 338 3208 et
377 3154 592 3208 auribus
615 3165 669 3209 et
691 3155 933 3209 manibus
958 3165 1337 3211 contrectatur.
1383 3158 1615 3225 Denique
1646 3157 1776 3210 dicit

181 3245 251 3299 ad
278 3261 405 3299 eum
453 3244 733 3299 Ecclesia:
767 3245 1095 3317 Unguentum
1142 3246 1358 3314 e/fusum
1401 3264 1578 3300 nomen
1634 3259 1775 3299 tuum

181 3333 365 3405 (Cant.
393 3351 429 3402 ι,
461 3336 518 3405 2)
549 3351 565 3402 ;
597 3344 652 3390 et
681 3349 697 3390 :
726 3334 848 3390 Post
878 3345 926 3390 te
955 3338 1009 3390 in
1032 3337 1237 3391 odorem
1274 3348 1642 3407 unguentorum
1668 3347 1777 3391 tuo-

180 3442 304 3480 rum
332 3443 593 3480 curramus
620 3427 792 3495 (Cant.
813 3442 850 3492 ι,
882 3427 959 3497 '5).
989 3428 1056 3482 Et
1084 3426 1306 3481 Paulus:
1340 3426 1543 3487 Christi,
1580 3428 1773 3495 inquit,

183 3523 349 3574 bonus
365 3520 491 3573 odor
507 3535 684 3573 sumus
712 3517 798 3590 (II
814 3519 934 3575 Cor.
961 3535 1021 3585 ιι,
1046 3518 1157 3587 15).
1178 3520 1242 3573 Et
1275 3519 1434 3572 David
1460 3518 1700 3573 :Gustate
1730 3530 1777 3571 et

182 3615 353 3667 videte
386 3612 623 3681 quoniam
648 3612 819 3665 suavis
846 3620 920 3664 est
970 3609 1221 3664 Dominus
1277 3609 1444 3679 (Psal.
1482 3624 1665 3671 xum,
1697 3608 1775 3677 9).

181 3706 424 3760 Credere
449 3720 576 3775 ergo
613 3706 665 3758 in
698 3704 888 3757 Filium
914 3703 1028 3761 Dei.
1060 3704 1161 3758 hoc
1206 3714 1288 3758 est
1341 3703 1540 3768 videre,
1570 3708 1665 3754 hoc
1695 3711 1778 3755 est

183 3798 401 3863 audire,
435 3798 536 3851 hoc
587 3804 672 3851 est
732 3796 967 3861 odorari,
1023 3794 1125 3849 hoc
1179 3806 1259 3849 est
1284 3806 1515 3864 gustare,
1543 3792 1642 3846 hoc
1695 3800 1778 3846 est

159 3899 524 3947 contrectare
563 3903 706 3943 eum.
737 3888 793 3943 in
822 3895 962 3941 tactu
991 3897 1166 3941 autem
1200 3885 1420 3940 lirmitas
1448 3884 1776 3939 credulitatis

181 3983 508 4045 insinuatur,
540 3980 624 4035 cui
676 3982 853 4036 sensui
907 3995 1013 4049 prae
1046 3980 1256 4033 caeteris
1309 3978 1555 4033 sensibus
1607 3979 1778 4046 major

181 4073 322 4126 fides
352 4073 631 4125 habeatur.
656 4070 787 4124 Nam
818 4080 871 4124 et
901 4072 1038 4124 oeuli
1067 4071 1461 4139 phantasmate,
1516 4078 1570 4122 et
1617 4083 1776 4123 aures

181 4163 472 4217 mendacio
499 4176 643 4228 saepe
669 4161 939 4216 falluntur.
974 4162 1084 4216 Hoc
1111 4176 1241 4231 ergo
1284 4176 1444 4215 sensu
1490 4160 1778 4229 Apostolus

182 4256 265 4307 ita
294 4268 415 4306 emn
446 4254 710 4321 tetigerat,
754 4253 807 4307 id
860 4262 944 4307 est
996 4255 1063 4307 ita
1129 4257 1183 4307 in
1238 4269 1358 4307 eum
1409 4253 1777 4306 iundatissime

182 4341 514 4405 crediderat,
548 4353 603 4394 ut
624 4356 891 4410 nunquam
918 4343 986 4396 de
1014 4356 1078 4396 eo
1130 4330 1314 4410 posset
1362 4342 1647 4411 abquando
1674 4341 1776 4395 du-

180 4434 379 4490 bitare.
413 4432 476 4485 Et
526 4432 647 4486 ideo
667 4433 778 4485 ait:
813 4432 962 4497 Quod
1015 4434 1175 4487 ocu'is
1226 4434 1413 4487 nostris
1451 4435 1686 4497 vidimus,
1729 4442 1777 4486 et

180 4540 371 4577 manus
408 4534 594 4577 nastrw
619 4524 953 4593 palpaverunt
976 4523 1029 4598 (Ι
1056 4524 1215 4578 Joan.
1250 4541 1287 4591 ι,
1323 4526 1398 4595 1).
1450 4526 1579 4580 Nam
1629 4524 1775 4579 vide-

1877 2068 1946 2122 ob
1972 2067 2273 2121 dilectionis
2327 2072 2593 2133 meritum,
2637 2080 2971 2123 ostensurum
3004 2084 3061 2124 se
3084 2071 3161 2124 eis
3193 2072 3244 2123 in
3286 2070 3461 2126 futuro

1879 2158 2247 2227 pollicebatur,
2277 2160 2377 2212 nisi
2402 2161 2523 2228 quia
2545 2159 2791 2213 videbant
2815 2170 2866 2214 et
2897 2177 3001 2214 nun
3028 2162 3277 2216 videbant
3306 2165 3460 2217 eum?

1878 2250 2143 2305 Videbant
2170 2267 2291 2306 eum
2319 2252 2471 2304 sicuti
2505 2252 2671 2305 lactus
2700 2261 2803 2315 cst,
2837 2264 2888 2305 et
2915 2268 3018 2306 nun
3046 2252 3296 2307 videbant
3338 2270 3461 2310 eum

1877 2340 2031 2393 sicuti
2061 2340 2481 2395 est.Credebant
2503 2350 2675 2395 tamen
2708 2343 2863 2395 sicuti
2894 2352 2995 2407 est,
3054 2352 3108 2397 et
3166 2343 3286 2397 ideo
3310 2345 3459 2398 vide-

1882 2429 2009 2483 bant
2038 2445 2157 2483 eum
2192 2431 2351 2484 sicuti
2373 2440 2471 2484 est.
2514 2432 2714 2485 Merces
2740 2434 2882 2486 enim
2940 2435 3267 2488 credulitatis
3295 2438 3461 2489 mani-

1880 2521 2090 2574 festatio
2110 2530 2192 2575 est
2223 2520 2457 2575 visionis.
2493 2521 2548 2575 Si
2579 2508 2757 2575 autem
2783 2522 2904 2575 huic
2946 2524 3265 2590 expositioni
3298 2524 3461 2577 obsti-

1882 2612 2159 2666 natissime
2192 2612 2444 2665 resistere
2469 2613 2646 2678 vultis,
2699 2624 3001 2666 asserentes
3028 2612 3254 2666 Verbum
3285 2613 3335 2667 in
3368 2629 3461 2667 sua

1881 2715 2070 2756 natura
2096 2702 2457 2771 apostolorum
2488 2702 2732 2756 manibus
2764 2712 3174 2769 contrectatum,
3206 2703 3327 2757 date
3369 2719 3463 2756 no-

1879 2793 1961 2847 bis
2007 2792 2165 2860 hujus
2221 2792 2586 2861 intelligentia:
2641 2794 2897 2862 integram
2956 2794 3238 2847 verborum
3277 2808 3462 2847 conse-

1877 2887 2184 2954 quentiam:
2218 2901 2322 2939 non
2350 2887 2490 2939 enim
2547 2887 2620 2939 ait
2648 2886 2937 2954 Apostolus
2970 2903 2982 2937 :
3040 2885 3104 2937 Et
3150 2902 3328 2940 ntanus
3371 2902 3461 2939 no-

1877 2985 1995 3029 strae
2025 2985 2357 3028 tractaverunt
2396 2973 2612 3028 Verbum
2650 2977 2781 3040 vitro,
2831 2976 2924 3029 sed
2974 2985 3333 3043 tractaverunt,
3386 2977 3460 3029 in~

1878 3066 2013 3133 quit,
2038 3067 2098 3118 de
2120 3065 2284 3119 Verbo
2311 3068 2422 3119 vita:
2450 3064 2500 3137 (1
2523 3065 2677 3119 Joan.
2702 3082 2738 3131 ι,
2764 3068 2836 3134 l).
2871 3065 2983 3119 Non
3004 3082 3130 3135 ergo
3152 3066 3344 3136 ipsum,
3368 3068 3461 3121 sed

1877 3158 1943 3211 de
1968 3158 2083 3224 ipso
2105 3165 2463 3233 tractaverunt
2482 3176 2492 3208 :
2510 3158 2645 3225 quod
2665 3175 2769 3212 non
2795 3159 2857 3212 ad
2882 3160 3353 3214 contrectationem
3377 3164 3459 3212 vi-

1881 3250 2051 3303 sibilis
2091 3259 2281 3314 tactus,
2311 3253 2404 3304 sed
2457 3250 2521 3303 ad
2550 3252 3022 3305 contrectationem
3064 3252 3255 3306 mentis
3310 3252 3459 3306 inve-

1884 3340 2026 3393 nitur
2049 3341 2477 3394 manifestissime
2508 3342 2796 3408 pertinere.
2824 3340 3024 3396 Deinde
3053 3343 3288 3411 nunquid
3339 3358 3463 3409 apo-

1881 3430 1999 3506 stoli
2032 3430 2083 3482 in
2109 3429 2209 3483 hoc
2248 3431 2408 3483 totius
2436 3430 2556 3482 fidei
2615 3434 2989 3484 auctoritatem
3044 3432 3461 3493 c‘unstituebant,

1884 3530 1939 3574 ut
1964 3522 2325 3588 crederemus,
2361 3536 2453 3575 eos
2486 3520 2577 3575 Dei
2604 3521 2831 3575 Verbum
2880 3521 3175 3575 visibilibus
3219 3521 3461 3573 manibus

1880 3623 2263 3677 contrectasse,
2303 3613 2443 3665 unde
2472 3622 2748 3680 corteptus
2780 3621 2863 3665 est
2891 3611 3084 3664 dubius
3115 3612 3203 3665 ille
3232 3611 3461 3678 discipu‘

1885 3701 1989 3767 lus,
2025 3702 2113 3770 qui
2146 3703 2232 3756 t;.|i
2265 3703 2427 3755 voluit
2490 3703 2857 3770 experimento
2921 3702 3198 3755 Dominum
3254 3712 3460 3778 perter-

1881 3804 1995 3849 tare
2007 3798 2027 3847 ?
2058 3805 2146 3848 aut
2173 3796 2438 3865 quomodo
2454 3810 2571 3848 eum
2598 3797 2675 3849 eis
2694 3794 2846 3863 hujus
2857 3793 3038 3865 gratia:
3051 3795 3355 3847 societatem
3373 3794 3460 3845 ha-

1880 3888 2010 3942 bere
2038 3903 2317 3958 possumus
2337 3932 2350 3955 ,
2377 3903 2481 3941 non
2508 3888 2748 3941 valentes
2773 3887 2987 3956 palpare
3008 3886 3301 3949 Christum,
3324 3887 3459 3941 sicut

1878 3979 1955 4033 illi
1993 3980 2374 4049 palpaverunt?
2401 3980 2571 4043 Quod,
2602 3980 2789 4048 inquit.
2825 3980 3043 4031 vidimus
3075 3987 3119 4030 et
3150 3978 3457 4041 audivimus,

1878 4074 2241 4124 annuntiamus
2268 4072 2427 4136 vobis,
2457 4080 2511 4121 ut
2541 4081 2585 4121 et
2616 4086 2700 4122 vos
2730 4069 3015 4121 societatem
3046 4068 3268 4120 habeatis
3314 4068 3457 4121 nobi-

1877 4178 2019 4215 scum
2048 4161 2101 4230 (Ι
2123 4161 2277 4215 Joan.
2308 4177 2344 4225 t,
2372 4161 2449 4229 3).
2478 4160 2717 4214 Societas
2746 4170 2923 4213 autem
2954 4173 3072 4211 cum
3095 4159 3193 4221 eis,
3215 4156 3336 4210 hinc
3361 4160 3459 4212 erit

1878 4253 2057 4316 nobis,
2082 4253 2129 4307 si
2160 4252 2267 4321 56
2286 4243 2566 4305 credamus
2614 4252 2751 4303 sicut
2788 4259 2842 4304 et
2880 4249 2979 4314 illi,
3013 4250 3063 4302 in
3106 4248 3297 4302 Filium
3340 4248 3456 4310 Dei,

1878 4360 2035 4415 quem
2055 4346 2344 4399 secundum
2370 4343 2698 4397 divinitatem
2727 4344 2827 4398 lide
2856 4344 3030 4396 cordis
3056 4342 3455 4404 intellexerunt,

1878 4446 1933 4491 et
1954 4436 2246 4491 secundum
2276 4434 2653 4489 humanitatem
2708 4434 2976 4502 corporeis
3025 4433 3191 4486 o.ulis
3239 4447 3459 4499 aspexe-

1878 4536 2020 4579 runt.
2055 4527 2115 4578 lit
2138 4524 2387 4595 quoniam
2411 4525 2657 4579 omnibus
2688 4524 2912 4591 objectis
2934 4541 2959 4574 a
2983 4533 3031 4577 te
3056 4533 3239 4576 contra
3268 4523 3459 4575 Leonis

181 4626 309 4671 runt
340 4617 518 4684 utique
535 4625 588 4670 et
618 4623 1088 4672 contrectaverunt
1109 4619 1267 4672 etiam
1292 4619 1553 4675 increduli
1582 4618 1768 4671 Filium
1803 4658 1848 4719 υ
1875 4618 2156 4687 epistulam
2196 4618 2465 4687 capitulis,
2488 4620 2829 4685 competenti,
2860 4625 2916 4668 ut
2953 4615 3205 4679 arbitror,
3234 4630 3458 4681 respuu—

181 4708 301 4771 Dei,
329 4723 423 4775 per
454 4717 696 4761 naturam
721 4711 895 4764 carnis
917 4711 1063 4778 ejus;
1088 4711 1180 4765 sed
1209 4712 1309 4766 soli
1338 4714 1575 4782 Apostoli
1599 4726 1765 4781 agno-

182 4813 377 4858 verunt
413 4814 470 4858 et
508 4815 750 4859 naturam
781 4805 1071 4860 divinitatis
1112 4807 1247 4873 ejus.

258 4894 449 4950 XXIII.
478 4896 630 4963 Quod
660 4907 715 4950 ut
739 4899 948 4951 noveris
966 4898 1765 4967 apostolum.Ioannem,tactum

182 4987 264 5041 vel
307 4986 574 5041 visionem
618 5001 714 5054 pro
748 4988 942 5042 mentis
998 4988 1315 5041 credulitate
1366 4987 1765 5053 posuisse,audi

182 5077 304 5143 quid
323 5077 379 5129 in
407 5076 1049 5147 558equentabusdcnt:
1078 5075 1279 5142 Filioli,
1302 5078 1513 5129 necdum
1527 5078 1768 5144 apparuit

1873 4710 2026 4764 sione
2052 4712 2406 4778 oecurrimus,
2459 4719 2512 4764 et
2564 4708 2796 4762 inanium
2836 4706 3185 4775 quiestionum
3233 4704 3456 4758 nebulas

1872 4802 2070 4873 fulgida
2095 4804 2335 4858 veritatis
2375 4804 2571 4856 lumine
2626 4800 3010 4870 eliugavimus;
3065 4813 3201 4851 nunc
3265 4806 3318 4849 et
3366 4798 3454 4847 illa

1873 4892 2168 4957 videamus,
2199 4907 2317 4958 qum
2340 4901 2523 4944 contra
2556 4891 2837 4943 concilium
2863 4889 3296 4941 tilialcedonense
3328 4899 3455 4937 cun-

1873 4984 2167 5037 tnmeliosis
2200 4984 2415 5036 vocibus
2439 4983 2767 5046 aliIn-lastis;
2809 4995 3034 5050 quorum
3076 4978 3451 5033 refutationem

1871 5078 1976 5130 alio
2008 5079 2278 5132 ordiemur
2302 5078 2473 5131 initio.

2782 5207 3334 5230 Μ*

1165 5232 2481 5436 mmmam.

1059 5515 1371 5559 DEFBNSIO
1416 5516 1691 5559 DECRETI
1737 5513 1971 5556 SYNODI
2019 5513 2589 5556 CBALCEDONENSIS.

1596 5628 1786 5641 —_

261 5705 311 5758 l.
342 5702 530 5758 Sciens
556 5700 740 5756 beatus
758 5698 1029 5769 apostolus
1056 5698 1254 5752 Paulus
1281 5698 1509 5766 profana
1530 5705 1584 5751 et
1612 5698 1769 5749 noxia

192 5794 396 5851 lethalis
434 5794 691 5851 doctrinae
720 5792 958 5850 instituta
987 5804 1147 5861 posse
1195 5791 1308 5847 veri
1358 5790 1538 5860 specie
1584 5789 1771 5845 obum-

1791 5626 2076 5641 -

1880 5694 2023 5748 brari
2054 5703 2107 5749 et
2129 5693 2416 5749 latentibus
2440 5692 2756 5745 intrinsecus
2778 5681 3133 5751 dolis,arguta
3165 5679 3275 5735 verl
3297 5693 3448 5733 orum

1880 5786 2161 5857 superficie
2189 5827 2201 5851 ,
2265 5783 2585 5854 serpentium
2630 5773 2972 5849 grassationis
3014 5772 3157 5827 virus
3209 5768 3445 5827 obduci:
