3990 6390
168 445 261 497 15⁸1

1257 437 1518 493 CONTRA
1564 437 2024 497 EUTYCHETEM
2070 445 2193 499 LIB.
2242 446 2297 497 V.

3312 441 3413 502 158

162 570 275 611 rum
310 555 360 609 in
391 552 605 608 Christo
640 561 950 607 naturarum
992 550 1187 604 faciunt
1235 552 1597 605 mentionem?
1630 551 1725 603 l.e-
1761 554 1804 611 Α
1834 561 2069 607 strantnr
2098 572 2215 610 esse
2261 571 2522 625 personae.
2557 557 2660 611 Aut
2690 557 2731 611 si
2759 565 2867 612 tres
2912 566 3036 613 sunt
3074 574 3316 630 personae
3351 577 3405 621 et

160 647 283 715 gite,
312 660 344 697 ο
374 643 576 707 miseri,
606 643 729 711 quid
761 641 1100 703 Athanasius,
1131 642 1379 703 Ililarius,
1416 641 1652 693 Joannes
1678 651 1731 693 et

161 736 479 790 Ambrosius
506 734 872 796 conlessores;
904 731 1026 799 quid
1049 731 1395 799 Theophilus,
1420 730 1732 799 Gregorius,

161 826 408 889 Basilius,
451 824 679 896 Cyrillus
724 831 776 877 et
807 823 1131 891 Augustinus
1179 822 1246 877 de
1281 822 1485 876 duabus
1530 822 1734 875 naturis

169 914 495 979 edisseram;
540 924 594 969 et
626 913 835 967 tandem
864 914 933 967 ab
978 912 1299 982 Apollinaris
1334 923 1387 967 et
1425 911 1734 983 Eutychetis

168 1020 354 1062 errore
403 1006 983 1075 desinite:sequentes
1028 1006 1273 1071 egregios
1318 1014 1369 1059 et
1412 1005 1735 1059 clarissimos

161 1100 327 1166 viros,
370 1107 427 1153 et
459 1100 509 1152 in
556 1098 657 1152 ﬁde
688 1099 949 1153 catholica
982 1100 1147 1151 totius
1174 1097 1354 1151 mundi
1378 1097 1581 1165 judicio
1611 1113 1736 1171 pro-

162 1190 489 1255 batissimos,
520 1205 746 1258 quorum
789 1190 1085 1244 sententias
1114 1203 1339 1244 necesse
1370 1203 1465 1243 nos
1494 1188 1614 1253 erit,
1646 1189 1733 1243 ubi

161 1291 520 1351 Opportunum
565 1282 890 1347 videbimus,
944 1289 1253 1336 annectere.
1292 1282 1442 1335 Nunc
1485 1281 1615 1336 illud
1657 1290 1739 1337 est

161 1374 355 1427 divinis
409 1373 741 1428 edocendum
803 1372 1160 1436 testimoniis,
1210 1380 1265 1426 et
1322 1382 1560 1428 creatum
1618 1386 1738 1428 esse

161 1467 435 1522 Christum
466 1466 755 1520 secundum
780 1466 1057 1520 veritatem
1087 1466 1330 1519 humana:
1359 1465 1474 1535 ejus
1512 1474 1735 1530 naturte,

162 1568 209 1611 et
256 1558 500 1612 eumdem
554 1572 673 1611 esse
722 1556 973 1611 inlectum
1025 1558 1318 1612 secundum
1365 1557 1738 1625 proprietatem

163 1652 512 1706 nihilominus
536 1650 731 1705 divine
763 1651 879 1719 ejus
908 1660 1133 1703 natura).
1161 1650 1263 1705 Sed
1290 1666 1452 1704 unum
1479 1651 1614 1719 quod
1650 1650 1737 1704 isti

163 1744 458 1798 difﬁtentur
506 1758 859 1812 properemus
897 1744 1202 1796 ostendere.
1258 1741 1445 1796 Petrus
1502 1756 1628 1811 ergo
1684 1741 1737 1796 in

162 1833 381 1887 Actibus
411 1833 776 1901 apostolorum
824 1834 893 1885 ita
925 1832 1059 1886 dicit
1088 1850 1098 1883 :
1134 1832 1420 1886 Certissime
1463 1834 1588 1885 sciat
1630 1848 1739 1885 om-

1838 660 1935 696 una
1976 658 2181 713 natura,
2218 648 2404 702 falsum
2436 659 2519 703 est
2558 649 2696 718 quod
2733 649 2935 715 dicunt,
2976 665 3404 720 unamquamque

1834 750 2121 804 personam
2183 740 2451 807 propriam
2498 741 2693 794 habere
2748 750 3010 793 naturam.
3059 740 3187 794 Nam
3234 757 3401 811 usque

1835 826 1967 880 adeo
2001 826 2214 892 falsum,
2248 838 2303 882 ut
2347 845 2464 883 cum
2502 831 2552 884 in
2592 831 2803 885 homine
2833 832 2934 889 alia
2963 832 3027 885 sit
3072 842 3256 887 natura
3288 836 3404 887 ani-

1837 933 1958 982 mze,
1987 918 2086 971 alia
2112 919 2375 987 corporis,
2410 935 2513 974 una
2555 929 2729 975 tamen
2758 922 2825 974 sit
2852 922 3078 974 hominis
3108 922 3403 990 eademque

1838 1022 2087 1077 persona.
2118 1008 2269 1063 Unde
2298 1013 2656 1065 necessarium
2682 1012 2860 1079 judico
2889 1013 2974 1066 hic
3014 1013 3169 1081 paulo
3194 1013 3296 1084 ει
3328 1016 3403 1067 la-

1839 1100 1942 1154 tius
1972 1114 2260 1168 propagare
2286 1115 2609 1163 sermonem,
2645 1118 2741 1157 nec
2766 1104 3051 1158 constricta
3093 1103 3167 1159 uti
3194 1106 3403 1173 penitus

1838 1189 2119 1257 brevitate,
2155 1203 2209 1243 ut
2251 1204 2337 1245 res
2375 1192 2676 1246 necessarie
2716 1195 3033 1260 aperiendas
3069 1211 3405 1267 nequaquam

1841 1282 1951 1351 ipsa
1980 1282 2255 1336 brevitatis
2281 1282 2517 1352 angustia
2544 1284 2895 1339 involvamns.

1912 1371 1999 1425 Vl.
2042 1372 2418 1441 Superioribus
2458 1374 2605 1427 libris
2633 1374 2981 1441 sufﬁcienter,
3015 1386 3264 1446 quantum
3295 1380 3406 1447 opi-

1842 1478 1961 1528 nor,
1990 1464 2057 1517 de
2084 1464 2288 1518 duabus
2317 1464 2513 1518 Christi
2556 1467 2758 1519 naturis
2804 1467 3137 1536 disputantes
3169 1472 3407 1526 ostendi-

1842 1569 1983 1619 mus,
2030 1553 2478 1622 quemadmodum
2528 1556 2688 1609 rectis
2735 1556 3009 1610 catholica:
3060 1561 3409 1625 professionis

1845 1644 2000 1698 lineis
2042 1645 2316 1699 Nestorius
2344 1654 2397 1699 et
2429 1646 2694 1715 Eutychos
2736 1647 2800 1699 ad
2842 1648 3167 1715 impietatem
3199 1653 3280 1705 Sui
3310 1653 3407 1706 do-

1844 1736 2036 1803 gmatis
2063 1736 2362 1802 abutentes,
2392 1735 2736 1790 densissimas
2776 1738 2981 1792 erroris
3010 1741 3264 1807 caligines
3291 1744 3410 1797 ιιιιί-

1848 1842 2001 1880 verso
2027 1827 2363 1897 jubduxerint
2392 1827 2619 1881 Orienti.
2662 1828 2726 1882 At
2758 1828 2876 1897 quia
2926 1832 2977 1881 in
3029 1830 3256 1885 Domino
3284 1833 3411 1888 Jesu

161 1925 241 1977 nis
271 1924 451 1977 domus
484 1923 665 1987 Israel,
695 1925 815 1993 quia
842 1933 887 1977 et
916 1922 1188 1976 Dominum
1213 1925 1381 1989 illum,
1408 1935 1451 1977 et
1482 1923 1737 1977 Christum
1775 1920 1814 1977 Β
1844 1918 2056 1973 Christo
2097 1918 2259 1973 Verbi
2308 1929 2362 1973 et
2411 1919 2587 1973 carnis
2628 1935 2727 1972 una
2770 1936 2992 1988 persona
3038 1932 3139 1989 est,
3188 1923 3413 1991 dumque

164 2014 302 2066 Deus
332 2014 468 2083 ferit,
504 2015 635 2066 ltum:
658 2014 832 2066 Iesum
860 2030 1007 2084 quem
1032 2030 1117 2067 vos
1157 2015 1482 2081 cruciﬁxistis
1514 2014 1648 2084 (Act.
1678 2030 1737 2079 ll,

162 2105 275 2171 '56).
306 2105 431 2158 Item
459 2105 652 2157 Paulus
678 2107 740 2157 ad
770 2105 1074 2158 Romanos:
1114 2104 1187 2158 De
1214 2104 1369 2173 Filio,
1398 2106 1587 2176 inquit,
1620 2123 1736 2172 suo,

162 2197 248 2262 qui
278 2200 444 2266 factus
491 2207 563 2250 est
612 2198 657 2251 ei
694 2213 756 2251 ea:
784 2199 971 2251 semine
1015 2199 1179 2251 David
1220 2202 1497 2253 secundum
1540 2217 1740 2254 carnem

163 2286 339 2351 (Rom.
370 2303 406 2355 ι,
440 2286 517 2358 '5).
554 2286 683 2341 ltent
729 2288 793 2342 ad
828 2288 1041 2343 Galatas
1074 2307 1085 2341 :
1118 2287 1437 2344 Carnuntem
1478 2292 1609 2343 t-enit
1631 2294 1740 2361 ple-

162 2377 342 2430 nituda
374 2388 674 2447 temporum,
701 2379 834 2431 misit
863 2377 997 2432 Deus
1023 2378 1215 2434 Filium
1246 2396 1389 2434 suum
1417 2384 1605 2449 factum
1636 2382 1743 2452 60

162 2485 225 2521 ex
263 2469 477 2522 muliere
521 2468 662 2540 (Gal.
694 2486 765 2538 tv,
796 2470 873 2538 4).
902 2470 1028 2524 ltcm
1072 2470 1136 2523 ad
1179 2471 1430 2524 liebra‘os
1460 2489 1472 2526 :
1499 2472 1739 2524 Conside-

166 2570 281 2611 rate
322 2561 607 2628 apostolum
653 2570 699 2614 et
746 2560 1031 2627 ponti/irem
1064 2561 1391 2625 confessionis
1431 2572 1616 2613 nostra:
1655 2561 1742 2615 Je-

165 2664 303 2711 sum,
348 2650 436 2715 qui
463 2650 629 2716 ﬁdelis
668 2660 738 2703 est
797 2651 843 2702 ei
872 2652 957 2718 qui
993 2651 1107 2719 fecit
1158 2650 1303 2703 illum
1334 2650 1518 2720 (llrbr.
1559 2667 1635 2719 nt,
1672 2653 1741 2722 ί).

164 2740 299 2793 Item
334 2740 405 2794 ibi
436 2759 448 2793 ε
491 2740 677 2805 Tanto,
710 2744 901 2811 inquit,
932 2744 1108 2797 melior
1127 2744 1324 2813 angelis
1347 2748 1530 2813 factus,
1555 2758 1745 2816 quanto

162 2832 493 2885 excellentius
533 2850 642 2903 prre
679 2834 782 2886 illis
826 2850 1005 2886 nomen
1046 2838 1237 2903 accepit
1262 2834 1444 2905 (Hebr.
1487 2853 1523 2899 t,
1557 2837 1637 2907 4).
1678 2839 1744 2893 Ει

164 2920 279 2986 ipse
319 2932 412 2988 per
441 2919 628 2973 Isaiam
662 2920 831 2974 Filius
860 2937 872 2975 :
909 2920 974 2973 Et
1004 2939 1152 2986 nunc,
1183 2922 1372 2991 inquit,
1407 2926 1529 2976 dicit
1563 2925 1739 2979 Domi-

167 3027 291 3076 nus,
317 3014 540 3077 formans
570 3027 649 3065 me
677 3026 740 3064 ea:
775 3023 914 3065 utero
944 3027 1141 3066 servum
1176 3014 1271 3066 sibi
1302 3013 1453 3083 (Isai.
1488 3030 1632 3079 xux,
1663 3013 1739 3084 5).

165 3099 269 3153 Per
310 3099 650 3154 Salomonem
701 3100 860 3154 etiam
917 3110 1154 3156 creatum
1205 3117 1264 3157 se
1313 3104 1412 3157 hoc
1464 3107 1621 3158 modo
1668 3115 1742 3160 te-

163 3198 380 3244 statur:
416 3188 666 3245 Dominus
713 3193 899 3245 creavit
956 3208 1033 3245 me
1084 3193 1231 3248 initio
1294 3195 1487 3249 viarum
1534 3213 1742 3249 suarum

1846 2020 2068 2074 naturae,
2097 2026 2192 2080 per
2214 2025 2273 2065 ea
2303 2024 2422 2079 qua:
2449 2010 2628 2079 negari
2659 2026 2762 2064 non
2792 2020 3032 2080 possunt,
3060 2015 3299 2083 neganda
3334 2017 3413 2069 in-

1845 2101 2124 2156 troducere
2144 2102 2312 2155 moliti
2347 2110 2488 2155 sunt.
2520 2101 2794 2155 Nestorius
2819 2104 2959 2157 enim
2992 2106 3271 2160 occasione
3293 2121 3413 2176 pro-

1845 2191 2090 2247 fessionis
2118 2192 2339 2247 duarum
2380 2202 2708 2258 naturarum,
2736 2194 2869 2249 duas
2894 2196 3042 2249 nisus
3071 2205 3153 2251 est
3182 2198 3232 2251 in
3255 2198 3412 2252 Chri-

1846 2293 1928 2337 sto
1954 2298 2209 2353 personas
2255 2284 2560 2338 ostendere.
2598 2284 2866 2355 Entyclies
2906 2297 3079 2341 autem
3114 2290 3267 2344 unius
3303 2306 3414 2360 per.

1846 2390 1990 2427 senm
2020 2375 2320 2443 patrocinio
2363 2375 2591 2439 fulcitus,
2628 2391 2783 2429 unam
2812 2378 3160 2445 eamdemque
3180 2381 3335 2435 Verbi
3362 2392 3415 2437 et

1846 2464 2023 2517 carnis
2046 2463 2289 2517 tleliravit
2318 2478 2437 2517 esse
2469 2474 2709 2517 naturam
2740 2483 2751 2516 :
2782 2475 2834 2519 et
2862 2467 2929 2518 ita
2961 2481 3184 2536 uterque
3218 2476 3415 2525 verita-

1849 2563 1952 2608 tem
1992 2556 2252 2625 religiosae
2288 2556 2635 2624 professionis
2666 2558 2729 2610 ad
2765 2558 3089 2626 impietatem
3139 2563 3218 2615 sui
3252 2566 3415 2619 traxit

1849 2649 2049 2703 erroris
2083 2666 2095 2702 :
2126 2650 2213 2717 qui
2252 2651 2294 2703 si
2325 2650 2504 2704 divino
2535 2660 2810 2705 uterentur
2840 2652 3163 2721 magisterio,
3194 2665 3246 2709 et
3276 2672 3416 2724 prte-

1848 2744 1963 2797 vios
2003 2741 2056 2796 in
2101 2742 2212 2796 suis
2238 2742 2496 2797 doctrinis
2536 2751 2888 2811 sequerentur
2930 2745 3218 2811 apostolos.
3255 2762 3417 2816 agno-

1847 2842 2061 2889 scerent
2104 2835 2283 2903 utique
2327 2843 2381 2888 et
2410 2834 2543 2888 duas
2587 2834 2639 2887 in
2687 2850 2787 2888 una
2827 2849 3050 2903 persona
3098 2845 3332 2899 naturas,
3364 2847 3416 2893 et

1847 2938 2003 2978 unam
2030 2926 2078 2979 in
2111 2924 2314 2979 duabus
2337 2926 2540 2979 naturis
2573 2940 2728 2993 posse
2758 2939 2876 2979 esse
2908 2940 3208 2994 personant.
3241 2928 3416 2997 Siqui-

1846 3017 1966 3071 dem
2008 3017 2186 3086 negari
2237 3034 2340 3071 non
2382 3026 2573 3086 potest,
2608 3026 2665 3072 ut
2705 3021 2948 3087 superius
2979 3019 3108 3088 dixi,
3144 3022 3412 3075 hominem

1847 3123 1913 3161 ex
1948 3106 2150 3161 duabus
2195 3116 2441 3162 constare
2483 3107 2706 3175 naturis,
2740 3107 2931 3160 animze
2970 3108 3175 3162 scilicet
3216 3118 3269 3163 et
3298 3126 3416 3165 caro

1850 3196 1951 3250 nis.
1986 3196 2153 3252 Nemo
2184 3205 2358 3251 tamen
2389 3197 2486 3252 nisi
2518 3197 2794 3267 insipiens,
2824 3210 2878 3253 et
2902 3200 3061 3252 totius
3088 3201 3308 3255 rationis
3327 3218 3417 3257 ex-

165 3279 351 3350 (Prov.
383 3296 497 3345 vni,
528 3282 643 3353 22).
677 3283 828 3347 Quod
877 3283 1169 3339 secundum
1204 3284 1550 3342 humanitatis
1594 3299 1744 3342 natu-
1774 3285 1818 3347 C
1853 3301 1992 3355 pers,
2026 3296 2173 3341 recte
2203 3286 2471 3345 hominem
2505 3285 2695 3341 dixerit
2722 3288 2853 3343 duas
2892 3288 3087 3343 habere
3119 3305 3415 3358 personas:

165 3388 307 3435 ram,
337 3388 493 3442 quam
523 3374 572 3427 in
601 3375 855 3442 temporis
880 3374 1209 3443 plenitudine
1230 3388 1579 3445 suscepturus
1609 3391 1743 3446 erat,

165 3465 468 3533 anticipans
515 3470 834 3534 praelocutus
875 3476 975 3521 est.
1016 3467 1148 3522 Cum
1190 3484 1317 3538 ergo
1346 3470 1545 3525 clareat
1591 3470 1714 3526 Chri

166 3566 311 3611 stum
362 3566 599 3615 creatum
650 3559 730 3612 vel
784 3560 978 3613 factum
1021 3575 1140 3615 esse
1179 3562 1469 3617 secundum
1514 3564 1564 3617 id
1605 3566 1745 3634 quod

168 3649 335 3702 homo
360 3648 606 3718 dignatus
637 3659 717 3704 est
749 3649 884 3716 fieri,
926 3660 1018 3705 aut
1046 3652 1331 3707 concedite
1373 3653 1472 3708 hoc
1504 3653 1749 3710 humana:

168 3744 287 3810 ejus
320 3752 545 3807 naturm,
586 3753 677 3797 aut
718 3744 762 3798 si
794 3744 1093 3799 concedere
1125 3759 1231 3799 non
1272 3746 1449 3813 vultis,
1504 3755 1745 3802 naturam

170 3834 463 3889 divinitatis
489 3843 723 3889 creatam
754 3851 873 3889 esse
898 3836 1230 3891 allirmabitis
1266 3854 1280 3891 :
1311 3852 1373 3891 ac
1397 3838 1472 3892 sic
1496 3854 1590 3893 vos
1617 3854 1743 3893 cum

170 3926 387 3979 Arianis
454 3926 533 3978 vel
566 3943 683 3980 cum
727 3925 971 3995 gentibus
1003 3926 1393 3983 convincemini
1446 3938 1745 3985 creaturam

168 4019 418 4074 venerari
448 4029 501 4074 et
531 4022 730 4077 eulere.

245 4110 315 4164 ν.
340 4110 467 4165 ltem
500 4111 565 4164 ad
598 4112 976 4165 destruendam
1006 4112 1280 4181 utriuSque
1310 4123 1511 4167 natura:
1540 4114 1747 4181 profes-

169 4202 385 4255 sionem
418 4203 521 4254 ielt)
553 4202 705 4271 quasi
747 4202 1037 4256 iuevitabili
1079 4204 1375 4271 gloriamur
1416 4204 1748 4272 syllogismo,

170 4299 480 4346 asserentes
510 4307 613 4345 non
643 4307 762 4346 esse
795 4300 1037 4346 naturam
1075 4309 1194 4362 quae
1223 4310 1328 4346 non
1357 4296 1623 4362 propriam
1659 4295 1753 4349 lia-

172 4384 307 4440 beat
358 4398 663 4453 personam,
708 4399 885 4452 neque
928 4399 1114 4437 rursus
1154 4399 1435 4452 personam
1482 4401 1599 4453 qua:
1647 4400 1750 4440 non

170 4476 447 4544 propriam
498 4475 691 4531 habeat
727 4485 989 4531 naturam.
1039 4477 1149 4532 lloc
1192 4464 1647 4545 ideointendunt,
1698 4492 1753 4534 ut

172 4570 298 4638 quia
335 4568 469 4621 duas
497 4566 765 4622 Christum
800 4569 1113 4637 proﬁtemur
1148 4567 1344 4623 habere
1376 4578 1616 4636 naturas,
1647 4586 1748 4625 una

1851 3386 1941 3430 aut
1969 3378 2086 3447 quia
2128 3391 2311 3431 rursus
2340 3392 2441 3431 una
2472 3386 2554 3431 est
2588 3377 2817 3432 hominis”
2846 3393 3092 3447 persona,
3132 3392 3276 3435 recte
3305 3382 3417 3448 opi-

1853 3480 2005 3525 natus
2032 3471 2102 3525 sit
2123 3485 2277 3524 unam
2308 3485 2426 3525 επεθ
2455 3472 2631 3524 carnis
2674 3471 2970 3537 animmque
3010 3482 3273 3527 naturam.
3302 3473 3416 3526 Non

1851 3576 1970 3617 esse
1997 3571 2174 3617 autem
2207 3563 2362 3616 unius
2407 3574 2608 3616 natura:
2639 3576 2834 3631 corpus
2856 3572 2910 3617 et
2938 3565 3190 3627 animam,
3230 3566 3417 3618 Salva-

1855 3663 1937 3708 tor
1976 3655 2027 3708 in
2078 3653 2363 3721 Evangelio
2403 3653 2604 3717 docuit,
2648 3653 2868 3707 dicens:
2902 3652 3076 3706 Nolite
3121 3656 3294 3708 timere
3336 3673 3419 3709 eos

1850 3743 1940 3815 qui
1962 3744 2197 3797 occidunt
2225 3760 2430 3812 corpus,
2462 3744 2688 3796 animam
2710 3754 2873 3797 autem
2907 3761 3005 3796 non
3039 3755 3250 3812 possunt
3278 3750 3417 3801 occi-

1854 3837 1973 3891 dere
2010 3835 2223 3907 (Mattlt.
2260 3852 2317 3903 ιι,
2343 3835 2460 3903 98).
2507 3834 2641 3904 Quid
2688 3849 2815 3905 ergo
2862 3836 3179 3901 inauditum,
3224 3837 3350 3906 quid
3389 3852 3418 3891 a

1854 3925 2141 3996 Scripturis
2163 3927 2437 3983 canonicis
2460 3928 2691 3979 alienum
2723 3934 2775 3980 et
2804 3928 3171 3995 peregrinum;
3203 3936 3257 3981 ut
3284 3929 3422 3983 sicut

1853 4020 2121 4073 credimus
2148 4029 2198 4073 et
2221 4020 2528 4087 experimur
2556 4021 2717 4073 umlm
2748 4024 2866 4071 eSse
2885 4018 3152 4071 hominem
3189 4019 3422 4076 animam

1855 4111 2219 4165 ratioaabilcm
2254 4117 2308 4162 et
2353 4124 2590 4173 carnem,
2643 4110 2715 4161 ita
2758 4107 3037 4161 credamus
3091 4124 3254 4162 unum
3304 4126 3423 4167 esse

1855 4199 2122 4252 Christum
2157 4198 2321 4251 Deum
2363 4207 2415 4250 et
2463 4196 2755 4260 hominem,
2797 4196 2934 4250 sicut
2975 4197 3199 4265 apostoli
3229 4198 3424 4255 docue-

1858 4296 2003 4353 runt,
2035 4294 2089 4341 et
2112 4286 2249 4340 sicut
2274 4286 2425 4339 nobis
2453 4286 2551 4339 viri
2576 4286 2853 4353 apestoliei
2878 4286 3251 4341 tradiderunt?

1931 4378 2039 4433 Vll.
2093 4378 2157 4431 Et
2188 4378 2309 4445 quia
2354 4392 2492 4431 nunc
2533 4376 2687 4431 nobis
2730 4380 2952 4432 intentio
2985 4388 3170 4433 contra
3204 4395 3297 4436 eos
3344 4391 3424 4438 est

1861 4467 2106 4534 maxime,
2155 4466 2242 4537 qui
2288 4481 2524 4521 errorem
2567 4468 2721 4521 unius
2763 4480 2965 4524 natum
3010 4482 3298 4537 sedantes,
3330 4475 3427 4530 de-

1826 4570 2006 4631 .creto
2046 4558 2258 4613 concilii
2290 4557 2742 4613 Chalcedonensis
2772 4561 3027 4629 pertinaci
3065 4564 3424 4620 obstinatione
3452 4550 3457 4553 ⁷

171 4670 354 4715 autem
380 4676 604 4730 qumque
634 4668 817 4714 natura
849 4663 1119 4730 propriam
1141 4660 1429 4714 secundum
1466 4662 1605 4730 ipsos
1625 4677 1742 4717 con-

1858 4653 2130 4716 resistunt,
2162 4652 2498 4705 commodum
2522 4661 2648 4720 puto
2670 4652 2735 4706 ad
2765 4668 2950 4708 eorum
2982 4655 3169 4709 inanes
3212 4667 3425 4711 contra-

172 4760 281 4805 stat
331 4751 530 4806 habere
572 4767 883 4822 personam,
928 4768 1149 4808 necesse
1199 4753 1285 4817 sit,
1326 4754 1477 4821 juxta
1525 4755 1745 4809 duarum

175 4844 563 4911 professionem
597 4854 927 4907 naturarum,
957 4844 1090 4898 duas
1113 4844 1385 4899 Christum
1414 4845 1608 4899 habere
1630 4862 1750 4918 per-

175 4949 358 4988 sonas.
386 4934 492 4989 Nec
525 4944 701 4988 tamen
728 4936 986 5005 exemplis
1018 4935 1283 5003 aliquibus
1316 4936 1411 5004 ipsi
1444 4934 1528 4990 isti
1556 4936 1751 4992 docere

176 5038 523 5093 curaverunt,
572 5044 1001 5097 unamquamque
1042 5028 1286 5081 trituram
1339 5030 1606 5097 propriam
1659 5029 1751 5082 ha-

124 5111 132 5119 ”
177 5118 304 5173 bere
329 5133 611 5187 personam
636 5135 650 5183 ;
684 5119 777 5173 sed
803 5118 1171 5172 tantummodo
1196 5119 1540 5187 qumstionem
1568 5121 1745 5174 inten-

178 5208 369 5263 dentes
397 5210 724 5264 transierunt
752 5210 816 5264 ad
855 5211 972 5273 hoc,
1010 5218 1141 5263 utet
1168 5210 1379 5263 veritati
1427 5209 1646 5264 nebulas
1676 5212 1753 5265 ol-

178 5296 488 5361 lunderent,
530 5306 585 5351 et
618 5298 909 5365 periculum
950 5297 1329 5365 diSputationis
1364 5297 1577 5351 silentio
1618 5314 1750 5367 prm-

179 5389 424 5439 terirent.
462 5387 564 5442 Sed
591 5388 784 5451 videte,
817 5389 1066 5452 obsecro,
1097 5390 1366 5457 quomodo
1386 5389 1511 5443 dum
1538 5390 1754 5459 laqueos

181 5475 481 5540 innectunt,
525 5478 918 5532 inextrit-abiles
945 5478 1045 5546 ipsi
1074 5478 1423 5548 qumstioaum
1472 5480 1639 5534 nodos
1674 5480 1752 5533 in-

181 5580 421 5624 currunt.
474 5571 853 5642 Respondeant
894 5572 1056 5639 igitur
1092 5571 1323 5635 Arianis,
1369 5573 1656 5640 quomodo,
1710 5574 1753 5626 si

181 5677 511 5730 unaqumqne
569 5671 752 5713 natura
803 5662 1069 5729 propriam
1122 5660 1281 5714 habet
1326 5676 1604 5727 personam
1634 5706 1648 5730 ,
1703 5673 1755 5715 et

182 5768 513 5821 unaquaque
558 5767 779 5818 persona
828 5754 1097 5820 propriam
1140 5752 1299 5807 habet
1347 5762 1613 5818 trituram,
1649 5770 1753 5805 non

182 5859 284 5897 tres
314 5845 422 5896 sint
463 5844 512 5894 in
545 5842 801 5894 Trinitate
848 5852 1072 5906 naturae,
1108 5842 1250 5896 sicut
1302 5853 1352 5897 et
1385 5855 1494 5897 tres
1528 5844 1754 5896 demon—

463 5922 725 6017 Pareo}.
777 5934 966 5991 LX”.

1853 4741 2209 4796 dictiunculas
2264 4742 2567 4812 vitreasque
2611 4745 2909 4798 sententias
2944 4745 3184 4800 veritatis
3233 4748 3425 4802 malleo

1854 4833 2196 4898 obterendas,
2228 4834 2294 4889 de
2317 4834 2547 4888 humana
2573 4833 2692 4889 Filii
2715 4835 2805 4889 Dei
2833 4845 3044 4904 natura,
3066 4853 3222 4907 quam
3246 4840 3350 4911 62
3372 4841 3423 4895 in

1854 4940 1921 4980 eo
1948 4925 2120 4979 modis
2150 4925 2398 4980 omnibus
2436 4935 2649 4995 negant,
2693 4942 2859 4995 pauca
2901 4940 3165 4999 repetere,
3193 4942 3247 4987 et
3272 4950 3425 5001 quam

1859 5034 1961 5071 non
1994 5018 2101 5071 sint
2123 5015 2433 5081 Christiani,
2466 5028 2569 5073 eta
2611 5033 2707 5088 spe
2746 5020 3187 5077 salutisteternw
3217 5027 3427 5093 penitus

1857 5110 2017 5164 alieni
2043 5111 2432 5165 demonstrare.
2486 5109 2683 5180 Regula
2714 5122 2795 5165 est
2819 5112 2937 5168 lidei
2958 5114 3236 5169 catholica:
3264 5131 3428 5169 unum

1858 5200 2210 5270 eamdemque
2257 5200 2538 5255 Dominum
2589 5201 2769 5256 Jesum
2818 5203 3115 5271 Christum,
3164 5206 3300 5259 sicut
3340 5222 3428 5259 ve-

1860 5307 1976 5345 rum
2006 5293 2190 5356 Deum,
2220 5293 2289 5345 ita
2323 5306 2507 5347 verum
2532 5291 2801 5347 hominem
2829 5294 3092 5358 conliteri,
3125 5309 3284 5347 unum
3312 5309 3429 5349 esse

1860 5401 1926 5438 cx
1956 5394 2202 5453 utroque,
2230 5400 2332 5437 non
2358 5386 2492 5438 duos
2522 5385 2572 5438 in
2598 5394 2914 5455 utrumque;
2946 5388 3116 5456 ipsum
3148 5385 3263 5438 sine
3292 5395 3428 5437 tem-

1864 5494 1989 5544 pore
2021 5486 2198 5530 natum
2245 5478 2311 5531 de
2341 5477 2515 5543 Patre,
2546 5478 2717 5547 ipsum
2765 5494 2827 5532 ex
2862 5489 3103 5547 tempore
3147 5486 3323 5529 natum
3366 5478 3430 5530 de

1864 5568 2213 5637 Virginezita
2261 5577 2317 5623 ut
2358 5580 2579 5638 utraque
2623 5570 2873 5623 nativitas
2922 5570 2997 5621 sic
3038 5581 3197 5620 unum
3256 5576 3430 5624 teneat

1863 5661 2155 5725 Christum,
2207 5671 2262 5713 ιιι
2311 5661 2361 5715 in
2392 5660 2536 5714 nullo
2567 5660 2647 5723 sui
2690 5659 2972 5727 pertulerit
3009 5656 3427 5734 tletrimentum;

1867 5751 2102 5805 retinens
2137 5753 2185 5804 in
2212 5766 2269 5805 se
2299 5750 2437 5819 quod
2470 5759 2552 5803 est
2579 5748 2658 5801 sui
2690 5747 2904 5815 generis
2936 5747 3228 5816 proprium,
3263 5750 3311 5803 id
3350 5764 3429 5805 est

1870 5853 1922 5896 nt
1960 5853 2013 5896 et
2043 5843 2203 5896 Verbi
2236 5853 2420 5896 natura
2456 5854 2559 5892 non
2594 5843 2890 5891 mutaretur
2922 5838 2973 5892 iu
3011 5853 3193 5901 carne,
3226 5848 3280 5894 et
3317 5855 3428 5897 car-

3120 5929 3159 5989 5
