3990 6390
646 405 744 459 159

1948 400 2170 455 VlGlLll
2213 399 2579 457 TAPSENSIS
3737 408 3803 461 ιιι

645 526 726 573 nis
768 526 955 572 natura
1001 531 1104 570 non
1138 518 1325 571 fuisset
1374 516 1424 570 in
1482 516 1652 569 Verbo
1697 526 2032 581 consumpta.
2088 514 2217 568 llinc
2252 524 2293 576 Α
2332 526 2544 584 propter
2574 525 2812 567 nzittuam
2841 513 3020 579 \‘eilii,
3063 527 3181 582 qme
3211 514 3340 567 mori
3372 530 3476 583 pen
3532 524 3691 582 potest.
3718 520 3802 572 item

646 610 898 667 Dominus
940 609 1097 663 Jesns
1127 608 1369 662 Christus
1394 607 1531 661 idem
1560 621 1717 660 verus
1746 614 1829 659 est
1873 605 2033 669 Deus,
2074 604 2211 657 idem

648 717 804 756 verus
834 711 917 755 est
944 702 1123 765 homo,
1165 714 1227 753 ex
1276 698 1482 753 duabus
1511 696 1850 749 ineliabililer
1878 695 1928 748 in
1972 693 2214 762 virginali

648 796 765 847 alvo
808 793 971 846 unitis
1021 793 1072 845 in
1116 808 1216 843 una
1260 804 1483 858 persona
1539 789 1743 842 naturis
1794 788 2030 841 existens
2058 804 2068 839 :
2100 802 2215 855 qua:

646 895 864 947 uatnrm,
892 883 1139 951 quoniam
1164 884 1212 934 in
1238 881 1319 933 illa
1349 879 1575 932 mirabili
1599 880 1859 932 counionc
1888 892 1990 931 non
2020 888 2140 929 sunt
2165 878 2214 929 in

646 990 710 1028 eo
742 973 977 1037 abolitm,
1003 973 1065 1025 ad
1102 968 1568 1025 demonstrandam
1600 977 1946 1036 utrarumque
1980 966 2217 1034 proprie-

649 1067 773 1120 tatis
798 1064 1134 1128 exstantiam,
1166 1063 1215 1115 in
1240 1076 1345 1115 uno
1374 1061 1554 1128 seipse
1585 1061 1859 1127 utriusque
1889 1072 1976 1112 res
2011 1058 2217 1110 locutus

647 1168 730 1212 est
777 1167 935 1226 alque
992 1156 1135 1224 egit:
1173 1170 1277 1207 nou
1331 1167 1489 1206 voces
1541 1151 1807 1217 dividens,
1856 1164 1960 1204 non
1998 1148 2217 1203 affectus

647 1251 901 1319 partiens,
947 1263 1051 1301 non
1094 1238 1244 1316 gesta
1293 1258 1621 1308 secernens;
1663 1241 1758 1296 sed
1802 1240 1917 1309 ipse
1962 1255 2116 1303 unus,
2164 1238 2215 1292 in

646 1342 930 1410 seipsoque
978 1339 1077 1392 sibi
1125 1355 1189 1392 ex
1238 1349 1464 1409 utroque
1510 1335 1650 1389 etin
1689 1342 1973 1402 utrumque
2022 1346 2218 1386 conve-

646 1439 817 1503 niens,
851 1448 902 1490 et
928 1435 1071 1504 quod
1107 1433 1376 1501 proprium
1410 1429 1826 1498 lueratloquens
1850 1436 1902 1481 et
1934 1440 2213 1496 peragens.

645 1529 709 1583 Et
761 1536 816 1581 ut
860 1525 1003 1595 quod
1056 1525 1282 1577 dicimus
1339 1523 1549 1592 planum
1607 1520 1730 1585 fiat,
1783 1519 1963 1588 aliquo
2009 1526 2218 1571 utamur

642 1618 915 1687 exemplo.
947 1614 1106 1669 Verbi
1129 1614 1297 1683 gratia
1330 1630 1343 1667 :
1390 1628 1488 1682 ego
1521 1612 1633 1681 ipse
1655 1626 1770 1665 sum
1802 1609 2080 1679 qui’oculis
2103 1624 2217 1661 (or-
2258 1668 2263 1675 ,

643 1712 823 1776 poreis
878 1707 1056 1760 album
1094 1704 1342 1757 'colorem
1397 1704 1670 1771 nigrumve
1711 1700 1979 1761 discerno,
2019 1707 2073 1751 et
2119 1710 2217 1764 ego

642 1803 759 1869 ipse
801 1813 920 1852 sum
967 1809 1151 1849 rursus
1180 1795 1267 1861 qui
1316 1793 1510 1846 malum
1556 1789 1870 1859 iniquitatis,
1922 1794 1974 1840 et
1999 1785 2217 1853 iustitia:

2320 615 2540 673 propter
2592 603 2856 655 inclTabilc
2917 603 3233 672 mysterium
3285 602 3493 656 unionis
3541 613 3667 656 uti-ar
3700 623 3804 671 mque

2321 701 2649 753 naturarum,
2682 690 2985 742 communis
3017 691 3067 741 in
3094 688 3209 756 ipso
3241 688 3333 741 fuit
3364 690 3637 742 mortalita~
3662 694 3801 752 carnis,

2320 779 2475 833 Verbi
2506 792 2729 845 natura),
2762 798 2877 848 quae
2904 782 3035 833 mori
3069 797 3172 833 non
3207 782 3404 848 potuit;
3437 788 3490 835 et
3510 785 3755 835 communis
3771 785 3801 836 in

2319 871 2433 939 ipso
2476 882 2556 925 est
2610 872 2979 924 immortalitas
3021 872 3203 937 Verbi,
3257 880 3458 926 naturae
3502 874 3686 935 carnis,
3727 890 3803 939 qua:

2320 964 2477 1017 morti
2506 964 2808 1017 succubuit.
2837 965 2974 1034 Ergo
3001 965 3137 1019 sicut
3166 964 3244 1017 illi
3283 969 3415 1019 mori
3441 978 3492 1020 et
3522 980 3614 1019 non
3640 983 3694 1018 nu
3709 967 3739 1019 ri
3759 982 3799 1018 ex

2321 1057 2559 1125 utrisque
2590 1059 2791 1111 naturis
2821 1066 2905 1112 est
2954 1058 3249 1128 proprium,
3297 1059 3367 1113 ita
3396 1074 3655 1114 commune
3677 1072 3736 1113 est
3770 1060 3801 1112 in

2320 1144 2434 1213 ipso
2464 1148 2704 1217 utrisque
2752 1149 2978 1218 naturis,
3026 1150 3164 1219 quod
3224 1150 3433 1204 illarum
3481 1162 3556 1205 ist
3584 1152 3800 1220 proprium.

2320 1236 2386 1291 Et
2412 1237 2491 1308 (ut
2517 1240 2749 1309 exempli
2805 1242 2974 1310 gratia
3005 1242 3257 1310 dixerim)
3312 1243 3574 1311 proprium
3617 1244 3719 1296 mihi
3752 1253 3802 1295 Cal

2320 1340 2500 1384 notam
2534 1331 2718 1387 livoris
2746 1333 3003 1402 cujusque
3033 1334 3273 1389 verberis
3321 1345 3525 1403 gestare
3564 1336 3608 1387 in
3646 1350 3801 1403 corpore

2322 1437 2461 1486 meo,
2488 1438 2583 1491 per
2617 1434 2858 1478 naturam
2903 1425 3076 1480 carnis
3131 1442 3296 1489 mea};
3327 1438 3382 1481 et
3441 1428 3676 1495 proprium
3718 1427 3800 1479 milii

2320 1521 2399 1563 est
2424 1510 2559 1565 hanc
2580 1512 2822 1566 eamdem
2863 1523 3040 1566 notam
3074 1530 3177 1567 non
3219 1525 3430 1581 gesme
3460 1514 3508 1568 in
3537 1513 3696 1582 spiritu
3726 1528 3801 1566 meo

2322 1617 2415 1671 per
2468 1612 2710 1658 naturam
2766 1606 2957 1658 anima:
2990 1620 3144 1659 meae.
3178 1607 3307 1660 Item
3360 1606 3614 1674 proprium
3638 1604 3802 1659 miliirst

2322 1692 2525 1761 plagam
2558 1694 2728 1760 verbi,
2756 1694 2864 1765 64,
2913 1696 2962 1749 id
2993 1706 3075 1749 est
3123 1708 3428 1751 sermonem
3467 1697 3635 1750 durum
3661 1705 3801 1765 gestare

2322 1785 2373 1837 in
2406 1795 2584 1839 mente
2616 1802 2729 1839 mea
2765 1803 2857 1856 per
2884 1797 3126 1841 naturam
3152 1789 3348 1842 animae
3372 1798 3598 1854 memet
3611 1788 3800 1857 proprium

645 1895 843 1946 bonum
875 1886 1068 1942 mentis
1098 1886 1282 1939 obtutu
1313 1882 1568 1953 dijudico,
1596 1897 1692 1936 nec
1719 1889 1893 1933 tamen
1928 1877 2050 1931 ideo
2076 1876 2211 1929 alius
2244 1882 2287 1941 Β
2322 1874 2450 1927 mihi
2478 1884 2562 1929 est
2590 1876 2832 1931 eamdem
2863 1877 3070 1947 plagam
3100 1893 3204 1931 non
3233 1880 3514 1947 portarein
3529 1893 3713 1948 corpore
3728 1891 3801 1929 meo

642 1992 801 2050 atque
824 1981 954 2033 alius
981 1995 1121 2041 sum,
1150 1977 1272 2043 quia
1302 1984 1587 2040 utrumque
1618 1970 1746 2022 mihi
1778 1978 1859 2022 est
1888 1983 1952 2021 ex
1978 1967 2207 2019 diverso.

646 2074 762 2127 Non
790 2072 930 2126 enim
959 2071 1088 2137 ipsis
1119 2068 1288 2122 oculis
1333 2065 1485 2119 video
1514 2061 1708 2115 variari
1739 2061 1971 2123 colores,
2017 2057 2213 2126 quibus

643 2165 802 2218 video
830 2161 1023 2215 variari
1053 2172 1352 2220 sermones,
1397 2165 1450 2210 et
1492 2164 1669 2208 tamen
1695 2166 1793 2221 ego
1838 2164 1954 2203 sum
1986 2148 2099 2217 ipse
2121 2147 2212 2216 qui

644 2271 710 2309 ex
760 2265 983 2322 utroque
1023 2266 1164 2320 ago:
1198 2257 1482 2316 utrumque
1525 2258 1698 2297 meum
1746 2250 1845 2305 est,
1888 2255 1992 2293 non
2032 2237 2214 2291 videre

644 2347 903 2416 justitiam
936 2344 1034 2398 nisi
1063 2342 1230 2396 oculis
1262 2339 1475 2404 mentis,
1506 2344 1559 2390 et
1585 2348 1760 2389 meum
1789 2340 1872 2386 est
1898 2346 2002 2384 non
2034 2328 2214 2382 videre

644 2440 855 2493 colores
886 2436 985 2489 nisi
1015 2434 1184 2489 oculis
1219 2431 1395 2486 carnis
1420 2445 1432 2482 :
1467 2442 1643 2482 meum
1665 2434 1747 2479 cst
1775 2439 1882 2478 non
1912 2421 2093 2476 videre
2119 2434 2214 2473 vo-

642 2545 759 2585 cem
791 2527 981 2592 oculis,
1015 2533 1069 2579 et
1092 2538 1267 2578 meum
1302 2531 1384 2576 est
1406 2536 1509 2575 non
1542 2518 1728 2573 audire
1755 2516 1935 2571 lumen
1959 2514 2211 2576 auribus;

642 2638 817 2677 meum
851 2628 1070 2675 estnon
1090 2617 1402 2672 discernere
1436 2612 1651 2666 naribus
1682 2616 1917 2678 gustum,
1952 2615 2006 2661 et
2037 2619 2212 2659 meum

641 2724 724 2770 est
766 2713 939 2784 palato
971 2726 1075 2767 non
1108 2708 1388 2779 percipere
1431 2704 1711 2760 odoratum
1742 2720 1755 2755 :
1782 2710 1836 2755 et
1879 2714 1996 2754 cum
2047 2706 2215 2751 totum

642 2821 819 2860 meum
850 2805 920 2858 sit
942 2804 994 2857 in
1030 2802 1257 2869 meipso,
1287 2798 1339 2852 id
1383 2804 1468 2851 est
1504 2794 1713 2859 videre,
1742 2791 1947 2856 audire,
1978 2787 2214 2852 odorari,

646 2908 884 2966 gustare,
927 2903 1160 2948 attamen
1202 2889 1345 2944 aliud
1389 2897 1471 2943 est
1502 2887 1632 2940 mihi
1678 2886 1816 2939 unde
1842 2884 2019 2947 video,
2072 2879 2217 2935 aliud

644 2986 784 3040 unde
799 2984 979 3047 audio,
1010 2982 1153 3036 aliud
1185 2979 1323 3033 unde
1350 2988 1506 3047 gusto
1529 2975 1826 3044 odoresque
1856 2973 2141 3028 discerno:
2166 2980 2220 3026 et

644 3092 763 3134 cum
791 3078 858 3131 sit
882 3078 934 3130 in
966 3091 1051 3130 me
1083 3084 1247 3128 tutum
1278 3071 1509 3140 quodam
1562 3070 1772 3138 privato
1797 3069 1919 3137 jure
1945 3067 2217 3122 diversum

644 3181 803 3238 atque
826 3170 1077 3233 divisum,
1106 3181 1203 3233 ego
1237 3175 1412 3217 tamen
1446 3164 1559 3229 ipse
1583 3159 1744 3214 dividi
1772 3167 1826 3215 et
1850 3160 2087 3227 separari
2115 3174 2219 3213 non

2318 1982 2412 2037 per
2444 1976 2686 2021 naturam
2714 1969 2890 2023 carnis
2924 1984 3077 2023 mete.
3104 1970 3171 2023 Et
3199 1986 3322 2025 cum
3364 1972 3431 2024 sit
3455 1970 3573 2024 milii
3601 1979 3801 2033 utrumque

2316 2060 2616 2128 proprium;
2646 2068 2698 2115 et
2726 2060 2935 2130 corpori
2970 2070 3025 2115 et
3049 2061 3245 2115 anima:
3300 2076 3435 2115 mere
3463 2058 3797 2129 utrumquealie

2316 2164 2472 2209 num;
2504 2150 2626 2218 quia
2656 2165 2752 2204 uec
2801 2163 2998 2219 corpus
3046 2150 3239 2204 durum
3294 2151 3540 2204 [telumve
3586 2159 3799 2203 seruum-im

2316 2240 2565 2309 intellgit
2585 2280 2600 2305 ,
2636 2254 2732 2293 nec
2760 2241 2935 2293 anima
2966 2240 3159 2310 ﬂagelli
3186 2241 3409 2296 vulnere
3438 2240 3621 2295 livescit
3644 2256 3654 2290 :
3674 2248 3800 2290 utrum-

2317 2348 2423 2401 que
2452 2343 2630 2386 tamen
2659 2347 2944 2387 commune
2963 2342 3044 2386 est
3074 2334 3123 2387 in
3154 2334 3383 2401 meipso,
3410 2343 3462 2387 et
3488 2332 3654 2386 anima:
3672 2338 3712 2383 et
3729 2342 3800 2377 cor-

2318 2423 2435 2492 pori
2462 2438 2613 2488 meo;
2649 2424 2767 2492 quia
2797 2438 2895 2477 nec
2924 2424 3099 2477 anima
3144 2432 3303 2477 extra
3338 2438 3527 2491 corpus
3572 2420 3616 2475 id
3639 2416 3740 2487 quod
3769 2415 3797 2468 ei

2318 2516 2522 2570 sentire
2567 2514 2839 2583 proprium
2892 2513 3065 2568 fuerat
3099 2514 3299 2575 sensit;
3360 2527 3457 2567 nec
3500 2525 3667 2579 corpus
3708 2518 3800 2560 cura

2317 2606 2510 2660 animo:
2541 2604 2869 2659 consortium
2916 2607 3185 2675 plagarum
3220 2605 3422 2661 indicia
3471 2602 3682 2674 gestavit.
3704 2595 3799 2661 Quod

2319 2713 2449 2768 ergo
2474 2698 2745 2767 proprium
2780 2697 2907 2751 mihi
2937 2708 3017 2752 est
3044 2699 3093 2750 in
3124 2697 3375 2766 singulis,
3424 2705 3477 2752 et
3504 2697 3691 2750 alienum
3712 2699 3801 2742 est:

2327 2789 2571 2858 singulis,
2599 2789 2648 2843 id
2679 2803 2963 2845 commune
2987 2798 3068 2845 cst
3100 2789 3153 2843 in
3202 2792 3414 2858 meipso
3466 2785 3672 2857 singulis
3711 2777 3803 2849 ειυοά

2325 2881 2593 2948 [.riprium
2615 2888 2696 2934 est
2724 2879 2968 2949 singulis,
3023 2888 3075 2934 et
3110 2886 3285 2932 tamen
3322 2894 3420 2947 ego
3452 2879 3560 2949 ipse
3603 2886 3701 2929 unus
3723 2882 3801 2923 sum

2322 2970 2373 3025 in
2425 2971 2686 3039 utrisque,
2714 2979 2769 3025 et
2810 2971 2861 3025 in
2887 2971 3095 3039 meipso
3154 2970 3545 3034 communibus
3575 2962 3800 3033 elegoiil‘»c

2326 3078 2459 3117 unus
2483 3079 2599 3118 sum
2630 3064 2683 3117 in
2714 3063 2933 3132 singulis
2964 3062 3313 3130 mhimetipsi
3370 3061 3606 3130 propriis.

2398 3154 2488 3208 IX.
2530 3153 2657 3219 Qua:
2680 3168 2799 3208 cum
2825 3154 2893 3206 ita
2922 3154 3052 3217 sint,
3075 3152 3245 3205 series
3281 3151 3436 3205 nobis
3457 3150 3705 3204 divinarum
3728 3152 3799 3210 per-

643 3236 885 3329 pessum.
939 3258 1012 3311 lta
1063 3269 1189 3322 ergo
1227 3263 1281 3308 et
1307 3254 1412 3324 63
1443 3251 1685 3307 Christus
1730 3252 1843 3319 ipse
1883 3266 2019 3304 unus
2064 3260 2224 3318 atque
2251 3249 2296 3311 C
2330 3245 2587 3298 currendo
2607 3253 2683 3298 est
2717 3244 3036 3307 litterarum,
3062 3250 3118 3295 et
3159 3240 3393 3309 plurima
3446 3236 3799 3295 testimoniacott'

642 3350 790 3403 idem
821 3358 904 3402 est
928 3356 982 3402 et
1005 3357 1219 3401 creatus
1256 3352 1311 3398 et
1342 3358 1446 3397 non
1473 3350 1687 3396 creatus
1714 3359 1728 3407 ;
1755 3341 1956 3395 habens
1981 3340 2215 3406 initium,

644 3454 704 3496 et
734 3441 881 3494 initio
904 3453 1120 3503 carens;
1154 3448 1312 3491 actate
1347 3444 1509 3504 atque
1544 3436 1815 3489 intellectu
1840 3433 2143 3503 proficiens,
2168 3442 2222 3486 et

653 3532 1016 3602 intelligentia:
1074 3534 1352 3593 tutumque
1416 3536 1699 3595 augmenta
1754 3541 1859 3579 non
1928 3525 2219 3593 recipiens;

652 3634 881 3678 mortem
939 3621 1261 3691 perpetiens,
1311 3627 1365 3670 et
1412 3618 1601 3670 mortis
1642 3616 1847 3686 legibus
1887 3631 1991 3669 non
2045 3614 2223 3682 subja-

657 3731 820 3780 cens;
846 3714 1080 3767 honores
1129 3711 1196 3764 ob
1236 3709 1487 3762 meritum
1525 3708 1816 3775 accipiens,
1867 3716 1919 3759 et
1951 3706 2095 3759 nullo
2124 3706 2222 3759 ho-

644 3824 783 3863 nore
835 3807 1079 3873 indigens
1112 3821 1122 3853 :
1154 3810 1208 3856 et
1245 3815 1363 3854 cum
1415 3800 1529 3853 haec
1569 3800 1747 3853 omnia
1778 3798 1986 3852 diversa
2029 3798 2137 3852 sint
2167 3797 2219 3851 in

651 3903 847 3971 seipsa,
883 3899 1050 3966 ipsius
1084 3907 1259 3949 tamen
1284 3902 1407 3947 sunt
1439 3894 1683 3961 prepria;
1713 3902 1766 3945 et
1797 3892 1915 3946 ideo
1942 3906 2122 3957 voces,
2146 3890 2222 3945 af-

657 3994 825 4047 fectus
849 4000 899 4044 et
925 4000 1073 4058 gesta
1110 3986 1318 4054 utrique
1348 3985 1422 4037 rei
1451 3983 1799 4052 congruentia
1832 3982 1883 4035 in
1914 3984 2092 4050 seipso
2116 3996 2221 4036 non

635 4082 861 4145 dividit,
910 4080 1031 4147 quia
1072 4077 1238 4148 ipsius
1287 4084 1369 4130 est
1402 4082 1686 4143 utrumque
1730 4073 1869 4143 quod
1910 4073 2098 4134 habet;
2129 4072 2223 4127 sed

651 4191 814 4230 unum
856 4173 932 4228 illi
968 4181 1052 4227 est
1088 4186 1149 4224 ex
1195 4176 1378 4222 natura
1416 4166 1600 4230 Verbi,
1632 4181 1788 4235 quam
1841 4166 1979 4219 Deus
2013 4181 2222 4233 peruia.

656 4279 789 4319 nens
819 4278 922 4316 non
972 4261 1170 4323 amisit,
1204 4268 1265 4311 et
1292 4257 1431 4311 aliud
1464 4258 1541 4312 illi
1582 4264 1663 4311 est
1700 4272 1767 4311 ex
1805 4266 1991 4310 natura
2023 4255 2220 4321 carnis,

640 4369 812 4425 quam
844 4352 1005 4404 homo
1039 4349 1206 4402 factus
1242 4348 1513 4416 accepit...

729 4444 864 4498 Vill.
906 4441 1094 4496 Adhuc
1120 4440 1360 4494 dicamus
1391 4438 1739 4504 manifestius,
1775 4449 1990 4509 propter
2020 4454 2111 4494 eos
2135 4443 2224 4508 qui

656 4553 756 4606 per
784 4533 1103 4603 imperitiam
1134 4544 1355 4595 sensus,
1391 4536 1697 4582 naturarum
1745 4531 2118 4597 proprietatem
2174 4540 2226 4585 et

2325 3335 2575 3404 gerenda,
2609 3335 2801 3405 quibus
2842 3334 3258 3398 demonstretur,
3300 3347 3456 3400 quam
3488 3331 3555 3384 sit
3578 3325 3741 3393 impium
3769 3326 3799 3369 ει

2324 3404 2659 3495 sacrilegum,
2686 3439 2747 3480 ea
2778 3440 2899 3494 qua:
2928 3432 3054 3478 sunt
3112 3423 3330 3491 prepria
3363 3422 3536 3476 carnis
3582 3411 3733 3471 Christi
3762 3404 3799 3459 ad

2330 3525 2530 3570 naturze
2586 3516 2741 3571 Verbi
2798 3515 3172 3585 proprietatem
3217 3512 3463 3578 referre;
3514 3520 3561 3565 et
3600 3520 3692 3576 quae
3727 3504 3799 3551 sunt

2327 3611 2538 3680 propria
2574 3609 2751 3679 Verbi,
2790 3608 2856 3662 ad
2918 3608 3299 3676 proprietatem
3354 3615 3550 3659 natura:
3583 3595 3720 3654 carnis
3752 3602 3800 3641 as-

2326 3702 2569 3756 Crihee:
2625 3708 2673 3754 et
2701 3714 2857 3770 quam
2904 3698 2973 3753 sit
3022 3696 3371 3751 nihilominus
3416 3690 3799 3770 inipium,ea(l"_1

2327 3801 2452 3846 sunt
2497 3791 2707 3859 propria
2753 3789 2955 3852 carnis,
3008 3803 3107 3857 per
3155 3786 3520 3853 exceptionem
3562 3766 3801 3859 proprietatis

2327 3858 2565 3943 alienare
2590 3896 2617 3934 a
2651 3880 2834 3934 Verbo
2854 3866 2945 3943 ;'et
2972 3893 3089 3948 quae
3117 3887 3238 3932 sunt
3280 3876 3489 3946 propria
3517 3868 3653 3926 Veibi
3683 3858 3800 3916 eadem

2328 3974 2657 4041 exceptionis
2688 3972 2802 4039 lege
2826 3971 3063 4023 alienare
3092 3983 3121 4021 a
3144 3983 3307 4022 carne
3334 3983 3349 4031 ;
3374 3980 3492 4019 cum
3510 3964 3573 4017 sit
3590 3961 3654 4013 eis
3672 3962 3802 4006 utrum-

2327 4079 2430 4135 que
2454 4064 2503 4117 in
2528 4063 2739 4117 ChriSto
2769 4076 3078 4125 commune,
3109 4068 3163 4113 et
3214 4058 3459 4112 Christus
3496 4056 3560 4108 sit
3593 4048 3801 4105 ιιιτιιιιιίιυθ·

2329 4158 2395 4213 Et
2415 4155 2659 4225 quoniam
2692 4154 2845 4207 unius
2875 4160 3082 4209 natura:
3116 4150 3457 4220 professores
3495 4146 3584 4200 hac
3624 4136 3698 4193 sibi
3726 4141 3801 4183 con-

2330 4223 2562 4302 fess—ioue
2591 4244 2957 4304 blandiuntur,
2990 4242 3236 4295 dicentes
3261 4258 3273 4293 :
3311 4238 3445 4307 Quid
3474 4223 3802 4303 impossiblcaul

2332 4340 2720 4397 inconveniens
2746 4337 2842 4392 fuit
2868 4334 3159 4405 dignationi
3201 4332 3320 4386 Filii
3377 4331 3489 4392 Dei,
3522 4339 3571 4381 ut
3598 4325 3641 4378 in
3684 4319 3801 4370 nll'l"

2329 4430 2624 4485 divinitatis
2656 4443 2788 4493 sum,
2815 4428 2883 4480 ob
2914 4434 3112 4480 nostra:
3137 4423 3322 4478 salutis
3344 4416 3715 4487 redemptionem
3732 4408 3801 4497 ll"?3

2331 4524 2495 4577 vellet
2522 4521 2734 4589 indigna
2759 4529 2813 4573 et
2844 4518 3061 4571 humilia
3086 4514 3406 4577 suSIincret,
3442 4528 3529 4583 per
3576 4520 3671 4577 qua:
3702 4500 3805 4589 magi?

658 4627 1110 4689 communionem,
1169 4619 1616 4691 quemadmodum
1656 4619 1686 4670 d
1713 4631 1863 4673 catur
1923 4621 1972 4673 in
2021 4618 2231 4672 Christo
2258 4617 2306 4674 D
2334 4611 2648 4678 ampliorem
2676 4610 2825 4663 nobis
2848 4608 2910 4661 ad
2943 4623 3001 4662 se
3041 4606 3364 4675 diligendum
3394 4600 3612 4657 caritatis
3633 4587 3805 4648 excita“

667 4740 771 4777 nun
800 4719 1178 4787 iutelligentes,
1219 4716 1477 4784 abj'cinnt
1525 4723 1573 4767 et
1606 4712 1866 4781 refugiunt
1891 4715 2001 4766 haec
2030 4712 2229 4765 omnia.

664 4819 942 4872 Diversum
967 4822 1045 4867 est
1076 4821 1232 4879 atque
1255 4811 1507 4875 al'enum,
1549 4808 1754 4862 initium
1789 4822 1892 4861 non
1923 4808 2137 4875 habere,
2179 4820 2232 4864 et

666 4924 732 4963 cx
766 4904 915 4959 initio
942 4902 1269 4965 subsistere,
1303 4901 1459 4965 mori,
1500 4909 1553 4954 et
1601 4900 1734 4953 mori
1783 4913 1883 4952 nou
1936 4914 2091 4968 posse
2125 4919 2134 4951 :
2178 4912 2231 4955 et

664 5009 839 5051 tamen
871 4996 1009 5050 sicut
1030 4993 1128 5061 ipsi
1168 4992 1384 5046 Christo
1402 4993 1673 5062 pr0prium
1702 5001 1783 5047 est
1813 5001 2111 5062 utrumque,
2158 4995 2229 5046 ita

665 5105 769 5144 non
789 5089 909 5157 ipsi,
934 5087 1025 5140 sed
1057 5086 1107 5138 in
1138 5085 1252 5151 ipso
1274 5092 1355 5137 est
1378 5094 1656 5152 utrumque
1682 5098 1983 5137 commune.
2005 5084 2056 5137 Si
2086 5084 2226 5138 enim

661 5180 925 5241 dicamus,
954 5173 1074 5243 quia
1102 5173 1203 5241 ipsi
1234 5180 1318 5226 est
1348 5186 1647 5238 commune,
1682 5186 1899 5225 necesse
1927 5182 2008 5225 est
2037 5182 2091 5224 ιιι
2117 5173 2230 5227 exi-

663 5278 818 5339 gatur
853 5282 882 5320 a
940 5262 1093 5319 nobis
1124 5262 1253 5315 dare
1281 5269 1335 5316 et
1365 5261 1646 5315 ostendere
1676 5261 1861 5323 alium,
1890 5275 2007 5313 cum
2045 5276 2149 5327 quo
2180 5261 2228 5313 ei

657 5376 684 5413 s
710 5370 727 5412 t
754 5358 852 5412 hoc
882 5358 1051 5424 ipsum
1074 5365 1354 5405 commune
1380 5367 1393 5414 ;
1427 5365 1542 5418 qua:
1574 5349 1917 5417 professionis
1942 5350 2230 5402 necessitas

662 5451 715 5501 in
753 5445 986 5501 Nestorii
1022 5442 1191 5510 vergit
1221 5438 1441 5507 impium
1492 5438 1703 5506 dogma.
1756 5436 1941 5491 Melius
1983 5439 2138 5506 igitur
2176 5448 2230 5492 et

656 5537 925 5589 catholice
947 5533 1192 5595 dicimus,
1220 5531 1270 5583 in
1297 5532 1409 5598 ipso
1427 5538 1479 5583 et
1506 5543 1610 5582 non
1640 5527 1738 5596 ipsi
1766 5541 1883 5581 esse
1921 5542 2223 5582 commune.

660 5628 930 5681 Etmelius
958 5624 1079 5694 ipsi,
1105 5633 1157 5678 et
1188 5638 1290 5676 non
1318 5622 1369 5675 in
1394 5622 1508 5689 ipso
1539 5620 1761 5673 dicimus
1784 5620 2053 5687 proprium
2087 5636 2223 5675 esse.

659 5716 799 5786 Ergo
822 5717 1087 5784 proprium
1119 5726 1200 5769 est
1224 5714 1294 5769 illi
1327 5715 1485 5781 mori,
1520 5720 1734 5782 propter
1765 5722 2004 5765 naturam
2023 5713 2223 5779 carnis,

660 5822 783 5877 quae
816 5808 1053 5863 mortalis
1081 5817 1192 5875 est;
1222 5816 1275 5864 et
1317 5805 1593 5877 proprium
1644 5812 1725 5861 est
1776 5801 1851 5858 illi
1910 5818 2013 5856 non
2072 5805 2225 5867 mori,

2339 4701 2606 4766 allectum,
2641 4715 2699 4753 ea
2733 4714 2830 4767 pro
2864 4699 3014 4752 nobis
3040 4700 3088 4749 in
3114 4708 3299 4750 natura
3332 4710 3424 4749 sua
3452 4686 3708 4761 perpetiens
3736 4682 3806 4740 tiu”

2337 4792 2383 4844 ei
2413 4794 2699 4859 probantur
2727 4804 2845 4843 esse
2868 4789 3082 4855 indigna
3109 4788 3130 4840 ?
3166 4786 3490 4855 Exigendum
3519 4783 3578 4833 ah
3597 4779 3660 4831 eis
3680 4771 3807 4824 eam"

2338 4883 2382 4935 is
2413 4884 2497 4947 qui
2531 4890 2699 4934 morte
2725 4895 2817 4933 sua
2848 4887 3219 4947 perempturus
3247 4885 3359 4930 erat
3391 4882 3621 4929 mortem.
3648 4863 3747 4917 δίθυι
3776 4856 3807 4902 εί

2336 4974 2594 5044 propheta
2625 4973 2967 5040 priedixerat,
2989 4970 3171 5025 dicens
3202 4987 3212 5020 :
3261 4967 3363 5019 Ero
3393 4981 3521 5017 mors
3545 4971 3637 5019 tua,
3681 4968 3701 5003 ο
3723 4956 3806 4997 mort

2336 5042 2510 5137 (Osee,
2544 5080 2656 5126 χιιι,
2684 5063 2768 5133 14)
2798 5080 2809 5115 :
2838 5062 2883 5116 si
2913 5062 3011 5114 hoc
3034 5062 3080 5115 ei
3114 5059 3366 5130 possibile
3397 5056 3508 5116 fuit,
3530 5052 3577 5105 id
3598 5057 3664 5101 est
3688 5042 3725 5092 in
3754 5046 3809 5137 ne;

2338 5167 2452 5210 tura
2483 5170 2572 5207 sua
2608 5154 2761 5215 mori,
2794 5155 2919 5223 quid
2949 5153 2995 5207 ei
3016 5165 3149 5219 opus
3196 5159 3313 5204 erat
3363 5149 3427 5202 de
3464 5142 3653 5211 Virgine
3677 5119 3811 5221 misit?

2336 5249 2437 5305 Sed
2473 5251 2653 5316 utique
2683 5250 2732 5300 in
2766 5248 2865 5300 hoc
2891 5255 2973 5301 est
3000 5243 3309 5298 admiranda
3342 5241 3455 5310 ejus
3494 5228 3756 5298 benignitas,
3779 5226 3808 5316 ¹ξ¹

2338 5340 2437 5393 hoc
2467 5353 2686 5408 magnus
2707 5352 2829 5406 erga
2861 5354 2955 5389 nos
2986 5336 3197 5404 pietatis
3232 5333 3347 5401 ejus
3396 5326 3735 5383 demonsuatur
3768 5302 3811 5354 al-

2338 5431 2525 5495 fectus,
2551 5431 2657 5501 65
2687 5438 2744 5483 ut
2773 5429 2891 5497 quia
2917 5442 3059 5480 mors
3080 5426 3194 5493 ejus
3234 5422 3387 5478 nobis
3440 5421 3600 5473 fuerat
3639 5408 3812 5501 necessa-

2339 5525 2439 5585 ria,
2475 5524 2585 5592 ipse
2610 5536 2785 5575 autem
2818 5523 2866 5574 in
2898 5530 3085 5573 natura
3114 5534 3205 5575 sua
3242 5516 3373 5569 mori
3404 5528 3501 5566 non
3534 5506 3719 5577 poterat.
3742 5489 3812 5551 ἀς·

2338 5624 2487 5668 natus
2512 5627 2591 5668 est
2617 5624 2853 5667 naturam
2881 5623 3115 5667 nostram
3145 5622 3436 5672 assumere,
3468 5606 3516 5657 iu
3547 5612 3635 5667 ι]υῦ
3664 5600 3735 5659 Pro
3754 5590 3811 5631 “0'

2338 5709 2416 5760 bis
2450 5708 2579 5760 mori
2612 5706 2886 5775 patuisset,
2918 5706 3058 5774 quod
3093 5703 3514 5757 fueiatnecesse.

2416 5800 2477 5853 .\'.
2525 5800 2626 5852 Sed
2659 5797 3013 5853 concedamus
3042 5796 3122 5851 eis
3170 5802 3348 5849 contra
3404 5788 3553 5843 totius
3590 5771 3805 5841 Sed?”me
