3990 6390
222 398 313 457 HI

1310 397 1578 454 CONTRA
1622 398 2083 456 EUTYCIIETEM
2126 401 2250 457 LIB.
2298 402 2358 456 ν.

3355 418 3451 473 HQ

213 512 367 564 litl--m
396 517 449 565 et
472 508 785 563 cathnl'cam
818 508 1119 578 veritatem,
1151 518 1209 564 ut
1238 511 1288 565 in
1318 522 1503 565 natura
1552 527 1648 566 sua
1685 528 1779 580 pro
1809 517 1856 572 Λ
1886 516 2106 576 posuerit
2148 534 2241 585 pro
2259 527 2464 587 peccato
2482 519 2706 574 animum
2733 539 2897 590 suam,
2932 527 3111 582 ridebit
3142 546 3309 585 semcn
3341 536 3455 588 Iuno

212 603 369 672 nobis
387 600 518 653 mori
543 601 791 668 dignatus
810 600 876 654 sit
898 602 1065 670 (quod
1087 610 1168 655 est
1185 603 1403 655 omnino
1423 604 1782 672 impossibile)

212 700 265 743 et
295 662 485 742 omnes
523 689 768 743 humanm
817 688 1118 759 fragilitatis
1152 692 1430 760 pertulerit
1472 693 1780 759 passiones;

214 780 469 847 numquid
498 788 552 834 et
577 779 868 834 honoribus
910 781 1183 835 sttblimari
1222 792 1275 836 et
1304 782 1579 850 dignitatis
1605 783 1782 851 profe-

220 873 399 925 ctibus
422 872 600 940 augeri
632 880 817 924 natura
843 871 957 940 ejus
983 872 1271 942 indigebat,
1296 883 1353 927 ut
1384 874 1695 929 humilitatis
1730 886 1785 929 et

214 964 537 1018 obcdientia:
564 979 625 1017 ac
650 964 837 1017 mortis
878 964 1069 1017 merito
1117 965 1423 1019 sublimium
1470 966 1782 1019 meritorum

214 1059 421 1106 teneret
453 1052 830 1120 fastigium,.et
856 1060 1173 1120 potestatem
1210 1054 1335 1109 οωΙί
1374 1064 1618 1110 aeterne
1667 1070 1783 1110 me-

212 1153 422 1195 rcretur
454 1143 731 1210 accipere,
792 1152 1039 1211 tanquam
1074 1145 1161 1213 qui
1220 1154 1373 1200 antea
1413 1160 1517 1200 non
1554 1145 1785 1201 habuit?

212 1234 291 1286 An
326 1232 459 1287 forte
489 1234 758 1301 negabunt
786 1235 1011 1290 Domino
1034 1235 1162 1291 Jesu
1192 1236 1405 1291 Christo
1442 1237 1510 1290 ob
1532 1237 1781 1295 meritum

210 1325 479 1393 passionis
509 1335 564 1380 et
593 1326 782 1379 mortis
805 1326 921 1380 hzec
937 1328 1117 1381 omnia
1142 1329 1305 1383 fuisse
1333 1329 1522 1383 collata
1539 1330 1559 1381 7
1576 1328 1786 1400 Legant

210 1415 533 1483 Apostolum
569 1416 836 1470 dicentem
891 1417 960 1473 de
1001 1418 1159 1487 ipso:
1202 1419 1505 1473 llumiliovit
1560 1424 1783 1491 seipsum

205 1504 375 1573 factus
400 1506 634 1561 obediens
664 1523 818 1577 usque
846 1509 915 1561 ad
943 1520 1169 1576 mortem,
1203 1520 1412 1566 mortem
1451 1523 1622 1566 autem
1671 1530 1782 1567 cru-

205 1595 275 1648 cis
306 1610 326 1648 :
358 1607 565 1663 propter
593 1598 729 1665 quod
750 1610 796 1652 et
828 1598 965 1652 Deus
1003 1600 1154 1654 illum
1196 1606 1454 1668 exultavit,
1486 1612 1534 1656 et
1575 1604 1780 1657 donavit

205 1688 282 1741 illi
304 1705 486 1742 nomen
507 1691 643 1758 quod
670 1700 743 1743 est
768 1708 923 1761 super
966 1710 1113 1747 omne
1151 1711 1351 1760 nomen,
1386 1707 1442 1750 ut
1480 1698 1532 1749 in
1581 1699 1783 1751 nomine

203 1760 332 1833 .lcsu
359 1796 504 1833 omne
524 1796 653 1851 genu
666 1760 1209 1850 ﬂectatur'cwlestium,
1229 1788 1536 1839 terrestrium
1559 1796 1603 1841 et
1626 1789 1784 1857 infero

203 1887 388 1923 norum
418 1871 643 1939 (Philip.
668 1889 722 1937 ιι,
747 1874 824 1942 8).
860 1873 923 1927 Et
950 1874 1115 1929 David
1143 1893 1156 1929 :
1190 1876 1265 1929 De
1317 1888 1556 1943 torrente,
1584 1880 1778 1949 inquit,
1812 1876 1859 1937 B
1886 1879 2024 1948 quod
2056 1891 2370 1949 potestatem
2399 1889 2518 1942 ereti
2557 1900 2609 1943 et
2640 1900 2815 1960 terrae,
2845 1907 2896 1951 et
2923 1898 3099 1957 hacred

202 1959 255 2012 in
278 1961 360 2012 via
391 1960 544 2025 bibit,
578 1974 845 2031 propterea
893 1966 1138 2019 exultavit
1185 1978 1339 2034 caput
1368 1968 1538 2039 (Psal.
1567 1986 1672 2033 cnx,
1699 1972 1776 2041 7).

206 2048 286 2103 De
320 2061 556 2104 torrente
586 2053 636 2105 in
661 2054 765 2118 via,
799 2054 847 2106 id
873 2063 957 2108 est
1002 2057 1067 2111 de
1090 2057 1250 2112 ﬂuvio
1290 2062 1472 2115 mortis
1501 2062 1775 2127 humanm;

213 2154 499 2212 pr0pterea
525 2144 967 2214 esaltavitcaput,
992 2150 1113 2217 quia
1148 2160 1374 2205 mortem
1419 2155 1670 2220 gustavit.
1717 2155 1778 2207 Et

200 2232 317 2302 ipse
346 2235 396 2287 in
424 2236 711 2304 Evangelio
744 2254 756 2290 :
784 2236 1085 2306 Propterea,
1112 2241 1295 2310 inquit,
1326 2244 1491 2313 diligit
1513 2261 1590 2297 me
1621 2244 1779 2299 Pater

202 2339 344 2377 meus
373 2344 392 2379 :
430 2329 668 2394 quoniam
702 2331 925 2382 animant
961 2346 1123 2384 meam
1158 2349 1293 2403 pono
1333 2351 1425 2401 pro
1455 2325 1625 2390 ovibus
1656 2340 1777 2391 meis

204 2413 388 2482 (Joan.
409 2432 463 2484 λ,
488 2417 600 2485 17).
629 2419 767 2485 Quid
791 2420 948 2489 igitur
967 2423 1118 2475 vobis
1140 2423 1386 2477 videtur?
1407 2425 1601 2479 Natura
1616 2426 1775 2482 Verbi

199 2506 353 2559 exsul
406 2517 461 2560 et
514 2522 677 2562 vacua
727 2510 1112 2578 magnitudinis
1159 2521 1212 2566 et
1258 2514 1440 2582 glorias
1488 2515 1779 2571 honoribus

203 2596 325 2660 fuit,
351 2608 441 2650 aut
484 2598 806 2667 imperfecta:
834 2610 926 2655 aut
953 2602 1162 2672 exigua:
1187 2604 1489 2661 dilectionis
1514 2609 1648 2676 apud
1684 2609 1779 2663 Pa-

199 2696 337 2742 trem
370 2690 419 2743 in
457 2693 755 2746 mtcrnitate
787 2694 1037 2749 manebat
1064 2712 1079 2749 :
1110 2705 1163 2751 et
1201 2697 1404 2753 idcirco
1452 2702 1572 2754 talia
1598 2702 1778 2759 subire

195 2781 469 2845 quaesivit,
510 2795 605 2848 per
634 2798 751 2847 qua:
799 2788 1071 2854 acceptior
1100 2797 1153 2843 et
1200 2789 1569 2846 honoraltilior
1613 2805 1772 2861 esset,

197 2876 362 2935 atque
394 2870 864 2927 excellentioribus
898 2877 1101 2930 meritis
1143 2879 1403 2933 emineret
1436 2882 1459 2933 ‘t
1491 2882 1772 2952 Eraltavit,

195 2959 391 3028 inquit,
416 2978 551 3027 eum,
576 2973 621 3015 et
641 2963 845 3017 donavit
866 2964 945 3018 illi
970 2983 1150 3021 nomen
1188 2971 1327 3038 quod
1357 2981 1429 3027 est
1458 2990 1607 3043 super
1630 2987 1773 3029 omne

194 3066 377 3105 nomen
403 3051 621 3123 (Philip.
648 3070 703 3121 ll,
734 3054 812 3124 9).
857 3058 1064 3125 Ergone
1094 3057 1326 3113 Verbum
1354 3062 1418 3115 ad
1451 3063 1577 3117 illud
1607 3080 1666 3119 us
1689 3082 1773 3133 ,ue

197 3152 410 3211 tempus
439 3162 543 3199 non
575 3147 763 3202 habuit
785 3165 978 3206 nomen
1003 3156 1143 3221 quod
1170 3163 1250 3209 est
1277 3168 1440 3225 super
1487 3173 1647 3214 omne
1672 3176 1767 3215 no-

1886 619 2100 670 gazvum,
2130 618 2175 657 et
2197 609 2427 663 voluntas
2448 610 2651 666 Domini
2676 617 2727 668 in
2751 633 2903 671 manu
2935 622 3045 689 ejus
3071 625 3338 693 dir'getur,
3367 646 3459 695 pro

1886 706 1945 743 eo
1970 696 2105 761 quod
2129 697 2371 751 laboravit
2402 703 2571 755 anima
2598 706 2725 775 ejus.
2771 706 2964 761 Videbit
2994 713 3155 767 lucem
3182 725 3229 769 et
3256 732 3458 773 satura-

1887 782 2021 834 bitur
2040 787 2268 857 scientia,
2282 792 2569 859 justiﬁcare
2583 798 2782 865 justum
2805 801 2925 855 bene
2944 806 3236 862 servientem
3263 814 3456 878 multis,

1886 886 1931 929 et
1952 878 2240 947 iniquitates
2262 900 2435 937 eorum
2467 887 2573 955 ipse
2598 893 2853 958 portabit:
2876 907 3137 966 prapterea
3160 902 3267 967 ipse
3288 908 3453 971 possi-

1886 967 2020 1021 debit
2048 972 2249 1040 multos,
2268 984 2311 1026 et
2342 977 2551 1043 fortium
2576 981 2681 1049 ipse
2701 983 2887 1038 dividet
2910 988 3093 1055 spolia,
3126 1009 3219 1060 pro
3247 967 3305 1047 eo
3321 998 3453 1064 quod

1886 1061 2094 1114 tradidit
2115 1063 2169 1115 in
2195 1074 2353 1119 morte
2380 1069 2599 1122 animam
2620 1089 2784 1143 suam,
2810 1086 2858 1130 et
2878 1094 2991 1131 cum
3012 1086 3267 1139 sceleratis
3296 1061 3456 1158 ἀέρια

1886 1158 2021 1204 tatus
2040 1163 2132 1215 est,
2154 1164 2200 1206 et
2222 1165 2425 1221 peccata
2443 1160 2717 1214 multorum
2753 1168 2887 1234 tulit,
2920 1180 2965 1223 et
2990 1189 3079 1238 pro
3114 1184 3451 1248 transgresso-

1885 1242 2022 1295 ribus
2042 1244 2235 1313 rogavit
2257 1243 2409 1313 (Isai.
2436 1264 2543 1315 un,
2580 1251 2687 1320 10).
2724 1254 2854 1310 Vide
2879 1275 3073 1328 quanta
3101 1281 3219 1320 eum
3245 1242 3313 1324 ob
3344 1288 3454 1327 meo

1884 1329 2045 1385 ritum
2090 1335 2350 1400 passionis
2393 1338 2704 1408 adepturum
2744 1349 3084 1415 propheticus
3132 1372 3309 1413 sermo
3360 1365 3451 1418 dc-

1884 1423 2090 1479 scribit.
2121 1424 2339 1492 Videbit,
2366 1429 2549 1498 inquit,
2572 1450 2737 1488 semen
2756 1438 3450 1520 longaevum,videbitlucem,

1885 1524 1930 1567 et
1972 1518 2283 1570 saturabitur
2323 1524 2559 1588 scientia;
2594 1529 2864 1593 possidebit
2909 1537 3109 1603 multos,
3156 1554 3202 1596 et
3248 1518 3453 1615 fortium

1885 1602 2071 1657 dividet
2088 1608 2267 1675 spolio.
2288 1610 2416 1675 Quae
2440 1616 2615 1668 omnia
2634 1618 2681 1670 ei
2704 1622 2999 1679 secundum
3026 1602 3266 1687 naturain
3294 1602 3451 1693 Verbi

1885 1707 1990 1747 non
2020 1702 2305 1754 convenire
2332 1712 2479 1769 puto,
2498 1706 2637 1775 quod
2659 1713 2985 1777 superﬂuum
3014 1729 3097 1774 est
3120 1723 3452 1783 demonstra-

1885 1799 1964 1855 re,
2017 1802 2136 1841 cum
2187 1804 2246 1844 se
2292 1792 2401 1861 ipsa
2433 1810 2608 1851 rerum
2640 1800 2905 1857 evidentia
2963 1812 3279 1870 manifestet.
3324 1820 3451 1877 Item

3110 1908 3285 1963 itatem
3316 1928 3447 1981 gen-

1883 1971 2035 2037 tium,
2066 1982 2119 2027 et
2142 1978 2529 2046 snbjeetionem
2555 1985 2919 2043 universorum
2949 2008 3011 2047 ex
3043 2005 3277 2067 tempore
3304 1971 3448 2063 acce-

1878 2064 2038 2131 perit,
2069 2076 2117 2118 et
2149 2067 2261 2134 ipse
2283 2068 2349 2122 de
2379 2072 2554 2141 seipse
2583 2078 2632 2127 in
2664 2078 3052 2151 Evangeliis,et
3078 2064 3349 2163 prophetat
3372 2101 3447 2155 lo.

1877 2167 2132 2221 qnuntur.
2149 2158 2409 2229 Numquid
2432 2177 2559 2234 ergo
2588 2182 2899 2236 p0testatem
2920 2188 2971 2234 et
2996 2158 3287 2241 dominium
3305 2204 3446 2247 crea-

1878 2250 2009 2297 tura:
2032 2260 2159 2311 sine,
2176 2258 2356 2318 utpote
2378 2259 2611 2313 omnium
2630 2266 2873 2323 conditor
2892 2272 2996 2342 67
3016 2291 3118 2331 non
3152 2280 3362 2351 habeat,
3389 2299 3445 2341 ttt

1878 2338 2204 2402 temporibus
2231 2343 2536 2402 novissimis
2562 2349 2674 2408 haec
2703 2361 2877 2413 omnia
2906 2338 3143 2422 muneris
3163 2376 3327 2440 gratia
3348 2338 3445 2449 po-

1880 2425 2064 2449 ιι-Αιη-
2079 2428 2102 2449 ο
2136 2429 2191 2449 1ῖὲ
2210 2448 2215 2449 γ
2232 2433 2265 2449 '-

1880 2425 2102 2480 tiretur?
2134 2429 2270 2487 Dicit
2298 2449 2426 2504 ergo
2455 2451 2572 2506 post
2611 2454 3056 2511 resurrectionem
3088 2425 3234 2517 enim
3262 2484 3276 2519 :
3311 2425 3445 2527 οἷιια

1877 2517 2100 2628 fs‘t‘mihi
2128 2523 2289 2576 omnis
2314 2536 2536 2594 potestas
2565 2533 2617 2586 in
2638 2536 2763 2589 caelo
2788 2550 2836 2592 et
2866 2544 2917 2595 in
2949 2553 3081 2603 terra
3099 2517 3441 2628 (Mutila—3;

1882 2602 1992 2705 1‘8).
2020 2606 2187 2705 Quam
2218 2621 2532 2697 potestatem
2553 2621 2680 2677 olim
2705 2625 2860 2683 Pater
2886 2602 3412 2703 promiserai

1878 2691 2098 2749 Postulo
2126 2716 2157 2752 a
2182 2717 2279 2769 me,
2299 2691 2357 2758 et
2388 2707 2520 2762 dabo
2542 2712 2629 2764 tibi
2648 2728 2817 2784 gentes
2843 2691 3185 2784 hereditatem
3214 2744 3373 2803 tuom,
3399 2752 3445 2801 ct

1877 2789 2241 2889 possessionem
2267 2804 2407 2849 tuam
2430 2803 2670 2858 terminos
2692 2816 2836 2863 lerrte
2859 2812 3026 2881 (Psal.
3060 2835 3117 2882 ll,
3158 2823 3231 2893 8).
3276 2789 3442 2895 Quam

1878 2876 2337 2990 p.etit.ionem.Filii
2367 2898 2418 2944 et
2448 2889 2780 2962 largitionem
2816 2876 2984 2959 Patris
3006 2954 3019 2975 ,
3052 2876 3443 2990 tentpbre‘pas':

1875 2969 2041 3025 sionis
2088 2974 2359 3043 expletam
2399 2981 2559 3039 fuisse
2602 2990 2858 3057 propheta
2900 2997 3061 3055 lsaius
3104 2969 3344 3077 testatur:
3379 3028 3443 3072 ex

1876 3076 2101 3129 persona
2134 3066 2303 3124 Patris
2328 3072 2396 3125 ita
2419 3078 2732 3137 nuntiantis.
2765 3085 2855 3140 Sic
2886 3090 3026 3155 dicit,
3054 3095 3244 3171 inquit,

1875 3169 1967 3209 nus
1993 3171 2011 3209 :
2036 3156 2283 3229 Tempore
2311 3176 2517 3238 accepto
2543 3176 2779 3231 exaudiui
2800 3188 2869 3249 te,
2888 3192 2935 3235 et
2962 3185 3011 3237 in
3038 3156 3317 3248 dissolutis
3344 3215 3441 3261 an.

2430 3229 2440 3238 '
2740 3229 2745 3231 _
2803 3229 2838 3233 ,_
2889 3229 2932 3235 ν,
2963 3229 3010 3237 ...
3038 3229 3117 3247 ,νυ
3140 3229 3316 3248 ouis-iu
3344 3229 3373 3251 υ
3424 3231 3441 3253 ν

198 3251 347 3299 me".
372 3238 463 3291 sed
485 3240 678 3293 meum
697 3242 949 3311 operibus
998 3246 1136 3313 quod
1176 3257 1360 3301 nam”
1390 3264 1492 3304 non
1553 3251 1769 3306 habuit?
1798 3229 1844 3290 C
1878 3246 2088 3301 xiliatus
2116 3266 2223 3303 sum
2257 3254 2351 3321 tui,
2382 3266 2427 3309 et
2452 3259 2699 3327 plasmavi
2728 3276 2792 3333 te,
2826 3229 2869 3323 ei
2892 3271 3007 3327 dedi
3034 3288 3081 3330 te
3102 3281 3153 3334 in
3174 3229 3442 3344 testante:-

193 3326 327 3380 ltem
355 3327 419 3381 ad
449 3328 701 3384 Hebraeos
729 3350 741 3383 :
775 3331 957 3399 Tanto,
1001 3335 1191 3404 inquit,
1238 3337 1416 3391 melior
1450 3344 1645 3411 angelis
1686 3346 1767 3411 fa-

193 3428 347 3482 ctus,
390 3428 578 3485 quanto
620 3422 949 3476 excellentius
1015 3442 1123 3492 prce
1175 3427 1280 3480 illis
1335 3445 1516 3483 nomen
1574 3433 1766 3501 accepit

193 3506 381 3569 (llebr.
428 3524 474 3573 ι,
513 3508 591 3578 ὁ).
626 3510 756 3577 Quis
801 3512 852 3565 in
891 3523 1087 3568 tantam
1128 3517 1415 3585 impietatis
1458 3523 1764 3588 voraginem

193 3607 418 3666 proritat
445 3600 467 3652 ?
490 3601 617 3666 Quis
642 3617 878 3672 eousque
899 3608 1149 3661 amentiae
1182 3610 1319 3662 nube
1343 3621 1573 3666 emeatus
1613 3611 1664 3666 in
1716 3614 1766 3668 id

194 3686 428 3753 decidat,
453 3698 509 3742 ιιι
565 3691 814 3758 epinetur
841 3693 1113 3749 Christum
1158 3700 1449 3753 secundum
1480 3701 1768 3757 divinitatis

195 3788 441 3833 naturam
479 3781 752 3837 meliorem
785 3787 987 3853 angelis
1014 3787 1253 3843 factum?
1285 3806 1456 3868 neque
1484 3794 1624 3848 enim
1660 3796 1769 3868 δε

193 3870 399 3937 angelis
423 3870 596 3926 divina
632 3883 804 3940 potest
831 3876 945 3945 ejus
972 3880 1199 3934 conferri
1234 3892 1324 3937 aut
1346 3888 1648 3953 comparari
1674 3902 1767 3939 na-

194 3966 311 4011 tura
338 3975 352 4023 ;
377 3976 600 4029 quorum
626 3967 772 4031 quasi
828 3968 1114 4024 collatione
1171 3974 1471 4040 reperiatur
1500 3977 1769 4031 excellen-

195 4046 303 4100 tior
323 4060 479 4118 atque
510 4053 715 4117 melior,
747 4068 866 4109 cum
894 4057 964 4110 sit
992 4060 1237 4114 omnibus
1270 4064 1471 4117 naturis
1501 4064 1768 4136 incompa-

195 4138 438 4193 rabiliter
462 4145 814 4208 prtestantinr.
849 4147 950 4201 Sed
978 4158 1031 4201 et
1059 4151 1198 4217 quod
1223 4153 1327 4205 ait:
1360 4152 1543 4210 Melior
1578 4160 1768 4225 angelis

192 4230 383 4297 factus,
408 4246 441 4299 p
466 4235 673 4291 rslerins
705 4237 809 4289 vult
836 4237 1052 4307 intelligi
1083 4242 1131 4294 id
1164 4243 1300 4314 quod
1332 4246 1520 4299 melius
1565 4264 1764 4313 praece-

189 4321 432 4376 dentium
458 4326 746 4381 collatione
777 4328 973 4384 factum
994 4343 1095 4387 est.
1128 4336 1278 4401 Quod
1304 4337 1429 4405 quid
1482 4338 1626 4393 aliud
1667 4344 1769 4397 erit

190 4412 293 4464 nisi
325 4411 553 4471 humana
578 4416 693 4485 ejus
716 4422 941 4473 natura?
969 4422 1169 4478 Nomen
1192 4441 1402 4495 quoque
1431 4445 1548 4483 eum
1573 4432 1765 4488 melius

192 4506 466 4574 accepisse
514 4505 788 4574 describit,
833 4513 973 4578 quod
1006 4514 1225 4570 omnino
1268 4518 1332 4570 ad
1377 4517 1607 4573 divinam
1651 4522 1765 4589 ejus

187 4607 290 4645 non
325 4603 498 4661 potest
523 4596 706 4654 referri
738 4610 1000 4657 naturam.
1032 4606 1157 4671 Quis
1181 4607 1322 4660 enim
1356 4621 1557 4663 natura:
1586 4611 1758 4666 'l‘rini-
1796 4592 1848 4653 D

189 4684 312 4734 tatis
335 4684 578 4751 superior
606 4695 660 4739 et
687 4690 875 4744 melior
902 4695 1071 4760 potuit
1102 4694 1350 4763 inveniri,
1380 4699 1465 4766 qui
1495 4700 1539 4752 ei
1564 4703 1754 4757 melius

188 4775 387 4841 angelis
432 4792 624 4831 nomen
658 4789 709 4833 et
738 4782 888 4837 daret
917 4794 971 4837 et
1012 4786 1330 4855 imponere',
1363 4790 1611 4860 quoniam
1645 4810 1756 4849 me-

190 4861 379 4917 liorum
413 4877 494 4919 est
526 4868 868 4927 inferioribus
898 4875 1111 4929 nomina
1148 4876 1438 4946 impertire.
1469 4882 1597 4946 Quis
1628 4899 1756 4953 ergo

190 4968 290 5008 non
325 4955 502 5009 videat
535 4958 647 5013 haec
689 4963 739 5015 in
783 4963 874 5018 Dei
908 4965 1042 5019 Filio
1074 4977 1271 5022 naturae
1297 4973 1472 5025 carnis
1501 4975 1614 5041 ejus
1635 4990 1756 5029 cun-

188 5057 406 5109 grnere,
440 5050 730 5106 secundum
756 5068 916 5121 quam
941 5064 994 5109 et
1018 5057 1279 5112 cxaltatus
1304 5069 1408 5123 est,
1444 5071 1497 5115 et
1524 5064 1758 5118 honora-

192 5143 291 5199 tus,
333 5148 386 5189 et
415 5139 651 5196 melioris
682 5145 914 5199 nominis
962 5147 1270 5216 dignitatem
1305 5152 1529 5220 adeptus
1570 5166 1669 5219 est,
1715 5159 1757 5212 is

188 5228 268 5287 qui
299 5233 594 5286 secundum
643 5246 883 5290 naturam
921 5239 1073 5297 Verbi
1109 5241 1296 5297 horum
1336 5243 1461 5297 nihil
1495 5247 1632 5315 eguit
1662 5248 1758 5301 ali-

184 5321 426 5384 quando?

253 5409 336 5466 XI.
373 5412 766 5485 l’ersequamur
804 5436 931 5490 ergo
968 5423 1140 5480 adhuc
1180 5428 1359 5481 omnia
1409 5430 1751 5486 beatitudinis

186 5500 293 5565 ejus
318 5518 564 5572 munera,
596 5510 855 5574 passionis
885 5514 1000 5581 ejus
1028 5518 1219 5571 merito
1250 5520 1529 5588 acquisita,
1556 5524 1751 5591 quibus

188 5587 294 5645 luce
316 5596 515 5649 clarius
547 5603 843 5668 apparebit,
871 5621 973 5659 non
1005 5623 1161 5676 posse
1188 5611 1258 5675 ei,
1293 5614 1582 5671 secundum
1610 5618 1748 5686 quod

186 5694 363 5740 natura
394 5687 531 5743 Deus
581 5701 685 5760 est,
734 5694 826 5748 sed
858 5698 1148 5753 secundum
1195 5702 1335 5768 quod
1370 5714 1554 5760 natura
1591 5706 1748 5761 homo

185 5768 346 5829 factus
372 5789 451 5832 est
480 5785 789 5840 convenire.
828 5786 962 5842 Dicit
988 5804 1116 5859 ergo
1151 5790 1317 5848 Isaias
1350 5797 1609 5866 prOphcta
1637 5816 1650 5852 :
1686 5801 1747 5853 Si

1870 3346 1975 3392 tum
2010 3343 2259 3411 gentium,
2301 3356 2353 3398 ut
2384 3352 2709 3409 constitueres
2739 3366 2921 3431 terras,
2951 3376 3000 3418 et
3027 3374 3309 3443 possideres
3342 3348 3443 3439 lue-

1868 3435 2108 3489 reditates
2144 3438 2389 3509 desertas,
2423 3444 2707 3515 diceresque
2740 3452 2816 3507 Itis
2846 3458 2931 3522 qui
2966 3435 3262 3521 iuvvinculis
3284 3435 3441 3530 sunt:

1872 3524 2057 3631 'Etrite:
2086 3541 2131 3582 et
2176 3532 2260 3598 qui
2298 3534 2350 3586 in
2396 3538 2643 3594 tenebris:
2670 3542 2978 3603 Reuelamini
3007 3552 3161 3621 (Isai.
3188 3575 3333 3631 χιιι,
3367 3524 3443 3631 8),

1872 3613 2001 3669 Item
2045 3616 2159 3686 ipse
2209 3620 2373 3677 Filius
2416 3625 2467 3681 in
2510 3629 2697 3687 eodem
2730 3637 2985 3705 propheta
3014 3613 3031 3694 ιε
3065 3644 3131 3699 Et
3163 3613 3443 3709 nuncili'cii

1872 3703 2143 3773 Dominus,
2166 3714 2391 3779 formans
2412 3732 2487 3769 me
2502 3734 2563 3771 ex
2590 3730 2734 3775 utero
2759 3742 2952 3781 servum
2978 3733 3091 3796 sibi.
3125 3749 3176 3791 ut
3208 3742 3443 3799 reducam

1869 3798 2028 3853 Jacob
2057 3803 2124 3856 ad
2158 3820 2303 3868 eum;
2329 3817 2374 3860 et
2399 3810 2712 3879 gloriﬁcatus
2737 3834 2846 3871 sunt
2869 3823 2919 3877 in
2952 3828 3111 3882 oculis
3137 3831 3363 3906 Domini,
3394 3851 3443 3894 et

1870 3890 2007 3945 Deus
2036 3893 2199 3961 factus
2225 3907 2295 3954 est
2326 3900 2573 3965 fortitudo
2600 3922 2729 3961 mea.
2769 3910 2834 3964 Et
2864 3913 3033 3970 dixit:
3068 3920 3313 3991 Magnum

1870 3994 1941 4039 est
1971 3996 2024 4039 ut
2058 3989 2127 4041 sis
2158 3991 2280 4045 milii
2314 4010 2482 4047 servus
2521 3999 2588 4049 ad
2631 4004 2945 4060 suscitandas
2986 3989 3361 4085 tribus—Iacob,
3398 4033 3443 4076 et

1870 4075 2201 4142 dispertiones
2232 4078 2397 4134 Israel
2445 4101 2733 4156 congreges.
2766 4090 2897 4146 Ecce
2925 4101 3071 4162 posui
3123 4114 3168 4154 te
3210 4108 3259 4157 in
3291 4075 3443 4164 reita-

1871 4176 2094 4218 mentum
2120 4172 2315 4238 generis
2336 4174 2387 4227 in
2413 4176 2573 4228 lucent
2596 4182 2838 4246 gentium,
2858 4196 2909 4237 ut
2936 4190 3003 4243 sis
3029 4194 3168 4247 salus
3200 4212 3353 4266 usque
3375 4205 3444 4256 ad

1873 4263 2150 4315 extremum
2193 4269 2342 4314 terra:
2372 4263 2523 4328 (Isai.
2573 4283 2714 4335 ms,
2747 4272 2824 4340 5).
2870 4276 2996 4343 Quis
3039 4282 3107 4337 ita
3138 4263 3361 4347 stolidus
3389 4303 3443 4349 et

1874 4346 2068 4453 ruentis
2106 4349 2211 4403 crit
2261 4352 2488 4418 alienus,
2535 4367 2589 4411 ut
2620 4375 2725 4414 non
2760 4365 2951 4437 videat,
2988 4386 3092 4427 non
3136 4376 3398 4452 intelligat
3423 4427 3439 4453 ,

1874 4434 2092 4511 formari
2120 4455 2182 4494 ex
2214 4452 2384 4507 utero,
2408 4456 2458 4499 et
2490 4451 2683 4505 mereri
2708 4468 2921 4511 servum
2951 4462 3088 4530 ﬁeri,
3121 4477 3175 4523 et
3200 4434 3440 4542 tempore

1873 4539 2173 4597 opportuno
2196 4535 2454 4600 exaudiri,
2503 4548 2661 4609 atque
2707 4546 2961 4604 auxilium
2990 4566 3233 4621 Spectare
3264 4535 3440 4629 pater-

1874 4634 2021 4686 num,
2064 4631 2116 4674 et
2145 4622 2433 4679 coitfortztri
2468 4627 2519 4680 in
2554 4630 2802 4700 Dom‘no,
2826 4647 2879 4693 et
2909 4622 3299 4709 possessionem
3332 4664 3437 4710 ter-

1861 4724 2037 4763 rarum
2062 4725 2129 4764 ex
2165 4723 2402 4783 tempore
2430 4719 2696 4789 accipere,
2728 4726 2794 4781 ad
2824 4738 3066 4787 naturam
3088 4714 3264 4795 carnis
3280 4741 3440 4803 Chri-

1858 4800 1926 4853 sti
1959 4802 2171 4868 proprie
2195 4808 2504 4871 pertinere?

1935 4890 2048 4944 Xll.
2081 4892 2267 4948 Adhuc
2296 4907 2494 4962 autem.
2520 4904 2563 4959 si
2592 4907 2827 4964 otiosum
2858 4926 2961 4966 non
2985 4924 3088 4982 est,
3117 4932 3283 4988 pauca
3316 4940 3412 4994 pro

1860 4982 2105 5050 ferimus,
2134 5002 2251 5056 qua:
2282 4992 2493 5058 penitus
2522 4998 2585 5052 ad
2614 5000 2906 5058 divinitatis
2936 5010 3052 5076 ejus
3084 4982 3187 5067 non
3220 4982 3413 5083 possun

1862 5074 2053 5129 referri
2102 5088 2363 5139 naturam.
2411 5084 2502 5139 Sic
2544 5086 2700 5154 igitur
2734 5093 2799 5147 de
2838 5111 2903 5149 eo
2948 5074 3101 5154 Dater
3128 5074 3413 5171 per'lsaian

1865 5163 2098 5234 loquitur
2130 5186 2143 5221 :
2172 5167 2302 5223 Ecce
2346 5188 2517 5228 servus
2560 5193 2700 5232 meus
2719 5221 2734 5246 ,
2764 5186 3040 5252 suscipiant
3080 5208 3189 5243 eum
3211 5211 3230 5245 :
3254 5200 3422 5249 electu.

1863 5275 2023 5327 meus,
2048 5262 2349 5330 complacuit
2378 5266 2471 5319 sibi
2502 5269 2552 5321 in
2580 5270 2671 5323 illo
2701 5275 2873 5326 anima
2902 5294 3010 5330 mea
3030 5296 3048 5331 .·
3068 5283 3187 5333 dedi
3203 5284 3414 5350 spiritun

1864 5365 2028 5403 meum
2072 5368 2222 5422 super
2268 5370 2402 5419 eum,
2428 5358 2684 5426 judicium
2730 5365 2957 5431 gentibus
2996 5370 3223 5435 proferre
3271 5369 3413 5437 (lsai

1862 5457 1990 5511 xui,
2024 5443 2106 5514 Ι).
2156 5444 2273 5514 ipse
2317 5444 2529 5518 quaque
2558 5452 2623 5507 de
2654 5456 2831 5527 seipse
2880 5462 3157 5516 similiter:
3185 5464 3422 5537 Spiritus,

1863 5536 2052 5605 inquit,
2104 5536 2313 5592 Domini
2366 5557 2519 5609 super
2560 5560 2679 5598 me:
2720 5559 2925 5614 propter
2964 5552 3097 5614 quod
3141 5556 3287 5606 unxit
3335 5536 3430 5619 me,

1857 5626 2199 5695 evangelisare
2248 5631 2551 5696 pauperibus
2602 5635 2735 5687 misit
2786 5652 2864 5687 me
2914 5638 3433 5709 (Luc.tv,18)..Et

1857 5714 2019 5791 David
2048 5715 2111 5769 ad
2139 5717 2384 5772 eumdem
2412 5735 2426 5770 :
2452 5718 2748 5785 Propterea,
2786 5723 2984 5799 inquit,
3018 5731 3163 5785 unxit
3193 5741 3240 5783 te
3271 5732 3426 5800 Deus,

1856 5786 1993 5858 Deus
2039 5816 2178 5873 tuus,
2206 5809 2314 5863 oleo
2344 5808 2698 5861 ersultationis
2733 5827 2840 5880 prie
2868 5820 3181 5874 consortibus
3214 5822 3331 5875 tuis.
3368 5823 3432 5885 Et
