3990 6390
595 396 705 450 ⁸145

1910 388 2133 444 VICILII
2176 390 2256 443 ΤΛ
2270 378 2543 444 PSENSIS
3688 393 3754 447 IiI

601 525 662 563 ex
696 519 919 577 persona
949 505 1120 560 Patris
1146 528 1156 559 :
1187 504 1344 557 Posui
1372 501 1680 573 adjutorium
1716 517 1866 569 super
1897 513 2171 569 potentem,
2205 510 2244 563 Α
2277 503 2342 556 de
2368 505 2482 570 ipso
2512 502 2677 557 dicit:
2709 501 2772 554 Et
2802 502 2939 555 dabit
2964 502 3041 554 illi
3069 501 3308 554 Dominus
3331 499 3453 552 Deus
3480 501 3620 553 sedent
3642 496 3757 555 David

602 611 648 654 et
670 599 886 652 exaltavi
908 599 1117 651 electum
1141 598 1202 650 de
1228 596 1416 665 papula
1439 611 1543 648 meo
1571 594 1742 665 (Psal.
1768 611 2025 659 LXXXVIII,
2050 596 2165 665 20).

606 689 667 741 Et
686 688 873 741 Petrus
886 687 953 741 de
970 688 1109 755 ipso;
1129 686 1387 753 Lapidem,
1407 684 1591 752 inquit,
1608 684 1668 736 ab
1694 685 1978 738 hominibus
1995 702 2170 754 repro-

604 779 800 839 batunt,
821 794 849 827 a
874 776 981 829 Deo
1003 786 1167 828 autem
1194 777 1396 827 electum
1420 784 1461 826 et
1484 775 1759 842 pretiosum
1779 774 1828 843 (Ι
1858 774 1996 827 Petr.
2016 792 2073 838 ιι,
2094 776 2173 850 1).

606 864 871 932 Numquid
900 863 987 917 Dei
1026 863 1185 916 Filius
1214 877 1274 915 cx
1306 877 1366 915 ea
1397 871 1580 914 natura
1616 863 1725 933 68
1761 879 1862 933 qua
1898 865 2038 917 Deus
2066 874 2168 931 est,

604 962 657 1008 et
691 967 794 1005 non
824 966 893 1004 ex
939 950 1024 1003 illa
1070 951 1242 1017 potius
1280 962 1381 1015 qua
1424 948 1588 1001 homo
1631 952 1797 1004 lactus
1842 961 1943 1015 est,
1972 953 2174 1006 electus

607 1040 803 1109 poterit
827 1037 1111 1108 appellari;
1146 1044 1201 1090 ut
1244 1034 1368 1089 inde
1398 1044 1585 1090 natura
1616 1037 1910 1092 divinitatis
1952 1040 2175 1108 eligere-

606 1141 693 1185 tnr
714 1172 726 1193 ,
759 1144 873 1199 quae
902 1143 1001 1181 una
1030 1136 1112 1181 est
1140 1134 1195 1179 et
1221 1142 1339 1194 qua:
1370 1125 1421 1179 in
1456 1126 1696 1194 pluribus
1728 1142 1831 1180 non
1873 1137 2046 1195 potest
2086 1129 2179 1181 de-

609 1219 815 1284 putari?
849 1218 981 1270 Dicit
1005 1216 1146 1269 enim
1180 1215 1417 1270 Ecclesia
1456 1215 1509 1269 in
1550 1214 1768 1271 Cantico
1796 1216 2135 1272 Canticorum
2165 1236 2175 1270 :

610 1309 893 1362 Fratruelis
924 1324 1085 1369 meus,
1117 1308 1307 1360 electus
1338 1308 1399 1359 de
1426 1306 1657 1375 pluribus
1685 1306 1859 1378 (Cant.
1885 1322 1936 1372 v,
1970 1307 2082 1375 10).
2117 1307 2183 1360 Et

608 1402 762 1451 Pater
786 1415 798 1451 :
818 1396 1057 1450 Exaltavi
1078 1398 1291 1466 electum
1315 1397 1381 1449 de
1400 1397 1591 1464 papula
1609 1413 1716 1450 meo
1738 1396 1903 1466 (Psal.
1926 1412 2179 1465 uuvm,

604 1486 716 1551 20).
752 1488 923 1540 Dicite
962 1486 1154 1554 igitur,
1184 1500 1216 1539 ο
1246 1500 1341 1540 vos
1382 1486 1540 1540 unius
1584 1496 1786 1540 naturae
1826 1487 2179 1555 professores,

604 1592 724 1631 enin
769 1591 870 1629 una
909 1576 978 1628 sit
1011 1575 1101 1628 Dei
1143 1582 1351 1640 natura,
1382 1575 1648 1644 quomodo
1686 1576 1769 1629 vel
1811 1575 1949 1630 unde
1978 1575 2185 1629 dicatur

604 1664 813 1718 electa?
857 1664 974 1731 quis
1020 1662 1107 1715 illa
1156 1664 1401 1731 superior
1443 1665 1617 1733 potuit
1660 1678 1775 1718 cam
1826 1664 1893 1718 de
1948 1664 2185 1733 pluribus

606 1753 841 1823 eligere?
870 1754 949 1807 An
981 1751 1115 1807 forte
1145 1753 1254 1822 ipsa
1281 1752 1349 1808 de
1372 1754 1549 1807 medio
1579 1755 1757 1823 populi
1784 1770 1905 1809 sese
1933 1754 2111 1824 elegit,
2133 1761 2189 1808 et

2277 595 2432 659 patris
2463 594 2557 657 sui,
2588 602 2634 645 et
2654 592 2886 661 regnabit
2913 594 2965 645 in
2994 593 3143 645 domo
3168 591 3339 652 Iacob.
3368 602 3410 645 et
3435 594 3558 659 regni
3582 596 3671 663 ejus
3690 612 3757 646 non

2275 684 2368 734 erit
2396 682 2509 749 ﬁnis
2529 684 2673 752 (Luc.
2701 697 2737 743 ι,
2764 682 2871 741 5:2).
2902 683 2977 735 Ad
3012 683 3175 734 David
3198 697 3401 750 quoque
3420 683 3507 734 ista
3527 684 3757 735 suntrerlu

2280 770 2448 823 μαγίς
2497 772 2560 823 du
2606 772 2758 835 ipso:
2790 770 2863 823 De
2895 772 3063 838 {ructu
3117 772 3298 823 t‘entris
3345 771 3414 822 tui
3462 784 3621 836 ponam
3656 786 3761 836 super

2279 867 2442 916 sedem
2482 874 2623 916 luant
2664 864 2832 933 (Psal.
2878 880 3061 928 etut,
3096 864 3201 933 II).
3249 866 3373 917 Item
3416 880 3429 916 :
3466 862 3524 915 Et
3564 880 3705 931 ponam
3726 866 3759 916 in

2278 953 2516 1005 strculum
2547 952 2719 1005 saeculi
2748 952 2915 1005 sedem
2944 955 3075 1020 ejus,
3104 964 3151 1005 et
3178 952 3411 1005 thronum
3436 954 3667 1022 ejus‘sicut
3688 954 3761 1005 dies

2280 1042 2389 1093 εαξη
2422 1041 2605 1110 (Psal.
2644 1057 2907 1108 Luxvm,
2945 1040 3068 1111 50).
3120 1040 3183 1093 Et
3230 1042 3591 1111 priumgeiitum
3633 1056 3763 1109 ponant

2281 1130 2453 1193 illum,
2496 1131 2747 1183 excelsum
2787 1147 2894 1201 pra:
2927 1131 3126 1202 regibus
3179 1140 3324 1185 terra
3381 1131 3546 1202 (Psal.
3578 1147 3763 1193 munt,

2282 1217 2398 1285 28).
2442 1218 2567 1272 Item
2595 1235 2609 1271 :
2634 1219 2819 1273 Manus
2874 1220 3007 1273 enim
3054 1237 3166 1273 mea
3204 1222 3523 1274 auxiliabitur
3558 1221 3611 1283 ei,
3631 1230 3666 1273 et
3689 1222 3765 1273 bra-

2284 1292 2452 1359 cltium
2481 1324 2647 1361 meum
2676 1310 2980 1379 confortabit
3011 1327 3121 1363 eum
3144 1309 3319 1378 (Psal.
3350 1327 3581 1377 uuvm,
3605 1311 3692 1381 (ἐξ).
3722 1312 3765 1364 Et

2286 1414 2470 1465 ponam
2490 1398 2541 1450 in
2568 1399 2694 1452 mari
2722 1415 2929 1453 manum
2957 1401 3087 1470 ejus,
3117 1409 3163 1453 et
3194 1402 3247 1453 in
3275 1402 3552 1470 [luminibus
3577 1402 3766 1454 dexteram

2286 1490 2396 1557 ejus
2423 1486 2595 1556 (Psal.
2621 1490 3009 1558 Lxxxvnl,26).
3038 1489 3107 1543 Et
3129 1492 3461 1545 dominabitur
3487 1510 3515 1545 a
3538 1494 3646 1545 mari
3665 1509 3768 1560 usque

2287 1578 2354 1629 ad
2388 1593 2546 1642 mare,
2576 1590 2621 1631 et
2661 1597 2691 1633 a
2728 1581 2941 1646 [lumine
2986 1597 3141 1649 usque
3169 1581 3237 1633 ad
3281 1582 3505 1635 terminos
3530 1581 3643 1634 orbis
3669 1591 3769 1633 terra

2289 1666 2462 1736 (Psal.
2494 1685 2636 1734 LXXI,
2666 1671 2744 1736 8).
2781 1672 2840 1723 Et
2880 1670 3043 1725 David
3074 1671 3139 1725 de
3171 1673 3287 1739 ipso
3313 1673 3376 1726 ad
3412 1671 3769 1727 Patremzb'loria

2288 1764 2337 1807 et
2387 1756 2577 1811 honore
2622 1760 2876 1812 coronasti
2928 1776 3076 1823 eum,
3119 1769 3165 1813 et
3212 1762 3505 1814 constituisti
3543 1777 3639 1813 eum
3672 1774 3769 1825 super

606 1857 909 1911 quanquam
934 1855 1091 1895 neruo
1117 1842 1350 1910 seipsum
1371 1841 1531 1911 eligat
1550 1852 1602 1897 et
1623 1856 1803 1911 aperte
1824 1843 1980 1912 hujus
2001 1844 2188 1898 electio
2219 1868 2264 1928 Β
2295 1862 2447 1913 opera
2491 1864 2733 1901 manuum
2775 1861 2996 1901 tuarum.
3046 1848 3233 1903 Omnia
3261 1852 3506 1919 subjecisti
3530 1852 3606 1904 sub
3629 1850 3769 1919 pedita

610 1949 639 1986 a
675 1934 781 1985 Deo
813 1932 945 1985 facta
969 1946 1088 1986 csse
1116 1931 1344 1997 dicatur,
1368 1941 1547 1988 tamen
1574 1933 1618 1987 si
1646 1934 1759 2002 ipsa
1790 1950 1851 1989 se
1885 1933 2188 1991 novissimis

610 2024 946 2094 temporibus
990 2024 1179 2094 elegit,
1228 2026 1277 2078 in
1318 2027 1462 2080 omni
1506 2025 1597 2081 illo
1636 2026 1900 2095 superiori
1951 2036 2191 2094 tempore

612 2122 818 2173 incerta
849 2117 944 2171 luit
974 2128 1027 2172 et
1067 2119 1356 2188 incognita,
1390 2118 1569 2188 populi
1606 2128 1660 2173 et
1695 2118 1962 2173 sociorum
2002 2119 2188 2174 conlu-

614 2210 767 2264 sione
793 2210 1070 2277 permixta,
1105 2208 1170 2262 de
1200 2208 1427 2277 quarum
1458 2208 1733 2263 consortio
1759 2208 1881 2277 eligi
1921 2216 1974 2263 et
2008 2217 2193 2263 sancto

618 2300 815 2367 Spiritu
848 2299 967 2368 ungi
1009 2298 1397 2365 meruit‘lQuia
1442 2298 1608 2352 David
1658 2299 1767 2351 ait:
1798 2297 1956 2353 Unxit
2000 2307 2045 2351 te
2086 2313 2194 2368 prie

617 2386 935 2440 consortibus
965 2389 1062 2441 tuis
1085 2386 1253 2457 (Psal.
1286 2403 1431 2455 suv,
1456 2388 1534 2458 8).
1581 2388 1807 2457 Eligitur
1834 2404 1981 2459 ergo,
2014 2398 2068 2445 et
2098 2406 2193 2445 un-

614 2480 789 2548 gitur,
820 2488 871 2533 et
917 2495 1076 2547 super
1118 2494 1178 2533 se
1226 2479 1384 2534 habet
1428 2480 1683 2549 Spiritum
1731 2490 1971 2536 sanctum
2015 2481 2194 2536 divina

612 2580 831 2625 natura.
870 2570 1017 2636 Dedi,
1044 2570 1237 2640 inquit,
1271 2570 1525 2639 Spiritum
1565 2589 1728 2628 meum
1767 2590 1919 2645 super
1947 2591 2059 2629 eum
2088 2574 2191 2647 (Is.

618 2675 750 2725 mi,
778 2659 852 2729 I).
882 2661 945 2712 Et
969 2660 1082 2728 ipse
1104 2659 1270 2714 Filius
1296 2677 1307 2713 :
1336 2659 1583 2729 Spiritus,
1606 2661 1797 2731 inquit,
1821 2660 2027 2717 Domini
2046 2681 2197 2734 super

616 2765 717 2810 me,
750 2758 950 2817 propter
974 2751 1108 2817 quod
1138 2750 1283 2802 unxit
1311 2765 1388 2803 me
1418 2750 1567 2821 (Luc.
1596 2766 1666 2815 tv,
1702 2752 1807 2821 18).
1838 2753 1900 2806 Et
1928 2754 2197 2821 quomodo

618 2838 837 2907 mqualis
866 2848 947 2892 est
976 2837 1107 2891 Filio
1140 2838 1371 2907 Spiritus
1407 2849 1644 2908 sanctus,
1669 2854 1789 2897 cum
1831 2856 1992 2911 super
2021 2840 2194 2913 ipsum

616 2941 741 2980 esse
792 2926 1162 2981 describatur?
1210 2928 1343 2982 Dicit
1393 2939 1567 2983 autem
1615 2930 1682 2985 de
1727 2931 1845 2999 ipso
1896 2932 2056 2987 Isaias
2086 2950 2100 2989 :
2129 2932 2195 2988 Et

620 3015 891 3083 requiescet
916 3032 1064 3086 super
1089 3032 1201 3069 eum
1244 3016 1469 3087 Spiritus
1498 3017 1735 3087 Domini,
1758 3032 1801 3072 et
1834 3021 2054 3091 implebit
2082 3040 2197 3079 eum

619 3107 844 3177 Spiritus
870 3108 1131 3178 sapientia:
1165 3108 1317 3179 (lsai.
1351 3125 1424 3174 ιιι,
1449 3110 1532 3179 2).
1580 3110 1644 3163 Et
1677 3110 1845 3165 Lucas
1875 3112 1929 3166 in
1960 3112 2198 3184 Evange-

619 3199 693 3253 Iio
719 3217 729 3249 :
757 3198 894 3252 Puer
929 3208 1096 3251 autem
1138 3199 1407 3264 crescebat,
1437 3207 1483 3252 et
1512 3200 1912 3270 confortabatur,
1943 3211 1989 3255 et
2019 3203 2196 3273 imple-
2224 3230 2270 3293 ρ

614 3289 767 3342 batur
810 3288 1057 3358 sapientia
1106 3286 1253 3357 (Luc.
1302 3303 1340 3353 ι,
1397 3287 1495 3353 80;
1551 3304 1606 3355 ιι,
1664 3287 1777 3359 5‘2).
1830 3289 1976 3346 Unde
2006 3294 2201 3350 'maui—

620 3378 813 3431 festum
847 3386 927 3430 est
959 3376 1149 3430 Filium
1180 3376 1273 3429 Dei
1305 3391 1409 3430 non
1444 3379 1734 3433 secundum
1765 3388 2003 3434 naturam
2038 3381 2195 3439 Verbi

619 3466 741 3535 eligi
774 3468 839 3519 dc
872 3466 1136 3535 pluribus,
1161 3474 1252 3520 aut
1280 3467 1590 3533 confortari,
1620 3477 1709 3523 ant
1750 3469 1957 3535 impleri
1989 3474 2199 3541 sapien-

620 3557 711 3609 tia.
744 3556 857 3610 Non
889 3557 1031 3610 enim
1062 3564 1263 3609 natura:
1290 3556 1447 3609 Verlii
1481 3567 1563 3611 est
1590 3557 1901 3623 confortari,
1934 3576 2053 3613 cum
2085 3562 2196 3630 ipsa

619 3644 689 3699 sit
725 3647 928 3707 virtus;
958 3659 1057 3699 nec
1098 3645 1374 3699 crescendi
1420 3657 1701 3715 augmenta
1744 3649 2046 3716 suscipere,
2075 3665 2195 3705 cum

614 3732 852 3803 perfecta
877 3735 943 3787 sit
966 3735 1017 3787 in
1045 3734 1249 3801 seipsa;
1282 3749 1378 3787 nec
1401 3736 1657 3803 sapientia
1686 3736 1913 3804 impleri,
1938 3750 2057 3790 cum
2086 3738 2217 3809 ipsa,

619 3825 839 3892 impleat
878 3824 1085 3887 omnia;
1119 3838 1215 3876 nec
1260 3822 1375 3891 ejus
1410 3831 1492 3876 est
1529 3823 1687 3892 eligi,
1720 3838 1837 3876 cum
1880 3824 1994 3893 ipsa
2033 3828 2198 3894 magis

618 3914 801 3981 eligat,
827 3922 881 3968 et
912 3912 1051 3965 unde
1081 3912 1307 3980 eligatur
1336 3927 1440 3964 non
1481 3912 1694 3967 habeat.
1731 3913 1859 3979 Quia
1894 3929 2019 3984 ergo
2050 3917 2195 3970 verbi

620 4012 827 4057 natura:
866 4003 967 4056 ista
1012 4017 1116 4056 non
1162 4001 1486 4056 conveniunt
1523 4002 1574 4055 in
1618 4002 1865 4069 Christo,
1894 4005 2038 4058 carni
2082 4007 2198 4074 ejus

620 4102 917 4161 congruant
952 4106 1171 4148 necesse
1200 4100 1302 4158 est,
1328 4091 1622 4147 secundum
1662 4108 1820 4162 quam
1848 4092 1967 4162 jure
2004 4095 2197 4150 dicitur

620 4198 810 4237 servus
849 4183 1072 4250 electus,
1096 4182 1218 4249 jure
1264 4179 1616 4247 confortatus,
1644 4183 1763 4252 jure
1803 4183 2064 4250 sapientia
2095 4184 2193 4238 im-

621 4272 819 4339 pletus,
845 4271 965 4339 jure
1002 4272 1272 4337 crevisse,
1297 4271 1418 4340 jure
1458 4272 1712 4341 Spiritum
1753 4286 1993 4329 sanetum
2036 4291 2197 4353 super

625 4373 683 4411 se
712 4358 929 4411 habere.

698 4446 837 4498 XIII.
886 4444 1035 4510 Quod
1087 4454 1146 4496 ut
1189 4443 1366 4499 adhuc
1413 4446 1713 4499 evidentius
1766 4449 1982 4511 clareat,
2032 4466 2196 4519 pauca

626 4533 1023 4587 subnectemus.
1073 4532 1206 4585 Dicit
1255 4532 1321 4586 de
1369 4547 1432 4586 eo
1477 4533 1683 4587 Isaias:
1725 4533 2026 4601 Priusquam
2073 4540 2198 4591 sciat

628 4638 753 4690 puer
805 4638 1039 4689 respuere
1089 4621 1279 4674 malum
1329 4630 1376 4675 et
1422 4622 1606 4691 eligere
1658 4625 1839 4675 bonum
1877 4642 1894 4679 :
1932 4639 2197 4696 antequam
2228 4598 2279 4659 Β

627 4720 899 4780 cognoscat
922 4727 1043 4782 puer
1070 4727 1251 4765 vocare
1282 4720 1473 4779 putrem
1497 4720 1586 4765 aut
1614 4721 1840 4776 matrem,
1867 4714 2077 4784 accipiet
2107 4719 2200 4771 vir-

629 4814 784 4856 tutem
809 4803 1045 4857 Damasci
1072 4812 1118 4856 et
1148 4805 1311 4871 spolia
1336 4804 1587 4858 Samaria:
1617 4802 1770 4872 (Isai.
1797 4807 2005 4876 vttt,4).
2035 4809 2199 4866 Num-

628 4892 754 4959 quid
784 4894 895 4963 69
929 4903 1171 4946 naturam
1214 4892 1365 4947 Verbi
1398 4902 1556 4948 tanta:
1596 4895 1853 4949 audemus
1884 4897 2198 4965 ignorantia:

629 4983 911 5049 subjicere,
950 4984 1034 5037 cui
1086 4997 1183 5036 nec
1229 4985 1531 5051 praeterita,
1571 5000 1670 5039 nec
1719 4986 1890 5038 futura
1938 4987 2199 5045 habentur

629 5074 869 5126 occulta?
914 5073 977 5126 Et
1026 5074 1215 5125 iterum
1266 5072 1653 5128 Lucaszlesus
1692 5085 1857 5129 autem
1908 5080 2201 5147 proﬁciebat

628 5170 798 5226 tetate,
829 5170 875 5214 et
922 5161 1190 5229 sapientia,
1226 5170 1274 5214 et
1320 5164 1485 5231 gratia
1535 5165 1674 5231 apud
1708 5164 1867 5217 Deum
1897 5176 1941 5219 et
1972 5169 2201 5225 homines

630 5250 780 5321 (Luc.
813 5267 870 5317 ιι,
902 5249 1015 5320 52).
1047 5250 1104 5305 Si
1134 5250 1292 5305 Verbi
1322 5252 1372 5305 in
1404 5266 1469 5307 eo
1500 5254 1809 5321 proﬁciebat
1838 5266 2044 5324 natura,
2068 5276 2197 5331 ergo

628 5346 899 5399 mutabilis
924 5345 1058 5399 facta
1080 5354 1161 5399 est
1184 5360 1277 5408 per
1302 5345 1595 5419 profectum
1613 5364 1625 5399 :
1643 5350 1782 5416 quod
1810 5351 1949 5403 enim
1971 5353 2198 5419 prolicit,

628 5443 863 5489 mutatur
898 5436 948 5493 in
999 5434 1207 5488 melius.
1257 5435 1331 5488 De
1378 5444 1639 5504 potestate
1689 5451 1898 5507 quoque
1938 5450 1993 5495 et
2033 5443 2201 5508 gloria

629 5523 776 5591 regni
806 5532 859 5578 et
891 5523 1073 5592 judicii
1123 5524 1459 5590 auctoritate,
1501 5539 1659 5592 quam
1705 5541 1773 5579 ex
1831 5535 2092 5596 tempore,
2131 5532 2199 5587 ob

631 5619 877 5672 meritum
906 5618 1193 5687 passionis,
1222 5617 1513 5671 secundum
1562 5627 1803 5672 naturam
1834 5622 2009 5675 carnis
2046 5637 2200 5678 acce-

630 5706 728 5773 pit,
750 5707 981 5764 breviter
1006 5710 1178 5778 aliqua
1202 5710 1461 5764 dicamus.
1487 5710 1701 5766 Gabriel
1735 5710 1785 5764 in
1813 5712 2095 5782 Evangelio
2126 5714 2197 5768 ita

2293 1935 2403 2003 ejus
2451 1934 2621 2003 (Psal.
2652 1952 2765 2002 vm,
2804 1938 2879 2008 6).
2927 1938 3097 1993 Item:
3124 1938 3350 1995 Posuisti
3384 1958 3526 2007 super
3564 1950 3682 2009 caput
3701 1940 3770 2007 ejn

2292 2037 2528 2075 coronam
2574 2026 2636 2079 de
2682 2026 2851 2093 lapide
2890 2027 3132 2097 pretioso.
3190 2027 3359 2082 Vitam
3403 2030 3551 2097 petiit,
3576 2038 3615 2081 et
3647 2026 3771 2080 dedisti

2292 2115 2337 2166 ei
2367 2115 2733 2183 longitudinem
2771 2117 2968 2169 dierum
2998 2117 3050 2175 in
3076 2119 3320 2172 swculum
3357 2119 3519 2174 σιτίαιί
3546 2115 3688 2189 (Psal.
3710 2129 3765 2173 ιι,

2293 2205 2372 2274 4).
2403 2207 2563 2261 Juxta
2597 2208 2724 2262 illud
2754 2207 2934 2262 Isaite:
2962 2206 3021 2260 Si
3048 2208 3321 2261 tradiderit
3342 2208 3392 2261 in
3414 2216 3599 2260 mortem
3622 2206 3770 2257 anima

2293 2311 2460 2362 suam,
2491 2298 2671 2350 videbit
2703 2313 2869 2351 semen
2897 2297 3180 2366 longarum
3220 2296 3376 2367 (1εαὶ.
3407 2313 3509 2362 uti,
3538 2297 3627 2364 10).
3652 2295 3766 2347 Item:

2298 2383 2515 2454 Propter
2537 2386 2814 2449 veritatem,
2838 2396 2883 2440 et
2912 2386 3365 2451 mansuetudinem,
3396 2397 3438 2439 et
3459 2385 3673 2456 justitiam
3693 2396 3770 2449 pro-

2294 2476 2412 2529 cede
2439 2484 2484 2529 et
2514 2493 2667 2546 regna
2708 2474 2881 2547 (Psal.
2916 2492 3056 2540 κων,
3098 2476 3176 2544 5).
3213 2476 3280 2529 Et
3320 2474 3530 2529 Daniel:
3554 2471 3643 2542 Ipsi
3673 2471 3769 2521 dats:

2295 2574 2369 2617 est
2396 2564 2729 2635 principatus,
2758 2565 2921 2618 honor
2959 2573 3005 2618 et
3049 2580 3260 2633 regnum
3294 2562 3449 2635 (Dan.
3480 2577 3559 2626 vn,
3588 2561 3671 2628 14).
3692 2558 3773 2624 Qus

2296 2654 2474 2707 omnia
2502 2668 2597 2709 cur
2621 2654 2885 2722 acceperit
2915 2668 3019 2707 non
3051 2663 3278 2707 tacetur.
3319 2654 3445 2707 Nam
3475 2652 3575 2721 ipse
3599 2650 3771 2703 meritum

2304 2752 2462 2796 tanta:
2492 2744 2764 2813 dignitatis
2810 2752 3043 2812 acceptae
3070 2745 3472 2807 demonstrans,
3498 2742 3592 2795 ait:
3618 2736 3773 2791 Vincenti

2299 2840 2347 2883 et
2376 2834 2591 2887 serranti
2620 2850 2772 2904 opera
2812 2849 2920 2887 mea
2958 2850 3114 2903 usque
3153 2840 3202 2886 tn
3251 2836 3400 2903 finem
3428 2834 3545 2886 dabo
3568 2837 3774 2900 potestatein

2300 2936 2450 2990 super
2490 2932 2659 2993 gentes
2683 2938 2702 2976 :
2736 2931 2781 2977 et
2842 2931 2977 2993 reget
3020 2938 3105 2975 eas
3149 2924 3199 2975 in
3239 2925 3382 2995 rirga
3433 2923 3601 2987 ferrea,
3626 2920 3720 2970 sicut
3746 2922 3773 2966 tt

2298 3029 2389 3083 ego
2417 3013 2588 3083 accepi
2611 3030 2641 3065 a
2668 3013 2824 3068 Patre
2853 3030 2967 3068 mea
2998 3014 3182 3083 (Apoc.
3212 3030 3245 3069 tt
3272 3056 3287 3079 ,
3316 3013 3514 3084 26-28).
3554 3013 3656 3066 Item
3678 3025 3689 3060 ξ
3713 3004 3773 3071 Οιί

2300 3102 2492 3167 vicerit,
2525 3102 2655 3156 dabo
2686 3104 2729 3156 ei
2750 3104 2921 3156 sedere
2949 3119 3138 3157 mecum
3166 3104 3219 3157 in
3246 3105 3364 3158 sede
3401 3120 3520 3167 mea,
3544 3103 3649 3153 sicut
3669 3106 3701 3149 et
3718 3108 3772 3162 ego

2299 3189 2414 3254 vici,
2438 3200 2483 3243 et
2510 3192 2617 3244 sedi
2645 3208 2756 3245 cum
2797 3191 2953 3246 Patre
2980 3208 3089 3246 meo
3132 3193 3184 3245 in
3217 3195 3339 3247 sede
3383 3194 3530 3262 ipsius
3558 3191 3698 3260 (Apoc.
3723 3198 3772 3243 tu.

2300 3278 2412 3348 21).
2446 3278 2541 3334 Cui
2581 3280 2812 3335 victoria:
2852 3282 3024 3336 omnis
3064 3282 3323 3337 casloru'n
3357 3281 3597 3337 exercitus
3627 3280 3773 3329 attesta-

2303 3380 2403 3432 tur,
2437 3370 2618 3425 dicens
2649 3388 2661 3425 :
2698 3370 2891 3440 Dignus
2912 3380 2982 3424 est
3012 3372 3183 3440 Agnus
3213 3373 3305 3439 qui
3335 3373 3516 3424 occisus
3543 3377 3603 3422 est
3624 3370 3774 3430 accipere

2299 3460 2535 3530 gloriam,
2570 3470 2613 3512 et
2642 3458 2902 3527 honorem,
2930 3470 2978 3513 et
3002 3462 3326 3531 sapientiam,
3357 3470 3399 3514 et
3429 3459 3730 3531 fortitudinem,
3748 3458 3773 3501 tl

2299 3561 2587 3620 potestatem
2619 3552 2798 3622 (Apoc.
2829 3568 2877 3618 v,
2912 3553 3023 3623 I22).
3072 3553 3193 3607 Haec
3220 3552 3291 3609 de
3320 3554 3462 3623 regni
3490 3553 3632 3623 gloria
3656 3558 3693 3602 et
3715 3558 3774 3613 βο·

2302 3651 2510 3709 testate,
2541 3658 2697 3713 quam
2727 3657 2791 3696 ex
2822 3650 3060 3712 tempore
3108 3643 3178 3697 ob
3208 3646 3453 3698 meritum
3484 3640 3697 3712 passionis
3718 3631 3775 3686 Dei

2300 3730 2462 3785 Filius
2510 3732 2805 3786 secundum
2861 3740 3100 3786 naturam
3132 3733 3312 3785 cannis
3344 3748 3449 3787 sua:
3492 3730 3677 3797 accepit,
3699 3734 3774 3777 cum

2299 3822 2406 3891 70
2434 3823 2723 3877 secundum
2766 3822 2923 3877 Verbi
2968 3830 3206 3877 naturam
3255 3824 3387 3877 nihil
3424 3820 3774 3891 egueritborum,

2300 3912 2532 3967 breviter
2554 3912 2865 3967 dixerimus.
2890 3911 3037 3965 Nunc
3064 3913 3129 3967 de
3154 3913 3340 3981 jndicii
3364 3912 3643 3967 auctoritate
3664 3903 3775 3959 ιιιιιιω

2302 4001 2516 4055 brevius
2544 4002 2803 4056 dicamus.
2834 4001 3147 4072 Quanquam
3182 4002 3234 4056 in
3272 4004 3401 4059 sede
3426 4002 3560 4073 regni
3585 4014 3667 4053 non
3686 3986 3775 4047 aliud

2262 4105 2271 4113 ·
2300 4104 2457 4159 quam
2486 4090 2687 4145 .Iudieis
2712 4092 2999 4145 auctoritas
3022 4091 3497 4147 demonStraretur.

2371 4178 2507 4233 XIV.
2540 4179 2806 4249 Pr0pheta
2848 4195 2974 4249 ergo
3007 4182 3084 4234 sic
3114 4180 3181 4235 de
3218 4182 3333 4248 ipso
3362 4181 3423 4235 ad
3457 4181 3637 4234 Patrem
3666 4166 3777 4237 loqui-

2303 4277 2385 4323 tur
2411 4286 2425 4322 :
2452 4268 2609 4333 Deus,
2644 4269 2897 4338 judicium
2940 4278 3078 4321 tuum
3101 4271 3205 4339 regi
3250 4270 3338 4336 da,
3361 4280 3407 4323 et
3440 4269 3659 4341 justitiam
3688 4269 3777 4311 tum

2300 4358 2409 4425 ﬁlio
2432 4356 2560 4428 regis
2584 4356 2749 4426 (Psal.
2788 4374 2928 4421 uxr,
2960 4359 3030 4426 I).
3064 4358 3129 4412 Et
3154 4358 3265 4424 ipse
3294 4378 3305 4411 :
3340 4358 3459 4413 Cum
3484 4369 3683 4423 accepero
3700 4358 3777 4399 tem-

2301 4462 2414 4516 pus,
2455 4462 2546 4515 ego
2579 4449 2809 4518 justitias
2846 4448 3093 4519 judicabo
3138 4447 3312 4519 (Psal.
3364 4464 3531 4513 Lxxw,
3570 4446 3636 4503 3f.
3675 4439 3720 4491 EI
3747 4434 3777 4485 in

2303 4535 2592 4604 Evangelia
2620 4554 2632 4589 :
2661 4536 2987 4603 Potestatem,
3020 4538 3206 4607 inquit,
3234 4540 3370 4593 dedit
3422 4540 3465 4592 ei
3500 4533 3709 4609 judicium
3727 4525 3779 4593 [α’

2303 4628 2487 4695 ciendi,
2521 4632 2757 4699 quoniam
2794 4628 2963 4683 Filius
3004 4631 3221 4685 hominis
3241 4644 3314 4687 est
3340 4632 3509 4704 (Joan.
3540 4644 3583 4687 ν,
3609 4616 3780 4691 27)."0-

2302 4734 2417 4773 rum
2472 4735 2744 4773 sacrorum
2799 4721 3132 4790 eloquiorum
3190 4723 3456 4777 meliorem
3494 4720 3778 4783 interpretem.

2302 4824 2456 4878 quam
2508 4809 2681 4876 ipsum
2742 4808 3020 4863 Dominum
3067 4826 3172 4864 non
3217 4811 3539 4873 invenimus,
3567 4804 3641 4875 qui
3679 4792 3781 4852 nobis

2303 4908 2568 4953 tantorum
2601 4900 2859 4952 honorum
2892 4899 3102 4954 sibimet
3125 4901 3434 4955 collaturum
3460 4910 3627 4954 causas
3648 4899 3689 4944 ct
3710 4896 3780 4938 me

2301 4992 2459 5044 ritum
2496 4989 2667 5042 valeat
2708 5004 2969 5046 reserare.
3005 4989 3191 5046 Cesset
3229 4994 3401 5046 omnis
3444 4991 3656 5043 humana:
3680 4986 3783 5067 erit?

2304 5082 2644 5137 mentationis
2673 5081 2960 5146 calliditas,
2987 5097 3086 5136 nec
3114 5096 3172 5137 se
3200 5083 3390 5137 audeat
3419 5076 3634 5148 imperita
3656 5064 3782 5139 peritia

2303 5175 2439 5227 ultra
2499 5172 2711 5226 modum
2762 5171 2952 5226 divinae
3000 5172 3347 5241 expositionis
3393 5167 3668 5225 extendere.
3705 5154 3783 5241 Ιρδίξ

2306 5262 2397 5315 Dei
2448 5261 2615 5314 Filius
2658 5275 2812 5315 sacro
2854 5261 3143 5315 divinitat's
3183 5276 3276 5315 ore
3319 5259 3602 5329 perdocent,
3630 5260 3704 5303 cur
3730 5232 3784 5288 νει

2304 5351 2591 5405 secundum
2638 5350 2759 5418 quid
2804 5350 2962 5403 tantis
3005 5350 3162 5404 fuerit
3191 5364 3220 5403 a
3248 5328 3400 5404 Patre
3427 5346 3698 5423 sublimatus
3723 5328 3784 5423 In):

2305 5440 2540 5503 noribus,
2570 5440 2657 5506 qui
2690 5439 2767 5492 sic
2790 5440 3094 5493 incarnatus
3125 5438 3285 5494 homo
3317 5439 3476 5491 lactus
3501 5441 3590 5490 est,
3619 5434 3663 5479 ut
3683 5422 3721 5474 in
3750 5410 3783 5466 id

2303 5532 2441 5604 quod
2492 5543 2609 5589 crat
2660 5534 3058 5588 immntabiliter
3116 5550 3447 5604 permanens,
3490 5525 3604 5584 nihil
3651 5522 3782 5597 80W"

2301 5624 2571 5678 amitteret
2620 5642 2737 5693 qua:
2791 5630 2935 5695 prius
2985 5631 3229 5684 habebat.
3284 5631 3427 5683 Dicat
3478 5615 3782 5693 «πικρανεῖ

2304 5722 2541 5782 tempore
2571 5724 2886 5784 potestatem
2919 5720 3203 5789 acceperit,
3233 5721 3317 5791 qui
3362 5730 3559 5787 semper
3592 5700 3782 5764 lulier
