3990 6390
258 435 358 493 1ιὸ

1366 428 1637 485 CONTRA
1679 428 2145 485 EUTYCIIETEM
2187 430 2310 484 LIB.
2358 429 2421 482 ν.

3402 432 3500 487 HG

250 550 319 602 Et
346 558 653 621 potestatem,
682 548 871 617 inquit,
902 546 1040 601 dedit
1066 547 1111 601 ei
1150 544 1395 612 iudicium
1437 544 1681 614 faciendi,
1704 562 1826 613 qtto-
1860 549 1905 605 Α
1936 545 2127 595 inimici
2182 561 2431 605 essemus,
2481 544 2791 597 reconciliati
2849 560 3021 598 sumus
3073 542 3181 599 Deo
3230 559 3318 613 per
3368 561 3501 597 utor-

248 641 389 691 nium
428 639 564 707 ﬁlius
611 637 827 691 hominis
860 646 931 691 est
972 635 1183 705 (Ibid.).
1222 635 1353 699 Quid
1392 634 1570 703 igitur,
1605 635 1827 689 Dum‘nc

249 728 378 783 .Iesu
401 727 632 792 Christe,
661 727 798 780 alius
826 735 879 780 et
905 724 1042 779 alius
1070 723 1224 780 nobis
1254 723 1553 793 apparebis,
1577 739 1697 777 cum
1732 741 1825 777 nos

254 829 308 873 te
350 833 510 872 unum
546 817 900 885 eumdemque
949 815 1140 870 Filium
1179 814 1273 867 Dei
1310 822 1363 869 et
1398 812 1559 867 filium
1594 813 1826 867 hominis

254 912 549 967 fateamur?
579 912 684 966 Cur
714 912 891 981 itaque
922 927 1025 965 non
1057 910 1236 965 dixisti
1265 928 1276 962 :
1304 908 1369 963 Et
1411 920 1703 979 potestatem
1740 911 1827 961 de-

252 1006 329 1057 dit
355 1006 419 1065 ei,
452 1005 691 1073 quoniam
725 1001 895 1057 Filius
927 1002 1023 1056 Dei
1051 1004 1158 1058 est?
1187 1002 1357 1065 Unus,
1388 1002 1578 1071 inquit,
1609 1012 1661 1056 et
1688 1002 1827 1056 idem

252 1112 399 1161 sum,
425 1111 523 1151 nec
551 1096 712 1151 dividi
740 1110 977 1164 possum.
1025 1095 1128 1151 Sed
1170 1110 1335 1165 quare
1378 1096 1465 1149 vel
1501 1096 1641 1150 unde
1678 1110 1830 1150 acce-

256 1187 454 1255 perim,
482 1188 621 1255 quod
662 1202 874 1256 semper
919 1186 1099 1249 habui,
1128 1185 1269 1241 volui
1315 1185 1700 1240 demonstrare.
1731 1184 1830 1241 Se-

256 1276 490 1331 cundum
548 1285 787 1331 naturam
834 1278 1007 1345 enim,
1055 1292 1158 1346 qua
1203 1276 1342 1331 Deus
1393 1275 1625 1331 Verbum
1678 1290 1826 1341 sum,

260 1368 390 1422 nihil
435 1370 585 1433 exui,
629 1370 761 1424 nihil
806 1371 1022 1439 accepi,
1063 1369 1311 1438 quoniam
1353 1368 1519 1422 Filius
1565 1368 1655 1422 Dei
1686 1383 1830 1435 sum,

255 1466 312 1513 ει
364 1458 416 1512 in
464 1462 565 1514 hoc
614 1468 768 1514 natus
824 1459 1297 1514 sumzsccundum
1353 1467 1596 1512 naturam
1653 1468 1829 1512 autem

254 1550 460 1615 carnis,
491 1566 593 1620 qua
640 1550 780 1605 Deus
834 1551 1060 1605 Verbum
1112 1550 1415 1604 incarnatus
1464 1550 1623 1603 homo
1664 1549 1832 1603 laetus

255 1655 399 1701 sum.
424 1649 478 1695 et
505 1642 645 1710 egui,
670 1651 720 1696 et
754 1643 957 1711 accepi,
983 1641 1233 1712 qttoniam
1266 1641 1405 1696 filius
1435 1640 1668 1695 hominis
1688 1656 1832 1704 sum,

253 1742 307 1787 et
335 1733 401 1787 ad
433 1733 533 1787 hoc
564 1742 719 1790 natus
750 1750 891 1789 sum.

332 1821 445 1876 XV.
481 1823 546 1877 Et
580 1830 881 1894 quanquam
914 1827 1026 1880 hate
1056 1825 1391 1890 suffecerint,
1426 1839 1521 1893 pro
1550 1824 1629 1878 sui
1661 1824 1830 1878 firmi-

1932 644 2029 687 tem
2078 633 2201 687 Filii
2245 638 2356 704 ejus
2408 635 2589 703 (Rom.
2633 650 2691 701 ν,
2734 635 2855 705 I0).
2909 636 2974 690 Et
3011 636 3499 700 iterum:Solvens,

1932 726 2124 795 inquit,
2154 728 2441 781 inimicitias
2472 730 2523 781 in
2558 745 2706 783 carne
2734 745 2828 781 sua
2858 728 3073 799 (Epiros.
3107 744 3164 795 ιι,
3202 730 3317 797 li):
3343 743 3501 797 qualn

1930 831 2148 871 carnem
2199 820 2369 872 nostri
2414 821 2654 888 generis,
2704 830 3005 889 nostraque
3052 831 3255 873 natura:
3305 820 3500 882 fuisse,

1934 909 2070 963 idem
2120 918 2343 977 testatur
2380 912 2444 965 ad
2488 912 2739 966 Hebraeos
2784 914 2890 983 72
2929 914 3237 981 Apostolus,
3273 913 3456 966 dicens
3488 930 3499 964 :

1936 999 1980 1050 ι)
2011 999 2149 1053 cebat
2190 1001 2323 1053 enim
2368 1017 2483 1054 eum
2530 1011 2733 1072 propter
2775 1019 2918 1071 quem
2946 1006 3136 1068 omnia,
3167 1014 3210 1057 et
3242 1019 3330 1071 per
3356 1019 3502 1071 quem

1934 1092 2123 1155 omnia,
2155 1090 2341 1143 multos
2387 1091 2522 1158 filios
2569 1093 2636 1144 ad
2677 1094 2893 1164 gloriam
2934 1096 3284 1159 adducentem,
3311 1096 3499 1165 princi-

1934 1200 1967 1250 p
1996 1198 2043 1233 m
2066 1182 2247 1234 salutis
2266 1196 2442 1234 eorum
2470 1197 2557 1249 per
2579 1186 2862 1250 passionem
2886 1185 3017 1252 ﬁeri.
3047 1185 3144 1251 Qui
3164 1186 3295 1237 enim
3317 1185 3507 1236 sancti-

1934 1273 2070 1339 ficat,
2094 1283 2139 1325 et
2168 1272 2254 1341 qui
2278 1272 2679 1340 sanctiﬁcantur,
2705 1289 2874 1327 omnes
2900 1292 2965 1328 ex
2986 1292 3084 1329 uno
3106 1292 3123 1329 :
3145 1288 3346 1347 propter
3369 1277 3505 1344 quod

1934 1379 2031 1416 non
2072 1364 2406 1433 confunditur
2445 1365 2625 1434 fratres
2666 1382 2757 1435 eos
2794 1383 3003 1431 rorare,
3032 1370 3201 1422 dicens
3226 1386 3243 1421 :
3270 1368 3502 1421 Narrabo

1934 1470 2118 1507 nomen
2155 1463 2296 1507 tuum
2340 1454 2603 1523 fratribus
2631 1457 2755 1510 meis
2783 1456 2967 1526 (Hebr.
3001 1474 3052 1521 tt,
3091 1458 3197 1527 10).
3229 1460 3328 1527 Qui
3358 1459 3501 1513 enim

1936 1544 2251 1607 sanctificat,
2282 1545 2332 1599 id
2379 1553 2461 1599 est
2506 1545 2785 1611 Christus;
2818 1558 2871 1602 et
2897 1549 2983 1616 qui
3014 1552 3429 1613 sanctilicantur,
3455 1550 3505 1602 id

1936 1646 2015 1690 est
2045 1636 2260 1701 fiJelvs,
2290 1650 2505 1702 omnes,
2536 1637 2726 1707 inquit,
2758 1654 2823 1693 ex
2866 1654 2994 1692 uno.
3029 1640 3103 1694 Es
3155 1655 3282 1705 uno,
3313 1640 3503 1703 inquit,

1937 1727 2131 1782 habent
2162 1737 2220 1781 ut
2248 1729 2355 1783 sint
2384 1728 2595 1785 fratres.
2627 1730 2744 1795 Quo
2774 1743 2903 1797 uno,
2937 1731 3037 1784 nisi
3069 1739 3264 1784 nostra:
3304 1740 3505 1783 natura:

1937 1826 2165 1894 genere?
2210 1840 2314 1880 non
2363 1826 2503 1881 enim
2547 1840 2613 1881 ex
2653 1827 2891 1895 utrisque
2933 1825 3133 1879 naturis
3164 1824 3352 1879 fratres
3384 1834 3505 1876 sunt

253 1920 367 1968 tate
390 1913 614 1979 roboris,
632 1915 695 1968 ad
718 1916 1225 1971 demonstrationem
1250 1916 1299 1970 in
1322 1915 1534 1971 Christo
1553 1915 1826 1982 Utriusque
1860 1907 1905 1967 Β
1928 1916 2159 1983 Christi,
2190 1918 2371 1973 fideles
2416 1919 2563 1987 ejus;
2596 1919 2687 1972 sed
2734 1934 2799 1972 ex
2847 1934 2979 1982 una,
3007 1918 3058 1971 id
3102 1925 3186 1971 est
3232 1915 3456 1968 humana
3490 1930 3503 1964 :

253 2016 483 2070 naturte,
518 2015 690 2061 tamen
729 2015 789 2061 ut
829 2007 996 2075 magis
1044 2006 1315 2076 magisque
1344 2006 1585 2061 veritatis
1612 2005 1829 2060 claritas

252 2098 545 2159 eluet-seat,
575 2096 701 2151 libet
732 2098 889 2151 etiam
917 2098 1065 2150 illum
1094 2096 1337 2165 Apostoli
1367 2104 1597 2150 tractare
1626 2109 1831 2149 sermo-

256 2200 379 2238 nem
428 2202 534 2255 quo
587 2202 681 2253 pro
730 2187 881 2241 nobis
928 2187 1199 2241 Christum
1249 2187 1594 2241 mediatorem
1639 2186 1831 2240 asserit

256 2276 455 2330 f..ctutn
489 2276 541 2345 (Ι
576 2276 703 2331 Tim.
729 2294 785 2340 tt,
819 2278 898 2348 5).
922 2279 1071 2345 Quod
1102 2278 1363 2344 officium,
1388 2278 1489 2332 nisi
1514 2293 1581 2333 ex
1608 2278 1831 2332 veritate

258 2376 463 2423 natura:
496 2370 597 2441 71
629 2374 825 2434 carn's,
869 2387 1025 2440 quam
1060 2388 1127 2426 ex
1174 2372 1329 2426 nobis
1369 2371 1574 2434 habuit,
1610 2371 1832 2439 implere

260 2475 366 2512 non
411 2461 614 2527 potuit,
647 2462 895 2529 quoniam
940 2477 1035 2530 per
1082 2462 1250 2529 ipsam
1284 2463 1421 2516 inter
1456 2463 1622 2516 Deum
1651 2470 1705 2516 et
1738 2462 1835 2516 ho-

260 2550 430 2604 mines
471 2550 673 2603 medius
715 2554 976 2619 apparuit.
1013 2552 1079 2606 Et
1112 2553 1330 2621 quia,ut
1359 2552 1648 2621 Apostolus
1679 2552 1753 2604 ait
1782 2560 1837 2605 et

261 2655 438 2693 rerum
473 2641 665 2694 vetitas
692 2641 866 2702 docet,
890 2642 1140 2694 mediator
1168 2657 1269 2695 non
1294 2652 1367 2695 est
1404 2642 1554 2695 unius
1587 2640 1731 2710 (Gal.
1760 2655 1834 2703 ιιι,

258 2730 395 2799 20),
446 2733 645 2785 habens
690 2740 865 2785 autem
905 2731 1151 2787 Christus
1197 2732 1488 2787 secundum
1534 2748 1627 2787 vos
1678 2745 1835 2786 unam

258 2832 534 2887 naturam,
568 2823 837 2877 ostendite
893 2823 1031 2879 unde
1079 2826 1148 2879 sit
1198 2824 1408 2879 medius
1460 2827 1598 2879 inter
1637 2840 1733 2879 nos
1782 2833 1838 2880 et

259 2908 403 2961 illam
434 2928 443 2960 :
492 2910 610 2979 quia
642 2911 709 2977 si,
743 2920 799 2964 ut
829 2910 994 2981 impie
1025 2912 1232 2980 sapitis,
1263 2928 1362 2967 una
1394 2923 1477 2967 est
1505 2912 1620 2982 ejus
1650 2922 1833 2968 natura

258 3003 589 3068 mediatoris,
624 3005 675 3059 in
698 3020 763 3060 eo
790 3007 927 3075 quod
970 3016 1054 3061 est
1084 3023 1243 3061 unum
1273 3016 1327 3060 et
1351 3008 1617 3077 singulare
1648 3008 1835 3063 salutis

260 3108 457 3150 nostra:
498 3097 812 3165 remedium,
841 3098 1183 3154 frusmtbitur
1219 3113 1634 3155 sacramentum.
1684 3100 1835 3156 Unde

260 3188 401 3241 enim
435 3188 640 3242 medius
677 3190 800 3253 erit,
833 3191 876 3244 si
924 3200 1206 3260 utrumque
1248 3206 1352 3245 non
1393 3190 1673 3245 habuerit?
1698 3192 1831 3258 Quia

262 3280 366 3334 nisi
398 3281 555 3335 talem
594 3282 992 3339 dederisinter
1020 3285 1184 3339 Deum
1226 3294 1280 3339 et
1323 3284 1585 3350 homines,
1628 3285 1717 3356 qui
1764 3288 1830 3338 ita

263 3375 331 3427 sit
376 3376 612 3438 medius,
640 3386 697 3429 ut
750 3390 817 3430 ex
858 3387 1086 3446 utroque
1131 3388 1413 3447 utrumque
1458 3376 1546 3443 sit,
1580 3376 1629 3431 id
1667 3385 1748 3430 est
1781 3385 1837 3430 ut

262 3474 317 3521 et
352 3466 492 3521 Deus
535 3470 605 3521 sit
654 3478 870 3536 propter
907 3468 1234 3532 divinitatis,
1278 3478 1331 3522 et
1381 3468 1520 3523 idem
1568 3468 1727 3521 homo
1770 3468 1839 3521 sit

264 3566 483 3627 propter
509 3558 851 3612 humanitatis
882 3568 1144 3624 natmam,
1172 3559 1398 3613 humana
1431 3558 1625 3611 divinis
1652 3571 1838 3625 quem-

261 3647 550 3701 admodum
594 3650 1009 3704 reconcilieutur
1063 3665 1168 3703 non
1223 3636 1480 3703 os’endis.
1539 3648 1670 3702 Nam
1715 3650 1836 3717 quia

261 3738 687 3807 transgressione
714 3739 970 3805 mandati,
1002 3739 1199 3793 inimici
1236 3739 1327 3793 Dei
1359 3738 1760 3802 esstiteramus,
1782 3745 1837 3791 et

264 3830 321 3882 iu
348 3829 672 3883 contrarium
711 3831 901 3884 animis
941 3830 1372 3884 discordantibus
1408 3828 1777 3897 vergebamus,
1809 3842 1839 3881 a

262 3921 510 3989 supernis
545 3920 891 3987 declinantes,
924 3930 977 3976 et
1015 3921 1078 3975 ad
1128 3923 1227 3974 ima
1278 3921 1587 3984 tendentes,
1617 3933 1839 3973 necesse

268 4010 441 4066 fuerat
476 4017 774 4067 interventu
816 4014 1171 4069 miserationis
1209 4015 1403 4068 divina:
1440 4016 1628 4068 solutis
1660 4013 1838 4064 inimi-

265 4106 428 4169 citiis,
456 4107 719 4160 contraria
761 4106 812 4159 in
850 4123 1012 4161 unum
1059 4108 1320 4171 revocari,
1350 4117 1405 4162 et
1452 4108 1699 4175 supernis
1733 4107 1833 4156 ima

264 4196 476 4249 restitui
503 4210 516 4247 ε
542 4197 679 4261 quod
720 4212 824 4249 non
863 4199 1018 4251 aliter
1060 4200 1170 4251 fieri
1204 4200 1394 4267 putuit,
1427 4199 1526 4253 nisi
1568 4201 1690 4253 talis
1722 4212 1837 4249 me—

268 4284 445 4337 diator
482 4286 757 4353 existeret,
789 4287 877 4355 qui
920 4288 986 4341 de
1032 4290 1342 4342 cmleStihus
1384 4290 1629 4353 veniens,
1660 4291 1842 4343 conni-

268 4384 422 4429 retur
451 4376 707 4441 terrenis,
741 4378 975 4433 retinens
1006 4378 1054 4431 in
1088 4394 1147 4433 se
1181 4379 1230 4430 id
1262 4382 1400 4446 quod
1432 4391 1577 4445 erat,
1611 4391 1662 4434 ct
1692 4396 1843 4435 assuc

268 4484 423 4523 mens
448 4469 496 4522 id
518 4470 656 4538 quod
687 4485 789 4524 non
819 4482 954 4526 erat.
980 4471 1078 4538 Qui
1111 4488 1246 4525 unus
1275 4471 1425 4525 fieret
1454 4474 1503 4526 in
1529 4481 1845 4542 utroque,et

267 4561 341 4615 ita
395 4577 494 4630 per
545 4562 819 4631 utriusque
867 4573 1070 4616 natura:
1125 4565 1585 4628 communionem,
1636 4564 1688 4617 in
1741 4580 1840 4617 una

1931 2008 2158 2076 Propter
2178 2011 2313 2077 quod
2352 2027 2451 2063 non
2487 2011 2842 2081 confunditur,
2872 2011 3073 2079 inquit,
3102 2010 3285 2079 fratres
3311 2024 3391 2061 eos
3425 2024 3506 2060 ro-

1931 2114 2045 2150 rare
2074 2100 2540 2153 :confunderetur
2594 2109 2770 2153 autem
2812 2099 3005 2155 fratres
3059 2113 3152 2153 eos
3200 2098 3409 2161 dicere,
3461 2100 3503 2148 si

1933 2206 2089 2243 unam
2120 2199 2322 2245 tantum
2345 2191 2694 2261 eamdemque
2717 2191 2956 2246 divinam
2983 2192 3199 2246 haberet
3230 2199 3500 2243 naturam:

1934 2296 2072 2335 nunc
2086 2290 2260 2336 autem
2279 2292 2558 2352 utramque
2575 2283 2796 2347 habens,
2815 2284 2935 2337 etin
2955 2293 3177 2351 utroque
3195 2290 3504 2335 naturarum

1932 2387 2127 2441 genere
2156 2374 2453 2428 subsistens
2472 2414 2487 2440 ,
2513 2389 2577 2427 ex
2608 2389 2711 2427 uno
2734 2389 2824 2428 eos
2855 2373 3069 2441 fratres,
3094 2388 3155 2427 ex
3187 2373 3292 2427 alio
3321 2385 3507 2427 servos

1934 2466 2186 2533 appellat.
2220 2466 2368 2522 Unde
2397 2475 2629 2531 constat,
2655 2483 2751 2535 per
2780 2469 3062 2521 humanam
3096 2476 3335 2522 naturam
3368 2468 3504 2520 inel-

1938 2556 2170 2611 fabiliter
2218 2557 2392 2613 Verbo
2440 2560 2669 2625 unitam,
2698 2559 3044 2613 mediatorem
3098 2557 3261 2611 fuisse
3312 2558 3503 2611 factum

1942 2648 2220 2702 Dominum
2250 2648 2431 2703 .Iesum
2463 2648 2730 2703 Christum
2760 2664 2859 2703 :ac
2904 2664 2997 2717 per
3028 2649 3128 2703 hoc
3171 2649 3257 2716 qui
3298 2648 3433 2700 hanc
3460 2649 3507 2700 ei

1940 2759 2201 2811 naturam,
2227 2747 2277 2802 id
2306 2758 2387 2803 est
2416 2749 2720 2813 humanam,
2753 2764 2847 2819 per
2878 2748 3032 2803 unius
3064 2755 3266 2801 natura:
3297 2745 3505 2815 profes-

1937 2838 2139 2892 sionem
2178 2839 2390 2893 auferre
2433 2838 2644 2903 nititur,
2675 2852 2833 2892 omne
2872 2836 2990 2891 fidei
3023 2845 3218 2890 nostra!
3244 2846 3299 2889 et
3324 2833 3511 2888 saiutis

1937 2932 2251 3002 mysterium
2281 2947 2543 2987 evacuare
2568 2942 2809 2987 conatur.
2844 2930 2971 2985 Item
3003 2931 3247 3000 sequitur
3282 2932 3509 2999 Aposto-

1939 3023 2041 3086 lus,
2072 3022 2138 3076 ad
2182 3022 2434 3078 Hebraeos
2468 3022 2652 3077 dicens
2695 3041 2706 3075 :
2751 3022 2873 3079 Non
2913 3024 3045 3076 enim
3088 3023 3261 3074 statim
3305 3020 3510 3090 angelos

1937 3113 2178 3183 suscepit,
2209 3114 2297 3165 sed
2336 3129 2503 3167 semen
2547 3113 2785 3179 Abrahae,
2822 3115 2954 3166 unde
2993 3113 3163 3166 debuit
3216 3127 3304 3177 per
3343 3112 3512 3183 omnia

1940 3204 2185 3273 fratribus
2212 3205 2455 3270 similare,
2495 3213 2550 3258 ut
2581 3206 2862 3259 misericors
2899 3206 3039 3272 ﬁeret
3069 3214 3114 3257 et
3151 3203 3317 3272 [idtlis
3343 3218 3510 3255 sacer-

1938 3292 2028 3347 dos
2065 3293 2119 3346 in
2166 3293 2247 3347 his
2278 3310 2391 3364 qua:
2432 3303 2549 3349 sunt
2593 3295 2660 3348 ad
2712 3294 2892 3360 Deum,
2924 3296 2992 3347 ad
3020 3295 3391 3362 deprecandum
3422 3309 3513 3359 pro

1938 3383 2134 3437 delictis
2165 3384 2359 3451 pepuli.
2392 3382 2456 3437 In
2488 3399 2546 3438 eo
2574 3386 2707 3438 enim
2736 3386 2786 3437 in
2815 3401 2915 3454 quo
2954 3394 3181 3453 expertus
3220 3400 3397 3453 passus
3423 3394 3513 3446 est,

1941 3484 2101 3540 potest
2129 3476 2437 3545 experientes
2466 3476 2708 3545 adjuvare
2729 3476 2913 3546 (Hebr.
2944 3492 3001 3539 tt,
3033 3476 3141 3545 10).
3178 3476 3326 3540 Quod
3359 3474 3510 3538 dicit,

1944 3565 2045 3619 hoc
2069 3574 2170 3632 est,
2203 3566 2326 3633 quia
2354 3565 2597 3621 Christus
2623 3582 2725 3620 non
2758 3567 3087 3635 angelorum,
3115 3566 3208 3620 sed
3235 3566 3510 3618 hominum

1944 3664 2186 3711 naturam
2220 3670 2288 3710 ex
2326 3656 2529 3711 semine
2565 3655 2793 3710 Abrahae
2834 3657 3088 3725 suscepit,
3124 3665 3179 3709 ut
3210 3664 3390 3725 posset
3420 3670 3521 3724 per

1942 3746 2217 3800 veritatem
2240 3755 2509 3815 susceptae
2534 3754 2738 3801 natura:
2768 3746 3019 3801 fratribus
3046 3761 3141 3816 per
3169 3749 3345 3801 omnia
3373 3746 3516 3801 simi~

1944 3837 2085 3903 lare;
2132 3847 2188 3893 ut
2235 3837 2359 3892 hinc
2400 3837 2703 3892 misericors
2740 3847 2796 3892 et
2840 3836 3011 3891 fidelis
3053 3836 3305 3891 sacerdos
3336 3835 3511 3900 fieret,

1944 3930 2085 4001 quod
2117 3945 2222 3985 non
2268 3930 2604 4000 angelorum,
2636 3928 2733 3984 sed
2772 3929 3046 3983 hominum
3087 3929 3322 3998 suscepit
3362 3938 3516 3983 natu-

1948 4036 2083 4088 ram,
2116 4020 2437 4075 infirmitatis
2480 4029 2534 4074 et
2562 4020 2859 4088 fragilitatis
2888 4019 3187 4082 consciam;
3231 4032 3326 4086 per
3355 4032 3513 4085 quam

1943 4119 1997 4165 et
2026 4110 2079 4163 in
2108 4123 2209 4178 qua
2241 4109 2503 4175 passionis
2534 4106 2871 4161 infirmitates
2904 4116 3182 4173 expertus,
3212 4105 3517 4159 misericor-

1944 4200 2084 4253 diter
2109 4208 2161 4253 et
2192 4198 2418 4252 fideliter
2462 4197 2601 4251 Patri
2632 4196 2733 4264 pro‘
2754 4194 3095 4263 peccantibus
3144 4194 3469 4262 supplicaret
3494 4212 3508 4247 :

1950 4290 2085 4354 Quia
2131 4290 2185 4344 in
2223 4304 2303 4355 eo,
2330 4288 2518 4357 inquit,
2547 4288 2600 4341 in
2643 4302 2743 4356 quo
2769 4295 3005 4355 expertus
3045 4301 3219 4355 passus
3246 4293 3336 4350 est,
3360 4296 3519 4356 potest

1948 4378 2258 4447 experientes
2287 4377 2550 4447 adjuvare.
2582 4374 2715 4443 Quid
2746 4383 2827 4429 est
2857 4374 3005 4443 illud,
3034 4375 3084 4429 in
3115 4388 3222 4443 quo
3249 4383 3436 4443 passus
3464 4385 3525 4429 et

1950 4476 2200 4536 expertus
2239 4475 2320 4521 est
2357 4466 2740 4531 infirmitatem,
2783 4465 2883 4518 nisi
2924 4464 3156 4519 humana
3196 4475 3416 4529 natura,
3450 4466 3517 4519 de

1948 4573 2049 4629 qua
2091 4558 2143 4612 in
2192 4557 2482 4626 Evangelio
2523 4566 2766 4626 tempore
2805 4557 3069 4626 passionis
3120 4572 3230 4611 sua:
3270 4557 3518 4611 dicebat:

262 4669 297 4709 e
317 4654 561 4724 idemque
621 4670 842 4724 persona
861 4698 875 4722 ,
910 4665 965 4710 et
1016 4658 1238 4709 humana
1291 4656 1485 4710 divinis
1508 4696 1521 4718 ,
1553 4666 1608 4712 et
1662 4657 1836 4710 divina
1878 4631 1923 4688 θ
1949 4653 2172 4721 Spiritus
2197 4652 2394 4719 quidem
2423 4660 2703 4721 promptus,
2727 4665 2847 4703 caro
2876 4657 3048 4703 autem
3069 4649 3275 4716 inﬁrma
3303 4649 3519 4719 (Matth.

262 4748 496 4803 sociaret
534 4748 778 4804 humanis
814 4767 828 4804 :
866 4750 1013 4819 prius
1055 4759 1367 4818 utrumque,
1400 4750 1516 4803 sine
1564 4750 1841 4817 utriusque

262 4841 586 4906 aboliaione,
634 4842 822 4896 uniens
874 4844 925 4896 in
978 4843 1185 4911 seipso;
1237 4843 1358 4896 dein
1420 4857 1607 4896 omnes
1658 4842 1840 4897 fideles

269 4933 415 4988 l‘atri
461 4933 808 4988 reconcilians
840 4934 967 4989 Deo.
1008 4936 1074 4988 Et
1116 4938 1235 5004 quia
1278 4936 1726 4989 reconciliationis
1758 4952 1840 4987 «a-

266 5032 599 5079 cramentum
631 5024 1025 5078 immaculatum
1054 5025 1319 5094 flagitabat
1352 5025 1692 5090 sacrificium,
1725 5027 1842 5080 talis

266 5115 441 5168 hostia
484 5116 799 5184 requirenda
849 5114 1021 5169 fuerat
1055 5131 1172 5184 que
1210 5117 1279 5168 ita
1322 5116 1492 5168 media
1533 5128 1674 5170 esset
1710 5118 1845 5171 inter

222 5222 225 5223 '
267 5207 437 5260 Deum
459 5216 513 5261 et
544 5207 809 5270 homines,
842 5217 897 5261 ut
924 5215 975 5261 et
1005 5207 1162 5261 morti
1192 5206 1562 5261 succumberet
1588 5223 1683 5275 per
1719 5210 1842 5261 illud

264 5298 411 5369 quod
464 5299 694 5354 hominis
740 5299 991 5364 habebat,
1033 5310 1085 5353 et
1135 5309 1359 5353 mortem
1403 5300 1701 5354 revinceret
1751 5318 1847 5369 per

264 5393 407 5462 quod
440 5392 492 5445 in
522 5407 580 5446 se
609 5392 896 5446 divinitatis
926 5393 1157 5446 tenebat.

340 5484 477 5539 XVI.
520 5486 655 5540 Ilinc
686 5485 971 5554 Apostolus
1000 5486 1072 5539 ait
1100 5505 1112 5541 :
1140 5485 1276 5537 Nam
1317 5485 1409 5537 etsi
1455 5485 1729 5553 cruciﬁxus
1770 5495 1840 5538 est

262 5594 329 5632 ea:
358 5576 655 5642 inﬁrmitate
682 5587 870 5640 nostra,
911 5577 999 5629 sed
1028 5577 1143 5628 vivit
1174 5592 1237 5629 ea:
1266 5577 1446 5629 virtute
1483 5574 1577 5627 Dei
1608 5574 1690 5646 (ll
1720 5574 1836 5629 Cor.

268 5685 382 5734 snt,
410 5667 490 5735 Δ).
524 5668 684 5738 Igitur
712 5683 805 5738 per
836 5667 974 5722 hanc
1000 5668 1323 5721 oblationem
1367 5668 1555 5720 mortis
1593 5682 1703 5719 suae
1727 5682 1845 5734 qua:

267 5764 337 5819 de
370 5772 551 5816 nostro
590 5762 661 5815 illi
708 5762 901 5824 fuerat,
934 5759 1244 5813 mediatoris
1292 5758 1469 5811 officio
1507 5774 1633 5811 usus
1664 5771 1847 5810 recon-

258 5860 476 5918 *ciiiarit
503 5876 600 5915 nos
636 5858 763 5925 Deo,
800 5861 935 5914 sicut
968 5857 1249 5926 Apostolus
1280 5854 1408 5909 dicit
1441 5872 1449 5904 τ
1478 5853 1537 5907 Si
1580 5852 1707 5905 enim
1740 5867 1850 5903 cum

1946 4762 2091 4810 xxvi,
2122 4746 2245 4813 4f)?
2272 4745 2423 4814 cujus
2454 4740 2776 4798 infirmitatis
2812 4742 3081 4803 conscius,
3113 4741 3348 4795 inﬁrmos
3376 4742 3513 4795 didi-

1944 4838 2017 4891 cit
2036 4836 2140 4907 73
2163 4836 2434 4905 adjuvare.
2457 4837 2623 4900 Quem
2644 4847 2862 4886 sensum
2879 4832 3051 4885 adhuc
3067 4831 3223 4885 latius
3247 4832 3519 4900 explicans

1948 4931 2236 4998 Apostolus
2283 4928 2448 4983 dicit:
2479 4926 2601 4980 Non
2651 4926 2786 4979 enim
2832 4924 3068 4977 habemus
3108 4924 3391 4990 pontiﬁcem
3437 4925 3522 4991 qui

1949 5038 2051 5073 non
2077 5020 2229 5090 possit
2259 5018 2474 5087 compati
2502 5015 2881 5084 inﬁrmitatibus
2910 5014 3113 5077 nostris,
3144 5014 3231 5066 sed
3261 5021 3524 5078 expertum

1951 5129 2041 5179 per
2093 5111 2262 5163 omnia
2318 5119 2362 5163 et
2412 5110 2464 5161 in
2510 5108 2766 5169 omnibus,
2818 5106 3090 5158 secundum
3138 5104 3523 5157 similitudinem

1949 5205 2139 5273 absque
2164 5213 2365 5272 peccato
2397 5201 2577 5273 (Hebr.
2621 5215 2691 5267 tv,
2726 5200 2835 5267 15).
2870 5199 2998 5252 Item
3035 5215 3046 5250 :
3082 5196 3147 5249 Et
3179 5199 3304 5263 ipse,
3334 5193 3522 5261 inquit,

1952 5297 2110 5351 simili
2152 5297 2301 5349 modo
2348 5296 2397 5347 in
2438 5294 2615 5347 iisdem
2644 5292 2960 5361 passionibus
2989 5290 3081 5359 fuit
3106 5288 3291 5355 (Hebr.
3331 5300 3387 5346 tt,
3416 5283 3523 5349 18).

1952 5390 2017 5444 Et
2057 5392 2248 5443 iterum
2282 5408 2294 5442 :
2329 5385 2393 5439 Et
2423 5400 2713 5455 quanquam
2752 5383 2816 5435 sit
2858 5380 3027 5434 Filius
3070 5378 3182 5436 Dii.
3212 5391 3299 5444 per
3330 5390 3388 5426 ea
3413 5388 3525 5441 qua!

1952 5498 2131 5550 passus
2160 5489 2251 5543 est,
2284 5478 2465 5531 didicit
2508 5476 2693 5548 (Hebr.
2729 5491 2783 5539 v,
2824 5474 2915 5543 8);
2946 5471 3088 5525 unde
3124 5478 3178 5523 et
3206 5466 3554 5558 compatiturl
3597 5532 3603 5558 ξ

1950 5573 2344 5628 infirmitatibus
2384 5572 2604 5625 nostris.
2648 5570 2871 5635 Qumso,
2902 5563 3044 5618 unde
3083 5574 3202 5630 qua:
3242 5569 3295 5614 et
3338 5556 3552 5629 passus
3600 5556 3603 5559 ⁷

1952 5675 2033 5721 est
2061 5665 2280 5720 didicit?
2310 5663 2451 5717 unde
2476 5671 2531 5718 et
2552 5658 2872 5727 compatitur
2893 5655 2916 5708 ?
2939 5652 3078 5707 unde
3108 5653 3160 5706 in
3184 5651 3375 5708 iisdem
3407 5666 3525 5719 pas-

1956 5757 2195 5813 sionibus
2244 5755 2379 5809 fuit?
2416 5753 2555 5807 mule
2605 5756 2854 5816 expertus
2902 5745 3259 5812 infirmitates,
3290 5742 3528 5799 infirmo-z

1958 5850 2145 5904 didicit
2197 5844 2493 5914 adjuvare?
2547 5841 2696 5895 Unde
2742 5836 3033 5893 remedium
3066 5838 3259 5906 ohjccit
3301 5837 3408 5891 Deo
3438 5849 3527 5904 pro
