3990 6390
609 390 708 443 H7

1930 392 2153 448 VICILII
2196 394 2564 451 TAPSENSIS

3710 412 3772 467 Il8

606 505 854 571 inﬁrmis,
886 508 928 559 si
968 522 1073 560 non
1105 506 1285 560 habuit
1327 514 1566 560 naturam
1598 515 1792 559 nostrze
1824 506 2182 559 inlit'tnitatis?
2214 510 2260 567 Α
2290 508 2373 561 nia
2421 509 2561 575 quod
2589 510 2661 562 ait
2689 528 2699 561 ι
2738 510 2838 576 Qui
2875 506 3261 577 prwdestinatus
3294 524 3367 569 est
3422 514 3574 571 Fit‘us
3615 517 3774 583 Dei;ut

606 617 727 656 cum
778 610 833 655 et
877 602 1141 669 incognita
1189 600 1418 668 experiri
1473 608 1629 666 atque
1677 599 1904 663 disere,
1935 599 2180 652 Itum:th

611 692 906 760 proprium,
936 707 1039 743 non
1086 689 1376 744 divinitatis
1403 690 1569 743 soleat
1593 705 1715 744 esse
1744 703 1967 743 natura).

687 780 847 833 XVII.
875 780 1089 833 Possem
1115 781 1285 833 adlmc
1308 781 1585 847 multiplici
1612 782 2037 834 testimoniorum
2056 796 2186 833 cun-

614 873 775 939 gerie,
806 871 1143 925 humanitatis
1167 872 1361 926 Christi
1396 873 1664 940 negotium
1698 872 1973 932 tentilare,
2000 882 2050 924 et
2075 888 2183 923 ma-

618 962 801 1015 teriam
844 962 947 1014 late
996 971 1261 1029 patentezn
1306 977 1637 1031 nequaquam
1697 962 1934 1029 angustis
1994 963 2185 1016 finibus

618 1053 935 1114 terminare;
968 1053 1062 1105 nisi
1114 1052 1177 1104 ad
1209 1052 1409 1121 reliqua
1449 1052 1778 1121 expedienda
1807 1092 1820 1115 ,
1856 1052 1961 1105 imo
2010 1053 2184 1119 potius

619 1142 907 1196 refellenda
930 1158 1047 1208 qua:
1072 1153 1255 1196 contra
1282 1143 1565 1195 conciiium
1598 1142 2051 1204 Chalcedonense,
2080 1144 2181 1197 im-

620 1233 926 1295 pudentiutn
954 1233 1251 1287 temeritate
1278 1235 1575 1302 tonscripta
1608 1244 1728 1287 sunt
1761 1234 2037 1288 festinaret
2066 1249 2184 1288 ora-

617 1323 727 1386 tio,
758 1338 877 1389 quze
919 1322 1091 1391 qualia
1120 1323 1228 1375 sint
1260 1322 1551 1376 videmnus.
1585 1324 1659 1377 Ex
1696 1323 1912 1378 decreto
1950 1324 2138 1393 synodi
2167 1340 2182 1380 :

620 1412 791 1481 Su/ﬁct
804 1422 880 1464 ret
905 1412 1109 1481 quidem
1139 1412 1207 1464 ad
1252 1412 1534 1481 plenariam
1563 1415 1761 1483 pietatis
1804 1415 2109 1484 agnitionem
2135 1424 2184 1467 et

613 1502 1067 1569 ccttﬁrmrttionem,
1099 1509 1329 1554 sanctum
1358 1502 1451 1555 hoc
1477 1512 1523 1555 et
1550 1506 1773 1558 salutare
1803 1506 1985 1557 divina:
2010 1506 2186 1575 gratia:

612 1603 1005 1647 sacramentum.
1034 1595 1108 1648 De
1138 1594 1291 1648 Patre
1311 1596 1523 1658 enim,et
1549 1593 1704 1659 Filio,
1729 1606 1775 1650 et
1798 1596 1993 1666 Spiritu
2010 1607 2186 1651 sancto

613 1686 903 1753 plenissime
932 1686 1095 1749 docet,
1128 1694 1172 1737 et
1206 1683 1412 1738 Domini
1442 1687 1599 1739 nostri
1629 1687 2025 1739 incarnationem
2056 1688 2185 1754 ﬁde-

612 1775 727 1828 liter
747 1776 1137 1842 suscipientibus
1163 1777 1358 1830 exhibet
1389 1770 1562 1846 (Cone.
1600 1777 1837 1831 Chalced.
1869 1789 1969 1831 act.
2002 1776 2079 1847 5).
2131 1780 2183 1833 In

618 1870 718 1921 hoc
749 1883 842 1920 eos
872 1868 941 1921 ita
968 1869 1365 1934 reprehendunt
1394 1871 1647 1939 capitulo,
1668 1870 1807 1939 quod
1842 1880 1959 1938 post
1992 1870 2181 1936 Patris,

614 1970 669 2015 et
698 1960 839 2027 Filii,
872 1971 925 2014 et
947 1961 1175 2029 Spiritus
1203 1964 1374 2016 sancti
1401 1962 1815 2028 confessionem,
1840 1964 1997 2017 veluti
2029 1978 2188 2033 quar-

620 2059 728 2103 tutn
765 2051 946 2105 nescio
975 2068 1128 2121 quem
1180 2053 1457 2107 Dominum
1493 2054 1805 2109 tradiderint
1833 2056 2186 2110 incarnatum.

615 2139 766 2207 Quod
798 2151 991 2209 quanta
1022 2143 1308 2210 calumnia,
1342 2144 1449 2198 imo
1482 2146 1656 2213 potius
1688 2146 1948 2214 imperitia
1974 2156 2183 2200 notave-

619 2234 725 2285 rint
753 2233 925 2287 nullus
955 2251 1057 2289 non
1087 2235 1227 2289 \‘idcl
1254 2237 1575 2303 sapientum.
1619 2237 1673 2291 Si
1704 2238 1846 2291 enim
1879 2239 1948 2291 ita
1993 2245 2049 2290 ut
2076 2238 2189 2291 istis

574 2376 579 2387 α
621 2324 900 2389 verborum
924 2330 1342 2396 aucupaturihus
1371 2330 1578 2384 videtur
1607 2331 1926 2399 posuissent,
1962 2339 2017 2384 ut
2043 2330 2189 2385 dire-

616 2425 761 2470 rent:
787 2417 865 2471 De
886 2416 1045 2472 Patre
1065 2420 1219 2483 enim,
1248 2430 1292 2472 tt
1322 2420 1480 2484 Filio,
1503 2432 1550 2475 et
1568 2420 1767 2489 Spiritu
1792 2430 1986 2486 sancto,
2013 2431 2058 2474 et
2080 2426 2189 2493 ejus

614 2509 1015 2563 incarnationem
1047 2511 1336 2579 plenissime
1368 2512 1543 2577 docet,
1590 2513 1854 2567 incertum
1884 2522 1999 2568 erat
2038 2514 2189 2581 cujus

612 2615 675 2654 ex
701 2600 958 2654 Trinitate
990 2601 1328 2666 incarnatio;
1358 2614 1447 2656 aut
1465 2614 1610 2657 certe
1636 2603 1871 2669 Spiritus
1898 2605 2065 2657 sancti
2102 2620 2189 2672 pu-

616 2701 834 2755 taretur,
860 2691 1011 2760 cujus
1039 2702 1131 2761 per
1162 2706 1277 2746 una:
1310 2709 1503 2747 nomen
1532 2693 1919 2747 incarnationis
1951 2696 2186 2764 tnysteri

612 2788 1052 2861 eomtnemoratiu
1079 2787 1401 2855 sequebatur
1426 2803 1439 2840 :
1472 2798 1525 2841 et
1557 2787 1675 2841 ideo
1698 2786 1763 2840 ad
1792 2788 2185 2843 distinctionem

617 2892 861 2944 persona:
908 2877 1060 2941 Filii,
1088 2886 1143 2929 ιιι
1190 2877 1253 2929 ad
1300 2892 1421 2932 cum
1467 2878 1847 2930 incarnationis
1879 2879 2187 2947 mysterium

619 2967 884 3039 pertinere
930 2975 1307 3029 monstrarent,
1340 2967 1457 3036 ejus
1488 2966 1680 3021 iterum
1725 2968 1823 3021 sub
1856 2968 1965 3021 Doa
1991 2969 2063 3021 ini
2096 2983 2189 3037 ap-

654 3058 904 3112 ellatinne
952 3059 1262 3112 tutabu?uut
1320 3066 1563 3126 repetere
1594 3058 1913 3111 maluerunt.
1956 3058 2105 3125 Quod
2135 3066 2189 3113 et

654 3074 904 3112 euaunne
952 3074 1262 3112 ιοιειυιιειιιιι
1320 3074 1563 3126 repetere
1594 3074 1913 3111 matuerunt.
1956 3074 2105 3125 uuou
2135 3074 2188 3113 et

611 3074 904 3220 apostolus
931 3151 983 3204 in
1010 3152 1272 3220 principio
1305 3150 1559 3219 Epistula:
1589 3150 1653 3205 ad
1689 3151 1953 3204 Romanus
1999 3150 2029 3204 ft
2052 3152 2188 3207 cisse

621 3246 925 3309 invenitur;
958 3244 1066 3316 74
1094 3245 1181 3298 ubi
1214 3260 1279 3297 ne
1307 3254 1580 3313 putaretur
1622 3244 1851 3313 Spiritus
1895 3247 2063 3299 saneti
2099 3262 2184 3299 re-

612 3338 998 3391 surrectionem
1032 3336 1579 3405 praedicari-,coactus
1601 3348 1682 3391 est
1714 3347 1817 3390 tam
1849 3338 1914 3391 de
1947 3340 2187 3406 proximo

617 3428 826 3483 Domini
854 3428 1051 3482 Christi
1085 3442 1276 3482 nomen
1306 3438 1578 3495 repetere;
1614 3442 1732 3481 nam
1765 3429 1832 3481 ita
1858 3428 2018 3483 dicit:
2050 3429 2183 3481 Pau-

612 3515 687 3572 lus
709 3535 879 3572 serrus
900 3519 929 3572 ,Ι
938 3536 1023 3572 esu
1050 3518 1263 3584 Christi,
1286 3529 1487 3572 vocatus
1508 3518 1788 3586 apostolus,
1819 3529 2108 3589 segregatus
2133 3519 2185 3572 in

615 3607 952 3679 Erangelinm
979 3609 1073 3662 Dei
1098 3650 1112 3675 ,
1144 3610 1279 3678 quod
1304 3619 1421 3663 ante
1459 3610 1755 3677 promiserat
1791 3623 1877 3679 per
1917 3608 2185 3678 prophetas

614 3714 731 3751 suos
763 3699 814 3751 in
840 3697 1117 3768 Scripturis
1146 3701 1352 3764 sanctis,
1374 3700 1437 3753 de
1462 3697 1597 3753 Filio
1618 3716 1729 3763 suo,
1754 3700 1838 3768 qui
1866 3704 2031 3768 factus
2051 3710 2120 3753 est
2142 3702 2185 3753 ei

576 3790 583 3794 ’
613 3806 677 3843 ea:
709 3791 898 3843 semine
926 3788 1087 3840 David
1113 3789 1386 3841 secundum
1415 3806 1611 3841 carnem
1634 3806 1653 3854 ;
1683 3793 1767 3859 qui
1799 3790 2185 3859 pra’destinatus

613 3891 686 3935 est
716 3880 887 3933 Filius
919 3879 1012 3932 Dei
1042 3880 1093 3932 in
1124 3881 1302 3932 t'irtute
1328 3882 1605 3933 secundum
1635 3883 1865 3949 spiritum
1896 3884 2185 3948 sanctiﬁca-

614 3973 767 4027 tionis
795 3989 857 4027 επ
886 3972 1249 4025 resurrectione
1282 3982 1594 4025 mortuorum
1618 3972 1739 4025 Jesu
1760 3972 1949 4025 Christi
1978 3972 2185 4027 Domini

610 4067 772 4120 nostri
797 4063 972 4135 (Rom.
1009 4079 1045 4131 ι,
1082 4063 1215 4133 1-4).
1250 4064 1385 4131 Quid
1413 4075 1516 4117 tam
1541 4065 1769 4117 vicinius
1802 4074 1853 4116 ct
1884 4078 1987 4117 uno
2020 4080 2183 4133 prepe

610 4172 862 4213 sermone
909 4157 1101 4211 Filium
1153 4156 1245 4210 Dei
1300 4170 1423 4209 nom
1451 4156 1635 4209 navit?
1668 4154 1843 4209 Potuit
1892 4155 2069 4210 dicere
2120 4172 2183 4209 ex

610 4252 975 4305 resurrectione
1006 4256 1138 4316 eius,
1180 4260 1233 4303 et
1265 4266 1368 4303 non
1402 4259 1643 4319 repetere
1672 4249 1797 4303 Jesu
1840 4246 2028 4302 Christi
2072 4248 2180 4301 Do-

611 4340 735 4392 mini
763 4340 954 4403 nostri;
985 4356 1165 4408 quem,
1198 4350 1251 4392 ut
1281 4339 1412 4404 dixi,
1446 4355 1567 4392 mox
1612 4338 1801 4392 Filium
1836 4339 1927 4393 Dei
1973 4340 2178 4405 [rasile-

612 4432 871 4483 stinatnm
895 4430 1294 4484 nominaverat:
1325 4432 1415 4484 sed
1443 4432 1563 4498 quia
1594 4431 1982 4498 in;erposueral
2009 4431 2179 4485 sancti

613 4520 845 4587 Spiritus
867 4536 1087 4587 nomen,
1119 4535 1186 4575 ne
1214 4519 1279 4573 ad
1306 4534 1426 4573 eum
1459 4523 1902 4575 resurrectionem
1934 4520 2179 4575 retulisse

2288 600 2410 667 quia
2443 599 2809 664 praedestinari
2839 602 2954 668 ejus
2977 602 3148 656 soleat
3170 618 3288 657 esse
3320 607 3571 672 praprium
3592 611 3664 674 qui
3688 628 3775 665 nnti-

2287 702 2444 755 quam
2474 686 2667 752 fuerat,
2700 705 2803 742 non
2826 690 2942 758 ejus
2963 693 3051 759 qui
3075 707 3287 761 semper
3313 708 3449 757 erat,
3474 712 3616 750 unum
3636 699 3774 755 Filium

2291 778 2381 830 Dei
2410 780 2751 847 temporalem
2786 781 3271 847 prmdestinationis
3318 788 3551 851 nomine,
3580 802 3624 842 et
3658 792 3775 843 alium

2288 878 2545 922 aeternum
2575 870 2799 924 voluerit
2826 873 3079 926 indicare.
3116 874 3247 928 Nam
3269 877 3529 943 quomodo
3547 880 3775 933 beatissimi

2289 959 2473 1013 Patres
2493 961 2657 1013 alium
2690 971 2933 1029 quartum
2968 964 3325 1020 introduxisse
3350 970 3556 1034 putandi
3583 981 3699 1032 sunt,
3717 976 3775 1039 qui

2288 1049 2339 1101 in
2369 1053 2721 1118 sequentibus
2751 1052 2821 1105 ita
2846 1053 3065 1107 dicunt?
3093 1055 3379 1124 Sequamur
3403 1057 3599 1111 Patrum
3636 1072 3776 1112 nostro-

2286 1154 2399 1190 rum
2427 1142 2721 1203 sententias,
2749 1151 2800 1193 ut
2831 1160 2983 1195 unum
3011 1146 3336 1213 eumdemque
3366 1149 3635 1213 conﬁtentes
3656 1151 3777 1201 Darni-

2287 1244 2407 1281 num
2448 1229 2625 1283 Jesum
2665 1230 2957 1299 Christum,
2982 1236 3329 1289 convenienter
3380 1239 3628 1291 doceamus
3665 1242 3777 1307 perfe-

2286 1329 2423 1372 ctum
2450 1322 2679 1373 eumdem
2702 1322 2755 1373 in
2784 1323 3066 1388 divinitate,
3097 1334 3144 1377 et
3174 1326 3449 1395 perfectum
3482 1330 3678 1381 eumdem
3700 1344 3777 1378 car-

2287 1412 2453 1463 nalem
2492 1411 2747 1465 hominem
2791 1414 2951 1467 Deum
2984 1416 3166 1486 (Conc.
3199 1419 3441 1473 Chalced.
3480 1431 3572 1473 act.
3600 1421 3660 1488 5).
3688 1422 3777 1484 Quid

2287 1504 2548 1572 apertius,
2578 1506 2704 1575 quid
2732 1508 2983 1571 lucidius,
3017 1511 3097 1564 vel
3124 1511 3191 1566 de
3218 1527 3325 1567 nuo
3350 1515 3623 1584 eodemque
3654 1516 3777 1568 Domi-

2290 1610 2358 1650 no
2383 1595 2601 1650 Christo
2628 1598 2930 1666 religiosius
2963 1602 3133 1667 potuit
3163 1602 3300 1656 dici?
3327 1606 3408 1658 vel
3437 1606 3550 1672 quid
3577 1606 3631 1658 ad
3658 1607 3777 1673 repeto

2288 1686 2473 1741 lendas
2500 1696 2553 1741 et
2596 1689 2806 1757 penitus
2828 1692 3184 1745 conterendas
3209 1694 3315 1763 75
3348 1704 3539 1750 temere
3562 1695 3776 1764 repreheu

2290 1777 2528 1833 dentium
2560 1780 2855 1833 calumnias
2885 1780 3075 1855 fortius
3099 1787 3295 1849 poterit
3326 1785 3683 1840 demonstrari?

2220 1863 2262 1922 Β
2360 1867 2547 1923 XVIII.
2577 1870 2938 1935 Quamobrem
2963 1872 3028 1925 ad
3063 1873 3163 1926 alia
3190 1883 3517 1931 transeamus
3545 1892 3602 1931 es
3624 1878 3775 1931 decreto

2288 1958 2477 2028 synodi
2508 1960 2761 2028 capitula.
2801 1961 3014 2032 l’r0pter
3043 1964 3132 2018 hos
3168 1967 3252 2033 qui
3277 1966 3565 2021 substantia!
3600 1978 3776 2022 secretus

2288 2059 2504 2103 evertere
2529 2050 2924 2117 insrctabantur,
2948 2053 3165 2108 dicentes
3195 2057 3447 2110 hominem
3472 2058 3571 2111 sine
3588 2058 3776 2109 dtvltttlttlt

2287 2142 2444 2211 fuisse
2467 2152 2690 2197 creatum
2720 2160 2781 2198 ea:
2812 2145 3082 2199 venerabili
3119 2146 3331 2218 Virgine
3365 2149 3553 2213 Maria,
3581 2149 3777 2215 impuden-

2288 2242 2383 2297 ter,
2416 2245 2459 2288 et
2482 2235 2786 2305 uulgariter,
2816 2237 3119 2290 venerabilis
3145 2240 3403 2307 quondam
3439 2242 3636 2309 episwpi
3656 2239 3777 2308 Cyrilli

2289 2323 2651 2378 Alexandrina
2675 2325 2913 2379 Ecclesia:
2936 2326 3150 2395 litteras,
3174 2339 3220 2382 et
3238 2332 3636 2399 congrttastotius
3649 2331 3775 2381 Uria-

2291 2417 2358 2468 tis
2408 2418 2649 2469 adrersus
2681 2415 2907 2471 Ntstorii
2937 2422 3239 2485 amentiam,
3271 2422 3327 2473 in
3370 2422 3540 2489 quibus
3579 2419 3775 2485 manifesta

2291 2507 2536 2575 repositio
2576 2508 2698 2560 certi
2751 2517 2900 2575 atque
2930 2508 3172 2562 salutaris
3200 2512 3420 2578 syntboli
3462 2506 3776 2564 desiderantibttt

2289 2596 2602 2649 declaratur.
2659 2595 2943 2664 Epistulam
2999 2614 3197 2667 quoque
3246 2599 3437 2653 Leonis
3491 2594 3777 2664 archiepiscopi

2289 2687 2467 2755 prima:
2496 2686 2649 2750 sedis,
2680 2702 2791 2754 qua:
2818 2687 3068 2740 destinata
3096 2697 3140 2739 et
3171 2690 3369 2741 directa
3405 2689 3637 2742 ridebatur
3658 2687 3707 2739 ad
3728 2700 3778 2735 rec

2288 2778 2565 2831 nerabilem
2591 2788 2781 2831 sanctte
2808 2780 3061 2833 memoria:
3089 2776 3421 2844 Flavianum,
3446 2782 3508 2834 ad
3534 2779 3776 2845 intercipiat-

2288 2869 2405 2922 dam
2436 2867 2732 2938 Eutychetis
2756 2869 3127 2940 malignitatem
3150 2870 3375 2942 (Concil.
3397 2870 3612 2927 Chalced.
3635 2881 3709 2922 ast.
3722 2867 3774 2931 5).

2289 2954 2716 3014 Calumniatores
2741 2959 2892 3028 hujus
2913 2960 3201 3014 venerandi
3222 2964 3455 3027 concilii,
3479 2974 3527 3016 ut
3546 2962 3630 3016 sibi
3649 2972 3775 3028 quem-

2291 3062 2502 3117 cunque
2530 3048 2962 3117 reprehensionis
2990 3050 3192 3104 aditum
3222 3052 3511 3119 panderent
3529 3092 3543 3117 ,
3574 3048 3773 3119 przcsrntis

2290 3139 2511 3205 capituli
2542 3138 2799 3208 principia
2846 3142 3231 3194 immutarunt:
3262 3150 3317 3196 et
3365 3143 3499 3211 quod
3524 3142 3585 3195 ibi
3609 3140 3771 3209 positum

2217 3224 2262 3284 C
2294 3240 2373 3283 est
2395 3242 2578 3284 contra
2604 3245 2695 3284 eos
2719 3232 2810 3300 qui
2834 3231 3102 3285 hominem
3125 3232 3243 3288 sine
3266 3233 3540 3288 divinitate
3565 3233 3773 3302 opinantur

2288 3320 2547 3388 genitum,
2578 3321 2663 3373 isti
2693 3320 2941 3376 dixerunt
2973 3321 3242 3377 hominem
3270 3340 3480 3393 purum.
3503 3324 3601 3390 Qua
3624 3328 3773 3375 sentt-n-

2290 3413 2359 3465 tia
2390 3428 2493 3466 nun
2520 3413 2820 3467 NeStorium
2850 3430 2941 3469 eos
2971 3416 3252 3470 damnasse
3279 3417 3660 3475 calumniantur,
3676 3423 3772 3479 qua!

2288 3503 2431 3566 adeo,
2468 3504 2737 3573 inquiunt,
2765 3514 2963 3559 constat
2990 3506 3119 3560 nihil
3144 3509 3242 3560 tale
3267 3509 3564 3575 sensisseput
3588 3506 3673 3572 ejus
3692 3516 3773 3552 cott-

2288 3606 2365 3648 tra
2392 3596 2611 3650 Paulum
2644 3598 3031 3653 Samosatenunt
3066 3603 3163 3653 ista
3203 3602 3304 3654 sint
3348 3603 3531 3656 verba:
3568 3600 3641 3654 Sic
3659 3600 3773 3666 pem!

2292 3687 2487 3743 Paulus
2510 3691 2891 3758 Samosatenus,
2921 3696 3004 3762 qui
3034 3694 3224 3746 nudutn
3257 3695 3400 3747 nobis
3432 3694 3693 3747 dominicam
3713 3686 3773 3735 dt-

2286 3782 2451 3835 liravit
2492 3783 2877 3839 humanitatem.
2936 3786 3000 3839 Et
3047 3787 3193 3853 ideo,
3228 3787 3495 3858 inquiunt,
3523 3784 3769 3850 manifesti!"l

2286 3883 2356 3927 est
2394 3875 2687 3929 Nestorium
2721 3894 2802 3931 eos
2831 3878 2989 3947 fuisse
3018 3888 3244 3943 secutos,
3285 3882 3436 3947 cuius
3466 3881 3628 3945 dogma
3650 3871 3773 3923 nolite-

2286 3978 2400 4020 rttnt
2430 3979 2602 4039 aperta
2633 3974 2873 4022 damnare
2913 3971 3175 4024 sententia.
3206 3970 3314 4025 Sed
3359 3972 3533 4024 Patres
3570 3977 3615 4019 ut
3640 3963 3773 4016 Nesto-

2286 4058 2422 4110 rinn
2473 4070 2757 4127 arguerent
2810 4062 3041 4123 erroris,
3076 4061 3477 4116 evidentissime
3524 4056 3772 4127 posuerunt.

2284 4151 2556 4204 dicentes:
2590 4150 2806 4221 Propter
2828 4169 2911 4205 eos
2931 4154 3019 4223 qui
3048 4154 3350 4207 substantia:
3373 4163 3595 4207 secretum
3622 4152 3773 4200 emtm

2283 4243 2689 4310 insectabantur,
2726 4246 2943 4298 dicentes
2982 4246 3235 4298 hominem
3282 4264 3465 4313 putum
3511 4260 3603 4297 esse
3637 4238 3701 4307 qui
3736 4244 3774 4283 τί

2282 4347 2458 4390 sancta
2482 4349 2632 4389 natus
2656 4346 2727 4391 est
2754 4336 2943 4390 Maria.
2974 4338 3037 4391 llt
3060 4340 3186 4407 quia
3211 4339 3483 4393 Nestorius
3511 4352 3604 4389 non
3626 4340 3739 4393 semp
3760 4336 3774 4372 ι’

2289 4445 2511 4496 purum,
2546 4432 2638 4483 sed
2665 4431 2717 4483 in
2766 4441 2916 4485 utero
2948 4439 3149 4484 tantum
3183 4432 3416 4499 Virginis
3458 4426 3695 4483 divinitate
3714 4428 3774 4465 η’

2284 4534 2439 4574 cuum
2466 4520 2628 4575 fuisse
2648 4521 3173 4585 asseruitChristum,
3190 4523 3307 4576 illos
3329 4523 3414 4577 isti
3440 4528 3628 4573 notatus
3645 4521 3772 4563 οεεθη·

614 4613 900 4677 videretur,
927 4613 971 4668 si
1003 4613 1209 4668 diceret
1237 4629 1298 4666 ea
1324 4614 1685 4667 resurrectione
1707 4615 1814 4682 ejus
1838 4630 1855 4678 ;
1886 4613 2065 4681 elegit,
2095 4628 2181 4668 se-
2213 4596 2261 4654 Ι)
2288 4610 2477 4666 derent
2502 4614 2591 4681 qui
2620 4628 2830 4682 semper
2853 4630 3039 4683 purum
3064 4616 3265 4682 opinati
3304 4627 3423 4667 sunt
3448 4611 3691 4665 Dominum
3714 4598 3773 4650 16'

613 4705 789 4757 eundo
817 4704 1142 4759 nominando
1169 4702 1463 4769 Christum,
1497 4704 1841 4772 tautologiam
1884 4704 2181 4771 incurrere,

614 4795 905 4850 dunnnodo
950 4795 1185 4865 pressius
1228 4796 1621 4850 demonstraret
1665 4794 1730 4847 ad
1778 4794 2043 4849 Christum
2099 4812 2182 4851 re-

613 4889 967 4942 surrectionis
1000 4887 1310 4957 mysterium
1355 4888 1639 4955 pertinere.
1690 4885 1827 4955 Ergo
1852 4886 1895 4939 si
1932 4888 2182 4955 repetitio

613 4979 843 5033 nominis
863 4977 1060 5034 Christi
1087 4980 1219 5033 duos
1241 4978 1482 5033 Christos
1510 4979 1725 5045 indicat,
1759 4978 1929 5047 ipsum
1954 4980 2179 5047 Aposto-

613 5078 720 5130 lutn
745 5084 1017 5138 accusent,
1044 5074 1130 5141 qui
1153 5074 1289 5127 hanc
1315 5074 1594 5128 locutionis
1619 5075 1854 5139 regulam
1881 5073 2047 5128 dedit.
2072 5074 2177 5128 Sed

611 5178 664 5221 et
692 5182 813 5222 cum
846 5166 1001 5220 dicit:
1036 5165 1112 5219 De
1138 5163 1276 5218 Filio
1304 5181 1399 5217 suo
1426 5167 1511 5227 qui
1540 5165 1703 5229 [actus
1732 5174 1805 5216 est
1834 5166 1879 5216 ei
1903 5181 1967 5218 ex
1993 5181 2179 5219 tem:ne

623 5259 806 5321 David,
830 5264 1052 5327 possunt
1073 5256 1119 5311 ei
1148 5270 1251 5308 non
1271 5255 1542 5307 minimam
1570 5256 1808 5321 ingerere
1837 5256 2177 5323 Calumniatn,

610 5352 747 5421 quod
777 5352 1003 5405 alterum
1037 5347 1434 5416 intelligendum
1466 5346 1761 5414 reliquerit,
1786 5347 1874 5414 qui
1899 5362 2001 5400 non
2025 5348 2181 5401 sitex

611 5444 814 5498 semine
844 5443 1007 5497 David
1038 5442 1227 5505 factus,
1257 5440 1348 5495 sed
1380 5442 1446 5496 de
1476 5440 1645 5493 Patris
1672 5448 1821 5493 utero
1842 5439 2082 5508 genitus;
2114 5439 2181 5493 ad

612 5536 759 5605 cujus
777 5536 1198 5599 distinctionem,
1227 5535 1539 5603 spiritaliter
1561 5534 1626 5589 de
1652 5535 1805 5588 Patre
1825 5533 2025 5587 scilicet
2047 5532 2176 5599 nati,

614 5627 769 5679 alium
825 5627 1115 5681 secundum
1169 5641 1384 5680 carnem
1416 5642 1479 5679 ex
1531 5624 1690 5677 David
1741 5624 1947 5677 semine
1997 5632 2176 5675 natum

618 5718 891 5772 ostendere
925 5721 1109 5782 voluit,
1139 5720 1323 5773 dicens
1350 5738 1362 5773 :
1398 5718 1472 5773 De
1494 5718 1633 5771 Filio
1663 5736 1773 5781 suo,
1800 5719 1885 5786 qui
1917 5719 2079 5786 [nctus
2108 5727 2179 5769 est

617 5811 657 5865 ci
687 5825 748 5863 ex
774 5811 960 5862 semine
993 5808 1173 5865 David.
1207 5813 1314 5867 IIoc
1345 5813 1507 5867 etiam
1541 5812 1653 5877 pari
1689 5810 1949 5863 natabunt
1976 5808 2177 5862 calum-

2287 4719 2402 4756 sum
2433 4704 2704 4757 Christum
2738 4722 2749 4757 :
2783 4720 2844 4759 ac
2878 4720 2974 4774 per
3012 4705 3112 4760 hoc
3146 4721 3250 4759 non
3284 4704 3572 4758 Nestorium
3603 4701 3775 4782 conten:

2287 4796 2471 4850 durent
2503 4795 2715 4850 Patrum
2741 4799 3002 4851 sententia
3034 4798 3354 4865 perculsum.
3388 4794 3529 4851 Unde
3551 4788 3666 4842 nulla
3686 4776 3774 4833 mth

2288 4886 2502 4941 videtur
2538 4889 2850 4950 necessitas,
2885 4889 3105 4942 istorum
3136 4889 3235 4941 hoc
3261 4888 3376 4940 loco
3405 4883 3626 4940 rcfellerc
3651 4871 3775 4969 Ml?"

2286 5002 2421 5059 quos
2448 4992 2657 5039 constat
2704 4993 2889 5050 aperte
2928 4981 3090 5036 fuisse
3121 4981 3390 5036 mentitos.
3422 4976 3651 5032 Sumen-re
3674 4969 3773 5059 enini

2288 5056 2519 5133 arbitror
2550 5075 2614 5129 ad
2664 5084 2929 5128 tantarum
2964 5074 3225 5127 fraudium
3275 5069 3652 5127 refutationem.
3680 5056 3775 5106 ³³³⁸³⁸

2291 5172 2458 5236 ipsam
2503 5182 2688 5221 eorum
2735 5165 3241 5237 deprehensionem.
3274 5163 3421 5218 Nunc
3448 5159 3509 5213 ad
3538 5154 3623 5208 alia
3650 5153 3775 5201 trans-

2288 5276 2496 5404 ωέῗὶῗ
2540 5345 2737 5403 Dicunt
2772 5345 2932 5401 etiam
2978 5344 3170 5399 callide
3218 5360 3313 5400 eos
3355 5336 3529 5411 Cyrilli
3555 5342 3601 5387 et
3633 5316 3776 5411 Leonis

2286 5442 2632 5508 epistularum
2656 5437 3213 5493 commemorationem
3245 5436 3450 5496 fecisse,
3475 5440 3526 5482 ut
3551 5426 3634 5478 hoc
3657 5411 3777 5515 saltu-

2289 5531 2451 5587 litatis
2473 5540 2590 5585 astu
2627 5530 2839 5584 easdem
2880 5529 2987 5599 76
3015 5543 3193 5581 secum
3226 5537 3509 5595 congruere
3550 5511 3776 5599 nit-utut":

2286 5630 2393 5686 ιυτ,
2436 5637 2567 5691 Quas
2618 5622 2715 5674 sibi
2749 5630 2953 5674 certum
3002 5621 3071 5673 sit
3100 5617 3393 5671 contrarias
3420 5625 3563 5667 esse:
3592 5592 3706 5669 quod
3738 5592 3775 5637 U‘

2286 5714 2485 5768 docere
2511 5714 2810 5775 vidcantur,
2857 5712 2961 5764 duo
2992 5711 3371 5764 sententiarum
3401 5699 3565 5773 Cyrilli
3595 5696 3774 5747 ittterp't'

2289 5815 2417 5861 nunt
2436 5804 2663 5874 capitula
2686 5819 2699 5868 ;
2724 5803 2917 5872 quibus
2944 5801 3137 5856 Leonis
3160 5801 3295 5856 dicta
3318 5795 3642 5853 conlerentcS,
3665 5779 3776 5835 Ιυυῧο
