3990 6390
240 356 342 439 tta

1354 372 1625 429 CONTRA
1672 373 2124 431 EUTYCHETEM
2165 371 2289 427 LIB.
2334 372 2393 423 V.

3386 369 3404 419 ἲ
3420 370 3485 419 iiii

236 499 340 551 sibi
393 496 617 550 adversa
666 507 785 547 esse
840 491 1078 545 nituntur
1133 487 1437 543 ostendere,
1473 487 1597 539 Nam
1645 488 1817 555 primo
1848 492 1896 547 Α
1924 498 1993 540 est
2026 503 2135 539 vero
2170 485 2261 539 Dei
2292 484 2491 551 Filius,
2531 492 2576 537 ct
2610 497 2717 535 vere
2745 482 2964 534 hominis
3004 481 3141 549 [ilius
3168 479 3361 549 (Num.
3400 482 3485 548 ι),

236 588 454 656 quidem
478 588 573 640 ista
602 584 795 638 Leouis
812 582 967 636 verba
990 578 1277 649 prteferuut
1302 598 1311 630 :
1340 576 1652 646 Coomratur
1679 580 1811 629 enim

236 694 551 745 unaqua’que
594 686 774 729 natura
829 689 941 725 cum
985 672 1337 726 communione
1385 669 1630 733 alterius,
1682 671 1813 737 quod

237 769 508 837 praprium
541 773 646 831 est;
682 764 847 817 Verbo
877 762 1064 815 scilicet
1099 771 1334 829 aperante
1362 761 1496 827 quod
1543 757 1691 811 Verbi
1720 767 1810 823 est,

236 871 285 915 et
308 877 461 913 Carne
485 869 786 927 exsequente
822 856 958 925 quod
987 855 1150 905 carnis
1180 862 1253 907 est
1280 868 1296 906 :
1328 869 1482 905 unum
1518 852 1700 903 horum
1731 866 1816 904 co-

236 962 410 1005 ruscat
442 949 722 1010 miraculis,
752 945 897 997 aliud
935 944 1213 997 succumbit
1251 942 1495 1011 injuriis(
1533 941 1697 1008 Epist.
1730 940 1813 1001 ii),

238 1057 385 1093 num.
420 1039 496 1107 4).
545 1037 725 1108 Cyrilli
758 1045 934 1088 autem
986 1043 1233 1102 tanquam
1268 1033 1349 1084 his
1395 1032 1659 1085 contraria
1718 1032 1816 1085 ista

236 1132 561 1185 Subuectunt
588 1144 601 1179 :
633 1125 690 1180 Si
712 1126 825 1196 quis
855 1124 1082 1188 personis
1114 1123 1335 1187 duabus,
1384 1138 1473 1174 seu
1502 1121 1813 1187 substantiis,

239 1235 355 1287 qua:
381 1220 443 1270 de
472 1216 671 1271 Christo
700 1216 752 1267 in
800 1214 1099 1284 euangelicis
1131 1222 1177 1266 et
1207 1210 1500 1277 apostolicis
1532 1210 1710 1262 litteris
1734 1211 1813 1261 di-

237 1320 335 1362 cta:
366 1316 501 1373 sunt,
536 1306 717 1358 dividit
746 1321 922 1368 voces;
953 1313 998 1357 et
1021 1304 1267 1372 quasdam
1291 1303 1491 1371 quidem
1522 1310 1575 1352 ut
1605 1300 1817 1366 homini,

238 1412 387 1457 eatra
416 1400 510 1453 Dei
545 1398 739 1460 Patris,
770 1398 996 1451 videlicet
1026 1396 1188 1449 Verbo
1217 1394 1500 1460 specialitrr
1523 1408 1822 1464 (agnoscen-

239 1494 312 1545 do
343 1493 564 1562 assignat
592 1508 608 1554 ;
636 1490 767 1543 alias
814 1498 982 1541 autem
1017 1497 1068 1540 ut
1103 1486 1209 1540 Deo
1258 1486 1467 1557 dignas,
1516 1486 1611 1538 soli
1640 1487 1728 1551 qui
1760 1502 1822 1537 ex

242 1580 407 1635 Patre
435 1592 529 1646 est,
580 1581 686 1634 Deo
742 1579 927 1643 Verbo,
975 1579 1245 1631 anathema
1275 1579 1337 1629 sit
1383 1575 1566 1646 (Cyril.
1598 1593 1710 1643 cap.
1742 1574 1817 1643 Ιι).

240 1674 375 1729 Item
398 1692 408 1725 :
445 1674 504 1727 Si
528 1673 639 1739 quis
670 1687 769 1723 non
784 1670 1054 1738 conﬁtetur
1085 1667 1287 1721 Domini
1313 1684 1537 1729 omnem,
1563 1667 1821 1734 ritiﬁcan-

241 1774 346 1818 tem
367 1774 413 1818 et
440 1764 697 1834 propriam
720 1778 824 1815 esse
850 1764 961 1831 ejus
984 1761 1069 1827 qui
1097 1776 1158 1813 ea:
1193 1758 1296 1813 Deo
1329 1758 1482 1811 Patre
1502 1770 1597 1821 e:,.t,
1632 1758 1819 1821 Verbi;

1914 580 2043 634 item
2070 596 2081 631 :
2118 578 2184 633 Ut
2211 588 2586 649 agnosceretur,
2613 577 2797 646 inquit,
2832 578 2881 628 in
2905 592 2961 629 co
2992 577 3277 645 proprietas
3307 573 3491 625 divina:

1918 672 2247 739 humanaque
2277 679 2471 722 natura:
2499 668 2763 721 individua
2790 683 3101 736 permanere,
3136 674 3185 717 ut
3215 681 3369 717 unum
3398 662 3493 716 Dei

1918 759 2110 813 Filium
2142 770 2187 812 et
2221 758 2439 813 Verbum
2488 761 2838 829 conﬁteantur,
2870 769 2916 813 et
2948 774 3149 810 carnem
3191 755 3375 825 (Num.
3412 756 3490 823 5).

1920 848 2059 904 Ecce
2083 848 2362 903 indivisam
2391 849 2522 903 dixit
2545 851 2817 916 utriusque
2842 858 3041 901 naturm
3071 846 3447 915 proprietatem
3478 862 3489 898 :

1920 954 2046 995 ecce
2076 956 2238 993 unum
2271 940 2359 993 Dei
2388 940 2581 993 Filium
2624 941 2904 995 confessus
2927 948 3007 993 est
3040 939 3269 993 Verbum
3295 947 3347 991 et
3377 952 3496 991 car-

1921 1049 2063 1101 nem.
2096 1033 2228 1085 Cum
2261 1031 2492 1085 secundo
2536 1040 2712 1085 autem
2745 1031 2930 1100 Cyrilli
2976 1031 3227 1098 capitu'o,
3271 1028 3409 1097 quod
3442 1028 3494 1081 id

1920 1123 2215 1179 consultius
2264 1134 2317 1177 et
2340 1123 2598 1176 catholice
2625 1123 2825 1188 deﬁnit,
2852 1133 2906 1177 ut
2930 1138 3142 1177 carnem
3172 1122 3493 1175 Dominicam

1922 1228 2024 1266 non
2050 1216 2264 1267 alterius
2291 1212 2591 1280 cujusdam,
2616 1212 2706 1266 sed
2732 1212 2916 1277 Verbi,
2942 1228 3059 1267 esse
3082 1213 3350 1275 credatur,
3377 1226 3494 1279 qua:

1921 1304 1969 1359 ei
1998 1305 2127 1357 facta
2156 1313 2237 1357 est
2262 1304 2497 1371 propria,
2530 1301 2643 1356 haec
2674 1303 2808 1356 beati
2836 1303 3030 1358 Leonis
3058 1304 3343 1357 caminum
3374 1318 3492 1356 vcr-

1922 1400 2027 1454 ba:
2062 1399 2179 1451 Non
2207 1400 2375 1464 enim,
2410 1397 2599 1465 inquit,
2651 1412 2889 1464 superare
2923 1413 3179 1464 possemus
3210 1397 3402 1466 peccati
3451 1405 3496 1449 et

1926 1491 2098 1544 mortis
2124 1499 2401 1554 auctorem,
2432 1474 2527 1539 nisi
2556 1496 2793 1539 naturant
2833 1497 3057 1539 nostram
3095 1488 3179 1540 ille
3201 1488 3493 1555 susciperet,

1930 1591 1976 1632 ct
2004 1597 2147 1632 suam
2182 1581 2397 1649 faceret,
2424 1594 2568 1643 quem
2599 1592 2688 1630 nec
2716 1586 2972 1646 peccatum
3014 1579 3378 1639 contaminare,
3412 1592 3497 1628 nec

1927 1686 2060 1725 mors
2091 1676 2249 1740 potuit
2274 1671 2494 1723 detinere
2517 1668 2703 1737 (Nunt.
2732 1667 2809 1738 Ξ).
2841 1666 2969 1721 item
2996 1667 3045 1720 in
3076 1683 3299 1735 persona
3335 1669 3497 1735 Euty-

1925 1764 2091 1819 cheti~
2126 1780 2138 1815 :
2174 1762 2309 1814 Nam
2360 1761 2403 1813 si
2441 1776 2675 1824 crucem,
2705 1759 2911 1827 inquit,
2948 1757 3154 1810 Domini
3205 1775 3303 1810 non
3359 1768 3499 1824 putat

241 1857 335 1909 sed
365 1856 575 1907 alterius
602 1853 865 1923 cujusdam
898 1852 1157 1922 conjuncti
1186 1852 1231 1901 ei
1272 1852 1551 1903 secundum
1598 1851 1817 1920 dignita-
1854 1867 1896 1925 Β
1925 1854 2128 1920 falsam,
2155 1862 2199 1904 et
2228 1860 2509 1920 susceptum
2541 1865 2632 1913 pro
2666 1849 2843 1900 mundi
2895 1849 3058 1900 salute
3090 1849 3394 1917 supplicium
3418 1864 3499 1900 ve-

244 1955 367 2008 tem,
398 1954 635 2013 tanquam
666 1943 886 1995 divinam
914 1943 1076 1995 solam
1120 1941 1534 1994 inhabitationem
1564 1941 1822 2003 habmtis;

243 2046 295 2088 et
325 2053 424 2089 non
455 2035 616 2105 magis
660 2034 1013 2101 viviﬁcantem,
1044 2043 1096 2084 ut
1128 2032 1255 2094 dixi,
1300 2032 1417 2099 quia
1441 2035 1577 2100 facta
1608 2041 1675 2085 est
1704 2049 1823 2098 pro-

244 2128 364 2197 pria
397 2126 546 2181 Verbi
574 2127 659 2194 qui
704 2127 871 2178 omnia
921 2125 1167 2193 viviﬁcat,
1214 2124 1485 2177 anathema
1524 2124 1586 2177 sit
1627 2122 1818 2193 (Cyril.

242 2236 364 2288 cap.
404 2218 487 2285 ll)
538 2218 825 2286 Superiora
855 2216 1088 2283 capitulo
1120 2215 1349 2286 Cyrillus
1382 2215 1483 2271 hoc
1514 2215 1823 2269 cautissime

242 2318 301 2362 et
328 2307 590 2362 catholice
640 2306 890 2374 termcepit
918 2305 1215 2359 evitandum
1240 2342 1254 2371 ,
1287 2319 1354 2358 ne
1384 2304 1503 2373 quis
1548 2302 1739 2356 audeat
1772 2304 1821 2355 in

246 2402 385 2453 duas
416 2412 671 2468 personas
697 2398 980 2466 separatim
1018 2396 1374 2450 subsistentes
1403 2396 1644 2449 dividere
1673 2395 1825 2448 Chri-

246 2499 425 2552 stum;
459 2496 514 2541 ut
564 2503 725 2541 unum
774 2486 985 2555 quidem
1036 2486 1165 2539 velit
1212 2486 1499 2540 ostendere
1554 2486 1825 2540 hominem

247 2588 404 2634 extra
432 2580 598 2635 Deum
634 2580 861 2635 Verbum
918 2594 1048 2649 pmp
1082 2580 1132 2633 ie
1186 2590 1235 2634 et
1287 2578 1587 2645 specialiter
1635 2594 1830 2645 cogno-

250 2671 543 2737 scendum;
575 2671 797 2725 alterum
826 2686 951 2724 vero
978 2670 1168 2735 Deum,
1194 2670 1279 2739 qui
1313 2686 1374 2723 ex
1404 2669 1558 2724 P..tre
1586 2670 1652 2723 sit
1678 2670 1829 2722 intel-

248 2764 528 2832 ligendus;
582 2764 825 2817 dividens
875 2763 1097 2832 singulis
1155 2773 1403 2831 tanquam
1437 2776 1463 2813 a
1496 2775 1553 2815 se
1601 2762 1825 2815 invicem

245 2870 409 2921 separ
444 2856 512 2907 tis
542 2863 595 2908 et
620 2853 839 2907 affectus
882 2863 934 2907 et
966 2868 1145 2907 voces.
1179 2852 1329 2919 Quod
1360 2852 1449 2921 qui
1482 2853 1641 2919 impie
1686 2866 1825 2921 prm-

249 2944 561 3012 sumpcerit,
596 2944 931 2998 damnationi
967 2945 1256 2997 obnoxium
1296 2945 1409 2997 fore
1438 2944 1696 2997 decernit.
1730 2944 1825 2997 Se-

250 3034 434 3102 quenti
467 3050 593 3088 vero
623 3034 877 3103 capitulo,
913 3043 970 3088 ut
998 3049 1215 3089 carnem
1259 3034 1825 3103 dominicauLprojrie

256 3124 439 3189 Verbi,
464 3127 551 3195 qui
589 3143 653 3181 ex
686 3127 792 3181 Deo
820 3137 971 3181 natus
1001 3136 1118 3190 est,
1152 3142 1273 3182 esse
1303 3127 1603 3191 credamus,
1636 3137 1686 3181 et
1718 3142 1822 3180 non

1926 1961 2037 1998 rum
2056 1946 2215 2013 fuisse
2244 1960 2343 1995 non
2379 1944 2611 2005 dubitat,
2643 1943 2787 2010 cujus
2817 1942 2976 1994 credit
3000 1951 3232 2003 mortem,
3260 1951 3499 2009 t‘gllOStﬂl

1924 2047 1970 2089 et
1997 2051 2195 2087 carnem
2224 2032 2409 2106 (Nunt.
2440 2034 2514 2099 ὅ).
2547 2032 2609 2086 Et
2634 2032 2945 2101 quamplura
2973 2030 3053 2083 his
3082 2030 3271 2082 similia
3302 2045 3369 2098 qu
3391 2048 3417 2079 ι·
3448 2030 3498 2081 in

1924 2142 2091 2181 unum
2115 2140 2440 2194 congregare
2466 2124 2731 2179 cumulqu
2764 2130 2815 2177 et
2844 2122 3165 2176 laboriosum
3192 2131 3243 2175 et
3276 2136 3377 2173 non
3410 2134 3499 2172 nc-

1924 2219 2213 2275 cessarium
2241 2218 2456 2287 judico:
2504 2231 2677 2286 neque
2702 2215 2843 2269 enim
2878 2214 3185 2284 frequenter
3215 2222 3268 2266 et
3308 2212 3500 2281 sapius

1926 2314 2087 2377 dicta,
2121 2311 2214 2367 sed
2249 2321 2448 2365 tantum
2481 2311 2617 2363 dicta
2646 2308 2939 2362 suliiciunt.

1998 2401 2140 2456 XXI.
2166 2402 2295 2455 item
2322 2402 2403 2454 isti
2420 2409 2707 2468 arguentes
2729 2397 3030 2452 venerabile
3046 2396 3325 2454 concilium
3344 2410 3499 2464 super

1930 2491 2122 2546 Leonis
2145 2505 2391 2560 persona,
2424 2491 2491 2542 ita
2524 2491 2699 2542 dicunt
2731 2508 2741 2541 :
2780 2490 3087 2555 liespuentes
3116 2488 3395 2556 apostolica
3426 2498 3499 2539 te-

1929 2572 2191 2650 stimonia,
2222 2583 2444 2635 attestati
2475 2582 2582 2650 78
2606 2580 2723 2632 estis
2770 2579 2929 2632 Leoni
2958 2587 3196 2647 tanquam
3241 2579 3358 2630 bene
3388 2594 3500 2629 sen-

1931 2676 2093 2737 tienti,
2112 2675 2199 2743 qui
2225 2674 2467 2726 adversus
2510 2672 2681 2724 divina
2716 2669 2991 2739 Evangelia
3018 2669 3235 2722 simulet
3258 2670 3502 2735 apostoli-

1930 2782 2016 2820 cas
2044 2765 2339 2834 Scripturas
2366 2762 2753 2833 dogmatizarit,
2776 2762 2987 2813 dicens:
3018 2760 3175 2811 alium
3220 2775 3370 2828 super
3404 2759 3501 2810 La-

1928 2872 2105 2908 zarum
2155 2856 2495 2923 lacrymasse,
2544 2852 2706 2904 aliunt
2750 2867 2867 2905 voce
2900 2851 3150 2903 Lazarum
3190 2854 3500 2911 suscitasse;

1928 2948 2088 3003 alium
2112 2946 2448 3012 cruciﬁxum,
2474 2945 2631 2996 alium
2665 2945 2907 2997 elementa
2935 2944 2985 2996 in
3022 2955 3163 2995 noete
3186 2944 3497 3005 immutasse,

1927 3040 2085 3093 alium
2127 3038 2282 3091 clavis
2314 3037 2604 3104 con/iram,
2644 3045 2687 3088 et
2714 3036 2871 3088 alium
2914 3037 3141 3106 paradisi
3186 3045 3353 3102 portas
3381 3036 3501 3101 ﬁdei

1929 3132 2141 3187 latronis
2186 3129 2485 3200 aperuisse;
2527 3129 2687 3181 alium
2744 3128 3034 3181 dicentem:
3089 3126 3197 3197 Ego
3249 3138 3294 3179 et
3348 3126 3501 3181 l’uter

252 3216 477 3269 alterius
503 3216 777 3285 cujusdam
828 3226 1081 3286 tanquam
1132 3218 1400 3285 mnjuncti
1432 3220 1478 3271 ci
1530 3217 1819 3272 secundum
1850 3229 1897 3292 ρ
1927 3242 2081 3280 unum
2106 3239 2318 3287 sumus;
2353 3222 2511 3275 alium
2538 3236 2556 3275 :
2587 3220 2739 3275 I’ater
2770 3222 2935 3290 major
2964 3236 3041 3272 me
3070 3230 3161 3273 est.
3192 3220 3502 3289 Quanquam

250 3307 581 3374 dignitatem,
613 3308 664 3360 in
690 3322 797 3377 quo
823 3308 984 3361 veluti
1030 3308 1370 3362 extrinsecus
1397 3306 1644 3361 divinitas
1676 3307 1819 3360 habi-

252 3396 475 3461 taverit,
508 3397 646 3449 sicut
693 3396 744 3449 in
778 3412 1095 3465 unoquoque
1145 3407 1453 3451 sanctorum
1483 3415 1497 3463 ;
1545 3407 1598 3451 et
1628 3399 1697 3451 ob
1727 3399 1827 3452 hoc

250 3503 353 3541 nos
380 3487 770 3545 vii-iilcatricem
804 3488 1122 3543 dominicam
1156 3504 1374 3545 carnem
1408 3489 1607 3544 debere
1636 3491 1827 3545 asserit

247 3578 540 3642 confiteri,
598 3579 846 3647 quoniam
909 3579 1120 3648 propria
1176 3578 1311 3634 facta
1372 3589 1455 3635 est
1511 3580 1829 3635 vivificantis

255 3668 434 3723 Verbi.

328 3760 447 3813 XX.
483 3759 559 3815 Ad
589 3761 816 3831 primum
841 3776 967 3832 ergo
994 3761 1174 3832 Cyriili
1199 3763 1487 3832 capitulum
1517 3764 1613 3818 ista
1636 3763 1827 3820 Leonis

250 3855 444 3909 c-vllata
480 3872 535 3911 re
569 3860 801 3927 pondent
830 3867 984 3926 atque
1014 3862 1355 3914 consentiunt
1404 3864 1567 3916 verba
1590 3904 1604 3929 ,
1637 3864 1829 3931 quibus

251 3946 550 4000 ostenditur
568 3948 618 4001 in
641 3948 845 4002 duabus
869 3950 1109 4017 personis
1132 3949 1400 4005 Christum
1428 3968 1533 4005 non
1552 3953 1825 4020 divis’sse;

250 4048 307 4092 ut
335 4054 497 4092 unum
532 4040 689 4094 veluti
719 4043 1045 4102 ostenderet,
1070 4044 1173 4112 77
1202 4055 1351 4097 extra
1404 4045 1569 4099 Deum
1599 4046 1827 4101 Verbum

252 4129 309 4181 in
335 4130 545 4197 propria
578 4146 608 4195 ρ
647 4146 801 4183 rsona
827 4131 1232 4196 subsistentem;
1260 4135 1483 4187 alterum
1512 4150 1641 4188 vero
1666 4137 1828 4189 Deum

255 4233 409 4285 alque
436 4219 487 4271 iu
515 4234 623 4271 sua:
648 4220 984 4288 protir‘tetatis
1018 4238 1242 4288 pezsona
1271 4240 1424 4276 tuane
1449 4236 1570 4278 item
1592 4266 1606 4289 ,
1639 4226 1831 4293 quibus

252 4310 406 4378 quasi
460 4311 679 4380 singulis
711 4326 973 4380 congruas
1020 4313 1280 4367 divideret
1311 4330 1502 4379 voces;
1546 4316 1635 4370 sed
1669 4333 1830 4372 unum

250 4402 611 4471 comiterque
642 4403 693 4456 iu
718 4418 823 4456 una
849 4419 983 4472 pers'
1008 4422 1070 4458 na
1089 4405 1506 4461 substantialiter
1531 4417 1831 4463 manentem

245 4494 470 4550 edocuit
507 4494 817 4559 Christum;
852 4506 904 4549 et
948 4498 1192 4550 eumdem
1246 4498 1546 4564 hminem,
1582 4501 1828 4557 eumdem

1930 3323 2001 3378 sit
2033 3320 2293 3374 familiare
2324 3326 2377 3372 et
2406 3316 2677 3387 proprium
2708 3315 2914 3369 cunctis
2943 3314 2993 3369 in
3022 3329 3303 3368 commune
3336 3315 3503 3369 haere-

1931 3412 2068 3478 ticis,
2103 3410 2280 3465 studio
2317 3408 2562 3461 falsitatis
2588 3415 2641 3459 et
2671 3406 3089 3470 malevolentiae,
3120 3406 3502 3461 catholicorum

1931 3505 2166 3557 virorum
2195 3500 2487 3555 sententias
2522 3500 2837 3559 immutare;
2868 3497 3043 3550 solent
3088 3507 3260 3551 tamen
3294 3498 3393 3551 hoc
3432 3496 3502 3550 ita

1930 3594 2197 3657 subtilius,
2229 3604 2283 3646 et
2313 3592 2473 3659 longo
2504 3590 2728 3656 quodam
2754 3590 3035 3642 verborum
3067 3588 3207 3641 ambi
3238 3604 3267 3641 u
3300 3587 3499 3653 facere,

1932 3696 1988 3743 ut
2016 3685 2305 3742 verisimile
2331 3684 2571 3738 videatur
2598 3682 2737 3751 quod
2781 3680 2889 3735 veri
2920 3680 3093 3749 specie
3131 3681 3502 3735 obumbratur.

1930 3778 2021 3833 isti
2056 3793 2179 3831 vero
2210 3777 2408 3846 absque
2439 3774 2546 3830 ulla
2600 3774 2789 3827 fucatae
2835 3772 3093 3826 orationis
3141 3772 3366 3839 caligine
3395 3779 3502 3825 tam

1930 3878 2052 3925 sunt
2097 3877 2282 3938 aperto
2311 3868 2389 3920 usi
2440 3866 2739 3929 mendacio,
2766 3873 2821 3918 ut
2851 3865 3052 3919 nullum
3089 3864 3241 3918 nobis
3280 3864 3503 3918 convin-

1930 3959 2082 4014 cendi
2130 3972 2223 4013 eos
2270 3958 2504 4013 laborem
2536 3957 2871 4025 reliquerint,
2901 3956 3023 4009 dum
3058 3956 3275 4024 proprio
3316 3971 3372 4010 se
3404 3958 3503 4025 ipsi

1932 4049 2208 4104 mendacio
2257 4048 2647 4115 superaverint.
2707 4046 2900 4099 Leonis
2939 4047 3079 4098 enim
3135 4062 3253 4113 quae
3301 4045 3504 4099 nefario

1933 4142 2128 4195 mentis
2175 4141 2379 4193 incestu
2428 4138 2628 4191 violare
2676 4136 2851 4190 conati
2879 4146 3003 4189 sunt
3033 4135 3132 4189 ista
3178 4144 3301 4189 sunt
3346 4136 3506 4189 verba

1937 4230 2125 4300 (Num.
2157 4228 2213 4298 4)
2240 4244 2254 4283 :
2283 4228 2451 4293 Sicut,
2478 4226 2667 4295 inquit,
2701 4235 2755 4277 ut
2785 4226 2947 4278 multa
2969 4236 3285 4294 prwteream,
3311 4242 3409 4279 non
3436 4237 3507 4280 est

1933 4322 2161 4389 eiusdem
2192 4327 2389 4373 natura:
2415 4321 2538 4389 ﬂere
2566 4318 2901 4371 miserationis
2922 4316 3111 4383 affectu
3134 4318 3351 4369 amicum
3375 4335 3505 4370 mor-

1934 4424 2099 4480 tuum,
2118 4423 2162 4467 et
2180 4413 2409 4467 eumdem
2435 4421 2624 4465 remoto
2644 4410 3001 4479 quatriduana:
3012 4425 3197 4479 aggere
3212 4411 3504 4478 sepultum,

1932 4506 2000 4559 ad
2043 4507 2179 4559 vocis
2213 4504 2480 4572 imperium
2510 4503 2735 4556 excitare
2778 4501 3094 4566 redivivum;
3134 4511 3221 4553 aut
3268 4502 3318 4553 in
3368 4502 3504 4572 tigna

248 4587 516 4639 confitens
549 4586 735 4649 Deum,
770 4588 833 4639 ad
867 4588 1335 4642 demonstrandam
1371 4591 1419 4642 iit
1458 4604 1515 4645 se
1558 4594 1828 4661 utriusque
1856 4596 1911 4658 D
1934 4595 2149 4666 pendere
2172 4634 2186 4658 ,
2215 4602 2260 4647 et
2290 4596 2339 4646 in
2372 4602 2568 4647 noctem
2617 4592 2727 4645 luce
2777 4608 3013 4644 conversa
3051 4592 3221 4645 omnia
3264 4592 3507 4646 elementa

248 4688 454 4729 natura:
479 4678 777 4741 veritatem,
798 4694 901 4731 non
925 4679 1113 4744 divise,
1139 4681 1228 4734 scd
1254 4682 1636 4749 signiﬁcantius
1663 4684 1827 4741 fuisse

246 4768 507 4823 locutum.
544 4769 678 4825 Dicit
706 4787 832 4839 ergo
859 4790 869 4823 :
902 4770 1047 4825 Idem
1077 4775 1366 4839 sempiterni
1403 4773 1657 4829 Genitoris
1694 4776 1824 4830 Uni-

245 4863 451 4929 gcnitus
474 4864 824 4932 sempiternus,
850 4874 998 4917 natus
1026 4866 1180 4917 estde
1205 4865 1403 4934 Spiritu
1432 4878 1606 4920 sancto
1642 4880 1685 4921 et
1712 4869 1823 4923 Ma-

243 4954 331 5005 ria
371 4953 572 5025 Virgine
600 4954 725 5022 (Leo
767 4957 913 5026 epist.
937 4957 1045 5024 10).
1072 4958 1196 5009 Item
1225 4974 1237 5010 :
1268 4957 1331 5011 Et
1353 4960 1423 5010 ad
1450 4961 1825 5029 resolvendum,

244 5042 443 5111 inquit,
475 5047 778 5098 conditionis
809 5054 996 5099 nostra’
1016 5046 1258 5111 debitum,
1287 5057 1469 5101 natura
1524 5050 1828 5103 inviolabi'is

246 5146 449 5188 natura:
498 5147 569 5188 erit
616 5139 755 5189 unita
788 5138 1052 5207 passibili;
1092 5148 1144 5190 ut
1185 5138 1321 5207 quod
1366 5141 1551 5192 nostris
1593 5142 1828 5195 remediis

247 5226 580 5295 congruebat,
602 5236 733 5280 unus
760 5237 909 5297 atque
932 5228 1061 5280 idem
1090 5228 1338 5280 mediator
1362 5226 1456 5281 Dei
1475 5239 1520 5281 et
1547 5229 1825 5296 hominum,

248 5319 406 5371 homo
429 5316 578 5372 Iesus
602 5320 854 5382 Christus,
879 5330 924 5372 et
949 5322 1073 5373 mori
1100 5332 1263 5391 posset
1281 5338 1341 5374 ex
1363 5339 1488 5387 uno,
1516 5331 1561 5374 et
1586 5323 1713 5375 mori
1731 5338 1830 5376 non

247 5418 420 5478 posset
441 5426 502 5462 ex
531 5411 713 5462 altera.
742 5408 804 5463 1η
832 5412 1025 5481 integra
1047 5428 1163 5481 ergo
1186 5413 1286 5465 veri
1310 5411 1547 5477 hominis,
1580 5415 1829 5482 perfecta-

246 5514 349 5567 que
390 5510 568 5552 natura
595 5516 740 5554 verus
772 5511 917 5553 natus
943 5512 1013 5554 est
1041 5500 1199 5567 Deus,
1226 5511 1357 5555 totus
1381 5503 1431 5555 in
1462 5504 1587 5567 suis,
1621 5512 1753 5557 totus
1775 5504 1827 5558 in

244 5591 437 5643 nostris
478 5592 661 5660 (Nam.
707 5594 781 5662 ἓ).
818 5594 944 5647 item
974 5612 987 5647 :
1020 5592 1357 5663 lmpassibi’is
1390 5595 1525 5649 Deus
1555 5613 1653 5649 non
1684 5596 1828 5650 αι’άί-

247 5689 433 5751 gnatus
457 5691 527 5734 est
552 5684 700 5735 honto
720 5700 827 5737 esse
856 5684 1130 5753 passibilis,
1157 5695 1201 5738 et
1222 5686 1525 5739 immortalis
1553 5689 1726 5741 mortis
1754 5688 1827 5743 le-

243 5769 395 5841 gibus
427 5771 689 5840 subjacere
728 5771 919 5840 (Num.
952 5775 1029 5839 5).
1065 5775 1191 5830 item
1220 5793 1230 5826 :
1260 5775 1401 5829 Unus
1434 5777 1561 5830 enim
1591 5779 1824 5847 idemque

1934 4688 2290 4756 tremefacere;
2314 4694 2401 4737 aut
2423 4686 2577 4738 clavis
2604 4684 2858 4751 conﬁxum
2878 4700 2983 4737 esse
3003 4692 3047 4735 et
3080 4684 3308 4753 paradisi
3333 4694 3505 4751 partas

1932 4778 2054 4847 ﬁdei
2092 4776 2304 4831 latronis
2348 4776 2585 4846 aperire:
2622 4776 2691 4828 ita
2738 4790 2836 4827 non
2875 4776 3103 4843 ejusdem
3155 4786 3352 4828 natura:
3400 4786 3503 4840 est,

1932 4868 2138 4920 dicere:
2171 4865 2283 4934 Ego
2312 4875 2366 4919 et
2397 4866 2551 4920 Pater
2581 4880 2741 4917 unum
2785 4879 2969 4918 sumus
3008 4863 3182 4934 (Joan.
3218 4880 3246 4918 x
3268 4907 3283 4931 ,
3314 4866 3427 4934 50),
3458 4874 3504 4918 et

1935 4957 2133 5010 dicere:
2156 4956 2312 5010 Pater
2342 4956 2510 5023 major
2533 4970 2616 5008 me
2646 4966 2722 5009 est
2748 4953 2927 5023 (10m.
2958 4970 3065 5021 xiv,
3095 4955 3221 5024 28'):
3248 4956 3310 5008 de
3332 4967 3505 5009 nostra

1935 5051 2065 5101 enim
2099 5048 2179 5100 illi
2220 5059 2296 5101 est
2332 5048 2494 5099 mittar
2526 5046 2678 5099 Patre
2704 5046 3029 5110 humanitas;
3064 5047 3127 5100 de
3156 5045 3309 5101 Patre
3338 5047 3416 5099 illi
3436 5054 3507 5099 est

1935 5139 2148 5207 a’qualis
2165 5153 2276 5189 cum
2302 5136 2455 5190 Patre
2483 5138 2741 5190 divinitas.
2778 5137 2870 5189 llis
2898 5138 3073 5191 verbis
3105 5146 3382 5206 utramque
3414 5151 3506 5190 vo-

1935 5230 2031 5283 luit
2063 5231 2114 5283 in
2138 5229 2348 5283 Christo
2371 5229 2742 5283 demonstrare
2773 5239 3047 5294 naturam;
3078 5238 3136 5283 ut
3163 5244 3322 5282 unum
3364 5227 3507 5295 quod

1933 5320 2215 5374 sublimius
2241 5320 2349 5388 egit
2373 5319 2451 5372 vel
2477 5320 2627 5384 dixit,
2654 5334 2714 5374 ex
2736 5328 2919 5374 natura
2950 5322 3019 5374 sit
3044 5319 3338 5374 divinitatis
3357 5317 3509 5384 ejus;

1935 5412 2073 5465 aliud
2104 5411 2243 5481 quod
2272 5411 2490 5467 inferius
2515 5413 2675 5481 gessit
2704 5412 2785 5466 vel
2814 5413 3064 5467 humilius
3090 5412 3294 5464 locutus
3311 5419 3410 5471 est,
3436 5425 3505 5464 ex

1935 5513 2121 5557 natura
2150 5504 2220 5557 sit
2245 5505 2420 5557 carnis
2450 5502 2595 5572 ejus.
2628 5512 2685 5557 ut
2729 5502 2843 5556 hmo
2874 5504 3027 5555 unius
3051 5499 3245 5554 Christi
3276 5499 3503 5553 diversi-

1936 5606 2014 5650 tas
2041 5597 2330 5662 actionum,
2357 5610 2460 5650 non
2485 5598 2751 5650 uesciatur
2771 5610 2834 5650 ex
2862 5593 3156 5646 ditiorentia
3183 5591 3505 5647 descendere

1936 5700 2269 5753 naturarum;
2294 5688 2359 5743 de
2384 5702 2485 5757 qua
2516 5688 2675 5742 etiam
2702 5686 2935 5755 Cyrillus
2986 5685 3061 5755 (‘in
3083 5684 3288 5739 scholiis
3320 5688 3381 5739 de
3412 5684 3505 5738 In—

1934 5782 2221 5833 caruntione
2256 5776 2532 5845 Unigeniti,
2573 5791 2685 5844 cap.
2723 5774 2811 5841 i5)
2844 5774 2912 5827 ita
2964 5773 3219 5843 loquitur,
3274 5776 3497 5831 dicens:
