3990 6390
625 309 712 366 ibi
1280 311 1286 317 ’
1935 331 2154 386 VIUILII
2195 331 2570 390 TAI’SENSIS
3727 341 3794 402 133

617 425 762 479 Unus
790 429 943 498 igitur
971 437 1046 484 est
1067 442 1188 486 ante
1226 425 1626 490 incarnationem
1657 453 1800 490 verus
1845 438 2002 504 Deus,
2029 453 2074 494 et
2104 444 2190 511 qui
2219 449 2264 504 Α
2298 444 2608 499 int-iolal-ilis
2649 454 2844 498 natura'
2872 456 2946 501 est
2993 449 3136 501 unita
3175 450 3425 518 possibili,
3450 461 3498 504 ut
3525 466 3643 522 quod
3663 462 3796 510 nostris

610 519 662 572 in
692 518 1008 578 humanitate
1036 531 1224 581 mansit
1250 531 1303 580 id
1322 531 1456 600 quod
1485 540 1610 595 erat,
1636 543 1681 585 et
1711 543 1803 597 est,
1833 543 1879 586 ct
1918 536 2032 587 erit.
2069 536 2190 590 Non

613 610 998 668 discernendum
1025 617 1182 688 igitur
1227 637 1383 673 unum
1424 619 1698 675 Dominum
1726 623 1905 678 Jesum
1933 625 2192 680 Christum

609 703 665 757 in
713 705 967 758 hominem
1011 724 1238 774 seorsus,
1282 720 1327 763 et
1353 728 1550 764 seorsus
1587 713 1638 764 in
1667 713 1872 768 Deum:
1911 715 1999 768 sed
2035 734 2193 769 unum

612 795 945 865 eamdemque
975 796 1150 851 Jesum
1181 799 1436 854 Christum
1488 819 1590 856 esse
1619 803 1876 869 dicimus;
1917 821 2018 858 non
2050 807 2193 874 igno-

613 894 785 940 rantes
808 886 1122 954 dilferentias
1161 900 1486 960 naturarunt,
1525 893 1612 948 sed
1633 909 1717 947 eas
1748 895 2042 965 inconfusas
2064 896 2193 949 inter

615 994 720 1031 8688
761 990 1035 1033 servantes.
1768 995 1772 1002 ’

687 1069 851 1124 XXII.
889 1071 950 1124 Et
974 1069 1220 1140 quoniam
1253 1073 1344 1127 ἱειὶ
1376 1074 1654 1144 utriusque
1684 1081 1883 1128 natura
1913 1074 2194 1144 professio-

617 1177 736 1215 nem
766 1176 955 1216 novam
984 1177 1102 1218 esse
1123 1167 1537 1230 calumniantur,
1559 1177 1777 1221 cunctos
1809 1168 2058 1222 lit-etesiae
2087 1177 2192 1222 tra-

612 1263 843 1308 etatores
872 1255 923 1310 in
957 1257 1189 1311 medium
1214 1259 1321 1328 79
1347 1258 1691 1325 adducamus,
1719 1275 1780 1314 ex
1807 1275 2028 1328 quorum
2058 1261 2190 1314 mul-

614 1344 880 1413 tiplicibus
911 1348 1068 1402 dictis
1117 1363 1282 1417 pauca
1331 1357 1384 1402 et
1435 1348 1614 1404 brevia
1662 1359 2032 1416 excerpentes,
2066 1350 2189 1405 huic

611 1436 757 1500 operi
787 1437 1189 1504 subnectimus,
1218 1439 1283 1491 ad
1331 1438 1548 1494 latiores
1593 1428 1773 1494 eorum
1806 1450 1860 1495 et
1887 1439 2188 1496 diffusiores

609 1524 675 1578 de
707 1525 802 1580 hac
829 1526 1173 1582 confessione
1207 1537 1483 1594 tractatus,
1536 1544 1667 1598 quos
1699 1529 2036 1584 beatissimus
2077 1530 2187 1586 Leo

611 1615 666 1670 in
697 1633 858 1672 unum
889 1619 1315 1673 testimoniorum
1345 1621 1613 1674 cumulum
1663 1622 1881 1689 provida
1911 1622 2184 1692 diligentia

611 1711 897 1777 congessit,
951 1709 1222 1763 studiosos
1262 1726 1502 1781 quosque
1533 1713 1835 1767 mittentes:
1863 1723 1914 1768 et
1955 1724 2006 1765 ut
2034 1713 2184 1767 nobis

2296 535 2529 587 remediis
2559 537 2883 604 congruebat,
2915 554 3046 590 unus
3069 548 3218 607 atque
3256 539 3388 592 idem
3433 543 3654 595 ntedia'tor
3678 547 3748 598 Dei
3760 559 3792 599 ιι

2297 625 2556 678 hominum
2588 625 2740 681 homo
2766 627 2796 680 .l
2806 645 2916 683 esus
2945 627 3174 683 Christus
3203 637 3247 683 et
3291 632 3420 684 mori
3449 641 3599 701 posset
3624 651 3674 686 ex
3701 651 3790 700 uno,

2294 723 2339 769 et
2370 717 2500 768 mori
2527 734 2628 769 non
2679 727 2846 785 posset
2877 734 2942 772 ex
2964 720 3159 773 altero:
3191 730 3232 772 e.'
3265 737 3364 770 non
3391 729 3461 773 est
3495 718 3629 774 Verbi
3651 736 3793 777 natura

2297 805 2449 858 clavis
2475 807 2608 877 affigi
2635 811 2874 875 potuisse.
2901 807 3013 864 lluc
3039 819 3092 863 et
3113 809 3300 862 beatus
3321 809 3545 880 Cyrillus
3565 813 3610 865 in
3629 815 3791 880 epistola

2296 897 2457 950 totius
2482 899 2670 967 synodi
2704 900 2768 953 ad
2795 899 3094 954 Nestorium
3126 897 3241 968 (Est
3267 902 3398 954 inter
3429 901 3595 972 Cyrifli
3615 904 3790 969 epistolas

2293 998 2498 1056 quarta,
2543 1000 2589 1044 et
2619 989 2830 1045 habetur
2871 993 2924 1046 in
2967 994 3184 1046 concilio
3218 993 3495 1064 Ephesino,
3523 1005 3614 1050 act.
3643 998 3734 1062 i,et
3756 999 3788 1048 in

2291 1079 2714 1147 Chalcedonensi,
2744 1093 2845 1138 act.
2881 1084 2966 1153 i):
3002 1082 3067 1136 In
3105 1087 3236 1152 ipsa,
3269 1084 3457 1156 inquit.
3498 1089 3628 1141 vulva
3674 1098 3786 1141 ιιιιτοο

2291 1185 2385 1238 que
2411 1173 2648 1242 virginali
2679 1190 2786 1228 sese
2828 1173 3038 1228 Verbum
3061 1190 3173 1227 cum
3206 1190 3358 1228 carne
3387 1177 3652 1245 conjunxit,
3678 1187 3788 1228 etsu-

2291 1263 2468 1316 stinuit
2497 1265 2875 1334 generationem
2902 1266 3177 1329 carnalem,
3207 1267 3380 1319 carnis
3421 1279 3520 1320 sute
3550 1269 3786 1320 naticitatem

2287 1368 2436 1405 suam
2460 1355 2671 1423 faciens.
2706 1355 2794 1408 Sic
2825 1354 2970 1408 illum
3001 1356 3218 1409 dicintns
3246 1364 3295 1408 et
3327 1370 3528 1423 passum
3561 1372 3652 1410 esse
3681 1367 3715 1408 ct
3736 1374 3786 1409 re-

2288 1446 2585 1509 surrectisse,
2620 1461 2720 1498 non
2743 1446 2858 1514 quia
2888 1445 3020 1498 Deus
3050 1446 3266 1500 Verbum
3287 1447 3339 1498 in
3364 1463 3456 1499 sua
3480 1457 3643 1498 natura
3659 1463 3786 1513 possit

2291 1536 2355 1587 sit
2385 1546 2472 1588 aut
2505 1537 2706 1604 plagas,
2733 1545 2822 1589 aut
2846 1538 3104 1590 clatoxunt
3131 1538 3463 1606 conﬁxiones,
3483 1547 3565 1590 aut
3589 1537 3785 1590 aliasimi-

2289 1629 2358 1682 lia
2389 1630 2599 1683 vulnera
2628 1628 2789 1698 (Deus
2821 1647 3034 1699 namque
3062 1632 3399 1700 incorporalis
3421 1642 3553 1685 extra
3577 1633 3784 1699 passion.

2288 1719 2415 1788 est);
2449 1719 2539 1772 sed
2565 1719 2686 1788 quia
2715 1704 2899 1790 corpus
2947 1719 3078 1773 illud
3122 1721 3259 1790 quod
3303 1721 3460 1787 ipsius
3489 1722 3709 1790 proprium
3731 1726 3782 1789 [a-

610 1800 803 1869 duplex
852 1800 903 1853 in
941 1810 1206 1854 tantorum
1239 1812 1290 1855 et
1327 1803 1524 1856 talium
1579 1803 1790 1856 testium
1836 1803 2186 1871 productione
2220 1803 2262 1864 B
2291 1818 2426 1861 ctum
2454 1816 2559 1874 est,
2584 1824 2786 1878 passum
2817 1818 2910 1873 cst,
2958 1809 3069 1862 idco
3119 1808 3225 1862 lucc
3257 1812 3428 1862 omnia
3466 1827 3552 1880 pro
3579 1811 3694 1862 nobis
3716 1812 3782 1879 ipsa

612 1901 863 1945 nascatur
889 1892 1111 1958 utilitas,
1140 1908 1324 1946 eorum
1375 1893 1668 1949 sententias
1710 1893 1903 1948 Leonis
1939 1895 2186 1948 sensibus

609 1994 941 2050 coaptemus.
979 1985 1114 2040 Dixit
1153 1985 1297 2050 Leo,
1331 1987 1470 2053 quod
1505 1987 1736 2041 maxime
1776 1987 1862 2040 isti
1906 1986 2187 2056 reprehen-

609 2075 842 2129 dendum
873 2076 1211 2132 existimant:
1249 2077 1503 2146 Operatur
1531 2092 1842 2148 unaquaque
1868 2088 2051 2131 natura
2072 2091 2187 2130 cum

609 2169 959 2220 communione
985 2169 1196 2221 alterius
1223 2171 1361 2238 quod
1386 2171 1648 2239 proprium
1667 2181 1740 2224 est
1767 2170 1913 2240 (Leo,
1933 2171 2078 2241 epist.
2099 2170 2185 2235 10,

608 2273 751 2310 nunt.
780 2259 862 2329 4).
894 2260 1002 2314 lloc
1028 2271 1081 2315 et
1111 2261 1342 2316 llilsrius
1373 2263 1650 2318 confessor
1680 2263 1732 2319 in
1765 2264 1900 2319 libro
1925 2280 2030 2317 uno
2051 2279 2184 2318 eon-

609 2356 689 2405 tra
721 2351 943 2406 Arianns
972 2352 1112 2421 (Lib.
1137 2370 1185 2407 lx
1221 2356 1284 2408 de
1323 2355 1508 2409 Trinit.
1529 2397 1543 2422 ,
1575 2357 1666 2410 sub
1709 2357 1938 2425 initium)
1966 2374 1978 2408 :
2014 2354 2186 2410 Natus

606 2452 724 2512 ergo
747 2444 1032 2513 unigenitus
1065 2444 1204 2500 Deus
1226 2461 1290 2500 ex
1323 2446 1552 2518 Virgine,
1596 2449 1746 2502 homo
1781 2449 2054 2503 secundum
2079 2449 2188 2518 pls-

606 2533 888 2588 nitudinem
945 2545 1266 2608 temporum,
1318 2539 1370 2592 in
1422 2541 1694 2608 semetipso
1747 2551 2078 2610 prorecturus
2133 2541 2186 2594 in

604 2624 788 2692 Deum,
815 2627 1068 2682 hominem
1097 2646 1116 2695 ;
1144 2631 1278 2684 hunc
1300 2647 1390 2701 per
1420 2633 1590 2685 omnia
1627 2633 1904 2703 evangelici
1938 2633 2186 2686 sermonis

605 2719 811 2772 modum
844 2721 1032 2787 tenuit,
1057 2730 1111 2773 ut
1132 2737 1186 2774 se
1216 2720 1308 2775 Dei
1343 2720 1536 2774 Filium
1568 2724 1703 2776 credi
1733 2723 1954 2787 doceret,
2003 2731 2058 2776 ut
2088 2723 2183 2776 hoc

607 2809 758 2862 minis
787 2809 954 2877 ﬁlium
1005 2811 1280 2876 pra'dicari
1326 2811 1653 2877 admoneret;
1702 2812 1902 2865 locutus
1930 2822 1974 2865 et
2009 2828 2185 2882 gerens

608 2898 757 2951 homo
781 2899 1016 2953 universa
1047 2915 1158 2971 qua:
1188 2899 1281 2953 Dei
1307 2914 1425 2954 sunt
1451 2919 1468 2968 ;
1499 2901 1707 2970 laqueus
1733 2902 1915 2955 deinde
1938 2912 1985 2956 et
2011 2919 2188 2972 gerens

613 2986 751 3040 Deus
775 2989 1007 3042 unirersa
1033 3005 1143 3058 qua:
1165 2990 1381 3044 hominis
1413 2998 1528 3044 sunt
1553 3008 1572 3055 ;
1596 2993 1665 3044 ita
1688 3002 1847 3045 tamen
1872 3003 1923 3042 ut
1955 2992 2068 3059 ipso
2097 2991 2187 3044 illo

610 3079 874 3146 utriusque
902 3081 1097 3149 generis
1128 3096 1356 3133 sermone
1385 3098 1641 3151 nunquam
1666 3082 1763 3134 nisi
1789 3098 1902 3134 cunt
1928 3083 2187 3154 signiﬁca-

2288 1900 2474 1952 dicitur
2503 1915 2701 1966 passus.
2737 1897 2912 1952 Inerat
2939 1901 3071 1953 enim
3100 1902 3150 1952 in
3191 1917 3251 1955 eo
3300 1918 3503 1972 corpore
3529 1904 3644 1971 quod
3669 1902 3780 1970 patie-

2287 1990 2454 2054 batur,
2487 1988 2625 2043 Deus
2655 1990 2741 2059 qui
2771 1992 2876 2058 pati
2907 2005 3006 2042 non
3035 1999 3254 2060 poterat.
3291 1989 3462 2045 Simili
3491 1993 3621 2042 modo
3639 2000 3673 2040 et
3694 2006 3778 2040 utor-

2287 2090 2385 2135 tem
2408 2082 2572 2151 ipsius
2600 2080 2934 2150 intelligimus
2960 2095 2978 2143 ;
3006 2081 3295 2134 immortale
3324 2082 3454 2132 enim
3483 2092 3524 2131 ει
3551 2080 3776 2148 incorrupti

2287 2175 2384 2227 bile
2416 2182 2489 2227 est
2532 2173 2840 2227 naturaliter
2879 2173 3137 2240 riviﬁcans
3184 2171 3282 2226 Dei
3325 2170 3576 2234 Verbum;
3604 2171 3674 2224 sed
3703 2170 3778 2238 quia

2287 2282 2466 2337 corpus
2491 2267 2650 2336 ipsius
2684 2269 2948 2337 proprium
2975 2267 3136 2335 gratia
3167 2264 3260 2317 Dei
3277 2269 3432 2335 juxta
3466 2263 3601 2316 Pauli
3626 2274 3772 2315 vocent:

2289 2357 2392 2414 Pro
2417 2359 2663 2412 omnibus
2709 2368 2934 2412 mortem
2975 2357 3204 2426 gustavit
3249 2355 3436 2427 (Hebr.
3469 2370 3523 2418 ιι,
3557 2350 3777 2423 9),ἱίιεὲτίο

2287 2449 2394 2520 ipse
2433 2450 2621 2503 dicitur
2669 2461 2874 2501 mortem
2912 2464 3091 2517 passus
3120 2463 3226 2500 esse
3254 2464 3346 2515 pro
3392 2444 3528 2499 nobis
3551 2487 3563 2510 ,
3589 2459 3669 2496 non
3690 2439 3776 2506 quod

2290 2540 2395 2610 ipse
2419 2550 2626 2593 mortem
2650 2547 2776 2592 esset
2807 2546 3067 2605 expertus,
3091 2548 3340 2607 quantum
3361 2538 3426 2588 ad
3453 2536 3594 2606 ipsius
3613 2542 3776 2586 naturast

2289 2630 2504 2699 pertinet
2536 2629 2761 2697 (insania
2801 2640 2873 2680 est
2918 2628 3050 2680 enim
3094 2629 3191 2679 hoc
3232 2627 3422 2681 sentire
3459 2624 3528 2678 vel
3556 2619 3703 2689 dicere)
3721 2619 3776 2671 sed

2294 2721 2454 2790 quod,
2489 2730 2540 2773 ut
2570 2737 2725 2790 supra
2757 2720 3000 2784 diximus,
3038 2734 3160 2771 caro
3197 2718 3359 2784 ipsius
3397 2726 3587 2768 mortem
3607 2709 3773 2782 gustarit.

2289 2812 2372 2866 Ita
2398 2820 2444 2865 et
2473 2819 2761 2880 resurgente
2782 2825 2961 2876 carne,
2989 2809 3148 2875 ipsius
3177 2808 3582 2860 resurrectionem
3601 2803 3774 2857 dicimus;

2289 2921 2389 2958 non
2419 2905 2539 2970 quia
2569 2904 2621 2956 in
2661 2902 3037 2971 corruptionem
3083 2900 3337 2953 ceciderat
3382 2899 3565 2970 (absit),
3603 2893 3674 2949 sed
3699 2891 3774 2960 qtt'd

2288 2997 2399 3062 eius
2430 2993 2706 3047 resurrexit
2734 3007 2940 3059 corpus.
2976 2989 3060 3043 Ita
3105 2989 3366 3044 Christum
3407 2988 3631 3040 hominem
3657 2984 3774 3051 (quem

2291 3097 2455 3142 tanten
2484 3097 2530 3142 ει
2555 3086 2717 3140 Deum
2739 3082 3062 3153 conﬁtemur)
3090 3097 3187 3135 non
3219 3093 3460 3150 tanquam
3477 3079 3687 3131 hominem
3703 3083 3773 3122 cum

609 3169 745 3222 tione
764 3180 808 3221 et
852 3168 1073 3224 hominis
1104 3170 1300 3226 locutus
1331 3182 1376 3225 et
1403 3171 1498 3226 Dei
1527 3175 1610 3228 sit.
1647 3173 1782 3228 Ecce
1827 3185 2008 3243 aperte
2033 3190 2182 3230 com-
2211 3159 2257 3222 C
2304 3178 2460 3234 Verbo
2484 3178 2835 3240 coadorantes,
2862 3191 2924 3228 ne
2951 3173 3211 3226 divisionis
3237 3171 3468 3240 quadam
3495 3167 3654 3238 species
3676 3158 3773 3214 indu-

610 3259 919 3315 munionem
949 3272 1296 3333 utrarumque
1314 3265 1511 3320 docens
1531 3275 1862 3336 naturarum,
1883 3276 1939 3322 et
1956 3268 2184 3324 Verbum

611 3352 748 3407 dixit
774 3353 914 3424 loqui
943 3363 994 3408 et
1019 3370 1178 3425 agere
1210 3371 1328 3426 quin
1360 3359 1537 3412 carnis
1563 3366 1708 3426 sunt,
1735 3370 1786 3414 et
1815 3374 2033 3415 carnem
2065 3376 2184 3430 qua:

612 3442 774 3499 Verbi
797 3455 942 3500 sunt.
958 3446 1052 3500 Cui
1077 3449 1355 3504 sententiae
1369 3457 1422 3503 et
1454 3450 1636 3502 beatus
1651 3466 1861 3520 quoque
1883 3465 2184 3519 congruens

609 3536 925 3592 Ambrosius
964 3539 1035 3593 ita
1073 3538 1200 3594 dicit
1230 3539 1368 3611 (Lib.
1419 3557 1452 3595 tt
1483 3542 1545 3594 de
1575 3540 1703 3596 Fide
1745 3543 1814 3595 ad
1852 3541 2180 3608 Gratianum,

610 3645 723 3700 cap.
748 3633 801 3699 4,
845 3632 1052 3702 initio):
1083 3633 1300 3688 Consors
1343 3636 1604 3705 utriusque
1651 3635 1962 3708 natur.r,.id
1994 3644 2065 3690 est
2091 3635 2187 3688 ltu-

611 3738 774 3778 manaz
811 3735 960 3794 atque
988 3727 1193 3791 divinas,
1236 3728 1285 3780 in
1319 3737 1501 3780 natura
1545 3729 1760 3780 hominis
1802 3727 1954 3781 subiit
1994 3729 2188 3795 passio-

613 3831 760 3879 nem;
783 3827 837 3868 ut
869 3817 1140 3871 indiscrete
1168 3828 1213 3871 et
1245 3819 1489 3872 Dominus
1532 3821 1810 3890 majestatis
1853 3821 2052 3873 dicatur
2080 3836 2190 3875 esse

613 3909 702 3978 qui
723 3926 905 3979 passus
930 3920 1023 3975 est,
1051 3919 1096 3966 et
1124 3912 1262 3980 ﬁlius
1295 3911 1532 3974 hominis,
1565 3913 1693 3965 sicut
1714 3912 1953 3981 scriptum
1983 3923 2075 3976 est,
2103 3913 2188 3981 qui

611 4001 870 4054 descendit
907 4002 970 4054 de
989 4003 1131 4056 caelo.
1167 4001 1452 4069 Perstdeue
1483 4001 1640 4056 nimis
1669 4010 1725 4057 et
1754 4003 2185 4058 communionem

609 4093 809 4161 operis,
837 4101 891 4147 et
922 4094 1298 4163 proprietatem
1332 4095 1603 4164 utriusque
1630 4102 1832 4149 natura:
1862 4093 2139 4163 descripsit
2168 4112 2183 4150 :

608 4183 732 4239 dum
755 4193 809 4239 et
837 4201 1050 4241 carnem
1071 4198 1292 4256 propter
1319 4186 1547 4242 Verbum
1568 4186 1633 4242 de
1655 4186 1791 4241 coelo
1815 4186 2180 4254 descendisse,

611 4285 666 4331 et
697 4277 925 4331 Verbum
959 4287 1175 4346 propter
1205 4293 1420 4333 carnem
1470 4288 1694 4332 mortem
1736 4278 1965 4332 subiisse
2004 4279 2181 4331 dit-ina

611 4372 874 4418 testantur
903 4367 1144 4433 eloquia;
1186 4380 1306 4420 cum
1339 4381 1437 4420 nec
1477 4380 1605 4420 caro
1638 4367 1704 4422 de
1732 4367 1868 4422 coelo
1891 4367 2183 4422 descende-

613 4456 704 4522 rit,
739 4471 836 4511 nec
863 4457 1090 4512 Verbum
1125 4459 1259 4511 mori
1295 4457 1547 4526 potuerit.

2286 3279 2452 3336 catur,
2495 3267 2583 3322 sed
2630 3283 2786 3320 unum
2819 3266 2930 3335 jam
2967 3273 3013 3318 et
3053 3263 3298 3325 eumdem
3333 3262 3601 3315 adorantes.
3631 3254 3711 3309 lloc
3741 3255 3772 3325 tl

2287 3363 2477 3417 beatus
2509 3361 2738 3414 Hilarius
2770 3358 2951 3428 paucis
2975 3358 3198 3425 explica't
3251 3355 3450 3410 verbis.
3494 3350 3699 3402 Videsne.
3721 3342 3772 3390 in-

2286 3453 2400 3524 (ιιιί
2421 3453 2559 3518 (Lib.
2590 3468 2638 3505 Ix
2665 3452 2728 3506 de
2753 3451 2957 3514 Trinlt.,
2987 3466 3086 3502 non
3115 3450 3265 3519 longe
3288 3447 3350 3500 ab
3381 3443 3558 3512 initio),
3583 3442 3640 3493 ita
3664 3434 3771 3487 Dom

2286 3556 2331 3600 et
2361 3545 2615 3598 hominem
2643 3542 2934 3614 praedicari,
2960 3550 3013 3596 ut
3047 3549 3178 3594 mo’rs
3209 3539 3426 3603 homini,
3454 3535 3548 3588 Deo
3567 3544 3675 3590 vero,
3699 3536 3771 3575 ίαν·

2285 3636 2364 3689 nis
2394 3635 2633 3689 excitatio
2661 3635 2974 3702 deputetur?
3002 3631 3255 3684 Naturam
3284 3630 3378 3684 Dei
3408 3630 3456 3681 in
3487 3627 3640 3680 virtute
3660 3628 3771 3670 restr-

2286 3726 2526 3779 rectionis
2572 3724 2814 3792 intellige,
2862 3723 3294 3792 dispensationem
3341 3717 3546 3772 hominis
3584 3715 3627 3765 in
3666 3711 3770 3804 moi“

2288 3832 2563 3889 cegnosce:
2595 3829 2774 3870 etcum
2799 3816 2899 3868 sint
2927 3825 3139 3882 utraque
3169 3813 3426 3881 utriusque
3459 3818 3584 3881 gesta
3609 3809 3767 3856 nataui,

2290 3925 2444 3962 unum
2477 3921 2642 3960 tanten
2685 3905 2858 3960 Jesum
2894 3922 3010 3961 eum
3049 3912 3298 3995 ntetncn‘o
3335 3919 3440 3957 esse
3473 3898 3549 3971 qui
3580 3896 3769 3954 utrum?“

2289 4011 2382 4056 eoi.

2360 4089 2547 4145 XXIV.
2589 4090 2653 4143 Et
2697 4089 2816 4158 quia
2852 4089 3158 4157 perSpicne,
3189 4097 3443 4156 quantum
3489 4067 3770 4164 animus]?

2286 4184 2423 4246 ruit,
2467 4183 2605 4235 beati
2657 4181 2850 4236 Leonis
2898 4180 3175 4248 epistolam
3219 4195 3339 4232 cum
3369 4175 3540 4248 Cyrilli
3575 4161 3769 4260 synodit'is

2286 4289 2580 4344 congruere
2623 4273 2847 4338 litteris,
2879 4273 2986 4342 ει
3019 4271 3141 4339 quid
3177 4271 3338 4325 etiam
3379 4264 3543 4322 calori
3580 4256 3766 4315 Ecclesia:

2288 4375 2381 4419 trat
2406 4374 2606 4419 tutores
2627 4364 2694 4418 de
2721 4365 2957 4433 utrisque
2980 4364 3179 4416 naturis
3216 4363 3410 4416 Christi
3435 4353 3662 4413 senserint
3688 4346 3766 4398 bte-

2286 4460 2424 4512 viter
2442 4457 2767 4522 intimemus,
2797 4465 3013 4510 sanctus
3033 4455 3266 4510 Joannes
3292 4446 3767 4523 (Cltrysostomus,tom.

682 4545 868 4603 XXIII.
917 4546 1045 4603 Item
1092 4548 1227 4603 dixit
1267 4548 1565 4620 Lco(qum
1613 4549 1668 4619 4)
1700 4567 1711 4601 :
1745 4550 1976 4616 Esurire,
2013 4551 2175 4615 sitire,
2208 4529 2255 4588 ί)
2300 4551 2336 4603 γ
2374 4548 2723 4614 Gr'wco-Lat.,
2765 4565 2916 4602 sernt.
2961 4547 3048 4614 55)
3083 4547 3132 4602 in
3176 4547 3390 4602 humilia
3433 4545 3494 4596 de
3526 4529 3769 4592 Ascensione

610 4641 878 4696 lassescere
927 4653 1074 4708 atque
1108 4643 1360 4708 dormire,
1409 4642 1663 4696 evidenter
1686 4643 1962 4696 humanum
2000 4651 2074 4695 est
2099 4661 2115 4695 ι
2140 4651 2184 4694 ει

612 4748 715 4785 non
745 4743 815 4784 est
846 4735 1070 4806 ejusdem
1099 4744 1293 4790 natura:
1331 4738 1457 4806 [lere
1484 4735 1820 4788 miserationis
1845 4734 2030 4800 affectu
2057 4735 2185 4787 ami-

610 4840 725 4877 cum
765 4835 1040 4900 mortuum,
1079 4838 1124 4880 et
1153 4830 1385 4882 eumdem
1418 4829 1486 4880 ad
1513 4830 1644 4881 vocis
1676 4828 1940 4897 imperium
1963 4829 2185 4882 excitare

609 4917 909 4971 redivivum.
945 4918 1053 4972 lloc
1073 4931 1124 4973 et
1154 4925 1341 4974 beatus
1365 4920 1653 4990 Gregorius
1683 4920 2050 4975 Nazianzenus
2072 4921 2184 4989 epis

595 5021 804 5077 scapus
831 5009 1084 5075 asseruit,
1112 5011 1294 5063 dicens
1326 5010 1497 5081 (Orat.
1523 5011 1588 5065 53
1612 5013 1664 5064 in
1703 5010 1893 5065 Christi
1931 5009 2184 5064 Nativita-

612 5108 742 5168 tem,
768 5109 881 5171 post
908 5100 1188 5170 medium):
1217 5099 1344 5155 Cum
1388 5119 1507 5175 ergo
1532 5103 1853 5172 processisset
1880 5119 1940 5157 ex
1980 5101 2184 5174 Virgine

609 5189 766 5260 Deus,
809 5193 860 5246 in
884 5210 942 5246 ea
966 5210 1117 5260 quam
1140 5204 1502 5265 assumpserat,
1531 5196 1753 5249 humana
1785 5206 1986 5260 natura,
2023 5211 2182 5249 unum

597 5299 634 5350 _e
653 5283 848 5338 duobus
872 5285 923 5339 in
947 5285 1156 5339 invicem
1179 5287 1444 5340 contrariis
1465 5286 1705 5349 existens,
1736 5303 1888 5342 carne
1903 5303 1960 5340 ac
1975 5287 2176 5356 spiritu,

607 5375 747 5428 aliud
768 5376 820 5429 in
857 5377 1020 5430 Deum
1051 5377 1356 5442 assumitur,
1397 5376 1541 5430 aliud
1570 5378 1680 5446 80
1712 5376 1926 5430 Deitatis
1963 5376 2181 5445 gratiam

607 5475 837 5535 praestat.
868 5466 1060 5522 Missus
1081 5477 1152 5522 est
1180 5469 1403 5534 quidem,
1435 5469 1522 5522 sed
1551 5478 1604 5521 ut
1625 5468 1808 5532 homo;
1838 5468 2028 5536 duplex
2047 5467 2180 5520 cuius

605 5568 711 5612 crat
741 5561 792 5613 in
823 5577 883 5615 eo
907 5570 1113 5616 natura.
1146 5559 1278 5616 Inde
1302 5563 1521 5631 denique
1557 5568 1603 5615 ει
1627 5561 1871 5614 laboravit
1895 5576 1959 5613 ea:
1981 5561 2177 5619 itinere,

608 5649 723 5702 inde
751 5655 942 5722 esuriit,
971 5665 1016 5708 et
1046 5656 1224 5722 sitivit,
1257 5665 1304 5709 et.
1345 5655 1673 5708 contristatus
1704 5662 1795 5717 est,
1831 5661 1876 5706 et
1911 5653 2045 5720 ﬂevit
2078 5650 2180 5704 hu-

609 5743 744 5794 mani
771 5748 994 5814 carparis
1029 5748 1154 5816 lege.
1189 5749 1315 5802 Item
1342 5747 1475 5800 dixit
1509 5745 1616 5799 Leo
1644 5743 1828 5808 (Nam.
1860 5741 1948 5803 5):
1985 5742 2184 5796 Natura

2291 4641 2520 4706 Domini,
2556 4643 2627 4694 ita
2660 4641 2815 4696 dicit:
2850 4641 2986 4694 Deus
3011 4641 3152 4693 nobis
3171 4642 3312 4712 ju-te
3341 4633 3639 4691 irascebatur,
3661 4627 3768 4713 sint?!

2289 4731 2729 4785 rontemnebamus
2766 4733 2975 4799 iratum,
3011 4740 3055 4784 et
3084 4733 3368 4785 clementem
3401 4725 3643 4780 Dominum
3660 4708 3765 4812 dicit:

2288 4826 2639 4880 nobamus:et
2675 4841 2726 4878 se
2765 4827 2988 4878 medium
3027 4824 3257 4878 Christus
3310 4820 3524 4893 ingessit,
3562 4823 3600 4866 et
3623 4803 3767 4907 sociant

2290 4928 2553 4988 utramque
2591 4925 2856 4982 naturam,
2893 4925 2938 4968 et
2980 4917 3122 4968 nobis
3158 4914 3293 4986 quod
3335 4906 3598 4966 inminebat
3633 4903 3767 4960 5"l’l’”'

2285 5010 2416 5063 ciunt
2436 5011 2543 5076 ipse
2572 5007 2838 5061 sustinuit.
2868 5005 2995 5060 Item
3024 5025 3035 5058 :
3065 5020 3422 5076 cognoscamus
3451 4998 3585 5070 igitur
3599 4998 3685 5057 qut!
3706 4991 3767 5076 ηεξ·

2286 5110 2399 5154 tura
2421 5072 2512 5164 est,
2537 5099 2615 5153 cui
2644 5099 2772 5151 dia-it
2803 5113 2820 5151 :
2851 5097 2990 5152 Sede
3019 5095 3081 5150 ad
3127 5072 3396 5150 dexteram
3437 5096 3616 5142 meam,
3646 5072 3766 5164 etes-la

2284 5208 2408 5248 mete
2432 5193 2684 5262 particeps
2731 5191 2901 5244 sedis:
2932 5191 3022 5244 illa
3053 5191 3291 5243 nimirum
3331 5196 3502 5240 natura
3528 5192 3584 5246 qu

2284 5291 2364 5335 rat
2387 5297 2406 5336 :
2436 5281 2596 5336 Terra
2627 5297 2706 5344 es,
2740 5289 2794 5334 et
2825 5281 2873 5333 in
2907 5289 3100 5333 terram
3145 5280 3263 5335 ibis.
3314 5279 3419 5331 lloc
3442 5280 3490 5326 et
3517 5269 3613 5329 A118

2285 5373 2542 5435 sentiens,
2562 5370 2962 5436 Gratulandum,
2991 5371 3155 5440 inquit
3180 5366 3372 5440 (Tract.
3393 5365 3456 5420 78
3474 5363 3519 5415 in
3535 5356 3632 5410 Joat

2287 5467 2449 5535 fuerat
2476 5465 2710 5519 humana:
2735 5476 2953 5530 natura,
2981 5479 3040 5517 eo
3059 5463 3194 5533 quod
3221 5463 3292 5515 sic
3316 5464 3554 5524 assuntp’a
3578 5453 3636 5498 εδ¹
3656 5453 3679 5488 α

2301 5554 2482 5620 Verbo,
2516 5565 2569 5608 ut
2599 5555 2901 5608 immortalis
2942 5529 3323 5606 constitueretur
3352 5551 3401 5601 in
3429 5543 3567 5604 cwlo;
3592 5529 3766 5620 ("ww

2290 5645 2429 5714 ﬁeret
2459 5619 2590 5700 terra
2610 5647 2856 5708 sublimis,
2878 5655 2930 5697 ut
2959 5642 3348 5714 incorruptibilis
3384 5636 3554 5690 sederet
3572 5625 3627 5677 ad

2292 5755 2400 5792 rant
2427 5737 2619 5792 Patris.
2638 5740 2760 5793 item
2787 5739 2972 5792 beatus
2990 5736 3210 5790 Basilius
3234 5733 3478 5790 Casarea'
3498 5707 3762 5782 causam“

3589 5187 3624 5226 σε
3645 5159 3766 5218 mulie-

3619 5253 3765 5311 ustitttla‘

3633 5341 3760 5401 metu).
