3990 6390
189 348 284 413 153

1269 357 1539 415 CONTRA
1585 359 2054 417 EUTYCHETEM
2094 359 2221 415 LIB.
2267 360 2328 416 V.

3297 362 3422 429 154

185 470 461 538 episcopus
486 488 498 523 :
530 466 657 523 Cum
684 484 804 541 ergo
826 469 1057 541 qua’dam
1084 471 1134 523 in
1164 468 1365 525 Christo
1388 472 1459 525 ita
1484 473 1745 526 videamus
1774 477 1823 533 Α
1854 473 1956 525 rilli
1985 473 2049 526 ad
2081 473 2383 529 Nestorium
2407 472 2595 528 litteris
2621 489 2634 528 :
2670 456 2788 543 Non
2814 475 2944 527 enim
2987 475 3224 540 dicimus,
3257 478 3426 547 inquit

186 562 427 623 humana,
459 573 511 614 ut
537 564 664 616 nihil
689 580 720 615 a
745 564 995 616 communi
1027 564 1316 617 mortalium
1345 564 1622 631 fragilitate
1662 564 1743 615 di-

185 663 317 705 stare
345 653 637 719 videantur;
660 656 890 721 quadam
920 655 992 707 ita
1019 653 1211 719 divina,
1243 670 1355 722 quae
1384 656 1513 708 nulli
1539 655 1628 707 alii
1654 655 1750 708 nisi

185 747 261 798 illi
280 735 524 811 ine/fabili
546 756 741 799 natura:
761 748 1053 799 conveniant
1077 748 1277 800 deitatis
1302 763 1318 811 ;
1349 747 1504 801 lueret
1536 745 1750 799 humani

184 836 463 891 intellectus
492 839 743 907 angustia,
771 847 815 891 et
847 848 998 892 tanta:
1024 838 1383 893 admirationis
1416 850 1618 909 stupore
1638 855 1755 909 per-

185 930 347 991 culsa,
374 938 474 1000 quo
490 928 722 993 detlinet,
746 931 868 998 quid
889 940 1073 996 teneat,
1100 947 1199 1000 quo
1227 946 1283 984 se
1299 939 1575 993 convertat,
1608 932 1757 999 igno-

182 1032 295 1073 rat:
324 1020 578 1072 hominem
608 1030 742 1089 putet
771 1032 857 1073 aut
892 1020 1051 1073 Deum
1078 1037 1223 1091 quem
1258 1020 1451 1074 devicto
1481 1021 1655 1073 mortis
1676 1036 1755 1073 re-

182 1125 301 1179 gno,
328 1124 444 1161 cum
488 1109 665 1179 spoliis
704 1111 991 1163 redeuntem
1014 1129 1042 1161 a
1069 1112 1279 1164 mortuis
1320 1111 1502 1163 cernit.
1538 1110 1755 1179 Propter

180 1204 314 1270 quod
338 1219 452 1255 cum
480 1205 616 1256 omni
646 1214 778 1256 nretu
800 1212 844 1256 et
878 1204 1150 1257 reverentia
1180 1204 1626 1271 contemplandum
1656 1212 1749 1269 est,

181 1304 229 1344 ut
262 1295 315 1346 in
359 1307 461 1346 uno
489 1293 779 1360 eodemque,
823 1294 896 1347 ita
926 1294 1189 1360 utriusque
1230 1302 1427 1346 natura:
1458 1293 1641 1347 veritas
1670 1292 1757 1346 de-

180 1394 513 1450 monstretur,
545 1393 597 1435 ut
630 1400 790 1450 neque
828 1384 1023 1451 aliquid
1058 1384 1321 1455 indignum
1359 1393 1407 1439 et
1441 1385 1673 1438 indecens
1702 1382 1754 1435 in

178 1476 355 1527 divina
378 1474 469 1528 illa
500 1484 544 1528 et
571 1476 815 1543 ine/{abili
840 1477 1121 1530 substantia
1149 1477 1425 1539 sentiatur;
1455 1493 1616 1545 neque
1639 1491 1755 1528 rur-

179 1582 270 1617 sus
301 1582 414 1633 qua:
434 1574 571 1635 gesta
599 1575 715 1618 sunt
741 1567 887 1635 falsis
908 1566 1064 1619 illusa
1092 1566 1395 1636 imaginibus
1418 1566 1751 1619 mstimentur.

178 1656 295 1721 Qua
326 1656 450 1709 hinc
483 1657 705 1709 exitur?
736 1671 840 1725 quo
871 1670 1054 1710 rurStrs
1080 1656 1371 1727 evaditur?
1395 1655 1585 1722 quibus
1611 1670 1758 1709 com-

182 1748 401 1814 mentis,
432 1748 623 1817 quibus
655 1758 1088 1817 argumentorum
1139 1747 1423 1818 prrnstigiis
1456 1757 1615 1802 tanta:
1663 1762 1759 1818 po-

1854 562 2046 632 (Epist.
2072 563 2162 632 4),
2203 566 2336 634 quod
2366 564 2459 618 Dei
2506 574 2708 629 natura,
2741 581 2982 619 conversa
3011 567 3088 620 vel
3118 568 3380 620 immutata
3407 612 3421 632 ,

1852 653 1987 721 facta
2015 654 2081 704 sit
2123 669 2275 717 caro,
2309 670 2399 707 nec
2434 654 2570 725 quod
2598 654 2654 706 in
2698 664 2857 707 totum
2889 656 3139 707 hominem
3168 657 3326 726 (quod
3356 670 3427 711 est

1850 746 2021 797 animo
2052 755 2098 798 et
2122 744 2329 814 corpus)
2355 746 2717 815 transformata
2741 748 2837 809 sit;
2859 746 2949 798 sed
2969 746 3099 799 illud
3118 749 3278 819 ntagis
3294 751 3429 815 quod

1853 850 2055 885 carnem
2103 835 2378 885 animatum
2428 837 2601 888 anima
2650 836 2943 889 rationabili
2973 836 3065 889 sibi
3119 838 3429 903 copulaverit

1861 921 2099 981 Verbum.
2134 932 2179 975 et
2206 925 2625 990 substantialiter,
2658 925 2978 990 ine/fabiliter
3004 936 3049 979 et
3080 927 3430 994 indeprehen-

1854 1013 2067 1067 sibiliter
2089 1016 2255 1085 fartus
2281 1017 2346 1069 sit
2376 1017 2547 1081 homo,
2577 1026 2621 1069 et
2652 1028 2974 1087 nuncupatus
3001 1020 3065 1072 sit
3106 1020 3251 1071 etiam
3290 1018 3429 1085 [ilius

1857 1106 2119 1159 hominis:
2151 1122 2249 1158 non
2293 1102 2444 1159 nuda'
2474 1090 2823 1161 tantummodo
2872 1110 3165 1173 voluntatis,
3212 1110 3299 1162 sed
3340 1124 3431 1162 nec

1858 1196 2206 1263 assumptione
2234 1197 2343 1248 sola
2376 1212 2604 1263 persona:
2623 1237 2638 1261 ,
2670 1198 2759 1249 sed
2797 1198 2931 1265 quod
2955 1198 3163 1251 diversa
3185 1200 3431 1266 quadarn-

1858 1286 2007 1339 modo
2039 1294 2238 1338 natura:
2262 1287 2310 1338 in
2339 1302 2441 1338 uno
2465 1287 2805 1339 convenerint.
2842 1286 2988 1341 L'nus
3019 1295 3185 1341 tamen
3223 1303 3287 1341 ea:
3323 1303 3431 1339 am.

1859 1377 2014 1431 babus
2045 1375 2274 1430 Christus
2302 1385 2349 1428 et
2381 1374 2550 1428 Filius
2568 1420 2580 1441 ,
2614 1391 2716 1427 non
2750 1384 2990 1428 evacuata
3015 1387 3100 1427 aut
3128 1376 3324 1429 sublata
3352 1376 3432 1428 di-

1858 1467 2095 1520 versitate
2118 1476 2416 1518 naturarum
2445 1480 2533 1533 per
2546 1464 2976 1534 conjunctionem.
2994 1464 3097 1517 Sed
3123 1466 3242 1531 quia
3269 1465 3423 1519 simul

1859 1557 1999 1610 nobis
2013 1556 2283 1623 e/I‘ecerunt
2300 1571 2452 1609 unum
2469 1553 2743 1607 Dominum
2758 1562 2802 1606 et
2816 1552 3073 1607 Christum
3086 1566 3130 1608 et
3147 1551 3359 1618 Filium,
3377 1554 3430 1607 ia

1859 1648 2177 1702 estdivinitas
2189 1657 2235 1700 et
2248 1647 2554 1713 humanitas,
2570 1661 2659 1716 per
2669 1660 2908 1699 arcanam
2931 1644 3077 1698 illam
3098 1646 3430 1712 itte/fabilem‘

1859 1757 1954 1811 que
1975 1741 2342 1811 copulationem
2374 1742 2440 1792 ad
2472 1740 2740 1793 unitatem.
2764 1738 2900 1805 Quid
2926 1738 3028 1792 hoc
3066 1740 3430 1805 manifestius,

182 1846 291 1893 test
320 1839 650 1892 auctoritatis
681 1840 874 1893 veritas
900 1839 1206 1894 obumbrari
1227 1840 1248 1892 ?
1269 1840 1343 1893 lla
1368 1855 1557 1895 omnes
1582 1840 1752 1895 eccle-
1786 1846 1830 1906 Β
1858 1832 1985 1902 quid
2002 1832 2198 1886 Clarius
2224 1831 2286 1885 ad
2302 1831 2706 1886 consonanliam
2731 1829 2969 1901 SYDOdiCi
2988 1830 3189 1885 άθοτθιί
3210 1830 3431 1885 Chalce-

179 1928 383 1981 siastici
430 1938 773 1993 tractatores,
809 1930 861 1982 in
893 1932 1170 1999 utriusque
1196 1938 1398 1984 natum
1422 1930 1751 1999 proprietate

180 2023 548 2087 consentiunt,
584 2034 640 2076 ut
673 2024 722 2077 in
745 2039 875 2079 ,ιιιιο
905 2026 1202 2094 eodemque
1223 2023 1437 2079 Christo
1467 2025 1595 2079 nihil
1628 2024 1757 2079 indi-

179 2128 372 2183 gnum,
403 2115 535 2169 nihil
568 2114 755 2170 lalsum
793 2118 1144 2173 existimetur.
1188 2117 1327 2172 Nihil
1361 2118 1653 2188 indignum,
1690 2134 1755 2172 ne

183 2207 382 2260 Filium
437 2206 529 2261 Dei
590 2207 755 2261 Deum
815 2209 1095 2263 Dominum
1145 2208 1414 2264 Christum
1462 2210 1754 2265 secundum

182 2298 479 2352 divinitatis
502 2313 611 2353 sua:
638 2309 879 2353 naturam
902 2302 1182 2355 credamus
1206 2302 1362 2355 morti
1385 2302 1715 2370 subjacuisse
1741 2318 1753 2354 :

182 2389 317 2443 nihil
346 2390 558 2455 falsum,
588 2399 644 2444 ut
672 2391 921 2445 eumdem
953 2392 1243 2446 secundum
1266 2392 1443 2447 carnis
1470 2408 1577 2447 suzu
1601 2403 1755 2445 natu-

181 2467 300 2533 ram
330 2480 613 2533 credamus
645 2490 910 2534 mortuum
947 2497 1085 2535 esse.
1119 2482 1182 2537 Ut
1211 2483 1331 2549 quia
1364 2498 1487 2537 vere
1518 2492 1760 2536 mortuus

182 2577 294 2634 est,
326 2569 600 2638 dignitatis
630 2570 699 2625 sit
730 2580 933 2625 natura:
969 2572 1146 2635 Verbi,
1180 2571 1436 2628 honorem
1482 2575 1609 2630 dare
1657 2576 1756 2630 im-

184 2662 569 2725 mortalitatis;
602 2672 655 2717 et
705 2674 909 2719 natura:
948 2665 1149 2729 carnis,
1179 2665 1456 2722 veritatem
1489 2668 1761 2723 ascribere

180 2750 412 2805 mortis:
448 2752 519 2806 ita
554 2760 610 2806 ut
641 2764 923 2824 utrumque
972 2757 1128 2811 unius
1158 2756 1506 2826 ejusdemque
1548 2760 1617 2814 sit
1650 2762 1758 2832 82

180 2841 407 2905 Christi,
436 2842 486 2896 id
519 2853 599 2897 est
626 2854 677 2898 et
706 2846 839 2899 mori
868 2856 923 2901 et
949 2863 1053 2901 non
1099 2849 1232 2902 mori
1260 2866 1272 2901 :
1305 2849 1439 2903 mori
1467 2852 1757 2905 secundum

180 2945 431 2991 naturam
456 2938 630 2993 carnis
657 2953 788 3005 suae,
813 2949 865 2995 et
891 2932 997 2996 non
1030 2943 1164 2997 mori
1191 2945 1484 2999 secundum
1509 2953 1755 3001 naturam

178 3027 477 3083 divinitatis
505 3045 635 3085 suae.

254 3118 425 3173 XXV.
459 3121 564 3176 Sed
586 3121 696 3190 jam
728 3122 969 3178 ultimum
1000 3125 1199 3181 decreti
1241 3127 1532 3196 capitulum
1574 3130 1756 3186 videa-

1859 1924 2137 1987 donensis,
2168 1939 2233 1977 ex
2252 1924 2445 1978 litteris
2467 1921 2651 1994 Cyrilli
2683 1923 2854 1991 potuit
2875 1920 3271 1976 demonstrari?
3295 1922 3429 1977 Ecce

1860 2028 1958 2067 nec
1985 2014 2123 2067 dicta
2151 2012 2340 2078 dictis,
2373 2028 2471 2066 nec
2512 2013 2799 2066 sententia:
2843 2010 3125 2066 sen'cntiis
3150 2011 3433 2065 adversan-

1861 2114 1987 2168 tur;
2031 2104 2123 2157 sed
2157 2105 2295 2158 sicut
2323 2120 2425 2158 uno
2471 2104 2588 2159 lidei
2635 2119 2827 2170 sensu,
2874 2105 2942 2157 ita
2976 2103 3161 2158 iisdem
3191 2119 3325 2173 pene
3352 2107 3431 2157 usi

1858 2207 1981 2252 sunt
2014 2197 2212 2251 verbis.
2246 2197 2389 2250 Dixit
2412 2207 2594 2251 sancta
2620 2197 2899 2266 synodus:
2930 2194 3194 2263 Nusquam
3216 2196 3431 2248 duarum

1861 2301 2163 2342 naturarum
2193 2289 2301 2359 83
2333 2289 2621 2341 diversitate
2647 2297 2911 2341 evacuata.
2944 2286 3082 2340 Dixit
3126 2288 3312 2341 beatus
3332 2285 3435 2357 Cy»

1862 2379 2038 2432 rillus:
2066 2377 2187 2431 Non
2219 2390 2463 2431 evacuata
2491 2387 2579 2429 aut
2602 2376 2798 2430 sublata
2820 2378 3107 2429 divrrsitate
3136 2386 3434 2429 naturarum

1862 2489 1952 2542 per
1990 2473 2419 2542 coniunctionem.
2465 2470 2606 2524 Dixit
2655 2479 2834 2523 sancta
2877 2467 3113 2538 synodus
3149 2484 3162 2521 :
3201 2466 3435 2536 Utrisque

1864 2565 2059 2617 naturis
2102 2566 2153 2617 in
2201 2582 2306 2616 una
2336 2576 2550 2633 persona
2591 2563 3019 2615 convenientibus.
3064 2560 3203 2614 Dixit
3251 2562 3436 2613 beatus

1863 2656 2130 2725 Cyrillus:
2166 2656 2284 2710 Non
2316 2655 2478 2709 nuda:
2522 2653 2870 2707 tantummodo
2913 2651 3207 2716 voluntatis,
3235 2650 3322 2702 sed
3349 2664 3436 2701 nec

1863 2749 2208 2817 assumptione
2249 2747 2360 2801 sola
2389 2761 2616 2816 persona:
2640 2761 2658 2799 :
2688 2744 2773 2798 sed
2800 2744 2934 2811 quod
2956 2743 3166 2797 diversa:
3195 2740 3438 2811 quodam-

1864 2840 2013 2892 modo
2063 2849 2262 2891 naturw
2300 2837 2353 2890 in
2385 2853 2485 2890 uno
2516 2836 2859 2889 convenerint.
2894 2834 3033 2888 Dixit
3061 2843 3245 2887 sancta
3274 2846 3436 2902 syno-

1862 2932 2001 2987 dus:
2038 2929 2155 2983 Non
2183 2930 2234 2983 in
2270 2928 2406 2982 duas
2444 2944 2687 3000 personas
2726 2927 2965 2990 divisum,
3001 2926 3087 2980 sed
3114 2940 3271 2979 unum
3304 2939 3439 2976 eum-

1863 3024 2074 3088 dentque
2097 3018 2372 3073 Christum.
2406 3018 2544 3071 Dixit
2595 3017 2783 3071 beatus
2805 3016 3031 3086 Cyrillus
3057 3033 3068 3067 :
3102 3014 3242 3069 Unus
3271 3023 3437 3066 tamen

1862 3130 1923 3167 ex
1947 3112 2207 3180 ambabus,
2232 3112 2418 3166 scilicet
2434 3111 2649 3175 naturis,
2666 3109 2895 3162 Christus
2921 3106 3106 3161 Filius.
3124 3106 3182 3160 Et
3214 3107 3399 3159 iterum
3423 3120 3435 3157 :

176 3225 301 3265 mus
352 3226 416 3265 ex
457 3212 673 3267 decreto
724 3214 911 3284 synodi
960 3216 1410 3274 Chalcedorrcnsis
1439 3220 1585 3291 (Αει,
1634 3222 1701 3291 5)
1739 3238 1753 3277 ;
1784 3213 1830 3276 (ζ
1865 3205 1970 3261 Sed
1998 3206 2119 3273 quia
2157 3204 2308 3257 simul
2336 3203 2478 3256 nobis
2509 3201 2781 3269 eﬂ'ecerunt
2808 3217 2964 3253 unum
2988 3197 3266 3251 Dominum
3294 3196 3437 3249 Chri~

180 3299 362 3353 Unum
407 3304 734 3373 eamdemque
791 3304 1046 3360 Christum
1106 3306 1381 3362 Dominum
1446 3312 1762 3384 unigenitum

175 3392 229 3445 in
287 3392 489 3446 duabus
537 3396 765 3458 naturis,
814 3397 1108 3465 inconfuse,
1161 3400 1642 3467 inconvertibiliter,
1682 3403 1762 3456 in-

177 3485 377 3548 divise,
409 3485 843 3552 inseparabiliter,
868 3491 1318 3560 coynoscendum;
1348 3508 1595 3563 nusquam
1627 3496 1759 3548 dua-

177 3590 294 3626 rum
328 3582 624 3629 naturarum
669 3578 954 3631 diversitate
998 3591 1237 3633 evacuata
1262 3592 1470 3652 propter
1501 3585 1759 3645 unionem,

175 3666 325 3718 salva
381 3668 542 3735 magis
602 3669 907 3737 proprietate
970 3671 1230 3739 utriusque
1290 3684 1528 3740 notarat,
1591 3685 1645 3727 ut
1708 3677 1761 3730 in

177 3772 340 3808 unam
396 3774 664 3826 personam
714 3770 863 3827 atque
924 3762 1258 3817 substantiam
1310 3746 1763 3821 convenientibus:

177 3862 284 3899 non
316 3846 443 3900 utin
467 3848 597 3901 duas
636 3864 882 3918 personas
926 3852 1140 3905 divisum
1179 3864 1266 3907 aut
1311 3866 1645 3924 segregatum,
1672 3858 1761 3911 sed

176 3953 341 3989 unum
364 3940 689 4009 eumdernque
714 3936 1026 4013 unigenitum
1050 3943 1243 3998 Filium
1270 3945 1364 4000 Dei
1397 3946 1634 4014 Verbum,
1659 3948 1761 4002 Do-

174 4030 377 4082 minum
394 4030 572 4083 Iesum
595 4032 863 4089 Christum.
892 4034 947 4089 In
972 4037 1072 4091 hoc
1097 4037 1326 4106 capitulo
1350 4040 1447 4093 hoc
1470 4041 1548 4093 eis
1576 4040 1760 4108 displi-

172 4132 258 4174 cet
298 4122 438 4188 quod
469 4123 727 4187 dixerint,
746 4128 886 4178 salva
916 4130 1224 4195 proprietate
1249 4132 1510 4196 utriusque
1537 4141 1760 4196 naturw,

173 4203 264 4257 vel
296 4218 397 4255 non
427 4216 672 4256 evacuate
699 4218 999 4261 naturarum
1026 4212 1309 4283 di/ferentia
1334 4230 1351 4270 ε
1382 4230 1501 4283 qua:
1532 4225 1589 4268 ut
1618 4216 1763 4269 infir-

173 4308 263 4345 ma
300 4306 422 4346 esse
456 4295 781 4361 per-doceant
809 4312 1062 4356 consueta
1096 4304 1375 4359 verborum
1424 4307 1760 4375 prolixitale,

172 4394 230 4439 et
258 4386 407 4440 inani
435 4390 738 4445 assertione
759 4401 988 4458 utentes,
1022 4396 1186 4449 multa
1218 4397 1283 4452 de
1305 4398 1487 4468 Cyrilli
1518 4401 1762 4467 capitulis

171 4477 531 4544 interponunt
557 4482 881 4549 testimonia,
912 4485 1103 4554 quibus
1133 4489 1218 4541 ille
1242 4504 1343 4541 non
1368 4491 1499 4545 duas
1526 4490 1575 4544 in
1609 4490 1762 4545 Chri-

1866 3309 1997 3351 stum
2031 3307 2075 3349 et
2100 3294 2318 3359 Filium,
2349 3294 2591 3347 divinitas
2618 3302 2663 3346 et
2693 3292 3006 3344 humanitas.

1940 3388 2124 3443 XXVI.
2173 3389 2240 3442 Et
2287 3389 2407 3458 quia
2438 3386 2736 3455 perspicua,
2789 3392 2848 3438 ut
2876 3398 3018 3445 reor,
3049 3389 3101 3434 et
3138 3379 3434 3434 clarissima

1866 3485 2105 3540 veritatis
2134 3484 2251 3539 lucc
2303 3493 2459 3538 terra:
2488 3481 2732 3535 falsitatis
2760 3478 3002 3545 eliugatat
3034 3484 3157 3529 sunt
3184 3472 3435 3533 tenebra',

1866 3594 1929 3635 ac
1958 3578 2233 3633 ruinosum
2266 3575 2413 3645 pravi
2443 3572 2709 3643 dogmatis
2739 3568 3047 3631 :edilicium,
3078 3563 3216 3633 quod
3254 3571 3439 3616 contra

1866 3669 2061 3726 Leonis
2091 3667 2372 3738 epistolam
2404 3673 2457 3719 et
2483 3660 2921 3717 Chalcedonense
2938 3654 3247 3716 concilium;
3275 3652 3438 3729 cassis

1866 3764 2102 3834 perﬁdia:
2131 3760 2335 3816 nisibus
2366 3757 2693 3826 erigebatur,
2748 3754 2920 3807 valido
2946 3751 3329 3806 catholicorum
3365 3754 3440 3797 tc-

1862 3857 2023 3911 stium
2038 3856 2236 3924 impetu
2254 3851 2573 3921 exagitatum
2598 3845 3010 3916 irreparabiliter
3022 3840 3234 3903 cecidit,
3250 3840 3440 3893 demus

1864 3951 1972 4006 Deo
2002 3949 2225 4019 gloriam
2250 3956 2305 4001 et
2337 3946 2621 4006 honorem,
2650 3942 2800 4010 cujus
2823 3952 3045 3993 munere
3075 3936 3156 3989 vel
3187 3934 3328 3986 dono
3363 3930 3441 3983 vi.

1863 4044 2029 4098 ctoria
2069 4039 2338 4101 concedit,
2364 4046 2416 4091 et
2445 4036 2651 4088 falsitas
2681 4041 2979 4099 superatur.
3009 4028 3063 4081 Si
3091 4024 3214 4093 quid
3236 4037 3363 4075 sane
3386 4022 3439 4075 in

1866 4135 1950 4187 his
1980 4131 2254 4198 Opusculis
2295 4128 2685 4187 defensionum,
2721 4124 2895 4174 miritis
2929 4135 2956 4170 a
2985 4118 3139 4171 nobis
3168 4124 3256 4167 aut
3283 4126 3443 4165 secus

1864 4238 2019 4292 quam
2047 4220 2285 4289 oportuit
2314 4218 2511 4271 dictum
2558 4223 2660 4277 est,
2696 4210 2905 4265 veniam
2954 4206 3301 4276 postulamus.
3338 4203 3441 4292 Aut

1865 4289 2005 4369 enim
2038 4312 2322 4365 verborum
2351 4322 2446 4361 nos
2477 4306 2625 4374 copia
2658 4301 2871 4364 deiecit,
2897 4308 2953 4353 ut
2993 4297 3043 4352 id
3073 4291 3212 4364 quod
3240 4289 3441 4345 sentie-

1868 4410 2053 4463 harnus
2095 4406 2399 4474 exprimere
2446 4402 2790 4469 nequiremus
2822 4414 2835 4449 :
2879 4406 2971 4450 aut
3011 4409 3127 4463 qua:
3164 4386 3440 4444 sentienda

1867 4500 2095 4561 fuerant,
2129 4497 2365 4552 exilitate
2396 4494 2592 4563 ingenii
2621 4502 2671 4545 et
2696 4488 2888 4545 mentis
2911 4484 3215 4542 inﬁrmitate
3239 4478 3440 4535 sentire

172 4580 259 4624 sto
302 4580 464 4640 negat
511 4584 757 4640 naturas,
788 4574 885 4631 sed
919 4592 1075 4631 unam
1105 4578 1262 4633 docet
1303 4594 1422 4634 esse
1453 4596 1755 4649 personam.

1866 4607 1971 4647 non
2004 4590 2287 4644 valuimus.
2314 4588 2417 4642 Scel
2442 4585 2487 4640 si
2518 4599 2679 4653 opere
2709 4581 3073 4651 displicemus,
3111 4575 3296 4629 saltem
3327 4577 3439 4640 stu-

173 4660 246 4716 Ne
281 4661 441 4732 igitur
466 4678 559 4717 eos
592 4673 770 4719 nostra
803 4666 1163 4737 disputatione
1210 4670 1536 4741 refutamus,
1569 4673 1751 4744 Cyrilli

173 4753 335 4807 etiam
368 4769 465 4809 nos
503 4756 660 4810 verba
691 4774 968 4825 ponamus,
1009 4771 1067 4816 ut
1094 4764 1345 4833 quoniam
1395 4765 1594 4837 Cyrilln
1620 4776 1755 4821 teste

174 4848 449 4916 nituntur,
491 4848 693 4921 Cyrillo
723 4859 857 4909 teste
888 4854 1187 4912 vincantur.
1231 4855 1308 4911 Ex
1349 4859 1620 4928 synodicis
1656 4861 1750 4928 Cy-

1865 4684 1954 4738 dio
2003 4685 2324 4752 placeamus.
2376 4678 2452 4731 Sit
2484 4687 2759 4745 acceptum
2805 4671 2978 4728 voluis
3007 4684 3057 4734 c,
3105 4667 3148 4721 si
3197 4662 3442 4733 disrdicet

1862 4790 1969 4832 non
1999 4775 2233 4846 potuisse
2259 4783 2515 4825 nosrum.
