3990 6390
649 390 751 447 155

670 541 1927 567 σ--σ--------------
1359 561 1374 567 ,
1389 561 1462 567 -.-
1479 560 1927 567 ________

765 810 768 813 λ
832 804 897 852 ὢ

1946 384 2168 442 VlCllJl
2209 386 2573 441 TAPSLNSIS
2628 418 2637 423 -

1049 805 1699 979 CONT'RA
1804 855 2500 969 ARIANOS
2630 852 3480 966 DIALOGUS.

1208 1041 1652 1105 ATHANASIO,
1691 1040 1865 1089 A810
1902 1039 1992 1087 ET
2030 1037 2273 1085 PROBO
2311 1035 2566 1082 JUDICE
2611 1033 3357 1082 INTERLOCUTORIBUB.

1659 1248 2134 1356 LIBER
2218 1244 2864 1350 PRIMUS.

714 1416 825 1489 84
850 1419 887 1471 1.
920 1396 1053 1473 cum
1081 1417 1221 1486 apud
1250 1415 1475 1471 Nicmam
1502 1414 1686 1468 urbem
1730 1413 2008 1482 Bithyniae,
2040 1427 2066 1460 ει
2099 1419 2203 1462 tre-
2230 1410 2276 1468 Α
2314 1405 2551 1459 tionibus
2573 1405 2832 1473 sacrilego
2864 1419 3011 1457 more
3036 1404 3341 1459 desciscens
3371 1420 3478 1458 non
3497 1405 3657 1459 levem
3679 1416 3819 1473 tenipo-

640 1512 814 1565 ceutis
843 1510 1025 1563 decem
1068 1517 1121 1561 et
1159 1518 1278 1561 octo
1304 1507 1594 1574 episcopis,
1627 1522 1689 1561 ex
1737 1505 2054 1575 evangelicis
2084 1520 2213 1573 apo-

642 1602 955 1669 stolicisque
995 1600 1217 1668 spiritali
1248 1599 1429 1667 vigore
1469 1598 1741 1659 doetriuis,
1783 1598 1912 1651 ﬁdes
1968 1598 2217 1651 Etclesim

641 1692 1053 1743 conﬁrmaretur
1083 1707 1093 1739 :
1130 1689 1198 1742 ibi
1224 1688 1331 1741 Arii
1363 1688 1579 1756 perlidia
1606 1688 1951 1741 Constantino
1984 1687 2216 1753 impera-

642 1792 764 1834 tore
796 1791 1054 1845 pra'sente
1094 1779 1354 1846 detegitur
1386 1795 1399 1831 :
1431 1789 1483 1834 et
1512 1794 1629 1833 cum
1668 1796 1780 1833 sua:
1821 1768 2051 1847 perﬁdia:
2082 1779 2214 1847 dog-

650 1883 811 1932 mate,
837 1870 1145 1924 eorumdem
1174 1874 1541 1938 episcoporum
1567 1870 1826 1923 sententia
1852 1869 2127 1934 refutatus,
2152 1870 2218 1923 ab

647 1957 887 2012 Ecclesia
918 1970 1219 2027 separatur;
1254 1975 1317 2014 ne
1339 1968 1445 2014 tam
1478 1950 1633 2028 impia
1662 1958 1911 2013 doctrina
1932 1960 2019 2012 diu
2044 1961 2094 2013 in
2119 1960 2218 2013 Ec-

644 2051 813 2105 ‘Clﬁaiﬂ
856 2051 1042 2117 latens,
1071 2063 1380 2106 cunctorum
1422 2067 1482 2106 se
1514 2051 1772 2107 insereret
1802 2052 2082 2105 mentibus.
2113 2052 2216 2108 Sed

646 2144 736 2196 tibi
770 2144 1054 2211 imperator
1096 2146 1354 2213 comperit
1396 2144 1654 2213 integram
1696 2160 1723 2197 a
1768 2142 2009 2198 Patribus
2062 2144 2215 2198 ﬁdem

649 2234 922 2298 Ecclesiae,
964 2244 1020 2288 ut
1049 2245 1130 2288 est
1160 2234 1227 2288 ab
1270 2234 1524 2303 apostolis
1564 2234 1778 2296 tradita,
1818 2235 2047 2287 sanctius
2087 2249 2217 2287 con-

649 2324 865 2389 ﬁrmari,
899 2327 1150 2394 prazcepit
1174 2326 1419 2381 eumdem
1451 2326 1657 2389 Arium,
1684 2334 1742 2380 ut
1770 2326 2020 2401 rebellem
2053 2341 2218 2379 saeue

650 2416 793 2484 ﬁdei,
820 2418 1009 2470 exsilio
1033 2417 1274 2487 relegati.
1308 2418 1409 2472 Sed
1437 2419 1571 2473 sicut
1602 2417 1762 2471 Evam
1794 2432 2012 2485 serpens
2042 2417 2096 2471 in
2127 2432 2218 2486 pa-

650 2507 826 2561 radiso
854 2508 1055 2563 dolosis
1084 2510 1518 2577 persuasionibus
1557 2508 1843 2580 laqqeavit,
1891 2510 1901 2561 i
1930 2525 1958 2562 a
2006 2524 2218 2579 quoque

649 2596 1011 2653 Constantiam
1034 2616 1340 2669 germanam
1369 2601 1605 2670 ejusdem
1632 2602 1885 2669 principis
1915 2617 2007 2671 per
2035 2618 2220 2671 quem-

642 2688 766 2742 dam
795 2692 1098 2758 satellitem,
1132 2693 1242 2747 Arii
1268 2694 1488 2762 perﬁdia
1530 2695 1745 2748 interiit.
1782 2695 1846 2747 Et
1880 2694 2033 2748 latuit
2075 2695 2124 2746 in
2155 2708 2217 2745 ea

2320 1501 2466 1553 ribus
2503 1500 2617 1554 suis
2662 1499 2912 1552 Ecclesia:
2948 1499 3037 1552 Dei
3075 1499 3156 1553 vel
3189 1500 3558 1556 sacerdotibus
3606 1503 3818 1556 insecutiu.

2320 1604 2440 1641 nem
2472 1589 2715 1643 intulisse
2743 1588 2973 1641 videtur.
3009 1586 3125 1653 Quo
3165 1588 3323 1641 etiam
3371 1597 3610 1657 tempore
3636 1592 3818 1657 plurimus

2320 1690 2599 1751 martyres,
2632 1670 2934 1747 multosque
2960 1679 3296 1733 confessores
3321 1680 3467 1733 fecit.
3511 1681 3650 1735 Alios
3673 1697 3816 1749 quoque

2319 1774 2529 1828 effossis
2557 1774 2747 1837 oculis,
2778 1787 2839 1825 ac
2863 1772 3149 1840 poplitibus
3177 1775 3466 1839 amputatis
3488 1772 3743 1825 semiviros
3764 1788 3811 1823 rei

2320 1867 2493 1935 liquit,
2522 1864 2803 1918 nonnullos
2832 1879 2957 1918 vero
2975 1863 3159 1917 rabido
3176 1863 3351 1917 furore
3372 1873 3618 1932 arreptus
3646 1863 3815 1923 insania,

2322 1956 2551 2025 propriis
2590 1954 2805 2008 sedibus
2846 1953 3129 2022 relegando
3156 1954 3449 2007 damnavit.
3496 1954 3548 2006 lu
3580 1954 3739 2021 quibus
3761 1953 3813 2003 De

2321 2046 2452 2100 mini
2484 2046 2682 2100 diczum
2716 2044 2923 2098 videtur
2948 2058 3066 2098 esse
3096 2045 3427 2113 completum
3456 2064 3470 2097 :
3505 2044 3566 2098 St‘
3584 2061 3669 2105 me,
3688 2044 3810 2110 inquit,

2322 2138 2568 2204 persecuti
2608 2145 2741 2198 sunt,
2784 2146 2831 2189 et
2872 2152 2958 2189 vos
3018 2146 3373 2203 persequentur
3407 2135 3595 2204 (Joan.
3627 2152 3698 2200 xv,
3734 2136 3811 2186 20l.

2321 2228 2417 2283 llic
2445 2228 2602 2298 igitur
2650 2230 2949 2297 priusquam
3006 2227 3228 2281 Arimini
3271 2228 3351 2282 vel
3396 2227 3650 2281 Seleucia:
3672 2243 3721 2279 ex
3748 2230 3810 2276 imi

2320 2336 2474 2374 verso
2504 2321 2632 2374 orbe
2672 2320 2792 2374 dolo
2830 2330 3179 2390 congregaret
3212 2320 3426 2374 Domini
3458 2320 3740 2380 sacerdotes,
3766 2328 3811 2370 ιι»-

2321 2422 2430 2468 tum
2461 2430 2617 2468 unum
2652 2413 2826 2468 facere
2866 2413 3107 2481 cupiens,
3152 2412 3441 2480 quemdam
3488 2412 3713 2481 judicem,
3750 2423 3807 2459 tto-

2322 2508 2464 2561 n.ine
2505 2506 2765 2573 Probum,
2812 2522 2906 2561 sua
2944 2507 3256 2561 auctoritate
3293 2507 3602 2572 suffultum,
3630 2506 3807 2560 arbitrum

2321 2598 2461 2652 inter
2484 2598 2728 2652 eumdem
2763 2601 2947 2654 Arium
2979 2609 3137 2665 atque
3167 2600 3516 2654 Athanasium
3544 2600 3707 2653 adesse
3726 2612 3808 2666 prr-

2321 2690 2478 2758 cepit.
2528 2690 2676 2743 Illutu
2725 2693 2924 2757 utique,
2957 2704 3111 2759 quem
3153 2690 3363 2744 ﬁdelem
3405 2692 3462 2744 in
3506 2705 3654 2760 regno
3683 2704 3751 2739 suo
3778 2697 3807 2737 et

646 2779 842 2835 diaboli
881 2783 1045 2846 virus,
1076 2783 1246 2837 donec
1275 2794 1481 2853 tempus
1510 2784 1821 2853 erumpendi
1852 2800 1957 2852 quo
1987 2800 2100 2838 eam
2130 2800 2214 2852 _re-
2252 2778 2293 2835 Β
2317 2783 2554 2834 omnium
2587 2782 2967 2835 mundanarum
2998 2782 3191 2835 artium
3219 2797 3328 2851 pne
3346 2783 3560 2836 caeteris
3589 2778 3805 2833 hominibus

647 2869 881 2939 pleverat
913 2872 1191 2927 inveniret.
1223 2873 1345 2926 llaec
1375 2872 1533 2939 igitur
1552 2888 1670 2927 cum
1701 2872 1756 2927 in
1790 2874 1976 2928 ultimo
1999 2876 2076 2926 sui
2102 2873 2213 2927 obi-

644 2970 733 3014 tus
754 2960 839 3014 die
870 2960 1047 3016 fratris
1076 2963 1155 3016 sui
1183 2962 1484 3017 visitatione
1517 2962 1825 3032 perfruitur,
1855 2963 2029 3017 statim
2060 2964 2126 3017 ab
2153 2978 2213 3017 ea

642 3051 914 3106 innocenti
952 3052 1095 3106 fratri
1128 3068 1337 3121 pomum
1366 3052 1558 3107 veneni
1602 3055 1768 3107 verbo
1809 3036 2113 3122 porrigitur.
2151 3053 2218 3106 Et

647 3140 788 3197 illico
814 3145 1056 3213 exemplo
1089 3144 1243 3214 primi
1278 3145 1525 3212 hominis,
1559 3147 1767 3201 nescius
1795 3162 1886 3215 per
1921 3156 2216 3216 transgres-

645 3233 815 3287 sinitis
848 3236 983 3287 viam
1018 3234 1267 3288 dilabitur
1300 3254 1312 3290 :
1346 3236 1433 3303 qui
1478 3235 1730 3305 viperinis
1775 3236 2215 3309 postulationibus

648 3339 863 3377 sensum
904 3324 1331 3391 accommodans,
1365 3327 1538 3389 Arius,
1580 3326 1669 3396 qui
1699 3327 1895 3381 dudum
1923 3325 1989 3380 ab
2012 3341 2077 3381 eo
2104 3336 2215 3380 tan-

647 3431 803 3481 quam
835 3416 1122 3485 sacrilegus
1153 3416 1321 3471 fuerat
1354 3418 1640 3489 relegatus,
1673 3419 1737 3472 ad
1770 3434 1951 3473 necem
1985 3420 2214 3473 fidelium

641 3506 943 3561 animarum
967 3507 1033 3561 de
1061 3507 1245 3562 exsilio
1270 3517 1551 3562 revocatur
1582 3527 1593 3560 :
1626 3520 1679 3563 et
1710 3509 1866 3563 fidem
1899 3524 2048 3563 suam
2076 3510 2218 3577 prin-

645 3597 747 3665 cipi
775 3597 984 3651 callidis
1011 3598 1457 3668 disputationibus
1493 3599 1600 3671 85
1633 3600 1867 3669 pandens
1889 3644 1901 3665 ,
1937 3599 2126 3654 frustra
2160 3616 2218 3656 se

643 3684 947 3740 afﬁrmabat
975 3688 1042 3741 ab
1066 3689 1331 3757 episcoiiis
1364 3690 1524 3744 fuisse
1552 3692 1879 3744 damnatum.
1917 3690 1989 3743 Ea
2015 3690 2235 3765 sciticet

649 3788 808 3827 causa
856 3776 990 3830 idem
1040 3780 1326 3846 imperator
1358 3783 1607 3850 prmcepit
1651 3782 1787 3848 apud
1843 3782 2217 3835 Alexandriam

644 3867 909 3933 synodum
942 3872 1279 3939 congregari;
1324 3881 1380 3926 ut
1406 3875 1447 3927 si
1485 3890 1604 3929 vera
1635 3876 1863 3930 assertio
1890 3885 2217 3942 nosceretur,

650 3955 799 4010 venit
844 3967 963 4027 post
988 3963 1301 4015 sententiam
1335 3964 1635 4030 subsecuta,
1670 3966 1919 4020 Ecclesia:
1969 3968 2221 4021 reddere-

644 4057 752 4102 tur.
800 4048 865 4103 Et
915 4061 971 4104 ut
1005 4067 1190 4108 omnes
1237 4057 1304 4108 de
1352 4057 1468 4123 ejus
1519 4057 1853 4111 correctione
1904 4057 2217 4127 gaudentes,

2320 2874 2631 2938 probaverat
2662 2874 2770 2943 86
2795 2874 3083 2929 eruditum.
3118 2874 3215 2941 Qui
3253 2875 3507 2928 omnibus
3541 2874 3665 2927 curis
3695 2870 3803 2939 publi-

2319 2963 2394 3013 cis
2422 2960 2603 3029 procul
2631 2961 2844 3029 amotis,
2876 2962 3107 3030 injuncta
3129 2961 3252 3027 sibi,
3284 2963 3433 3016 omni
3467 2961 3709 3017 celeritate
3735 2974 3803 3010 ωηο

2321 3051 2414 3104 Ιιιίι
2444 3051 2752 3119 adimplere,
2785 3059 2843 3104 ut
2886 3061 2939 3106 et
2970 3054 3135 3120 jussis
3167 3054 3535 3120 imperialibus
3575 3058 3803 3121 parerent!

2322 3142 2475 3196 ﬁdem
2505 3143 2899 3197 veracissimam
2938 3159 3034 3197 suo
3073 3144 3317 3198 examine
3359 3144 3709 3213 comprobaret
3749 3136 3803 3189 llic

2321 3233 2497 3301 itaque
2543 3248 2661 3287 cum
2702 3234 2837 3303 apud
2872 3235 3185 3289 Laodiceam
3228 3237 3415 3290 urbem
3438 3237 3617 3307 Syrize,
3644 3227 3802 3307 serundtt

2319 3323 2613 3377 Constantii
2668 3324 2873 3393 imperii
2922 3338 3063 3378 anno
3112 3327 3365 3390 venisset,
3410 3342 3506 3395 pro
3553 3320 3754 3379 tribunali
3773 3317 3801 3367 in

2320 3414 2583 3469 auditorio
2610 3412 2822 3481 Se'dens,
2866 3416 3032 3470 turbis
3063 3416 3185 3471 hinc
3215 3426 3375 3486 atque
3422 3417 3542 3472 inde
3570 3411 3801 3470 astantibus.

2322 3505 2505 3559 Arium
2529 3518 2689 3574 atque
2718 3505 3059 3561 Athanasium
3094 3506 3175 3559 his
3201 3507 3496 3574 alloquitur
3525 3505 3680 3560 verbis
3704 3520 3711 3551 :

2394 3596 2476 3651 111.
2526 3597 2756 3652 Gloriosi
2787 3613 2847 3651 ac
2870 3599 3088 3666 piissimi
3121 3600 3461 3667 imperatoris
3485 3592 3802 3654 Constantiist-

2304 3701 2408 3743 .cra
2454 3688 2830 3752 commonitus,
2878 3689 3099 3757 praecepi
3137 3687 3275 3741 inter
3315 3703 3412 3742 vos
3459 3687 3577 3742 ﬁdei
3617 3681 3802 3751 negotium

2326 3781 2596 3853 ventilari.

2394 3874 2544 3927 Arius
2590 3882 2637 3926 et
2674 3875 2978 3928 Athanasius
3020 3876 3253 3929 dixerunt
3283 3890 3299 3925 :
3336 3873 3399 3926 Et
3427 3874 3543 3943 quis
3572 3884 3659 3923 tant
3684 3874 3805 3918 vecors

2324 3975 2379 4019 ut
2402 3966 2589 4018 audeat
2619 3964 2927 4033 principalia
2962 3980 3149 4033 prtece,
3172 3975 3221 4018 ta
3251 3963 3532 4018 abnuere?

2397 4056 2593 4109 Probus
2614 4057 2782 4125 judex
2810 4056 2937 4109 dixit
2961 4072 2979 4111 :
3007 4057 3142 4126 Ergo
3174 4057 3463 4111 venerandi
3490 4051 3683 4122 Augusti
3709 4054 3803 4098 stcrt

645 4140 841 4196 exinde
889 4142 953 4195 ad
1000 4141 1386 4200 ded'eatiouem
1432 4148 1923 4218 llierosolymitanze
1968 4149 2219 4203 Ecclesia:
2249 4141 2293 4203 C
2327 4150 2550 4218 legatur.

648 4234 883 4299 pacatius
910 4244 1237 4304 pergeretur.
1273 4238 1507 4308 Denique
1540 4240 1663 4293 dum
1692 4240 1806 4309 ejus
1835 4256 1991 4294 causa
2020 4242 2084 4294 ab
2106 4242 2221 4309 epi-

648 4322 825 4386 scopis
853 4322 1048 4377 diutius
1091 4335 1425 4388 retractatur,
1470 4329 1610 4382 itlem
1641 4330 2019 4384 Constantinus
2053 4332 2221 4401 impc-

650 4417 799 4461 ratur
829 4411 879 4461 in
925 4412 1231 4487 suburbano
1269 4416 1517 4483 quodam,
1557 4419 1640 4470 cui
1681 4419 1981 4474 Nicomedia
2026 4438 2217 4475 nomen

651 4508 757 4565 cat,
791 4498 930 4552 ﬁnali
962 4502 1207 4554 ordinato
1227 4502 1447 4571 judicio,
1479 4508 1751 4574 trigesimo
1793 4510 1963 4577 primo
2013 4512 2219 4580 imperii

651 4590 733 4640 sui
764 4603 905 4643 anno
927 4590 1064 4644 diem
1096 4592 1281 4646 clausit
1312 4606 1629 4650 extremum.

722 4679 789 4733 11.
844 4681 1017 4749 Quam
1062 4688 1362 4741 testamenti
1410 4688 1489 4742 sui
1539 4688 1925 4745 ordinationem
1970 4693 2222 4760 prtedicto

656 4773 770 4827 Arii
800 4776 1013 4830 satelliti
1073 4779 1320 4845 tradidit,
1350 4781 1659 4837 Constantio
1697 4786 2089 4840 reservandam.
2122 4787 2221 4852 Qtti

653 4863 779 4917 dum
812 4876 929 4935 post
957 4869 1035 4921 sui
1072 4870 1328 4939 genitoris
1355 4873 1556 4928 obitum
1588 4875 1875 4930 adveniens
1902 4880 2226 4943 sustep‘sset

654 4952 957 5026 imperium,
982 4959 1117 5014 sicut
1136 4977 1164 5015 a
1186 4960 1531 5018 Constantino
1553 4967 1719 5021 fuerat
1741 4968 2056 5039 delegatum,
2081 4969 2223 5024 Cott-

652 5048 852 5102 stantio
880 5058 1253 5107 testamentum
1301 5058 1640 5111 contradidit.
1670 5059 1807 5126 Quin
1838 5061 1906 5114 ob
1948 5060 2102 5127 hujus
2142 5061 2220 5115 rei

645 5138 897 5206 gratiam,
928 5141 978 5194 in
1010 5151 1149 5195 tanta
1182 5144 1319 5211 apttd
1348 5162 1466 5200 eum
1498 5148 1634 5203 idem
1668 5150 1964 5220 Evangelus
1997 5156 2221 5226 presby-

656 5235 737 5281 ter
768 5228 1121 5289 familiarita=e
1160 5246 1246 5291 est
1287 5238 1525 5307 habitus,
1559 5252 1613 5294 ttt
1644 5258 1743 5295 non
1770 5243 1877 5311 jam
1920 5247 2217 5315 prtsliytcr,

642 5319 744 5373 sed
776 5330 926 5386 pater
957 5324 1159 5388 imperii
1198 5340 1471 5383 vocaretur
1501 5349 1514 5385 :
1548 5344 1601 5386 et
1638 5335 1725 5402 qui
1759 5335 1827 5389 ob
1858 5336 2219 5404 imperandum

655 5411 944 5477 imperator
984 5412 1153 5468 fuerat
1182 5417 1441 5478 elevatus.
1474 5423 1572 5473 sub
1603 5423 1757 5491 hujus
1802 5426 2089 5495 presbyteri
2122 5426 2222 5479 im-

2396 4240 2461 4293 Et
2503 4241 2781 4295 recitatum
2829 4248 2910 4294 est
2954 4240 3022 4293 ita
3062 4258 3073 4291 :
3120 4238 3503 4294 Constantinus
3543 4226 3801 4289 Constantius

2322 4332 2461 4401 pius,
2508 4340 2815 4399 perpetuus,
2846 4333 3013 4385 victor
3041 4345 3104 4384 ac
3148 4332 3502 4399 triumphator
3545 4337 3720 4393 semper
3741 4319 3803 4369 Αίι·

2321 4435 2525 4493 gustus,
2575 4423 2746 4477 Probo
2768 4423 2930 4492 jttdici
2960 4424 3206 4479 salutem.
3248 4424 3442 4477 Divino
3471 4433 3669 4476 munere
3694 4421 3804 4481 pale"

2324 4529 2447 4566 num
2468 4513 2688 4582 adeptus
2716 4515 3021 4582 imperium,
3052 4516 3180 4569 illud
3226 4516 3377 4568 nobis
3403 4525 3485 4569 est
3510 4511 3717 4582 primitus
3736 4500 3806 4553 etii-

2326 4603 2539 4656 tendum
2573 4616 2650 4668 ut,
2687 4604 2933 4657 Inrretica
2966 4606 3370 4659 conversatione
3409 4604 3576 4658 deleta
3602 4601 3657 4652 de
3680 4588 3806 4647 tuenti-

2327 4691 2423 4745 bus
2447 4692 2791 4760 perfidorum,
2816 4707 2983 4747 sacra:
3007 4705 3198 4747 nostra:
3242 4694 3361 4748 ﬁdei
3404 4693 3692 4761 coujunctus
3714 4676 3807 4731 orbis

2326 4784 2551 4851 gaudeat
2582 4785 2877 4837 universus.
2921 4786 3177 4850 Quoniam
3216 4785 3304 4852 qui
3350 4785 3417 4836 ab
3464 4786 3636 4836 itinere
3674 4776 3807 4825 errans

2325 4875 2643 4927 Converterit
2668 4874 2906 4941 impium,
2933 4875 3159 4930 Salvabit
3187 4876 3415 4928 animam
3440 4878 3570 4943 ejus,
3598 4868 3807 4923 etsuttr't'“

2325 4965 2594 5033 t‘ooperiet
2622 4965 3009 5018 multitudinem
3038 4976 3399 5034 peccatorum.
3420 4961 3807 5032 Elquonlalllltllttt‘.

2324 5056 2607 5124 pictosque
2637 5071 2777 5123 repet
2798 5057 2933 5109 imus
2966 5058 3119 5127 hujus
3145 5056 3369 5112 sceleris
3397 5056 3583 5115 sOeios,
3607 5053 3716 5102 hanc
3734 5053 3809 5111 ptr-

2327 5148 2500 5203 fidiam
2528 5150 2627 5204 rittt
2658 5151 2916 5218 sacrilego
2949 5154 3299 5221 percolentes,
3330 5157 3617 5208 asserentes
3645 5157 3692 5195 se
3716 5140 3807 5190 iule'

2324 5256 2469 5307 gratn
2501 5241 2623 5295 ﬁdei
2650 5244 2881 5310 regulam
2917 5244 3183 5308 retinere;
3211 5248 3300 5315 qui
3332 5261 3433 5298 non
3456 5244 3615 5298 solum
3638 5234 3808 5287 liontim's

2326 5330 2483 5398 impia
2536 5332 2845 5388 seductione
2891 5336 3097 5399 fallunt,
3139 5352 3321 5388 verum
3356 5336 3509 5389 etiam
3550 5340 3597 5383 ct
3632 5316 3807 5390 ingenim

2327 5422 2587 5489 majestati
2622 5424 2866 5492 injuriatn
2915 5428 3168 5496 irrogant,
3216 5429 3333 5482 Filii
3380 5437 3597 5482 creatam
3635 5416 3808 5470 SttbSlall‘

649 5502 804 5567 perio
826 5504 1106 5559 videbatur
1146 5507 1408 5564 addictus.
1444 5511 1604 5581 Cujus
1644 5513 1751 5581 jam
1795 5531 1898 5568 non
1943 5518 2218 5585 petitione,
2250 5509 2298 5568 D
2330 5515 2452 5567 tiatn
2482 5515 2740 5569 divinitati
2767 5518 3062 5587 jungentes.
3098 5521 3373 5577 Monemus
3427 5529 3481 5573 ut
3519 5523 3685 5571 nostra!
3707 5516 3807 5557 ηιειιι·

655 5592 747 5644 sed
774 5596 1202 5667 potiusjussione
1225 5602 1379 5655 Arius
1407 5612 1482 5656 est
1505 5602 1555 5656 in
1580 5603 1871 5659 Eccle~iam
1894 5619 2170 5662 revocatus
2204 5627 2215 5661 :

651 5681 805 5749 cuius
830 5686 1126 5745 dortriuam
1158 5692 1305 5747 rudis
1336 5694 1582 5762 princeps
1615 5694 1788 5764 impiis
1817 5695 2060 5751 sensibus
2092 5700 2221 5751 reti-

649 5786 822 5840 “005.
870 5778 1022 5836 ﬁdem
1052 5785 1363 5841 catholicam
1404 5785 1627 5856 respuit,
1659 5798 1707 5842 et
1734 5801 1766 5840 a
1796 5787 2031 5855 paternis
2064 5789 2218 5844 tradi-

2327 5606 2626 5659 suetudinis
2655 5608 2971 5663 auctoritate
2994 5624 3265 5679 percepta,
3293 5612 3430 5665 inter
3458 5609 3625 5662 Arium
3647 5604 3807 5651 venera-

2324 5696 2485 5750 bilem
2521 5698 2885 5766 prcsbyterutn
2928 5710 2982 5754 et
3027 5678 3369 5755 Athanasium
3412 5700 3625 5768 ejusdem
3666 5678 3804 5742 erutriS

2324 5791 2651 5859 ειδεεευνυιιι,
2680 5791 2832 5860 hujus
2864 5794 3057 5862 negotii
3080 5810 3300 5851 examen
3330 5794 3487 5849 facias
3511 5783 3690 5859 astuti.
3712 5776 3807 5829 πἰῖε·
