3990 6390
121 374 215 428 157

1119 367 1379 427 CONTRA
1424 366 1719 423 ARIANOS
1763 368 2119 427 DIALOGUS.
2162 369 2287 426 LIB.
2330 372 2371 427 1.

3258 371 3359 429 1158

116 486 267 552 cipue
306 483 540 540 suadens
575 494 654 551 ut,
683 485 845 540 animi
879 484 1230 553 perversitate
1244 482 1507 551 deposita,
1550 496 1688 536 verae
1720 486 1767 541 Λ
1795 486 1954 540 cretis
1983 488 2365 541 sententiarum
2394 486 2790 542 tlivcrsitatibus
2821 501 3151 557 unaquaeque
3171 489 3360 556 rcl'gio

117 582 230 635 Iidei
262 592 325 634 ac
353 581 590 647 probata:
615 578 825 647 utrique
854 578 989 631 colla
1008 574 1321 630 submittant
1354 592 1369 630 :
1401 591 1464 628 ne
1489 583 1681 626 nostra:

115 675 323 741 pictatis
345 686 406 723 ac
428 667 849 722 mansuetudinis
878 671 1162 734 prtecepta,
1188 664 1342 719 solita
1370 660 1684 717 temeritatis

114 761 330 814 audacia
360 767 787 821 contemnentes,
814 756 877 809 ad
902 770 1114 825 gravem
1140 768 1235 808 nos
1264 761 1550 823 provocent
1581 752 1684 805 ira-

118 853 386 908 cundiam.
419 851 481 907 Et
514 852 637 905 licet
667 850 991 919 bujusnﬁdei
1022 859 1208 901 manus
1250 845 1473 901 necdum
1504 859 1683 913 perce-

118 947 277 1015 peris,
312 944 567 1012 sapientia
611 946 785 996 tamen
827 951 927 1011 qua
959 955 1066 1009 pra:
1105 938 1313 992 caeteris
1342 938 1530 1007 polles,
1558 951 1685 989 cun-

117 1045 197 1091 cta
230 1046 281 1090 te
329 1036 594 1089 credimus
640 1047 797 1100 posse
838 1034 954 1086 sine
994 1031 1302 1098 cujusquam
1348 1029 1687 1095 susceptione

114 1144 378 1197 persnnzr,
404 1127 634 1181 ﬁdeliter
648 1126 894 1189 de“nire,
924 1125 1031 1177 Deo
1054 1124 1169 1193 plus
1186 1123 1291 1194 87
1310 1136 1465 1189 quam
1486 1118 1685 1172 homini

118 1220 462 1286 placiturum.
494 1216 559 1269 Et
609 1217 713 1269 alia
754 1232 907 1268 manu
933 1230 952 1268 :
975 1215 1228 1283 Optamus
1255 1221 1303 1265 te
1326 1211 1460 1265 bene
1486 1209 1687 1264 valere.

119 1310 241 1363 Data
273 1306 739 1375 Constantinopoli
775 1321 840 1359 xn
864 1303 1115 1359 calendas
1145 1302 1440 1357 Januarias.

182 1397 265 1450 IV.
294 1400 534 1466 Cumque
566 1399 900 1458 recitaretur,
946 1392 1145 1446 Probus
1184 1392 1351 1463 judea:
1378 1390 1507 1443 dixit
1535 1404 1553 1441 :
1585 1386 1689 1442 Ve-

116 1487 332 1540 net-andi
385 1486 635 1555 principis
668 1500 816 1538 sacra
856 1499 972 1552 quae
996 1483 1132 1536 lecta
1153 1494 1255 1545 est,
1275 1480 1434 1551 gestis
1458 1480 1687 1533 indatur.

117 1578 176 1631 Et
218 1577 413 1645 adjecit
448 1594 460 1629 :
496 1576 850 1645 Perspiciens,
883 1576 933 1628 in
964 1572 1226 1629 idolorum
1255 1574 1458 1627 cultura
1494 1571 1690 1623 nullam

115 1670 223 1723 veri
253 1668 490 1722 numinis
521 1668 816 1722 consistere
862 1665 1215 1731 majestatem,
1246 1660 1554 1717 Christianis
1580 1675 1691 1712 mc-

115 1762 394 1829 metipsum
431 1760 766 1828 dogmatibus
796 1755 1061 1826 subjicere
1110 1756 1249 1820 volo,
1278 1755 1467 1824 quibus
1495 1752 1689 1807 astrui-

1786 591 1814 629 a
1846 574 2017 644 seipsa
2048 578 2351 631 desciscens
2382 621 2397 645 ,
2431 578 2483 632 in
2538 579 2709 631 varias
2750 577 2963 647 proprie
3013 580 3358 631 institutionis

1785 676 1959 721 sectas
1986 668 2154 720 divisa
2184 677 2292 733 est;
2327 669 2452 722 dum
2482 670 2843 737 unusquisque
2869 668 3130 722 suavitate
3162 681 3352 720 recen-

1788 758 1935 812 tioris
1966 759 2267 821 sementim,
2301 774 2406 812 non
2438 760 2734 825 veritatem,
2767 759 2860 812 sed
2899 756 3134 811 veritatis
3164 754 3354 807 simili-

1789 850 2023 903 tudinem
2068 848 2402 919 pra:fcrentis
2446 850 2683 913 illectus,
2720 850 3007 916 antiquitus
3044 862 3072 899 a
3117 846 3359 899 l‘atrihus

1789 941 2035 996 traditam
2062 941 2254 993 lineam
2278 940 2600 1009 derelinquit
2632 958 2643 991 :
2673 956 2738 995 eo
2769 938 3234 994 irremcdiabiliter
3263 952 3357 1004 per

1787 1036 1903 1087 avia
1932 1036 2209 1098 oberrans,
2238 1049 2343 1101 quo
2366 1036 2599 1089 novitate
2624 1050 2721 1102 pro
2746 1043 3010 1090 vetustate
3030 1034 3215 1097 utitur,
3245 1042 3361 1086 tan-

1787 1141 1946 1196 quam
1977 1126 2177 1194 antiqui
2209 1126 2411 1191 limitis,
2440 1135 2494 1181 et
2527 1138 2559 1180 a‘
2585 1126 2827 1181 Patribus
2859 1126 3035 1180 traditi
3060 1125 3197 1177 viam
3221 1124 3363 1177 ince-

1790 1216 1942 1271 dens.
1973 1217 2077 1271 Aut
2102 1218 2241 1271 enim
2286 1218 2509 1271 multum
2542 1219 2723 1280 sentit,
2770 1229 2860 1271 aut
2887 1218 3060 1271 minus
3088 1216 3276 1282 credit,
3308 1224 3365 1269 et

1792 1307 1911 1361 ideo
1938 1308 2171 1362 medium
2198 1320 2247 1360 et
2282 1318 2483 1362 rectum
2518 1307 2618 1361 iter
2649 1306 2895 1361 incedere
2922 1307 3108 1361 nescit.
3140 1306 3264 1359 time
3285 1304 3362 1358 id-

1792 1397 1934 1451 circo
1963 1398 2212 1471 praefatus
2240 1412 2357 1451 sum
2391 1408 2445 1452 ut
2478 1398 2568 1451 tibi
2590 1398 2884 1452 clarissima
2906 1397 3246 1467 explorandzc
3270 1411 3362 1451 vc-

1793 1489 1963 1542 ritatis
1995 1488 2186 1542 indicia
2216 1489 2661 1553 demonstrarem,
2697 1498 2754 1542 ut
2783 1503 3075 1557 agnoscere
3115 1488 3365 1541 facillime

1793 1596 1957 1652 queas
1980 1583 2126 1635 illum
2157 1582 2431 1649 pravitatis
2451 1596 2636 1637 errore
2665 1580 2881 1643 involvi,
2912 1580 2998 1649 qui
3033 1580 3203 1655 prisca
3234 1594 3365 1647 apo-

1793 1675 1997 1728 stolica:
2027 1674 2143 1726 ﬁdei
2177 1674 2414 1727 inStituta
2442 1674 2841 1741 derelinquens,
2867 1672 2979 1739 ipse
3005 1670 3105 1723 sibi
3132 1686 3230 1738 pro
3255 1684 3365 1723 sua:

1795 1763 2085 1817 voluntatis
2113 1762 2355 1829 arbitrio,
2379 1762 2553 1832 ﬁdem
2583 1777 2739 1832 quam
2780 1761 2934 1830 sequi
2979 1760 3191 1824 debeat,
3222 1773 3367 1812 som-

116 1864 197 1907 tur
227 1866 364 1905 unus
385 1861 439 1905 et
470 1867 515 1903 vt
536 1865 625 1904 rus
652 1864 771 1903 esse
803 1848 941 1903 Deus
965 1848 1053 1916 qui
1085 1846 1328 1899 universa
1353 1859 1469 1914 qua:
1501 1843 1685 1897 viden-
1722 1843 1764 1904 Β
1792 1854 1917 1908 nim,

115 1954 215 2007 tttr,
250 1954 304 1997 et
346 1956 464 2011 qua:
495 1957 597 1995 non
628 1942 892 2005 videnlur,
937 1940 1132 1993 virtute
1163 1936 1309 1991 verbi
1351 1938 1430 1990 sui
1461 1935 1681 1989 creavit.

115 2034 178 2086 Et
202 2033 453 2100 quoniam
477 2047 597 2084 cum
625 2030 800 2098 plures
825 2028 1111 2083 Christiani
1137 2027 1364 2081 nominis
1388 2026 1543 2079 titulo
1562 2040 1689 2079 cen-

114 2135 353 2188 seantur,
385 2140 413 2178 a
445 2124 665 2179 veritate
695 2124 811 2193 ejus
838 2122 956 2175 ﬁdei
990 2122 1171 2190 procul
1211 2121 1460 2173 aberrare
1490 2118 1679 2171 dicun-

115 2224 219 2279 tur,
251 2215 463 2267 diversa
490 2214 694 2267 scilicet
723 2211 1002 2265 sentiendo
1028 2220 1075 2265 et
1109 2211 1251 2264 varia
1275 2208 1577 2278 dogtnatum
1610 2207 1687 2261 in-

114 2305 297 2358 stituta
328 2304 601 2364 sectando,
635 2304 772 2356 scire
796 2316 935 2355 nunc
959 2314 1280 2369 magnopere
1303 2298 1549 2353 desidero
1572 2314 1690 2365 qua:

114 2396 183 2447 sit
216 2396 347 2447 recti
376 2393 637 2462 dogmatis
672 2392 823 2453 ﬁdes,
858 2392 943 2445 cui
980 2390 1200 2444 remotis
1224 2386 1470 2442 omnibus
1504 2385 1692 2442 dubie-

114 2486 239 2538 tatis
264 2484 388 2535 amb
424 2482 575 2549 gibus
605 2483 859 2535 tenaciter
889 2479 1150 2533 iulia-rere
1188 2492 1410 2548 queam;
1445 2494 1509 2532 ne
1545 2491 1686 2531 erro-

112 2577 191 2628 ris
222 2574 469 2626 excitate
492 2572 612 2625 exui
644 2572 885 2638 cupiens,
917 2569 1203 2638 majoribus
1233 2568 1571 2622 tenebrarum
1605 2583 1694 2620 er-

113 2664 333 2718 roribus
376 2662 637 2731 implicer,
668 2664 712 2715 si
745 2660 937 2730 passim
970 2671 1022 2715 et
1057 2661 1171 2714 sine
1202 2660 1310 2713 ullo
1333 2656 1595 2713 examinis
1620 2659 1700 2711 di-

113 2752 396 2818 scrimine,
422 2751 646 2821 alicujus
674 2762 834 2805 sectae
862 2767 977 2819 qua:
1022 2752 1185 2818 prima
1220 2751 1534 2815 occurrerit,
1580 2748 1699 2803 imi-

117 2853 261 2900 lator
307 2844 581 2909 existam;
630 2858 747 2914 qua:
794 2854 967 2897 u'rum
1032 2840 1193 2911 proba
1249 2842 1326 2895 sic
1376 2855 1563 2907 necne,
1616 2841 1697 2894 vel

118 2939 346 2992 veritate
376 2937 534 3005 fulta,
571 2936 827 3005 ignorem.
864 2936 926 2989 Et
966 2935 1087 2989 ideo
1117 2934 1158 2988 si
1191 2934 1398 3003 placet,
1439 2933 1545 2987 imo
1576 2933 1696 3003 quia

120 3030 334 3100 placere
364 3029 542 3094 debet,
571 3028 933 3098 unusquisque
954 3037 1183 3081 vestrum
1216 3028 1266 3079 in
1290 3034 1576 3093 conspectu
1602 3040 1698 3077 no-

122 3131 233 3177 stro
276 3120 397 3174 ﬁdei
436 3135 547 3174 sua:
585 3120 901 3174 sententiam
951 3118 1176 3187 pandat;
1212 3126 1261 3171 ut
1304 3114 1698 3171 examinatione

1861 1944 2012 1996 A'ius
2050 1944 2178 1995 dixit
2206 1958 2224 1996 :
2250 1942 2461 2011 Optime
2499 1942 2822 1997 Athanasius
2852 1954 3088 1994 errorem
3133 1936 3366 2005 perﬁdia

1789 2035 1843 2091 in
1877 2036 2097 2105 abjectis
2128 2046 2179 2090 et
2207 2050 2376 2104 nuper
2417 2036 2645 2090 inventis
2676 2049 2853 2088 rerum
2884 2030 3206 2086 novitatibus
3235 2043 3365 2083 con-

1791 2127 1985 2181 sisto-re
2017 2128 2314 2194 proﬁtetur,
2341 2126 2637 2195 apostolico
2660 2128 2709 2178 in
2732 2128 2829 2179 hoc
2854 2124 3022 2193 ipsum
3042 2128 3366 2188 congruente

1792 2217 2115 2281 testimonio,
2144 2232 2250 2287 quo
2296 2218 2371 2271 ait
2400 2234 2411 2269 :
2452 2217 2707 2285 Profanas
2737 2224 2905 2267 autem
2927 2230 3100 2266 vocum
3123 2212 3368 2265 novitates

1791 2310 1960 2363 dctita
1991 2307 2041 2375 (1
2077 2308 2206 2361 Tim.
2234 2324 2303 2371 vt,
2325 2309 2437 2377 20).
2465 2308 2617 2363 Unde
2642 2308 2871 2361 obsecro
2901 2316 2957 2359 ttt
2984 2305 3053 2358 ab
3074 2304 3173 2357 hoc
3196 2302 3370 2371 Eani-

1794 2400 2003 2453 sitionis
2032 2401 2242 2452 tramite
2270 2413 2375 2451 non
2407 2397 2649 2461 recedas,
2680 2396 2985 2463 diligentius
3014 2402 3171 2462 atque
3193 2401 3368 2446 atten-

1799 2491 1901 2544 tius
1935 2489 2322 2558 investigando,
2360 2489 2478 2557 quis
2522 2502 2680 2553 novo,
2720 2488 2909 2556 quisve
2947 2488 3165 2553 antiquo
3206 2483 3369 2536 utitur

1801 2583 1919 2636 ﬁdei
1952 2580 2328 2635 sacramento?

1876 2673 2075 2727 Probus
2104 2672 2271 2743 judwa:
2294 2672 2423 2724 dixit
2455 2685 2473 2722 :
2506 2669 2570 2725 lit
2612 2668 2725 2722 haec
2767 2683 2885 2735 qua:
2934 2666 3171 2720 asseritis
3221 2663 3375 2717 facile

1802 2764 2161 2825 iunotescanl,
2194 2772 2245 2816 et
2274 2761 2337 2815 ad
2372 2762 2541 2815 lucem
2573 2758 2833 2825 veritatis,
2866 2768 3066 2810 remota
3096 2756 3239 2807 omni
3266 2768 3377 2805 amo

1802 2852 2073 2921 bignitatis
2116 2852 2344 2920 caligine
2393 2851 2637 2911 veniant,
2686 2849 2916 2915 antiqua:
2965 2845 3085 2899 ﬁdei
3138 2843 3373 2912 regulam

1802 2946 2034 3014 pandite,
2064 2952 2115 2995 et
2139 2944 2210 2997 ita
2244 2952 2299 2996 ut
2326 2950 2407 2996 est
2426 2940 2493 2994 ab
2522 2939 2780 3008 apostolis
2812 2936 3023 3003 tradita,
3062 2935 3256 2990 nostris
3283 2948 3377 2985 au-

1801 3036 1948 3090 ribus
1980 3034 2239 3086 intimate.

1871 3128 2024 3181 Arius
2054 3135 2101 3179 et
2144 3123 2455 3177 Athanasius
2496 3122 2732 3177 dixirunt
2764 3136 2780 3175 :
2822 3107 3099 3175 Credimus
3127 3118 3176 3171 in
3209 3116 3374 3170 Deum

124 3213 323 3273 habita,
348 3226 468 3281 qua:
499 3211 700 3265 ﬁrmior
742 3210 949 3264 cunctis
973 3220 1025 3263 et
1053 3209 1227 3263 verior
1264 3216 1474 3277 reperta
1517 3207 1694 3273 fuerit,

1809 3218 2012 3271 Putem
2037 3215 2477 3283 omnipotentem,
2509 3223 2561 3267 ct
2588 3213 2638 3266 in
2667 3212 2846 3265 Jesnm
2878 3210 3147 3263 Christum
3183 3206 3375 3261 Filium

125 3304 248 3357 huic
304 3317 492 3355 omnes
538 3300 657 3369 jure
702 3300 995 3365 cedamus,
1042 3309 1095 3353 et
1143 3298 1278 3353 hanc
1338 3296 1699 3352 indubitanter

126 3406 308 3463 spreto
333 3391 581 3449 falsitatis
601 3409 785 3448 errore
814 3406 1119 3463 sequamur.

195 3488 349 3541 Arius
392 3497 437 3539 et
466 3486 792 3557 Athanasius
836 3487 1073 3538 dixerunt
1100 3501 1117 3539 :
1149 3482 1425 3552 Quomodo
1452 3482 1543 3536 tibi
1570 3483 1699 3534 tanti

127 3580 369 3650 mysterii
399 3590 603 3633 secreta
645 3580 983 3633 committere
1015 3591 1317 3646 possumus,
1359 3588 1411 3630 et
1444 3578 1518 3629 rei
1553 3575 1705 3628 inex-

128 3679 294 3739 perta:
342 3670 616 3724 arbitrium
661 3672 943 3735 collocare,
986 3669 1073 3738 qui
1125 3668 1348 3721 necdum
1392 3666 1702 3736 gentilitatis

128 3760 363 3814 maculas
393 3761 503 3814 veri
536 3760 800 3830 dogmatis
836 3761 1172 3828 percep'ioue
1204 3758 1473 3811 ablucris?

198 3850 403 3905 Probus
422 3851 587 3921 judex
612 3852 739 3904 dixit
765 3866 783 3905 :
814 3852 921 3904 lloc
947 3860 1030 3905 est
1056 3850 1235 3919 utique
1264 3849 1403 3916 quod
1434 3849 1557 3903 totis
1584 3847 1702 3903 viri-

127 3945 225 3998 bus
255 3956 582 4012 cognoscere
612 3943 788 4010 cnpio,
822 3943 959 4012 quod
994 3943 1062 3995 sit
1093 3955 1291 3997 reetum
1322 3953 1376 3995 et
1406 3941 1701 3995 veridicum

125 4038 344 4105 dogma,
378 4038 428 4088 in
472 4048 576 4102 quo
603 4050 686 4087 mc
716 4046 960 4104 oporteat
1003 4036 1193 4089 occulti
1240 4033 1479 4105 mysterii
1520 4050 1700 4088 sacra-

124 4140 311 4182 menta
353 4131 646 4196 percipere.
691 4126 871 4195 Neque
900 4127 1043 4181 enim
1090 4126 1245 4179 nudo
1277 4127 1403 4179 mihi
1446 4125 1702 4193 profunda

123 4220 512 4287 mysteriorum
536 4231 725 4270 arcana
756 4216 997 4285 pateﬁeri
1023 4218 1294 4278 desidero;
1329 4216 1421 4268 sed
1450 4214 1537 4267 illa
1568 4228 1707 4267 nunc

123 4310 316 4375 ﬂagito
349 4307 723 4371 demonstrari,
769 4321 889 4376 qua:
935 4309 986 4359 in
1028 4316 1200 4360 vestra
1246 4308 1347 4361 tide
1377 4306 1708 4360 extrinsecus

126 4403 417 4463 habentur,
450 4407 501 4450 et
537 4397 743 4465 publice
773 4396 1149 4466 pra-dicantur.
1183 4395 1234 4449 id
1261 4405 1375 4459 e~t,
1405 4396 1543 4465 quod
1574 4409 1709 4449 unus

128 4494 382 4559 idemque
429 4504 587 4541 verus
628 4489 697 4541 sit
740 4489 898 4551 Deus,
934 4487 1223 4540 visibilium
1264 4498 1316 4539 et
1360 4487 1703 4541 invisibiiium

1801 3310 1916 3381 ejus
1943 3308 2221 3363 Dominum
2246 3314 2510 3369 nostrum,
2534 3314 2589 3358 et
2611 3305 2661 3358 in
2683 3304 2936 3371 Spiritum
2962 3309 3224 3355 sanctum.
3254 3298 3378 3351 llme

1803 3413 1885 3458 est
1916 3402 2034 3454 fidei
2068 3408 2261 3451 nostra:
2292 3397 2495 3465 regula,
2524 3410 2679 3463 quam
2707 3395 2817 3465 89
2862 3392 3068 3446 cmlesti
3123 3390 3376 3456 magiste-

1805 3494 1883 3547 rio
1909 3490 2159 3544 Dominus
2190 3486 2406 3540 tradidit
2434 3485 2714 3553 apostolis,
2743 3485 2928 3537 dicens
2953 3499 2966 3536 :
3004 3481 3101 3543 Ite,
3130 3480 3379 3545 baptizats

1806 3600 1974 3639 onmcs
2018 3590 2186 3651 gentes
2226 3581 2278 3632 in
2326 3579 2527 3632 nomine
2561 3576 2765 3640 Patris,
2807 3584 2852 3629 et
2897 3573 3043 3639 Filii,
3068 3582 3117 3626 et
3153 3571 3379 3628 Σισίνην

1804 3676 1985 3732 sancti.

1876 3766 1961 3819 V'l.
1988 3763 2205 3818 Probus
2247 3760 2413 3833 judea:
2441 3758 2609 3811 dixit:
2658 3756 2848 3825 Magno
2891 3753 3130 3809 miraculi
3163 3759 3381 3818 stupore

1804 3857 2060 3911 attonitus
2089 3855 2286 3921 luereo,
2321 3860 2429 3905 tres
2463 3865 2489 3903 a
2519 3849 2669 3901 vobis
2700 3847 2831 3901 deOs
2864 3844 3137 3914 prtedicari
3167 3841 3378 3909 conspi-

1804 3949 1974 4010 ciens,
2009 3960 2038 3999 a
2061 3945 2256 4014 qubus
2285 3941 2351 3996 ad
2377 3940 2531 3993 unius
2555 3938 2644 3993 Dei
2669 3938 2953 4007 singularis
2978 3935 3228 4005 potentiae
3259 3946 3376 3987 ma-

1799 4040 2046 4109 jestatem
2078 4032 2490 4102 confugiendum
2523 4044 2642 4084 esse
2672 4028 3021 4083 credideram.
3053 4024 3230 4086 Unde,
3262 4037 3382 4089 qua:

1806 4132 1876 4184 sit
1914 4129 2072 4196 hujus
2122 4127 2255 4181 ratio
2300 4123 2454 4188 ﬁdei,
2497 4122 2580 4175 vel
2631 4121 2754 4187 quid
2802 4122 2900 4172 ista
2954 4118 3113 4170 trium
3176 4129 3379 4179 rerum,

1810 4222 2076 4288 triumque
2100 4214 2479 4270 vncabulorum
2516 4212 2728 4266 nomina
2762 4208 3019 4273 indiceitt,
3049 4219 3251 4275 quaeso,
3285 4218 3384 4257 nos

1810 4312 2045 4367 breviter
2082 4308 2369 4361 informare
2399 4300 2712 4373 dignemini.

1880 4401 2030 4454 Arius
2072 4406 2118 4451 ct
2175 4394 2479 4450 Athanasius
2523 4394 2811 4446 dixerunt:
2850 4388 2963 4445 Non
3005 4398 3113 4442 tres
3159 4385 3291 4440 deos
3329 4384 3380 4437 in

1813 4492 1933 4546 ﬁdei
1962 4502 2157 4545 nostrae
2183 4486 2599 4558 professionibus
2627 4483 2857 4537 fatemur
2874 4522 2888 4546 ,
2912 4480 3006 4535 sed
3036 4478 3257 4534 credere
3283 4491 3385 4531 nos

129 4584 377 4640 conditor
407 4596 603 4634 rerum.
650 4580 713 4634 Et
742 4581 862 4649 quia
911 4581 1009 4634 hoc
1055 4593 1149 4631 vos
1181 4593 1285 4632 uno
1324 4593 1419 4633 ore
1466 4579 1700 4647 proﬁteri
1733 4570 1783 4630 D
1812 4586 1860 4636 in
1896 4584 2125 4644 i’atrem,
2157 4580 2343 4634 Filium
2371 4587 2423 4632 ct
2446 4576 2697 4647 Spiritum
2731 4583 2971 4629 sanctum
3002 4571 3231 4629 ﬁdeliter
3263 4586 3387 4639 pro«l

132 4692 233 4729 non
274 4672 480 4735 nescio,
520 4671 646 4740 quid
678 4684 851 4725 causa:
895 4670 1166 4725 exstiterit
1204 4679 1262 4724 ut
1292 4671 1341 4723 in
1374 4681 1476 4724 tam
1527 4673 1699 4726 varias

132 4764 442 4819 dividamiui
472 4773 666 4827 sertas,
695 4776 745 4814 ut
791 4778 907 4830 qua:
944 4763 1011 4815 sit
1049 4776 1193 4825 Vt-ra,
1226 4776 1410 4830 quaeve
1447 4763 1515 4815 sit
1545 4763 1696 4827 falsa,

134 4857 351 4924 intelligi
381 4871 408 4907 a
438 4853 585 4907 nobis
618 4854 837 4906 omnino
869 4868 971 4906 non
1013 4851 1207 4919 possit,
1249 4853 1360 4922 88
1390 4852 1696 4921 priusquam

136 4959 308 5002 vestro
342 4945 651 5009 certamine,
686 4944 842 5013 digno
890 4944 1161 5012 patientiae
1203 4944 1569 4997 moderamine
1609 4942 1701 4997 Ita-

136 5040 260 5104 b'to,
294 5038 419 5109 quid
444 5039 512 5090 sit
538 5052 826 5107 congruum
856 5036 1162 5107 diligentius
1188 5048 1591 5105 cognoscamus.

201 5133 263 5189 V.
298 5133 604 5187 Athanasius
633 5132 759 5185 dixit
791 5146 809 5185 :
839 5132 971 5185 Cum
1003 5131 1074 5184 sis
1109 5130 1250 5182 omni
1284 5130 1578 5182 litterarum
1610 5145 1702 5197 ge-

138 5239 256 5278 nere
286 5224 527 5279 imbutus
567 5232 620 5277 et
657 5222 1037 5292 philosopi‘ticis
1076 5220 1369 5289 disciplinis
1413 5223 1697 5276 admodum

139 5318 368 5371 eruditus
398 5354 416 5383 ,
467 5317 646 5369 mirari
697 5329 1070 5385 usquequaque
1120 5330 1226 5367 non
1270 5314 1432 5368 debes
1482 5315 1701 5382 plurima

140 5424 292 5475 penes
319 5424 415 5463 nos
444 5419 497 5464 et
519 5411 661 5463 varia
686 5411 974 5462 novitalum
1000 5407 1244 5477 dogmata
1268 5408 1555 5472 exstitisse,
1578 5423 1698 5462 cum

139 5509 186 5553 et
227 5501 363 5569 apud
397 5516 494 5554 vos
535 5508 611 5554 tot
640 5502 1023 5555 sententiarum
1069 5500 1333 5555 novitates
1364 5500 1697 5567 emerserint,

139 5600 256 5657 quot
297 5606 432 5659 pene
470 5593 682 5645 nomina
729 5592 963 5657 ipsorum
1019 5591 1359 5644 continentur
1399 5600 1695 5647 anctotum.

140 5678 259 5733 Nam
289 5698 406 5735 cum
439 5691 546 5737 tres
576 5684 680 5735 sint
719 5682 771 5735 in
805 5684 1000 5737 mundo
1030 5683 1336 5751 religiones,
1370 5683 1696 5751 Judteoruru,

142 5785 452 5842 negauerunt
506 5784 558 5829 ct
588 5773 1041 5840 Christianorum,
1074 5775 1257 5830 multis
1294 5785 1347 5831 et
1395 5775 1548 5845 longe
1589 5775 1699 5833 dis-

1808 4676 2036 4729 ﬁtemur.

1880 4767 2079 4818 Probus
2100 4764 2267 4835 juriex
2316 4762 2479 4816 dixit:
2539 4759 2715 4815 Satius
2761 4773 2890 4827 ergo
2944 4756 3103 4812 ﬁdem
3151 4765 3384 4811 vestram

1806 4861 2057 4930 exponito
2080 4902 2097 4924 ,
2142 4868 2193 4912 et
2221 4873 2339 4925 qua:
2369 4856 2451 4911 vel
2488 4854 2660 4925 qualis
2681 4854 2748 4907 sit
2776 4853 2826 4907 in
2855 4852 3043 4907 eadem
3074 4850 3179 4906 ﬁde
3205 4859 3383 4904 vestra

1806 4952 2096 5008 credulitas
2136 4952 2423 5005 declarate.

1876 5044 2029 5095 Arius
2065 5042 2246 5093 dixit:
2292 5039 2400 5108 Ego
2438 5038 2580 5093 enim
2639 5038 2900 5093 eonﬁteor
2952 5035 3242 5104 ingenitum
3288 5032 3373 5086 Pa-

1806 5143 1938 5188 trem
1989 5142 2113 5186 ante
2155 5132 2331 5185 omnia
2391 5139 2626 5199 tenipora
2677 5129 2866 5184 Filium
2910 5127 3247 5183 ineifnhiliter
3290 5138 3378 5191 ge-

1812 5233 2012 5291 nuisse,
2046 5242 2138 5294 per
2171 5241 2328 5295 quem
2352 5234 2405 5278 et
2429 5224 2480 5277 in
2501 5238 2607 5294 quo
2636 5223 2874 5277 visibiles
2901 5229 3197 5282 creaturas,
3225 5224 3383 5281 atque

1810 5319 2099 5373 invisibiles
2136 5319 2261 5371 fecit
2288 5333 2302 5370 :
2336 5316 2425 5385 qui
2456 5316 2757 5371 novissimis
2790 5312 3119 5380 temporibus
3163 5314 3382 5377 propter

1810 5410 2026 5463 humani
2057 5410 2270 5477 generis
2301 5408 2546 5471 salutem,
2578 5422 2605 5458 a
2649 5405 2805 5460 Patre
2831 5408 3044 5463 m‘ssus,
3070 5412 3254 5452 verum
3284 5398 3354 5448 lto

1808 5503 2008 5556 minem
2062 5502 2113 5554 in
2158 5501 2356 5554 mundo
2400 5499 2647 5567 gestavit,
2697 5513 2855 5567 quem
2898 5490 3272 5549 inviolabiliter
3316 5486 3384 5541 de

1804 5593 1881 5650 Ma
1892 5595 1962 5648 ria
1984 5594 2197 5659 Virgine
2219 5595 2256 5646 s'
2272 5608 2338 5645 ne
2364 5598 2393 5645 ἢ
2408 5592 2575 5645 .mani
2604 5590 2820 5658 pudoris
2836 5584 3187 5655 permixtione
3206 5594 3384 5633 susce-

1803 5687 1877 5755 ρξ’
1929 5685 2027 5752 Qui
2059 5700 2178 5740 cum
2202 5686 2272 5738 sit
2298 5698 2557 5737 creaturae
2588 5697 2697 5733 sua:
2726 5681 2860 5733 Deus
2888 5686 2942 5730 et
2965 5675 3239 5736 Dominus,
3270 5690 3401 5728 non.

1803 5786 1979 5833 tamen
2013 5786 2185 5846 potest
2213 5774 2442 5845 genitori
2473 5787 2604 5836 suo,
2648 5770 2811 5824 autin
2850 5768 3095 5833 omnibus
3126 5766 3381 5823 conferri!
