3990 6390
666 385 766 443 f5)

1920 380 2136 436 \‘lGlLll
2176 382 2544 439 TAPSENS'S

3728 392 3773 443 Id
3816 380 3817 389 γ

662 498 830 553 autin
854 496 1031 566 aliquo
1059 496 1345 566 comqttari.
1376 510 1529 564 quem
1560 504 1610 549 et
1644 493 1806 548 Deum
1834 509 2010 559 suum,
2044 503 2098 549 et
2126 512 2236 550 sua!
2264 500 2312 556 Α
2344 498 2565 566 pet-peti,
2614 499 2718 569 91
2759 506 2811 550 et
2843 497 3189 553 instabilitate
3220 498 3320 553 ltuc
3362 499 3568 570 illucque
3600 502 3776 559 defluere?

661 590 889 658 originis
912 588 1194 657 profitetur
1212 600 1499 641 auctorem.
1534 586 1639 640 Nec
1668 596 1843 640 tamen
1873 588 1995 641 ideo
2017 588 2123 640 dno
2144 588 2237 653 dii,

664 682 790 750 quia
816 690 869 734 et
902 680 988 733 ltic
1019 680 1187 744 Deus;
1225 694 1319 733 nec
1346 678 1465 731 ideo
1496 693 1598 731 non
1635 678 1792 744 Deus,
1822 678 1942 746 quia
1971 678 2114 731 solus
2140 678 2236 731 Pa-

670 782 754 827 ter
776 773 935 826 Deus.
960 771 1113 826 Sicut
1139 786 1242 825 non
1268 770 1388 825 ideo
1417 786 1520 823 non
1547 769 1739 835 bonus,
1770 770 1888 836 quia
1915 771 2061 823 solus
2082 766 2241 824 Pater

672 864 881 925 bonus;
914 877 1035 915 cum
1061 862 1204 915 silet
1236 860 1429 922 Filius,
1464 874 1565 913 non
1597 860 1767 914 solum
1812 859 1984 913 bonus
2011 901 2025 925 ,
2058 860 2151 913 scd
2187 870 2241 914 et

674 954 933 1007 bonorum
968 962 1195 1006 creator.
1237 952 1302 1006 Et
1331 951 1469 1005 sicut
1493 952 1542 1005 ei
1572 966 1674 1003 non
1700 949 1951 1003 adimitur
1981 964 2048 1003 ne
2073 952 2241 1005 bonus

671 1047 737 1098 sit
762 1060 881 1098 cum
910 1044 1055 1097 solus
1073 1044 1231 1097 Pater
1252 1042 1415 1112 ipsius
1442 1042 1562 1095 Filii
1591 1040 1919 1108 professione
1941 1041 2011 1095 sit
2033 1040 2201 1096 bonus
2226 1057 2239 1093 :

669 1136 749 1189 sic
776 1135 823 1188 ei
852 1149 955 1187 non
985 1133 1225 1187 aufertur
1256 1148 1323 1187 ne
1353 1134 1488 1186 Deus
1529 1131 1621 1197 sit,
1652 1146 1771 1186 cum
1812 1133 1958 1186 solus
1992 1132 2146 1187 Pater
2174 1133 2245 1187 sit

676 1226 832 1279 Deus.
865 1226 926 1279 Et
955 1226 1087 1279 sicut
1123 1225 1332 1278 bonitas
1368 1225 1484 1278 Filii
1519 1238 1622 1278 non
1659 1223 1976 1292 przejudicat
2006 1224 2241 1293 singula-

656 1316 814 1370 .ritati
859 1325 1097 1385 paterna:
1142 1317 1392 1370 bonitatis
1415 1356 1430 1379 ,
1462 1317 1538 1369 sic
1578 1315 1751 1370 deitas
1784 1316 1901 1385 ejus
1941 1332 2048 1369 non
2080 1315 2246 1371 officit

673 1408 815 1461 Patri
838 1449 849 1465 .
879 1424 946 1463 ne
977 1408 1169 1463 unicus
1190 1423 1253 1461 ac
1280 1408 1563 1477 singularis
1589 1408 1657 1461 sit
1687 1408 1848 1462 Deus.
1877 1408 1941 1461 Et
1963 1407 2062 1463 hoc
2089 1406 2247 1461 modo

670 1514 833 1552 unum
861 1499 1027 1555 Deum
1055 1501 1397 1569 profitemur,
1434 1516 1537 1553 non
1572 1501 1849 1569 negando,
1896 1510 1952 1553 ut
1982 1501 2086 1553 dixi
2114 1543 2129 1567 ,
2161 1499 2249 1553 Fi-

671 1590 798 1643 liutn
831 1592 1029 1654 Deum,
1068 1591 1162 1645 sed
1192 1606 1353 1658 penes
1393 1592 1567 1645 solum
1611 1591 1819 1645 Patrem
1862 1592 2021 1645 unius
2054 1589 2248 1645 divini-

662 1684 802 1735 tatis
831 1682 1203 1737 auctoritatetn
1235 1684 1643 1738 constituentes.

744 1774 1055 1826 Athanasius
1076 1774 1240 1827 dixit:
1267 1775 1405 1829 Bene
1430 1776 1639 1830 Patrem
1665 1792 1725 1829 ex
1754 1791 1814 1831 se
1845 1773 2033 1831 Filium
2062 1775 2249 1830 ineffa-

2342 859 2735 924 convenientia,
2766 871 2913 912 certo
2938 860 3135 913 certius
3160 860 3480 929 profitemur.

2348 587 2495 642 Unde
2520 587 2943 641 manifestissime
2971 588 3363 657 comprobatur,
3388 606 3482 644 non
3502 592 3647 644 omnia
3668 594 3779 646 deum
3824 644 3825 647 η

2343 679 2631 732 secundum
2672 679 2958 733 essentiam
2999 679 3102 732 dici
3134 679 3330 733 debere
3371 682 3570 750 intelligi
3598 700 3607 734 :
3633 684 3699 736 sed
3728 688 3779 738 tli-
3826 710 3827 747 ι

2343 778 2536 836 quanta
2568 768 2951 836 dispensationi
2982 769 3381 836 respondentia,
3420 785 3518 823 non
3547 776 3781 842 naturaejus

2418 950 2615 1005 Probus
2637 952 2799 1021 judex
2831 953 2957 1005 dixit
2984 968 3001 1006 :
3040 908 3188 1007 Licert
3234 954 3545 1007 sufficienter
3568 962 3614 1007 et
3645 955 3783 1017 doctius,

2346 1042 2601 1096 laudabili
2635 1043 2891 1097 brevitate
2917 1044 3277 1113 responderis,
3302 1059 3404 1097 non
3428 1046 3583 1097 omnia
3602 1045 3787 1099 deDeose
3836 1040 3839 1125 ξ

2346 1131 2575 1186 cundum
2596 1133 2881 1187 essentiam
2914 1134 3013 1188 diei
3040 1151 3053 1199 ;
3086 1134 3244 1189 latius
3275 1144 3447 1189 tamen
3486 1134 3584 1189 haec
3600 1135 3672 1188 abs
3689 1146 3723 1189 te
3740 1153 3787 1188 at-
3840 1172 3841 1189 η

2347 1223 2463 1278 dire
2490 1223 2738 1277 desidero
2764 1268 2778 1290 ,
2804 1238 2926 1279 cum
2971 1224 3041 1277 ttti
3071 1224 3170 1279 loci
3197 1225 3563 1294 disputationis
3580 1229 3789 1290 tempusad
3842 1238 3843 1247 ‘

2351 1314 2526 1367 fuerit.
2569 1312 2719 1367 Nune
2756 1315 2970 1368 interim
3012 1314 3090 1385 (ut
3140 1325 3293 1369 antea
3331 1314 3439 1383 jam
3484 1315 3690 1384 prmialtts
3716 1331 3791 1369 sum:
3844 1304 3845 1323 ¹

2349 1407 2526 1470 Arius,
2563 1414 2617 1458 ut
2649 1414 2903 1475 coeperat,
2938 1417 3310 1475 prosequatur.

2425 1497 2551 1551 Vill.
2586 1497 2737 1549 Arius
2766 1497 2892 1550 dixit
2917 1511 2935 1549 .'
2967 1497 3020 1552 Si
3050 1512 3110 1551 ea
3145 1512 3261 1563 qua:
3289 1495 3341 1548 in
3385 1494 3618 1563 principio
3643 1509 3795 1563 prosect-

2353 1602 2436 1647 tus
2468 1607 2611 1651 sum,
2658 1590 2939 1659 diligenter
2985 1590 3268 1655 advertas,
3302 1589 3410 1643 illic
3438 1604 3625 1644 omnem
3649 1589 3796 1642 lideim

2352 1696 2478 1737 διε-ω
2508 1683 2884 1736 credulitatem
2918 1682 3176 1735 invenies.

2425 1775 2735 1827 Athanasius
2759 1772 2890 1826 dixs't
2922 1788 2940 1825 :
2979 1771 3288 1826 Subsistere
3316 1780 3441 1825 ante
3477 1771 3642 1824 sacula
3670 1769 3797 1823 Filium.

673 1864 855 1917 ltiliter
886 1876 1010 1917 ante
1039 1866 1215 1919 omnia
1262 1876 1498 1935 tempora
1528 1868 1775 1936 genuisse
1804 1869 1965 1922 Arius
2002 1882 2095 1921 sua
2122 1882 2245 1934 pro-
2281 1868 2327 1929 Β
2354 1865 2617 1919 veraciter
2646 1864 2802 1917 Arius
2836 1861 3131 1929 profitetur.
3160 1861 3312 1928 Quod
3345 1870 3515 1915 autem
3544 1859 3601 1914 de
3626 1859 3736 1912 Patre
3751 1874 3800 1911 nt-

676 1955 911 2010 fessione
947 1955 1194 2011 diffinivit
1224 1974 1237 2019 ;
1280 1960 1371 2011 Sed
1409 1969 1583 2012 utrum
1622 1959 1810 2012 Filium
1840 1974 1905 2013 ex
1936 1960 2047 2027 ipsa
2084 1959 2253 2013 Patris

674 2045 785 2113 90
822 2045 1054 2100 essentia
1094 2047 1175 2100 vel
1220 2057 1444 2112 natura,
1494 2063 1559 2100 an
1604 2049 1818 2102 aliunde
1856 2049 2105 2117 genitumf
2129 2049 2253 2103 velit

676 2152 949 2202 asserere,
979 2138 1077 2191 hac
1104 2139 1319 2193 interim
1344 2154 1437 2194 sua
1474 2143 1848 2209 prosecutionc
1879 2141 2108 2196 reticuit.
2145 2142 2253 2210 Ego

677 2227 820 2279 enim
854 2228 1090 2295 Patrem,
1125 2236 1179 2282 et
1205 2228 1414 2292 Filium,
1449 2242 1500 2284 et
1531 2230 1787 2299 Spiritum
1821 2241 2060 2285 sanctum
2104 2232 2254 2285 unius

678 2316 1010 2382 substantia),
1057 2319 1319 2387 uniusque
1354 2335 1475 2375 esse
1520 2331 1729 2375 natum
1774 2322 2053 2375 confiteor.
2098 2322 2171 2375 ita
2200 2330 2258 2376 ut

681 2421 788 2461 non
821 2425 885 2462 ex
917 2409 1103 2473 nihilo,
1136 2426 1307 2477 neque
1330 2428 1395 2466 ex
1423 2412 1625 2479 aliquo,
1660 2413 1752 2467 sed
1783 2414 1849 2467 de
1880 2412 2036 2468 Patre
2064 2412 2255 2467 Filium

678 2500 938 2567 genitum,
968 2514 1022 2555 et
1050 2502 1116 2557 de
1149 2500 1305 2557 Patre
1334 2504 1589 2573 Spiritum
1617 2514 1859 2559 sanctum
1888 2506 2100 2559 credam
2135 2520 2259 2574 pro-

678 2592 890 2647 cedere.
927 2593 991 2648 Et
1019 2595 1140 2649 licet
1173 2604 1279 2650 tres
1309 2596 1360 2650 in
1401 2611 1496 2650 sua
1539 2598 1861 2666 proprietate
1900 2598 2257 2653 subsistentes

678 2684 934 2750 profitear
954 2701 1075 2740 esse
1103 2702 1381 2755 personas,
1406 2688 1593 2741 ltarum
1618 2697 1793 2740 tamen
1820 2698 2005 2743 natura
2032 2705 2131 2742 uua
2154 2700 2255 2754 est,

678 2790 890 2844 unaque
931 2776 1185 2833 divinitas
1224 2780 1625 2847 comprobatur.

755 2863 866 2918 νη.
912 2864 1110 2918 Probus
1138 2869 1305 2937 judex
1337 2869 1465 2921 dixit
1495 2886 1509 2921 :
1541 2871 1853 2940 Quanquam
1884 2871 1997 2925 hmc
2020 2871 2162 2925 varia
2207 2880 2263 2925 et

684 2952 844 3021 longe
884 2953 1159 3010 dissimilis
1204 2958 1601 3012 sententiarum
1635 2973 1932 3015 veSIrarum
1975 2960 2259 3015 diversitas

686 3059 930 3113 magnam
961 3046 1291 3103 confusionis
1321 3050 1601 3119 caliginem
1636 3053 1899 3107 mentibus
1940 3056 2134 3107 nostris
2176 3056 2261 3107 in-

687 3138 885 3201 cutiat,
915 3148 1091 3191 tamen
1125 3126 1180 3191 ut
1208 3141 1315 3193 cito
1340 3140 1421 3193 bis
1462 3141 1722 3210 ambiguis
1751 3157 2044 3208 exuamur,
2068 3153 2261 3213 etquae

2360 1964 2443 2008 tus
2464 1954 2553 2018 sit,
2586 1968 2720 2007 sono
2760 1951 3124 2006 tantummodo
3164 1951 3334 2016 vocis,
3379 1960 3431 2004 ct
3460 1950 3670 2003 simulata
3692 1952 3801 2000 verit»

2358 2061 2473 2099 rum
2502 2043 2860 2105 confessione,
2892 2058 2995 2095 non
3030 2042 3268 2096 veritatis
3303 2042 3607 2109 proprietate
3634 2041 3802 2101 conrodit,

2357 2136 2481 2189 dum
2508 2152 2627 2189 cum
2649 2150 2675 2188 a
2692 2144 2921 2205 paternae
2946 2142 3147 2186 naturae
3162 2134 3459 2185 substantia
3474 2132 3651 2198 lOngius
3665 2140 3804 2198 separat.

2358 2237 2411 2281 et
2439 2226 2744 2280 conditione
2776 2233 2976 2278 natura:
3010 2238 3113 2277 non
3144 2222 3554 2291 dispensationis
3581 2221 3732 2274 ratione
3756 2218 3807 2271 Pt-

2362 2318 2427 2371 tri
2478 2318 2777 2386 subjectum
2809 2316 3059 2369 affirmat.

2364 2398 2369 2401 ’
2432 2406 2629 2460 Probus
2648 2408 2817 2479 jndcx
2843 2407 2971 2458 dixit
3000 2423 3015 2457 :
3039 2403 3405 2457 Clarissitnum
3433 2402 3546 2457 fidei
3569 2411 3716 2455 vestra:
3735 2399 3807 2450 indi.

2359 2499 2498 2553 cium
2531 2498 2676 2562 date,
2708 2506 2763 2551 et
2790 2496 3240 2566 quemadmodum
3270 2494 3501 2548 credatis
3528 2491 3691 2547 recenti
3709 2504 3809 2557 prest-

2360 2589 2576 2644 cutione
2596 2589 2819 2656 signate,
2842 2603 2946 2657 quo
2976 2589 3141 2656 possit
3158 2586 3221 2639 ad
3243 2602 3483 2641 normam
3501 2583 3810 2654 propositum!~

2361 2682 2607 2737 fessionis
2630 2680 3003 2749 disputatioitis
3027 2695 3237 2748 quoque
3261 2680 3486 2733 materia
3514 2678 3723 2746 coaptati.

2440 2774 2482 2827 A
2510 2772 2751 2826 hanasius
2790 2772 2916 2824 dixit
2936 2789 2954 2824 :
2979 2771 3051 2825 Μ
3080 2780 3284 2825 vestros
3315 2786 3528 2841 gravem
3552 2770 3737 2822 oratione
3756 2765 3815 2814 loe-

2361 2864 2575 2934 gissima
2598 2878 2807 2929 sensus,
2830 2864 2986 2918 fidem
3010 2879 3182 2917 meam
3208 2864 3326 2917 bret
3346 2864 3358 2917 i
3382 2875 3618 2918 sermone
3636 2858 3815 2915 concludo.

2363 2960 2598 3024 Patrem,
2626 2968 2679 3013 et
2698 2957 2912 3022 Filium,
2938 2967 2991 3011 et
3015 2957 3269 3026 Spiritum
3303 2968 3564 3020 sanctum,
3587 2955 3817 3017 deitatem-

2365 3038 2575 3120 testate,
2631 3052 3018 3121 magnitudine,
3071 3040 3257 3103 natura
3291 3064 3458 3103 unum
3503 3056 3609 3104 esSe
3640 3046 3817 3101 confiteor.

2366 3142 2471 3197 Nec
2500 3142 2693 3213 aliquid
2719 3142 2770 3194 in
2794 3141 2892 3195 hac
2910 3141 3171 3195 Trinitate
3199 3157 3397 3195 novum
3419 3131 3821 3195 extraneumvetcsi

688 3230 759 3282 sit
790 3242 931 3283 verte
963 3228 1085 3283 fidei
1118 3230 1380 3297 professio
1404 3246 1811 3301 cognoscamus,
1836 3234 2123 3304 dignamini
2150 3236 2259 3289 evi-
2291 3236 2335 3298 C
2366 3246 2520 3288 antea
2548 3250 2654 3289 non
2699 3234 2877 3297 fuerit,
2920 3243 3099 3300 postea
3129 3248 3256 3287 vero
3300 3233 3565 3302 adjectum
3593 3232 3665 3295 sit,
3689 3238 3822 3279 isseme

688 3320 1019 3376 dentioribus
1043 3322 1336 3389 Scriptura:
1356 3323 1547 3377 divina.-
1564 3325 1881 3380 testimoniis
1904 3327 2259 3383 assertiouum

690 3423 990 3470 vestrarum
1010 3416 1305 3471 sententias
1326 3420 1680 3474 communire.
1704 3419 1765 3473 Et
1797 3435 1864 3475 ne
1887 3420 2043 3489 longo
2065 3422 2263 3474 oratio-

689 3504 773 3559 nis
797 3504 998 3559 ambitu
1031 3504 1196 3575 ipsius
1235 3508 1511 3576 permixta:
1540 3508 1917 3579 disputationis
1946 3511 2263 3566 confusione

690 3598 877 3667 procul
900 3596 1214 3667 evagomini,
1248 3600 1557 3669 singillatim
1588 3602 1745 3657 fidem
1770 3612 2022 3667 vestram,
2056 3601 2260 3665 utdixi,

691 3689 905 3743 edicite.
942 3690 1045 3745 Sed
1080 3707 1219 3744 nunc
1247 3692 1401 3745 Arius
1427 3702 1807 3761 prosequatur,
1850 3704 1905 3748 et
1933 3710 2079 3747 suam
2106 3694 2263 3748 fidem

695 3778 943 3833 ver'dicis
970 3780 1294 3833 testimoniis
1332 3789 1576 3835 astruere
1606 3798 1709 3835 non
1742 3794 2011 3849 gravetur.

765 3869 918 3921 Arius
946 3870 1117 3922 dixit:
1156 3870 1413 3935 Quoniam
1455 3886 1539 3924 me
1567 3872 1808 3937 primitus
1836 3874 2087 3942 congredi
2130 3891 2268 3944 pra:-

697 3960 920 4027 cepisti,
949 3962 1267 4029 respondeat
1305 3960 1627 4017 Athanasius
1672 3972 1845 4019 utrum
1884 3966 2137 4036 simplicis
2172 3984 2270 4022 na-

697 4060 769 4106 tut
784 4066 828 4105 te
857 4052 924 4105 sit
955 4052 1112 4106 Dens.

764 4144 1073 4198 Athanasius
1098 4146 1228 4198 dixit
1251 4162 1271 4200 :
1300 4146 1429 4214 Quis
1463 4150 1562 4204 hoc
1592 4149 1789 4218 impius
1812 4151 2080 4219 negaverit
2107 4152 2130 4205 7

767 4236 916 4288 Arius
937 4237 1108 4290 dixit:
1136 4237 1472 4307 ReSpondeat
1496 4251 1669 4295 utrum
1691 4243 1849 4296 etiam
1873 4244 2046 4305 omnia
2068 4258 2183 4311 qua:
2206 4244 2273 4297 de

698 4324 810 4378 Deo
836 4326 1115 4392 dicuntur,
1148 4330 1439 4384 secundum
1470 4336 1756 4387 essentiam
1790 4335 2096 4403 accipienda
2122 4347 2268 4389 sunt.

772 4414 1083 4468 Athanasius
1154 4419 1325 4472 dixit:
1395 4421 1510 4473 Non
1567 4434 1765 4478 temere
1820 4426 2271 4491 pronuntiaverim

701 4503 954 4558 universa
994 4521 1112 4574 qua:
1151 4508 1219 4561 de
1253 4509 1365 4563 Deo
1409 4509 1692 4577 dicuntur,
1746 4517 2037 4569 secundum
2086 4532 2272 4570 essen-

2365 3326 2457 3380 sed
2489 3327 2568 3395 (ut
2598 3324 2731 3395 dixi)
2760 3326 2917 3380 unius
2941 3340 3059 3380 eam
3094 3335 3320 3393 natetaa,
3351 3326 3603 3394 uniusque
3619 3314 3826 3377 substantia

2366 3416 2546 3472 credo.

2441 3508 2588 3559 Arius
2626 3506 2753 3559 d'xit
2790 3505 2946 3576 :Ego
2986 3506 3124 3561 sicut
3165 3514 3275 3560 tres
3306 3518 3562 3574 personas
3591 3503 3636 3555 in
3675 3512 3741 3553 sua
3764 3507 3829 3561 prn-

2370 3598 2515 3665 priet.
2541 3607 2591 3651 te
2637 3610 2943 3661 manentes,
2993 3598 3061 3651 ita
3114 3607 3224 3652 tres
3253 3598 3612 3659 subStantias,
3653 3592 3833 3647 Patria?l

2372 3688 2509 3752 Filii,
2540 3700 2592 3743 et
2634 3688 2868 3758 Spiritus
2905 3691 3072 3743 sancti
3107 3690 3394 3743 confiteor.
3431 3690 3543 3743 Alia
3574 3688 3691 3740 enim
3714 3678 3832 3735 l’attis.

2370 3783 2468 3835 alia
2499 3781 2614 3835 Filii
2642 3822 2657 3847 ,
2690 3782 2793 3835 alia
2823 3783 3051 3851 Spiritus
3078 3783 3247 3836 sancti
3288 3784 3601 3837 substantia.
3630 3780 3713 3831 Nec
3735 3780 3836 3840 paleSi

2372 3873 2477 3924 ullo
2504 3873 2660 3925 modo
2688 3873 2931 3940 ingenitze
2960 3874 3269 3927 substantia:
3300 3874 3505 3940 Patris,
3533 3883 3611 3927 aut
3631 3869 3763 3939 genita
3784 3861 3832 3914 Fl-

2375 3963 2453 4029 iii,
2487 3973 2577 4016 aut
2606 3977 2784 4018 creata
2816 3966 3048 4032 Spitilus
3088 3967 3256 4020 sancti
3300 3966 3527 4019 teufctri
3557 3977 3731 4019 natura.
3752 3954 3840 4009 [ηδε

2374 4070 2474 4109 nec
2504 4064 2766 4123 potestate
2798 4057 3050 4124 aequales,
3086 4072 3183 4111 nec
3214 4059 3574 4126 tuagnitudize
3601 4052 3841 4109 suuilesmt‘c

2375 4162 2563 4205 natura
2612 4159 2924 4218 consortes,
2975 4166 3004 4203 a
3065 4152 3215 4204 nobis
3265 4152 3406 4205 fideli
3454 4150 3748 4205 confessouc
3778 4153 3845 4191 tu”

2375 4241 2595 4295 duntur.

2450 4330 2649 4384 Probus
2664 4330 2831 4402 judrx
2860 4332 2988 4385 dixit
3013 4347 3030 4386 :
3069 4332 3123 4387 Si
3154 4333 3251 4387 ltoc
3280 4342 3446 4389 totum
3477 4343 3555 4390 est
3586 4334 3631 4386 in
3652 4342 3736 4400 quo
3757 4339 3776 4375 a
3798 4336 3848 4370 \‘0‘

2378 4423 2461 4478 bis
2492 4425 2723 4477 invicem
2746 4424 3029 4479 dissentire
3056 4426 3328 4491 videmini,
3349 4429 3457 4498 92
3481 4428 3527 4481 id
3550 4434 3623 4480 est
3647 4419 3755 4489 quod
3770 4422 3851 4465 ητιυὲ

2380 4514 2645 4577 diversas,
2671 4516 2808 4569 alius
2825 4516 3103 4570 Trinitatis
3122 4532 3280 4571 unam
3301 4518 3430 4572 d'.cit
3448 4533 3563 4572 esse
3576 4510 3852 4570 sultsunlttmv

705 4596 831 4647 tiam
856 4595 1052 4651 debere
1073 4599 1237 4668 accipi
1264 4616 1279 4663 ;
1311 4611 1504 4669 praeter
1527 4604 1808 4657 nonnullos
1833 4606 2083 4659 relatives
2108 4608 2279 4661 notni-
2318 4592 2364 4651 Β
2392 4605 2441 4658 id
2477 4623 2614 4660 nunc
2640 4592 3015 4675 disputationis
3047 4608 3179 4661 talio
3218 4608 3390 4676 poscit
3421 4617 3478 4661 ut
3510 4605 3781 4660 asserIiOtIt'S
3804 4606 3855 4642 κ’

704 4699 831 4740 num
852 4702 1026 4752 casus,
1058 4692 1347 4745 secundum
1371 4696 1619 4747 usitatum
1646 4694 1860 4749 ltumani
1880 4696 2140 4749 sermonis
2163 4699 2277 4752 elo-

704 4780 885 4845 quium
918 4781 1148 4849 prulatos
1173 4825 1187 4847 ,
1218 4786 1304 4853 qtti
1336 4802 1440 4839 non
1474 4788 1687 4856 proitrie
1724 4788 1831 4841 Deo
1863 4831 1877 4855 ,
1910 4789 2002 4843 sed
2036 4792 2279 4859 personis

704 4878 761 4925 et
792 4874 1117 4939 temporibus
1142 4918 1157 4941 ,
1204 4878 1283 4929 vel
1333 4878 1738 4949 quibuscunque
1770 4894 1947 4934 rerum
1998 4882 2279 4949 generibus

704 4972 1037 5029 coap'antur.
1063 4965 1115 5016 id
1136 4978 1241 5029 est,
1268 4982 1386 5021 cutn
1410 4984 1467 5023 se
1498 4971 1704 5025 nescire
1718 4971 1866 5036 dicit,
1898 4972 1977 5025 vel
2007 4990 2062 5025 se
2089 4975 2277 5027 iterum

706 5055 1021 5121 cognovisse
1087 5056 1299 5111 fab-tur.
1367 5061 1471 5114 Aut
1525 5078 1642 5116 cum
1688 5080 1865 5119 rerum
1916 5080 1943 5118 a
2002 5082 2059 5119 se
2114 5065 2280 5119 fat-ta-

707 5160 823 5200 rttm
859 5148 1237 5215 pmttitudinetn
1282 5154 1443 5219 gerit,
1488 5160 1543 5207 et
1592 5170 1731 5209 nunc
1772 5172 1830 5210 se
1878 5155 2096 5223 iratum,
2142 5173 2280 5212 nunc

708 5237 969 5304 placatum
1011 5241 1263 5294 ostendit.
1304 5242 1433 5309 Qua:
1462 5245 1635 5297 omnia
1679 5246 1722 5299 si
1768 5248 2060 5300 secundum
2094 5263 2279 5302 essen-

706 5326 833 5380 tiam
856 5328 1102 5382 volumns
1143 5331 1407 5399 accipere,
1438 5334 1738 5399 passibiletn
1770 5336 1885 5389 sine
1911 5336 2075 5390 dubio
2111 5348 2162 5391 et
2190 5339 2282 5391 int-

707 5422 982 5489 providam
999 5424 1230 5477 divinant
1265 5428 1574 5492 profitemur
1599 5441 1717 5481 esse
1742 5438 1979 5481 naturam
2008 5445 2021 5493 ;
2048 5430 2097 5483 in
2123 5446 2277 5499 quam

707 5524 799 5567 aut
839 5515 1137 5584 ignoratio,
1171 5526 1348 5571 autex
1385 5529 1623 5587 tempore
1664 5530 1779 5574 orta
1814 5521 2044 5589 cognitio
2082 5524 2276 5586 cadat;

707 5622 866 5673 quam
888 5620 942 5664 et
971 5612 1178 5665 tristitia
1198 5612 1505 5680 pmnétendo
1527 5613 1797 5673 conficiat,
1823 5623 1873 5667 et
1905 5615 2081 5666 lmlitia
2107 5616 2281 5669 sult'e-

712 5711 799 5755 δἐι
826 5706 1135 5772 \‘egetattdo.
1172 5708 1325 5775 Quod
1356 5706 1481 5777 quid
1517 5707 1655 5762 aliud
1685 5708 1820 5773 erit,
1864 5708 1964 5761 nisi
2010 5717 2119 5761 mut
2141 5709 2279 5762 tbilia

2382 4706 2520 4749 stras
2551 4713 2653 4750 nou
2685 4700 2975 4754 subtilitate
2999 4710 3428 4769 argumentorum
3456 4702 3520 4753 de
3551 4694 3763 4752 industria
3789 4686 3857 4738 δη·

2385 4793 2594 4846 lectica:
2616 4795 2743 4847 artis
2771 4794 3120 4856 venientium.
3152 4796 3243 4850 sed
3277 4796 3600 4865 simplicibus
3626 4802 3672 4846 et
3695 4782 3859 4854 pllfiSdl‘

2382 4885 2519 4937 vium.
2552 4884 2685 4949 Scri,
2711 4892 2841 4938 tura:
2888 4886 3225 4940 documentis
3261 4887 3530 4940 robustius
3562 4879 3768 4937 iniciatis.

2457 4975 2546 5028 ΙΧ.
2590 4976 2739 5029 Arius
2769 4977 2897 5029 dixit
2929 4992 2949 5031 :
2986 4977 3159 5033 Credo
3205 4980 3343 5047 quod
3387 4974 3752 5032 memorialibus
3786 4974 3863 5029 im"

2389 5065 2583 5119 dcntia:
2608 5076 2797 5119 vestra:
2820 5067 3068 5121 sensibus
3103 5070 3377 5122 Athanasii
3412 5064 3866 5138 perseeutiunentuc—

2387 5171 2649 5225 quaquam
2677 5158 2943 5212 subtraxit
2969 5159 3187 5225 oblivio,
3213 5176 3313 5229 qua
3338 5160 3389 5214 id
3411 5157 3688 5228 elegantius
3714 5155 3868 5218 perora-

2391 5245 2496 5310 vit,
2535 5247 2680 5300 illum
2710 5248 2904 5302 debere
2938 5250 3214 5317 pravitatis
3244 5266 3428 5305 errore
3456 5248 3643 5308 notari,
3674 5241 3745 5311 qui
3779 5242 3868 5287 nuta

2392 5348 2447 5394 et
2478 5340 2724 5393 inusitata
2750 5342 3034 5396 verborum
3067 5353 3367 5397 commenta
3396 5352 3651 5401 sectatur;
3680 5331 3870 5399 adicit?"s

2389 5433 2697 5500 apostolicis
2736 5434 3071 5504 dogmatibus
3111 5437 3251 5506 quod
3302 5438 3368 5491 ab
3396 5437 3578 5491 iisdem
3604 5432 3871 5487 ('0ll:l:illlﬂ'

2390 5525 2556 5578 dilunt
2582 5542 2684 5579 non
2716 5526 2899 5582 fuisse.

2464 5616 2663 5670 Probus
2679 5620 2841 5689 jttdt‘x
2869 5620 3033 5673 dixit:
3064 5620 3138 5674 Ila
3164 5622 3399 5675 memini.

2464 5711 2612 5765 Arius
2643 5713 2771 5765 dixit
2798 5728 2815 5766 .’
2851 5712 2987 5781 Ergo
3019 5713 3221 5787 Nicmlti
3245 5714 3451 5769 decreta
3482 5704 3676 5765 Cttttcilii
3705 5695 3875 5753 lectione

3883 2626 3885 2667 l

3885 2692 3887 2727 l

3888 2758 3889 2795 l

3891 2890 3893 2947 l

3893 2956 3895 3001 l

3895 3022 3897 3071 l

3897 3088 3899 3141 l

3899 3154 3901 3199 l
