3990 6390
142 397 225 452 lCl

1124 379 1393 435 CONTRA
1437 373 1735 430 ARIANOS
1776 370 2136 428 DlAl.OGUS.
2178 370 2300 425 LIB.
2346 371 2384 425 Ι.

3275 360 3377 424 tos

140 507 433 577 pandantur
467 519 483 568 ;
514 512 565 555 et
602 513 857 569 agnosces
886 496 1255 557 Athanasium,
1283 494 1365 546 vel
1387 491 1502 559 ejus
1528 489 1789 549 aucto-'A
1818 488 1947 541 fides
1979 486 2136 555 hujus
2168 485 2396 541 nominis
2427 498 2622 555 expers
2651 498 2772 541 vera
2802 495 2887 541 est
2911 486 3091 556 (sicuti
3118 487 3242 555 est),
3266 487 3382 543 haec

138 595 609 664 res,'aposto:icam
636 591 789 644 ﬁdem
818 602 1075 641 novorum
1099 585 1273 653 adjert
1296 599 1397 636 one
1417 580 1704 635 verborum

136 698 351 741 eatenus
386 680 730 749 corrupisse;
765 686 900 731 utet
940 689 1049 749 eos
1072 675 1161 743 qui
1198 672 1429 741 antiquis
1486 670 1703 723 f‘atrum

140 780 397 831 inhaesere
427 770 715 833 doctrinis,
752 746 1050 820 annbitioné
1078 763 1221 832 regia
1252 765 1355 832 usi,
1397 762 1706 815 censuerint

141 868 386 922 teralibtts
428 861 744 931 relegandos
779 858 990 914 edictis.

207 956 409 1010 Probus
450 954 617 1023 judex
670 951 838 1004 dixit:
889 950 944 1003 Si
1001 942 1281 1017 pra-sentis
1321 943 1521 1015 negotii
1572 942 1707 996 ratio

142 1048 371 1117 posmlat
417 1055 473 1099 ut
503 1045 776 1099 decretum
801 1040 996 1096 Nicaeni
1022 1039 1232 1094 concilii
1257 1038 1307 1092 in
1331 1037 1506 1091 medio
1532 1033 1683 1103 profe

140 1152 306 1203 ratur,
342 1140 393 1193 id
425 1152 641 1207 quoque
668 1135 988 1189 Athanasius
1025 1147 1121 1186 sua
1153 1130 1529 1199 prosecutione
1567 1127 1710 1181 desi-

139 1243 288 1297 anet,
336 1239 395 1282 ut
424 1244 489 1282 ex
535 1228 812 1295 utriusque
862 1223 1150 1276 voluntatis
1193 1235 1435 1283 assensu,
1485 1220 1531 1273 si
1585 1217 1707 1286 quid

140 1324 260 1375 llltttl
292 1329 377 1373 est
414 1318 554 1387 quod
587 1317 819 1371 refertur
859 1316 1194 1368 extrinsecus
1224 1311 1497 1367 recitetur.

205 1410 516 1462 Athanasius
546 1408 673 1461 dixit
707 1424 725 1461 :
766 1407 955 1460 Causa:
978 1404 1223 1474 congruit
1251 1412 1304 1456 ut
1334 1416 1508 1457 rerum
1536 1409 1713 1470 gesta-

141 1518 251 1555 rnnt
285 1500 538 1554 lectionis
568 1500 720 1567 c0pia
754 1514 858 1551 non
892 1508 1133 1565 negetur.

210 1590 413 1642 Probus
433 1589 599 1659 judex
623 1590 786 1642 dixit:
813 1589 951 1657 Ergo
980 1596 1037 1641 ut
1062 1586 1351 1650 desiderat,
1387 1584 1587 1655 pra'fati
1620 1584 1714 1640 de-

143 1682 265 1733 creti
295 1681 463 1734 lectio
483 1679 788 1733 ventiletur.

214 1772 275 1825 Et
306 1773 503 1825 lecmtn
528 1781 609 1826 e~t
641 1771 707 1823 ita
738 1788 749 1822 :
788 1769 1070 1824 Credimus
1110 1771 1161 1821 in
1204 1782 1365 1822 unum
1414 1768 1576 1821 Deum
1612 1766 1713 1819 Pa-

1808 578 1924 633 sine
1953 579 2114 633 dubio
2146 580 2273 633 falsa
2300 580 2423 644 erit,
2452 594 2571 649 qua:
2595 580 2825 648 antiqua:
2856 579 2979 635 ﬁdei
3009 580 3241 634 nominis
3283 594 3380 634 no-

1808 672 2026 723 vitatem
2066 670 2281 738 adjecit.
2308 670 2541 725 Revolve
2567 680 2753 725 cuncta
2791 668 2922 725 Novi
2961 679 3016 726 et
3044 670 3249 725 Veteris
3278 671 3382 725 Te-

1806 760 2055 814 stantenti
2098 760 2392 823 volumina,
2424 769 2603 815 utrum
2642 760 2836 815 alicubi
2873 760 3188 817 homousion
3216 761 3381 816 sacris

1810 851 2038 905 inditum
2072 850 2275 919 paginis
2298 852 2497 917 poteris
2531 850 2789 920 reperire.

1880 942 1969 997 XI.
2003 941 2203 996 Probus
2224 943 2389 1011 judex
2428 944 2599 997 dixit:
2628 942 2763 1009 Quid
2806 943 2886 997 his
2910 942 3172 998 refertur?
3252 960 3257 964 '

1880 1033 2191 1086 Athanasius
2222 1033 2391 1086 dixit:
2424 1033 2665 1088 Nominis
2694 1042 2898 1087 tantum
2924 1034 3209 1088 offenderis
3236 1033 3383 1087 novi—

1814 1136 1951 1186 tate;
1970 1140 2036 1178 an
2060 1125 2220 1177 etiam
2244 1125 2411 1192 ipsius
2434 1124 2514 1179 rei
2538 1124 2813 1193 virtutem,
2837 1139 2955 1194 qua
2976 1123 3076 1179 hoc
3098 1133 3180 1179 est
3196 1125 3383 1179 sortita

1813 1218 2150 1282 vocabulum,
2181 1216 2418 1284 refugis?

1882 1318 2037 1370 Arius
2066 1316 2225 1370 dixit:
2258 1306 2392 1382 Quid
2422 1314 2592 1379 dicas,
2618 1328 2726 1368 non
2756 1314 2887 1369 satis
2911 1312 3169 1384 intelligo.

1883 1418 2192 1472 Athanasius
2217 1416 2381 1470 dixit:
2408 1414 2517 1486 9h,
2544 1413 2805 1480 Quoniam
2836 1430 2922 1469 res
2946 1416 3163 1485 antiqua
3190 1428 3385 1470 novum

1814 1524 2007 1564 nomen
2036 1508 2269 1574 accepit,
2299 1522 2404 1560 non
2432 1507 2690 1559 vocabulo
2738 1519 2877 1558 novo
2919 1521 3071 1560 nova:
3111 1506 3186 1560 rei
3219 1506 3387 1559 virtus

1817 1599 2064 1664 accessit,
2092 1598 2193 1652 hoc
2232 1598 2415 1666 utique
2451 1598 2686 1665 requiro,
2718 1605 2888 1649 utrum
2913 1610 2999 1649 res
3029 1612 3147 1665 qua:
3170 1598 3386 1666 antiqua

1817 1698 1921 1753 est,
1953 1688 2110 1743 simul
2136 1703 2164 1742 a
2194 1697 2245 1741 te
2276 1702 2396 1742 cum
2427 1687 2655 1741 nominis
2680 1687 2911 1741 novitate
2940 1686 3241 1740 damnetur.

1891 1789 2047 1843 Arius
2076 1789 2249 1841 dixit:
2279 1788 2382 1842 Res
2420 1788 2654 1856 loqueris
2685 1795 2967 1849 tortuosas,
3003 1792 3056 1840 et
3084 1787 3226 1839 omni
3255 1788 3386 1841 stul-

147 1872 276 1916 trcm
301 1849 729 1928 omnipotentem
753 1902 767 1925 ,
805 1862 1041 1915 omnium
1072 1860 1360 1935 visibilium
1397 1869 1450 1913 et
1481 1859 1717 1912 insisbi-
1744 1858 1793 1917 B
1820 1882 1949 1937 mia,
1982 1880 2241 1935 miraculo
2282 1849 2505 1950 dignas;
2532 1880 2587 1934 Si
2636 1878 2779 1933 enim
2831 1876 3147 1930 homousion
3186 1858 3385 1932 ηονυῖη

146 1955 267 2008 lium
298 1954 577 2009 factorem.
613 1954 674 2006 Et
698 1953 750 2007 in
771 1970 934 2009 ttnum
964 1954 1246 2008 Dominum
1272 1963 1508 2007 nostrum
1534 1952 1714 2007 Jesum

144 2046 412 2099 Christum
450 2045 642 2098 Filium
681 2045 791 2107 Dei,
833 2055 1017 2099 natum
1058 2060 1122 2098 ex
1169 2045 1323 2099 Patre
1365 2044 1716 2112 unigenitum,

148 2138 245 2190 hoc
283 2144 369 2191 est
409 2135 475 2191 de
503 2136 800 2190 substantia
833 2136 1042 2191 Patris:
1077 2135 1242 2191 Deum
1274 2150 1335 2189 ex
1360 2136 1505 2200 Deo,
1539 2134 1717 2188 lumen

145 2242 207 2280 ex
256 2229 480 2291 lumine,
522 2228 685 2281 Deum
726 2243 912 2282 verum
956 2228 1024 2283 de
1056 2228 1165 2283 Deo
1200 2242 1327 2282 vero
1353 2269 1367 2293 ,
1399 2237 1577 2280 natum
1612 2240 1718 2279 non

146 2318 381 2369 factum:
435 2318 589 2371 unius
620 2317 934 2372 substantia:
973 2332 1092 2371 cum
1134 2317 1290 2370 Patre
1328 2316 1494 2386 (quod
1537 2315 1717 2369 Graeci

142 2410 330 2462 dicunt
364 2409 701 2475 ltomousiOn)
729 2426 743 2461 :
773 2423 866 2476 per
888 2422 1047 2476 quem
1077 2406 1212 2460 facta
1236 2417 1361 2459 sunt
1382 2405 1582 2471 omnia,
1608 2406 1722 2460 sive

140 2518 263 2570 qua:
286 2501 341 2552 in
369 2500 527 2564 uelo,
560 2499 672 2553 sive
701 2514 817 2566 quze
843 2499 893 2551 in
921 2506 1083 2552 terra.
1116 2496 1218 2561 Qtti
1244 2503 1463 2564 propter
1485 2502 1720 2548 nostram

142 2596 375 2645 salutem
418 2591 717 2655 descendit,
753 2598 808 2642 et
839 2590 1143 2643 incarnatus
1189 2597 1291 2651 est,
1341 2587 1502 2639 homo
1552 2586 1724 2639 laetus

142 2693 247 2745 est,
275 2697 468 2750 passus
497 2691 600 2745 est,
627 2682 927 2735 resurrexit
949 2681 1103 2734 tertia
1124 2678 1233 2744 die,
1258 2680 1310 2732 in
1340 2678 1505 2732 caelos
1536 2692 1722 2732 ascen-

142 2774 249 2835 dit,
284 2782 541 2825 venturus
570 2782 653 2826 est
694 2772 940 2841 judicare
989 2771 1131 2824 tivos
1182 2780 1236 2825 et
1277 2780 1537 2823 mortuos.
1574 2768 1639 2823 Et
1670 2768 1721 2822 in

142 2864 401 2932 Spiritum
458 2874 722 2917 sanetum.
773 2862 877 2916 Eos
929 2870 1107 2915 auten
1164 2860 1253 2929 qui
1308 2860 1532 2914 dicunt:
1595 2859 1725 2913 Erat

143 2956 357 3025 quando
384 2970 489 3008 non
515 2964 650 3019 erat,
689 2964 739 3007 et
768 2964 1053 3023 antequam
1097 2960 1407 3006 nasceretur
1446 2965 1551 3003 non
1580 2958 1717 3016 erat,
1802 2970 1809 2976 ί

142 3057 195 3100 et
216 3049 358 3114 quod
387 3046 454 3099 de
482 3062 584 3099 non
614 3045 720 3115 93
758 3045 1110 3110 exstantibus,
1139 3045 1221 3098 vel
1252 3059 1315 3097 ex
1345 3044 1448 3097 alia
1476 3043 1721 3098 substan-

144 3138 211 3189 tia
243 3145 345 3189 aut,
364 3138 593 3191 essentia
615 3179 630 3203 ,
667 3137 902 3189 dicentes
942 3135 1251 3190 mutabilem
1277 3144 1367 3188 aut
1396 3134 1721 3189 convertibi-

142 3228 243 3282 letn
276 3228 463 3292 Deum,
492 3228 590 3282 hos
617 3228 1028 3283 anathematizat
1056 3226 1315 3282 catholica
1342 3236 1396 3281 et
1423 3226 1713 3296 apostolica

146 3318 410 3372 Ecclesia.
1400 3304 1403 3307 ’

212 3409 278 3463 Χ.
320 3409 474 3461 Atius
508 3409 677 3463 dixit:
717 3409 993 3475 Pervides,
1032 3410 1269 3465 virorum
1297 3410 1495 3479 optime
1517 3410 1711 3477 Probe,

145 3501 294 3554 istius
322 3502 536 3555 decreta
565 3500 798 3563 concilii,
848 3501 898 3554 in
924 3500 1362 3570 'suggillationem
1402 3500 1645 3568 apostolit
1668 3515 1713 3554 at

141 3590 281 3656 ﬁdei,
316 3605 449 3645 ausu
489 3592 790 3645 temeritate
830 3591 997 3645 fuisse
1038 3591 1365 3659 conscripta.
1408 3592 1544 3658 Quid
1572 3591 1713 3645 enim

141 3694 271 3748 Opus
296 3689 413 3734 erat
436 3695 630 3735 novum
654 3679 753 3733 hoc
785 3678 1100 3734 homousion
1131 3681 1442 3735 vocabulum
1483 3681 1715 3744 antiquis

139 3768 448 3837 dogmatum
494 3769 687 3839 regulis
730 3768 942 3825 inseri?
972 3770 1235 3839 Numquid
1259 3771 1399 3826 enim
1448 3772 1711 3840 apostoli,

138 3859 220 3912 vel
248 3874 439 3914 eorum
481 3859 757 3928 discipuli,
790 3872 950 3928 atque
978 3874 1164 3914 omnes
1202 3876 1297 3929 per
1322 3860 1564 3914 ordinem
1593 3875 1713 3914 suc-

137 3962 384 4002 cessores
412 3951 500 4019 qui
526 3966 693 4020 usque
714 3951 777 4003 ad
808 3950 935 4004 illud
970 3960 1177 4019 tempus
1200 3951 1251 4004 in
1273 3952 1474 4006 Christi
1502 3951 1714 4006 confes-

135 4037 288 4091 sione
343 4040 583 4093 vivcnles
624 4039 940 4094 ltomousiou
988 4040 1302 4094 vocabulum
1359 4041 1666 4109 ignorabant
1695 4079 1711 4103 ,

134 4125 431 4193 impietatis
471 4127 807 4195 sacrilegium
854 4129 906 4181 itt
940 4128 1057 4181 fidei
1096 4131 1317 4182 vnritate
1355 4138 1568 4183 secutos
1596 4144 1716 4184 esse

133 4217 410 4280 dicemus;
437 4232 531 4284 pro
564 4232 628 4271 eo
660 4219 865 4271 scilicet
888 4219 1028 4286 quod
1059 4219 1215 4286 hujus
1245 4219 1472 4273 nominis
1498 4220 1717 4274 notione

134 4304 360 4373 privati,
391 4306 508 4359 sine
533 4306 698 4374 ipsius
731 4306 1120 4375 prmdicatiouis
1143 4307 1439 4360 assertione
1471 4323 1720 4375 perrexe-

135 4404 263 4450 runt
291 4395 357 4449 ad
404 4394 722 4450 Christum?
769 4396 824 4451 Si
857 4397 998 4450 enim
1031 4412 1059 4449 a
1091 4396 1275 4462 nobis,
1309 4406 1367 4451 ut
1394 4397 1479 4451 isti
1509 4398 1719 4465 penitus

135 4486 492 4547 mentiuntur,
518 4500 655 4538 nova
680 4484 1115 4539 introducebatur
1141 4494 1323 4539 contra
1356 4488 1714 4556 apostolorqu

1818 1987 2013 2027 nomen
2042 1980 2143 2039 est,
2181 1985 2285 2025 non
2318 1970 2539 2024 dubium
2569 1970 2693 2037 quin
2732 1977 2785 2022 et
2813 1983 2897 2022 res
2935 1981 3074 2020 nova
3114 1968 3203 2032 sit,
3229 1981 3385 2036 quam

1817 2061 2119 2131 signiﬁcare
2149 2060 2377 2115 videtur.

1888 2162 2200 2216 Athanasius
2244 2162 2420 2216 dixit:
2477 2160 2618 2231 Ergo
2668 2160 2870 2230 pariter
2919 2174 3031 2214 rem
3086 2172 3385 2227 nomenque

1818 2254 2144 2307 condemnas
2164 2254 2187 2306 ἲ
2688 2266 2691 2269 '

1896 2353 2044 2406 Arius
2074 2344 2240 2406 dixit:
2269 2352 2341 2406 Ita
2377 2352 2551 2421 plane.

1894 2452 2203 2505 Athanasius
2260 2454 2425 2507 dixit:
2458 2453 2621 2522 Igitur
2650 2454 2693 2508 si
2724 2454 3157 2509 demonstravero
3189 2456 3263 2510 rei
3292 2471 3387 2510 an-

1826 2542 1981 2611 tiqua:
2008 2552 2060 2596 et
2090 2544 2157 2595 ab
2181 2544 2437 2611 apostolis
2470 2544 2674 2597 traditae
2707 2559 2898 2598 novum
2933 2560 3123 2599 nomen
3168 2547 3388 2601 attribu~

1800 2619 1940 2686 'tum
1984 2632 2169 2699 fuisse,
2204 2632 2399 2686 victum
2447 2643 2498 2688 te
2538 2634 2748 2687 tandem
2792 2633 3085 2689 fateberis?
3115 2638 3194 2689 An
3230 2635 3390 2691 etiam

1804 2723 1901 2783 sic
1931 2739 2045 2777 rem
2086 2725 2354 2793 antiquam
2385 2723 2541 2779 simul
2570 2739 2691 2780 cum
2743 2726 2971 2780 nominis
3002 2727 3237 2782 novitate
3265 2741 3393 2783 con-

1825 2813 2087 2868 detnnas?

1895 2906 2047 2958 Arius
2078 2906 2245 2959 dixit:
2280 2905 2388 2960 lloc
2419 2920 2524 2961 non
2556 2906 2827 2962 ostendes.

1898 3004 2099 3059 Probus
2129 3006 2298 3076 judex
2324 3008 2494 3061 dixit:
2528 3008 2589 3062 Et
2620 3023 2739 3076 qua:
2767 3008 2901 3062 ratio
2930 3022 3103 3062 causa:
3129 3007 3160 3061 ﬁ
3195 3008 3392 3078 gitabat

1826 3109 1880 3154 ut
1920 3114 2006 3171 res
2049 3100 2263 3169 antiqua
2314 3116 2509 3155 novum
2551 3102 2818 3170 acciperet
2849 3104 3087 3156 nomen?
3129 3102 3391 3171 Numquid

1742 3212 1787 3274 ε
1823 3192 1962 3243 enim
1989 3182 2302 3260 priusquam
2317 3191 2473 3259 hujus
2495 3192 2727 3246 nominis
2751 3193 3066 3247 vocabulum
3091 3195 3392 3259 sortiretur,

1819 3282 1935 3335 sine
1964 3284 2193 3336 nominis
2225 3282 2547 3351 proprietate
2577 3283 2859 3337 manebat?
2891 3284 3001 3339 lloc
3028 3286 3228 3340 nullam
3262 3286 3392 3341 mihi

1819 3372 2036 3426 rationis
2065 3374 2504 3441 consequentiam
2538 3374 2733 3429 habere
2765 3374 2993 3430 videtur.

1888 3473 2038 3527 Arius
2075 3474 2205 3528 dixit
2228 3490 2247 3528 :
2274 3474 2505 3543 Optime.

1888 3575 2200 3630 Athanasius
2235 3578 2405 3632 dixit:
2450 3578 2840 3632 Ecc.estastte.e
2871 3592 3085 3647 semper
3123 3581 3285 3633 moris
3313 3589 3395 3635 est

1802 3668 2135 3738 disciplinae,
2162 3671 2205 3726 si
2235 3671 2448 3740 quando
2472 3670 2846 3726 haereticorum
2874 3687 3009 3726 nova
3035 3672 3269 3726 doctrina
3301 3687 3395 3725 ex-

1815 3760 2008 3831 surgit,
2028 3771 2212 3816 contra
2244 3763 2539 3817 insolentes
2569 3764 2920 3832 qumssionum
2949 3764 3210 3819 novitates
3238 3763 3396 3819 rebus

1818 3852 2224 3908 immtttabiliter
2244 3850 2696 3923 permanentibus,
2721 3855 2990 3908 nominttm
3010 3857 3264 3909 vocabula
3294 3855 3393 3907 im-

1816 3954 2044 4010 mutare,
2074 3956 2123 4000 et
2151 3947 2539 4016 significantius
2574 3961 2750 4001 rerum
2794 3956 3008 4001 naturas
3049 3948 3393 4016 exprimere;

1808 4051 1935 4104 qua:
1983 4046 2160 4091 tamen
2213 4036 2557 4092 existentium
2603 4050 2881 4090 causarum
2939 4037 3221 4089 virtutibus
3269 4052 3394 4090 cou-

1815 4137 2031 4196 gruant,
2069 4136 2125 4181 ct
2148 4142 2265 4195 qua:
2298 4128 2467 4195 magis
2499 4127 2713 4180 easdem
2745 4127 3037 4194 antiquitus
3088 4128 3252 4180 fuisse
3296 4128 3394 4180 de-

1818 4226 2142 4279 monstrent,
2159 4231 2264 4271 non
2287 4227 2437 4271 ortus
2455 4218 2738 4270 novitatem
2760 4216 3049 4269 insinuent.
3068 4217 3152 4283 Et,
3177 4227 3230 4272 ut
3254 4218 3396 4287 quod

1820 4306 1941 4360 dico
1982 4306 2191 4373 planius
2224 4307 2335 4374 ﬁat,
2373 4316 2496 4359 utor
2540 4307 2804 4374 exemplo.
2839 4305 2896 4361 ltt
2932 4307 3047 4376 ipso
3074 4307 3397 4363 Christiana:

1824 4396 2095 4466 religionis
2138 4397 2529 4465 praedicationis
2565 4397 2748 4463 initio,
2780 4412 2967 4453 omnes
2995 4398 3080 4467 qui
3105 4398 3397 4455 credebant

1824 4490 2050 4544 Domino
2099 4500 2284 4544 nostro
2320 4491 2448 4545 Jesu
2493 4488 2745 4554 Christo,
2787 4489 2907 4543 ‘non
2939 4489 3257 4554 Christiani,
3298 4492 3393 4544 sed

141 4583 335 4628 statuta
378 4574 643 4637 doctrina,
682 4575 731 4628 id
775 4576 955 4640 utique
989 4575 1316 4629 conveniens
1355 4584 1469 4630 erat
1508 4592 1658 4631 nova:
1688 4592 1716 4629 a
1747 4570 1798 4631 D
1823 4580 2067 4651 discipuli
2112 4581 2479 4635 tantummodo
2525 4582 2956 4635 nominabantur.
2992 4581 3055 4637 Et
3086 4583 3208 4653 quia
3241 4584 3395 4641 multi

140 4665 287 4717 nobis
312 4667 530 4733 ingesta:
563 4665 815 4718 doctrinm
844 4666 1074 4734 antiquis
1101 4665 1463 4735 apostolorum
1491 4666 1709 4723 obviare

141 4754 415 4818 doctrinis,
445 4765 499 4809 et
530 4758 746 4809 novitati
778 4766 1041 4810 vetustate
1070 4759 1440 4825 praescribere,
1484 4776 1587 4812 non
1619 4775 1710 4813 vc-

144 4857 387 4902 tttstatctn
431 4850 665 4903 novitate
709 4850 1047 4917 pervertere?
1090 4849 1281 4918 thuid
1330 4851 1431 4905 hoc
1461 4852 1588 4904 mihi
1619 4866 1713 4905 no-

144 4954 257 4993 met
300 4940 630 5008 sequendum
664 4940 934 5008 imponit?
969 4941 1160 5007 thuid
1195 4957 1279 4995 tne
1308 4942 1375 4995 ad
1408 4942 1704 5017 hujusmodi

143 5032 422 5084 novitatem
463 5031 747 5085 violentius
781 5031 985 5084 trahit?
1034 5032 1225 5101 lthuid
1271 5032 1372 5086 hoc
1401 5034 1707 5101 apostolica:

146 5120 258 5175 fidei
295 5120 641 5189 superadjicit
674 5123 921 5187 verbum,
956 5122 1109 5191 cujus
1147 5137 1244 5177 nec
1274 5124 1545 5191 prOpltetze
1584 5126 1704 5193 qni-

146 5210 274 5278 dem,
300 5229 396 5267 nec
428 5213 655 5279 apostoli
686 5216 886 5282 uspzam
920 5214 1118 5268 faciunt
1158 5214 1522 5269 mentionem?
1553 5214 1703 5281 Quod

147 5300 297 5372 iStud,
326 5320 531 5373 quaeso,
566 5320 758 5358 nomen
796 5313 899 5369 est,
932 5304 1048 5359 sine
1078 5321 1179 5369 quo
1201 5304 1332 5357 ftdcs
1356 5306 1555 5373 integra
1586 5319 1707 5359 esse

150 5410 243 5449 non
272 5400 461 5465 possit,
493 5399 609 5453 sine
634 5414 738 5467 quo
764 5397 1051 5451 Christiani
1087 5396 1403 5451 Christiana}
1435 5399 1708 5466 relig90nis

148 5487 455 5545 abdicantur
496 5490 748 5544 honore?
782 5490 951 5546 Unum
1000 5491 1142 5544 enim
1190 5506 1220 5546 e
1266 5491 1472 5544 duobus
1521 5492 1571 5544 in
1615 5495 1711 5545 hac

150 5591 294 5632 causa
325 5582 479 5651 sequi
510 5596 730 5636 necesse
760 5592 859 5636 est.
892 5582 947 5637 Si
978 5598 1102 5635 vera
1130 5592 1210 5635 est
1242 5582 1502 5636 hontottsii
1539 5598 1712 5637 asser-

154 5669 235 5731 lio,
268 5670 395 5728 falsa
424 5674 527 5727 erit
552 5675 911 5743 apostolorum
956 5674 1280 5743 praedicatio,
1321 5690 1438 5745 quae
1468 5677 1582 5730 sine
1614 5678 1713 5733 hoc

154 5762 357 5819 nomine
384 5765 540 5832 longa
574 5781 667 5834 per
699 5773 931 5830 tempora
962 5766 1139 5821 floruit
1184 5766 1236 5823 Si
1270 5782 1396 5822 vero
1420 5769 1709 5833 apostolica

1812 4688 2074 4727 novorum
2106 4672 2415 4743 dogmatum
2451 4682 2698 4727 auctores
2738 4674 3089 4738 exstiterunt,
3132 4674 3395 4729 doctrina:

1814 4767 2089 4821 obviantes
2129 4768 2458 4835 apostolicre,
2499 4782 2793 4834 omnesque
2824 4776 3117 4823 sectatores
3156 4785 3280 4825 suos
3311 4770 3392 4827 di-

1816 4859 2051 4927 scipulos
2080 4859 2449 4913 nominabant:
2480 4874 2576 4913 nec
2609 4869 2716 4913 rrat
2743 4861 2845 4913 tl‘la
2878 4862 3108 4916 nominis
3138 4862 3394 4917 discretio

1816 4949 1954 5004 inter
1977 4964 2130 5003 veros
2150 4949 2419 5017 falsosque
2440 4948 2764 5017 discipulos;
2785 4965 2904 5003 cum
2928 4954 3039 5005 sive
3056 4952 3145 5020 qui
3172 4953 3391 5019 Christi,

1816 5040 1929 5093 sive
1957 5040 2045 5108 qui
2081 5039 2347 5104 Dositltei,
2388 5040 2501 5094 sive
2535 5040 2762 5108 Cepltte,
2812 5043 2924 5095 sive
2964 5042 3237 5109 Tlteodte,
3279 5045 3394 5099 sive

1820 5130 1970 5185 Judce
1997 5130 2268 5199 cujusdam
2291 5176 2305 5198 ,
2340 5132 2454 5185 sive
2492 5134 2652 5184 etiam
2682 5132 2903 5186 Joannis
2938 5142 3259 5195 sectatores,
3302 5150 3370 5202 qu

1820 5235 1879 5277 se
1901 5224 2047 5292 quasi
2066 5222 2278 5276 Christo
2306 5223 2528 5278 Credere
2546 5223 2863 5289 fatebantur,
2882 5240 2991 5279 uno
3007 5227 3390 5293 disc‘pulorunt

1822 5313 2037 5367 nomine
2060 5323 2427 5369 censerentur.
2450 5315 2601 5369 'l‘unc
2621 5316 2845 5383 apostoli
2868 5320 3251 5371 convenientes
3280 5317 3383 5368 Au-

1821 5406 2096 5475 tioehiam,
2124 5408 2261 5460 sicut
2285 5422 2468 5461 eorum
2496 5408 2660 5477 (Luca
2687 5410 2958 5477 narrante)
2980 5409 3212 5461 indicant
3238 5409 3375 5459 Acta

1818 5488 2005 5551 omnes
2028 5497 2315 5565 discipulos
2339 5514 2477 5552 novo
2493 5500 2599 5569 95
2624 5499 2858 5564 nomine,
2884 5500 2932 5551 id
2958 5508 3038 5551 est
3060 5498 3395 5550 Christianos

1817 5588 2180 5656 appellarunt,
2223 5590 2592 5644 discernentes
2623 5604 2717 5642 eos
2760 5605 2788 5642 a
2837 5588 3106 5641 communi
3139 5586 3391 5640 falsorum

1819 5680 2199 5749 discipulorum
2238 5683 2528 5747 vocabulo;
2561 5689 2620 5735 ut
2655 5690 2709 5734 et
2741 5680 2904 5734 divini
2932 5695 3027 5747 per
3054 5680 3244 5735 Isaiam
3272 5688 3394 5735 ora-

1819 5772 1923 5826 culi
1967 5788 2146 5827 scrnto
2196 5774 2542 5843 impleretur,
2592 5784 2697 5839 quo
2732 5769 2842 5822 ait:
2898 5769 3235 5826 Servientt'um
3278 5787 3392 5825 vtro
