3990 6390
647 367 749 424 165

1935 364 2158 421 ViGIl."
2197 366 2573 425 TAPSENSIS
3737 381 3790 435 Iil

644 479 803 539 mihi,
834 476 1090 531 vocabitur
1126 491 1305 528 nomen
1354 490 1533 527 novum
1573 472 1725 544 (lsai.
1765 489 1899 542 μιν,
1927 477 2024 542 l5,
2056 482 2213 549 juxta
2243 488 2288 543 Α
2320 478 2732 544 verisimilibus,
2774 494 2877 533 non
2904 497 2972 534 es
3016 482 3227 535 ratiune
3253 482 3458 548 vicinis,
3486 498 3580 537 non
3606 486 3659 539 ad
3690 488 3789 543 intel-

648 570 840 637 LXX).

718 661 829 714 XII.
867 660 1010 713 llauc
1054 673 1181 725 ergo
1223 657 1289 709 ab
1337 646 1593 724 aposolis
1631 654 1911 722 traditam,
1962 656 2012 709 in
2065 658 2219 712 novis

648 751 846 806 utendo
881 750 1183 803 nominibus
1213 751 1434 800 fortnam
1471 747 1707 802 Ecclesia
1742 748 1999 811 retinens,
2034 756 2219 802 contra

647 844 892 894 diversos
930 840 1237 903 hazreticos,
1276 849 1331 891 ut
1366 853 1510 892 sanie
1550 838 1669 891 fidei
1718 839 1854 891 ratio
1896 840 2217 906 postulabat,

647 934 890 984 diversas
934 928 1099 983 edidit
1147 929 1420 981 nominum
1468 929 1751 981 novitates.
1797 926 2033 995 Denique
2082 928 2221 981 Patri

652 1035 848 1072 iiovum
877 1018 1299 1073 inuascibilitatis
1327 1034 1522 1072 nomen
1544 1017 1780 1071 Ecclesia
1806 1018 2221 1086 imposuit.Cum

651 1112 792 1164 cnim
822 1110 1120 1164 Sabelliana
1152 1110 1371 1164 hatresis
1400 1109 1639 1179 genitum
1672 1124 1735 1163 ex
1761 1108 1979 1178 Virgine
2011 1111 2223 1165 Patrem

654 1204 908 1258 voluisset
934 1217 1193 1267 asserere,
1223 1203 1510 1270 ingenitum
1543 1210 1728 1255 contra
1759 1200 1893 1254 hanc
1920 1202 2225 1257 conﬁtendo

656 1294 889 1347 Ecclesia
927 1292 1145 1346 tradidit
1177 1291 1410 1345 Patrem.
1454 1288 1520 1343 Et
1548 1289 1729 1358 utiqttc
1777 1290 1827 1342 in
1859 1290 2050 1343 divinis
2082 1289 2227 1345 Scri-

654 1384 820 1453 pturis
852 1385 1142 1453 ingenitum
1181 1396 1446 1450 nusquam
1490 1381 1713 1450 legimus
1761 1381 1994 1436 Patrem.
2048 1383 2229 1437 Potest

650 1490 782 1542 ergo
824 1474 1089 1529 Sabellius
1125 1472 1402 1526 audaciam
1443 1486 1593 1524 suam
1640 1472 1693 1525 in
1732 1472 1887 1539 hujus
1944 1472 2227 1527 calumnia:

651 1565 934 1619 obvertere
980 1563 1325 1633 quaastiouem
1348 1602 1360 1625 ,
1393 1571 1445 1615 et
1474 1561 1633 1631 simili
1664 1570 1720 1614 ut
1751 1571 1804 1621 tu
1850 1562 2225 1631 propositionis

653 1672 854 1727 genere
892 1655 998 1720 uti,
1032 1671 1137 1724 quo
1180 1654 1354 1710 dicat:
1395 1653 1503 1707 Cur
1542 1654 1735 1709 divinis
1780 1656 2067 1723 Scripturis
2105 1656 2223 1710 sine

657 1752 768 1803 ullo
794 1757 1075 1816 prOSpectu
1109 1746 1325 1816 pudoris
1358 1746 1660 1801 violentiam
1700 1747 1891 1808 Iacitis,
1928 1747 2233 1815 proﬁtendo

2323 569 2590 638 ligendum
2622 571 3058 637 provocantibus,
3084 586 3187 624 non
3224 574 3287 624 ad
3312 573 3361 624 id
3394 574 3702 640 profitendum
3724 583 3775 645 pie
3850 569 3851 599 1

2322 668 2430 713 tate
2457 658 2578 713 ﬁdei
2606 660 2885 723 suadente,
2916 662 3007 745 sed
3045 677 3172 729 [tura
3202 672 3254 715 et
3296 664 3434 715 nuda
3460 664 3700 719 verborum
3720 685 3793 735 pro.
3852 658 3853 693 1

2324 750 2549 819 prietate
2582 751 2680 804 hoc
2701 751 2957 818 scriptum
2982 752 3224 819 ostende,
3243 756 3551 822 ingenitum,
3576 767 3650 808 aut
3673 758 3794 825 impas-

2326 838 2531 891 sibilem
2557 839 2789 903 Patrem,
2815 841 3009 894 Filium
3035 856 3158 895 vero
3185 842 3348 896 Deum
3377 858 3439 896 ex
3472 844 3588 905 Deo.
3612 845 3793 899 lumeuet

2326 928 2544 992 lumine,
2572 940 2661 981 aut
2688 930 2823 983 Patri
2845 930 3077 985 similem
3100 946 3240 985 esse.
3262 932 3393 985 Nolo
3426 933 3545 986 mihi
3573 936 3712 988 dicas:
3737 938 3793 989 hoc

2326 1017 2447 1072 ﬁdei
2475 1020 2609 1073 ratio
2639 1022 2839 1087 poscit:
2879 1021 2979 1074 hoc
3008 1021 3173 1089 pietas
3198 1024 3386 1075 docet:
3430 1023 3491 1076 ad
3522 1024 3639 1078 hanc
3660 1041 3722 1079 me
3742 1044 3795 1079 uo-

2326 1110 2483 1162 minis
2514 1109 2897 1178 professionem
2929 1112 3324 1178 Scripturarum
3356 1126 3694 1182 consequentia
3724 1132 3793 1183 pro

2328 1206 2500 1251 vocat.
2522 1198 2931 1268 Nolo,inquam,
2950 1201 3079 1255 mihi
3110 1204 3233 1255 talia
3263 1203 3550 1267 obtendas;
3573 1205 3673 1273 quia
3697 1216 3796 1259 etme

2328 1288 2523 1341 similia
2544 1290 2611 1342 de
2647 1290 2909 1344 homousii
2943 1292 3255 1360 probatione
3284 1297 3488 1360 respuis
3514 1295 3795 1363 prolerentem.

2330 1379 2434 1433 Sed
2466 1379 2603 1435 ferto
2632 1382 2683 1433 in
2713 1382 2958 1437 manibus
2980 1383 3279 1437 divinorum
3304 1384 3618 1437 voluminum
3643 1386 3797 1445 codices,

2332 1479 2386 1521 et
2413 1472 2601 1523 eodem
2648 1485 2802 1534 sono,
2831 1472 3125 1542 iisdemque
3152 1474 3375 1543 syllabis
3402 1474 3722 1543 prmdictorum
3749 1490 3799 1527 vo-

2330 1560 2642 1615 cabulorum
2675 1566 2884 1617 nomina
2910 1564 3071 1617 indita
3107 1565 3242 1634 lege.
3267 1568 3370 1618 Aut
3397 1568 3605 1619 ostende
3629 1565 3798 1634 scriptum

2336 1652 2527 1707 Filium
2552 1653 2692 1708 Patri
2717 1656 2968 1718 similem.
2988 1668 3076 1723 aut
3102 1657 3266 1712 fatere
3290 1658 3799 1724 dissimilem.Qnohirc

2334 1759 2605 1812 erumpas,
2635 1761 2741 1815 quo
2768 1761 2976 1801 rursum
3007 1750 3202 1801 evadas
3233 1764 3339 1801 non
3368 1758 3470 1801 est.
3494 1748 3611 1801 Tuis
3636 1756 3677 1800 te
3696 1749 3801 1813 impli-

656 1837 1024 1899 ‘uiuascibilem
1065 1836 1271 1891 Patrem
1300 1852 1314 1902 ;
1353 1837 1491 1907 quod
1523 1837 1777 1906 scriptum
1815 1836 2097 1891 ostendere
2126 1851 2233 1891 non
2266 1845 2312 1905 Β
2336 1835 2498 1889 citum
2540 1838 2921 1905 propositionis
2953 1836 3176 1891 nexibus
3205 1838 3473 1892 enodandi
3512 1838 3696 1891 facultas
3715 1837 3799 1889 nulla

658 1930 887 1984 valetis?
920 1928 1047 1982 Item
1086 1930 1205 1998 quia
1254 1944 1375 1983 eum
1412 1944 1515 1982 non
1554 1931 1723 1983 solum
1755 1930 2027 1998 genitum,
2058 1929 2150 1983 sed
2178 1939 2232 1984 et

658 2034 873 2088 passum
931 2019 1090 2088 impio
1136 2019 1386 2089 dogmate
1431 2020 1570 2074 idem
1610 2020 1873 2076 Sabellius
1918 2022 2228 2090 proﬁtetur,

660 2112 811 2165 vobis
849 2113 901 2165 In
931 2126 1092 2163 unum
1140 2111 1613 2175 convenientibus,
1660 2110 1798 2165 inter
1836 2122 2056 2165 caateras
2103 2126 2234 2180 quas

662 2201 1037 2272 promulgastis
1067 2202 1189 2257 lidei
1213 2204 1536 2269 sanctiones,
1572 2202 1778 2257 dixistis
1809 2202 2016 2257 Patrem
2046 2204 2236 2272 impas-

661 2292 872 2346 siblem
902 2306 1042 2357 esse,
1079 2292 1218 2361 quod
1250 2294 1515 2362 religiose,
1542 2304 1832 2363 sancteque
1866 2309 1959 2347 vos
1986 2296 2235 2350 statuisse

664 2384 970 2451 probamus.
1010 2383 1114 2437 Sed
1156 2384 1256 2437 hoc
1306 2382 1445 2437 idem
1480 2384 1571 2437 ille
1611 2385 1921 2453 proclamat.—
1951 2384 2235 2452 QuOuSque

662 2485 857 2531 vestra:
910 2476 1137 2531 licentiae
1187 2476 1461 2529 audaciam
1515 2476 1881 2545 protenditis;
1939 2475 2234 2544 proﬁtendo

658 2570 801 2639 quod
846 2569 1104 2638 scriptum
1154 2583 1259 2622 non
1304 2568 1526 2638 legistis,
1574 2568 1955 2636 impassibilcm
1999 2567 2232 2632 Patrem,

657 2660 801 2730 quod
829 2675 927 2716 nec
949 2660 1223 2729 prephetae
1247 2659 1598 2724 tradiderunt,
1623 2673 1723 2713 nec
1752 2658 1979 2728 symboli
2008 2659 2237 2712 authen-

660 2752 749 2806 tici
795 2750 1009 2805 tradidit
1057 2752 1380 2817 auctoritas,
1427 2750 1520 2804 sed
1573 2758 1747 2809 vestra
1797 2759 1881 2805 est
1936 2752 2233 2804 temeritate

663 2849 1062 2909 praesumptum.
1090 2840 1290 2894 Rursus
1312 2840 1715 2909 prosequimini,
1742 2851 1795 2895 et
1820 2841 1958 2894 hanc
1975 2841 2237 2910 religiosa:

664 2932 1011 2986 confessionis
1043 2931 1200 2986 ﬁdem
1234 2932 1303 2986 de
1336 2932 1470 2987 Filio
1499 2931 1781 2995 statuistis,
1816 2932 1981 2985 Deum
2011 2947 2130 2986 eum
2159 2932 2239 2985 di-

663 3036 846 3079 centes
876 3040 942 3078 ex
974 3025 1109 3089 Deo,
1143 3026 1319 3078 lumen
1356 3040 1420 3078 ex
1454 3025 1673 3078 lumine.
1707 3023 1821 3079 Jam
1860 3024 1946 3078 hic
1990 3025 2234 3092 Photino,

664 3119 751 3186 qui
786 3132 850 3171 ex
898 3117 1144 3171 humanm
1182 3118 1549 3185 generationis
1591 3125 1777 3170 natura
1822 3117 2028 3171 initium
2058 3117 2239 3169 tribuit

2331 1926 2655 1994 suppeditat.
2681 1930 2784 1982 Ant
2808 1930 3043 1983 concede
3066 1930 3189 1981 mihi
3217 1944 3280 1982 ex
3304 1929 3714 1997 consequentibus
3732 1943 3801 1994 pro

2341 2016 2469 2069 bare
2506 2017 2843 2083 homousion,
2869 2018 2919 2071 id
2952 2027 3037 2071 est
3062 2019 3215 2071 unius
3246 2019 3555 2073 substantia:
3584 2019 3803 2072 ﬁdemzattl

2337 2110 2381 2163 si
2403 2110 2701 2165 concedere
2724 2111 2962 2165 nolueris
2989 2111 3224 2179 neganda
3247 2120 3374 2165 sunt
3402 2112 3494 2165 tibi
3524 2112 3803 2175 univcqu

2337 2200 2450 2268 ipse
2482 2200 2703 2265 fateris;
2743 2202 2864 2271 quia
2896 2216 2956 2256 ea
2989 2202 3127 2255 nude
3168 2203 3335 2269 posita
3372 2202 3600 2255 invenire
3632 2213 3803 2267 nusquam

2336 2291 2520 2357 utique
2559 2293 2776 2359 poteris.

2403 2383 2509 2452 97
2559 2382 2696 2439 XIV.
2750 2383 2950 2439 Probus
2987 2387 3152 2455 judex
3201 2386 3329 2440 dixit
3377 2402 3396 2439 :
3432 2385 3487 2441 Si
3532 2382 3806 2439 ecclesiastica

2337 2475 2743 2530 consuetudinis
2785 2491 2902 2532 mos
2937 2488 3018 2530 est
3048 2484 3106 2530 ut
3132 2477 3305 2545 aliqua
3334 2479 3610 2532 verborum
3639 2472 3804 2527 vocabula

2336 2565 2407 2619 ob
2432 2567 2756 2622 coercendos
2784 2567 3151 2623 haereticorum
3176 2578 3353 2621 motus
3378 2569 3430 2621 in
3457 2568 3569 2621 ﬁdei
3588 2566 3805 2619 auclorilale

2338 2658 2481 2713 unde
2508 2668 2791 2727 ponantur,
2820 2676 2939 2729 qua:
2968 2671 3143 2714 tamen
3182 2664 3391 2715 ratione
3427 2677 3489 2716 ex
3528 2655 3805 2728 consequentia

2338 2762 2514 2803 rerum
2560 2750 2909 2805 existentium
2953 2752 3281 2815 veStiantur;
3316 2752 3443 2805 dum
3479 2766 3643 2805 eorum
3670 2748 3805 2803 veritas.

2338 2850 2403 2894 es
2448 2854 2550 2909 qua
2600 2840 2858 2910 originem
2907 2852 3144 2908 sumunt,
3184 2844 3384 2897 divinis
3423 2844 3659 2900 contineri
3691 2839 3808 2894 litteris

2340 2933 2636 2997 invenitur;
2669 2936 2791 3005 quid
2834 2935 2987 3002 dicis,
3021 2937 3146 2990 Ari?
3176 2936 3443 2992 Coucedis
3472 2937 3734 2991 homousion
3759 2931 3809 2996 (si-

2339 3033 2429 3079 cut
2456 3025 2783 3080 Athanasius
2809 3025 2961 3095 dicit)
2989 3028 3053 3079 de
3094 3028 3282 3080 divinis
3327 3028 3607 3097 Scripturis
3642 3042 3714 3094 per
3739 3038 3810 3074 con-

2339 3116 2613 3169 venientes
2640 3114 3029 3184 professionum
3064 3118 3351 3185 qualitates
3382 3119 3604 3187 probari,
3631 3132 3683 3169 an
3706 3111 3792 3165 non!

672 3208 829 3271 Filio,
869 3217 1062 3277 quanta
1108 3206 1470 3261 calumniandi
1516 3206 1727 3261 occasio
1780 3217 1984 3274 pateat,
2020 3207 2133 3277 ipse
2161 3217 2234 3274 tu,
2267 3209 2313 3272 ο
2415 3207 2567 3260 Arius
2601 3206 2730 3259 dixit
2752 3221 2771 3260 :
2795 3206 2896 3261 Iste
2925 3209 3104 3261 nescio
3133 3223 3233 3275 qua
3265 3210 3600 3278 syllogistica:
3620 3205 3721 3260 artis
3743 3217 3812 3255 ter-

665 3317 866 3373 quazso,
894 3304 1100 3357 metire.
1125 3300 1233 3355 Cur
1257 3302 1399 3355 enim
1432 3315 1538 3355 nou
1565 3300 1768 3355 similes
1790 3302 2239 3370 querimoniarum

669 3411 856 3450 causas
894 3394 1164 3448 intentat?
1197 3394 1305 3447 Cur
1350 3408 1454 3448 non
1498 3393 1658 3447 simili
1712 3394 2094 3447 vociferatione
2130 3396 2243 3460 ipse

673 3502 885 3555 quoque
915 3486 1163 3550 insaniat,
1196 3485 1409 3539 dicens:
1444 3484 1579 3551 Quid
1608 3484 1803 3550 dicitis,
1824 3483 1951 3554 quid
1984 3483 2240 3548 statuitis,

668 3580 793 3649 quid
820 3580 1147 3647 sequendum
1176 3591 1355 3634 γεμιιο
1376 3577 1578 3647 judicio
1605 3578 1835 3646 posteris
1864 3576 2091 3640 traditis,
2115 3590 2244 3630 con-

672 3670 870 3724 ﬁteudo
895 3670 1085 3725 Filium
1102 3671 1268 3725 Deum
1295 3686 1358 3724 ex
1382 3671 1508 3734 Deo,
1526 3669 1701 3723 lumen
1719 3685 1787 3723 ex
1811 3670 2041 3723 lumine?
2060 3670 2246 3723 Osten-

670 3760 783 3813 dite
806 3759 935 3814 mihi
959 3769 1135 3815 utrum
1156 3762 1207 3813 in
1230 3776 1290 3814 ea
1316 3760 1435 3813 ﬁdei
1460 3761 1647 3823 forma,
1680 3760 1729 3812 id
1753 3769 1836 3813 est
1859 3758 1909 3812 in
1936 3756 2244 3811 authentico

676 3850 925 3921 symbolo
966 3850 1108 3919 quod
1154 3850 1380 3918 apostoli
1433 3851 1798 3915 tradiderunt,
1848 3851 1949 3903 hoc
1986 3850 2243 3915 scriptum

674 3940 954 4011 legeritis?
976 3942 1079 3996 Sed
1103 3950 1384 3997 contentus
1411 3943 1672 4012 sum,96
1692 3950 1749 3995 ut
1771 3941 1839 3994 ibi
1862 3940 2115 4009 scriptum
2141 3956 2243 3994 non

682 4033 860 4101 fuerit,
892 4033 1081 4089 saltem
1115 4034 1241 4088 mihi
1271 4034 1339 4089 de
1370 4036 1643 4103 prophetis
1674 4035 1899 4101 legatur,
1931 4032 1998 4086 de
2028 4040 2245 4101 aposto-

678 4126 849 4180 lorum
906 4125 1096 4180 litteris
1131 4128 1461 4180 ostendatur.
1506 4126 1636 4192 Quis
1688 4125 1782 4177 has
1822 4138 2009 4177 vocum
2053 4123 2247 4178 toleret

676 4218 969 4272 novitates?
996 4218 1126 4284 Quis
1154 4217 1254 4272 hoc
1284 4219 1395 4271 suis
1417 4217 1697 4271 admittere
1724 4217 1968 4271 sensibus
1994 4216 2243 4285 patiatur,

676 4308 816 4373 quod
839 4321 1011 4375 neque
1042 4307 1315 4375 prepltctaa
1344 4323 1519 4375 neque
1546 4310 1767 4374 apostoli
1798 4308 2176 4362 tradidtrunt‘!

754 4397 889 4450 XIII.
917 4397 1044 4450 Item
1080 4399 1307 4450 similem
1339 4398 1479 4450 Patri
1515 4398 1701 4450 Filium
1731 4400 1909 4453 multis
1934 4410 1982 4453 et
2014 4401 2249 4454 celeber-

679 4487 829 4542 rimis
854 4488 1199 4541 conciliorum
1232 4498 1528 4541 vestrorum
1565 4489 1794 4543 decretis
1832 4492 2112 4544 statuistis.
2143 4493 2248 4545 Ex-

2340 3302 2480 3355 sutia
2512 3300 2866 3368 objectionem
2912 3315 3082 3353 meam
3109 3310 3333 3353 conatur
3361 3301 3591 3355 cludere.
3624 3299 3711 3364 Ego
3729 3293 3812 3348 enim
3900 3293 3901 3351 1

2344 3391 2444 3444 hoc
2474 3389 2602 3443 mihi
2630 3390 2835 3443 ostendi
2864 3388 3110 3443 desidero
3130 3434 3142 3453 ,
3178 3401 3355 3443 utrum
3396 3389 3683 3445 homousion
3709 3383 3815 3438 domi-

2343 3480 2477 3535 nica:
2517 3481 2587 3534 sit
2631 3480 2875 3535 lectionis
2914 3483 3229 3535 auctoritate
3271 3483 3642 3549 concriptum.
3678 3477 3726 3531 Et
3745 3474 3816 3526 ideo

2342 3580 2434 3627 aut
2474 3573 2687 3642 proprie
2732 3572 2957 3642 positqu
3005 3572 3163 3640 legat,
3202 3583 3291 3626 aut
3329 3573 3400 3627 ab
3441 3578 3554 3642 ejus
3580 3569 3817 3626 confessum

2344 3664 2577 3720 recedat.

2420 3755 2618 3809 Probus
2649 3758 2816 3828 jmlra:
2851 3757 2979 3811 dixit
3012 3773 3029 3811 :
3058 3758 3159 3811 5.:d
3205 3758 3355 3813 vides
3389 3750 3819 3827 quemadmodutsin

2349 3857 2400 3903 te
2430 3856 2570 3901 tuam
2599 3850 2792 3903 referat
2822 3851 3190 3918 qutesnonem,
3217 3859 3271 3903 et
3301 3851 3491 3905 iisdem
3517 3860 3564 3904 te
3584 3849 3736 3918 quibus
3752 3852 3821 3892 uie.

2347 3938 2421 3993 ris
2469 3942 2800 4009 constringat
2845 3942 3100 4005 articulis,
3152 3941 3503 4009 professionis
3549 3952 3639 3994 ltta‘.
3677 3931 3823 3990 manile'

2347 4029 2533 4095 stiote,
2568 4040 2622 4081 ut
2653 4029 2764 4097 ipse
2798 4030 2987 4098 exigis,
3014 4030 3354 4091 documento,
3387 4042 3446 4085 ut
3478 4031 3525 4085 ei
3554 4030 3613 4083 de
3638 4019 3823 4081 canonicis

2349 4122 2542 4177 litteris
2570 4125 2708 4178 nude
2736 4126 2963 4193 positum
3001 4125 3250 4177 ostendas
3280 4124 3656 4183 innascihilem,
3680 4125 3747 4169 aut
3768 4114 3833 4163 int-‘

2351 4215 2657 4284 passibilem
2686 4216 2917 4279 Patrem,
2952 4225 3043 4270 aut
3072 4217 3232 4269 Deum
3264 4233 3327 4269 ex
3363 4216 3493 4283 Deo,
3532 4226 3613 4267 aut
3642 4213 3826 4263 lumen?!

2354 4308 2573 4373 Ium'ne,
2605 4319 2695 4361 aut
2728 4308 2861 4361 Patri
2898 4309 3086 4362 Filium
3117 4309 3344 4363 similem
3388 4311 3540 4363 esse?
3563 4308 3675 4375 Qua:
3692 4300 3825 4359 omnia.

2350 4402 2394 4455 si
2429 4401 2642 4469 proprie
2686 4401 2854 4469 posita
2901 4402 3113 4455 minime
3145 4402 3516 4455 demonstrare
3544 4396 3751 4454 valueris,
3776 4402 3829 4440 ne-

2351 4492 2507 4558 gandi
2543 4492 2636 4543 tibi
2675 4492 2961 4545 necessitas
2998 4492 3315 4546 imminebit.
3344 4491 3440 4546 Cui
3485 4486 3738 4545 discrimini
3766 4482 3831 4533 ilIt.

678 4589 866 4649 surgat
895 4592 1035 4632 nunc
1066 4579 1377 4642 Eunomius,
1401 4579 1488 4646 qui
1526 4578 1835 4632 dissimilem
1863 4581 2166 4647 conﬁtetur,
2199 4592 2250 4637 et
2278 4568 2329 4627 ἶ)
2360 4590 2416 4632 ut
2440 4581 2565 4633 mihi
2590 4581 2818 4647 videtur,
2847 4584 2957 4635 sola
2984 4584 3177 4650 poterit
3214 4584 3348 4635 ratio
3380 4582 3667 4641 subvenire,
3698 4583 3738 4627 ut
3754 4585 3834 4622 cur

679 4670 862 4725 dicat:
916 4669 1013 4725 Ubi
1062 4671 1162 4724 hoc
1212 4669 1460 4739 legistis?
1497 4669 1581 4723 ubi
1635 4669 1885 4737 scriptum
1933 4671 2251 4738 reperistis?

684 4773 936 4817 utrumne
984 4763 1138 4817 Pater
1178 4779 1242 4816 an
1290 4764 1455 4817 Filius
1487 4762 1585 4816 hac
1613 4761 1680 4816 de
1712 4776 1771 4817 se
1804 4776 1930 4816 usus
1966 4772 2049 4817 est
2082 4765 2249 4819 voce?

684 4856 827 4924 Ergo
849 4864 925 4918 tu,
957 4855 1071 4917 Ari,
1104 4856 1191 4924 qui
1225 4872 1310 4911 me
1347 4857 1503 4909 hodie
1540 4856 1630 4910 tali
1658 4856 1976 4924 constringis
2002 4858 2245 4922 articulo,

682 4958 741 5003 ut
770 4948 1083 5003 homousiou
1118 4950 1329 5017 proprie
1374 4949 1602 5017 positum
1639 4949 1937 5013 ostendam,
1964 4958 2054 5001 aut
2087 4948 2250 5005 fatere

683 5050 871 5093 contra
919 5041 1209 5094 insolentes
1247 5050 1300 5093 et
1343 5038 1559 5093 furtivas
1592 5040 1855 5095 haeretica:
1884 5040 2249 5110 intelligentiae

684 5134 994 5203 pravitates,
1023 5132 1263 5201 qurcdam
1295 5133 1646 5187 confessionis
1673 5135 1883 5187 nomina
1916 5149 2019 5187 non
2051 5144 2251 5189 temere

682 5235 1031 5296 praesumpta,
1056 5225 1150 5279 sed
1176 5241 1241 5277 ex
1263 5225 1610 5292 consequenti
1636 5226 1841 5279 ratione
1860 5227 2103 5289 collecta,
2130 5226 2250 5279 ﬁdei

684 5319 1093 5375 auctoritatibus
1116 5317 1280 5371 fuisse
1311 5318 1534 5369 inserta:
1567 5321 1632 5368 ita
1657 5328 1712 5368 ut
1739 5325 1815 5369 tot
1844 5332 2101 5369 novorum
2135 5332 2253 5371 ver-

684 5409 872 5465 borum
913 5409 1160 5479 religioso
1201 5407 1470 5462 intellectu
1510 5409 1815 5461 exstiterint
1854 5408 2247 5471 absolutiones.

686 5516 812 5571 quot
844 5505 1038 5559 fuerint
1064 5504 1302 5573 qutcsitte
1336 5504 1415 5556 vel
1448 5502 1862 5556 subministrata:
1896 5503 2130 5571 perﬁdia!
2160 5519 2251 5558 oc—

686 5600 948 5654 casiones.
965 5598 1065 5652 Aut
1087 5600 1128 5651 si
1156 5598 1205 5650 id
1228 5597 1379 5650 fateri
1404 5595 1659 5661 uolueris,
1680 5598 1782 5649 tuis
1805 5605 1975 5651 tecum
2005 5597 2252 5666 objectio-

688 5689 846 5747 nibus
866 5706 1034 5760 agam.
1051 5689 1284 5745 Ostende
1308 5689 1432 5743 mihi
1463 5703 1570 5744 non
1593 5703 1661 5743 ex
1690 5688 2031 5757 coniecturis,
2057 5704 2165 5761 non
2187 5704 2249 5743 ex

2359 4672 2563 4725 cedatis
2610 4672 2758 4726 vobis
2801 4688 2862 4727 ea
2901 4688 3018 4742 quae
3059 4673 3110 4725 in
3150 4674 3387 4727 conciliis
3411 4673 3596 4726 vestris
3629 4663 3836 4721 uudesuut

2359 4764 2547 4833 posita,
2573 4764 2637 4817 de
2666 4765 3058 4833 Scripturarum
3088 4764 3318 4817 fontibus
3345 4778 3633 4818 emanasse.
3657 4758 3757 4812 Nam
3776 4751 3836 4840 hoc

2358 4856 2719 4909 contentionis
2749 4856 2878 4910 vitio
2913 4855 3275 4921 deputabitur,
3307 4865 3361 4907 ιιι
3389 4855 3733 4908 documentum
3758 4839 3837 4893 nudi

2358 4951 2874 5018 sermonisexigas,
2921 4951 3073 5016 cujus
3119 4948 3238 5002 ﬁdei
3287 4963 3501 5001 sensum
3544 4946 3593 4998 in
3630 4930 3840 5003 Scripturis

2356 5044 2624 5112 capiosius
2667 5045 2880 5097 noveris
2919 5042 3237 5095 redundare.
3272 5041 3496 5095 Sensum
3536 5037 3680 5105 igitur
3703 5035 3839 5096 quiﬁt»

2358 5135 2497 5189 unde
2534 5135 2775 5189 vocabuli
2815 5134 2969 5204 hujus
2996 5143 3180 5188 natura
3215 5133 3375 5185 traxit
3403 5130 3646 5200 originem
3671 5131 3742 5176 :et
3764 5126 3841 5167 tum

2358 5242 2570 5282 sensum
2615 5228 2899 5293 inveneris,
2946 5242 3139 5280 nomen
3193 5235 3243 5279 te
3285 5226 3481 5295 pariter
3520 5218 3750 5275 invenisse
3777 5218 3843 5259 n0"

2358 5318 2586 5373 dubites.
3362 5310 3365 5313 ﬁ

2432 5409 2545 5465 XV.
2588 5409 2896 5462 Athanasius
2942 5408 3070 5460 dixit
3108 5407 3579 5475 :Quantiscunque
3623 5386 3845 5478 rationilus

2358 5512 2496 5571 agat,
2530 5502 2827 5555 nullatenus
2860 5508 3030 5563 potest
3068 5500 3133 5552 ab
3180 5501 3276 5552 hac
3322 5498 3604 5550 intentione
3634 5490 3843 5541 removeo.

2360 5595 2515 5649 Novit
2557 5595 2698 5648 enim
2743 5593 3062 5657 certissime,
3108 5592 3226 5659 quia
3274 5591 3315 5643 si
3363 5588 3425 5641 ad
3470 5589 3565 5639 hoc
3599 5578 3845 5635 desccn‘u‘"

2363 5686 2541 5751 fuerit,
2571 5695 2629 5740 ut
2666 5701 2730 5740 ex
2762 5684 3142 5753 consequentia
3187 5683 3573 5752 Scripturarum
3610 5681 3741 5726 unam
3764 5669 3848 5715 0559

3854 764 3855 821 1

3856 868 3857 933 1

3858 972 3859 1051 1

3860 1078 3861 1149 1

3862 1182 3863 1247 1

3864 1288 3865 1377 1

3864 1392 3867 1496 1

3894 2964 3901 3343 1
