3990 6390
174 377 271 433 165

1164 375 1437 431 CONTRA
1481 374 1775 432 AIHANOS
1816 374 2176 431 DIALOGUS.
2221 371 2349 427 LIB.
2391 370 2455 426 11.

3314 376 3419 435 166

172 491 341 543 Patris
384 502 439 545 et
490 490 605 544 Filii
660 489 1011 545 substantiam
1055 492 1217 560 (quod
1260 478 1342 545 est
1398 491 1740 559 ltomousion)
1769 495 1819 552 Α
1849 498 1903 545 et
1949 490 2162 558 proprie
2209 488 2411 557 positas
2453 487 2584 555 lege.
2636 486 2691 541 Si
2740 487 2880 541 enim
2932 488 3053 543 Ideo
3102 494 3421 549 tiomousion

170 587 443 649 doceatur,
486 583 738 637 facillime
774 599 830 638 se
868 598 1026 653 posse
1067 583 1303 651 superari
1339 601 1351 635 :
1384 592 1437 637 et
1467 583 1583 636 ideo
1606 582 1742 635 ditii-

170 674 361 728 deutia:
391 689 453 727 ac
480 674 686 727 timoris
716 674 951 741 periculo
986 684 1154 737 actus,
1186 673 1309 726 nudi
1355 673 1622 727 sermonis
1653 673 1746 725 fla-

171 764 718 833 gitatdocumeutum.
750 764 854 819 Sed
887 766 995 819 suis
1013 774 1095 820 est
1116 766 1303 819 iterum
1330 764 1746 833 professionibus

175 854 639 923 constringendos.
679 856 864 925 Exigis
894 870 923 908 a
957 870 1043 910 me
1070 865 1123 909 ttl
1151 870 1308 910 unam
1344 855 1516 911 Patris
1545 866 1596 909 et
1627 855 1746 910 Filii

173 946 521 998 substantiam
540 946 650 1015 98
675 944 748 1016 (id
778 955 860 1000 est
888 946 1254 1015 ltomousion).
1290 945 1551 1013 scriptum
1571 956 1749 999 osten-

173 1034 313 1088 dam.
336 1035 413 1089 Tu
430 1045 607 1089 autem
634 1045 744 1091 tres
765 1037 927 1101 usias,
948 1036 1000 1090 id
1025 1045 1106 1091 est
1125 1044 1232 1090 tres
1253 1037 1598 1100 substantias,
1619 1051 1749 1090 con-

175 1128 362 1181 fiteris.
387 1126 622 1181 Ostende
654 1127 812 1195 igitur
848 1128 977 1181 mihi
1009 1127 1098 1181 ubi
1140 1127 1310 1197 legisti
1345 1136 1453 1182 tres
1497 1128 1657 1182 usias.
1693 1128 1749 1183 Si

175 1218 312 1271 enim
343 1233 441 1288 ego
468 1234 629 1272 unum
664 1219 789 1288 (hoc
812 1228 895 1274 est
918 1218 1259 1288 homousion)
1288 1220 1410 1273 ideo
1444 1233 1635 1289 negare
1660 1221 1753 1275 de-

177 1313 291 1372 beo,
325 1312 450 1380 quia
485 1310 584 1364 hoc
613 1312 751 1366 unde
786 1314 1043 1379 scripturn
1073 1328 1178 1365 non
1213 1314 1543 1367 inveniann
1567 1328 1752 1382 quem-

175 1403 458 1457 admodum
490 1404 657 1458 audes
696 1412 805 1458 tres
843 1406 990 1459 usias
1029 1404 1297 1469 confiteri,
1325 1420 1444 1459 cum
1486 1405 1585 1459 hoc
1614 1405 1755 1459 scri-

178 1502 320 1561 ptum
359 1509 620 1561 nusquam
653 1494 853 1561 poteris
882 1493 1286 1548 demonstrare?

247 1581 449 1635 Probus
486 1583 656 1651 judex
694 1584 825 1636 dixit
855 1599 874 1636 :
901 1584 955 1639 Si
987 1594 1159 1638 exstat
1197 1582 1411 1652 aliquod
1455 1598 1518 1637 ex
1561 1582 1755 1637 divinis

179 1673 586 1727 auctoritatibus
624 1674 1037 1737 documentum,
1088 1675 1303 1743 proprie
1352 1684 1405 1727 et
1451 1674 1756 1741 Specialitet'

182 1762 431 1829 positum,
466 1777 571 1831 quo
596 1765 921 1831 approbetur
948 1764 1135 1827 Patris,
1174 1774 1228 1817 et
1261 1764 1406 1830 Fili,
1439 1773 1493 1817 et
1521 1764 1755 1833 Spiritus

1847 596 2044 650 negare
2080 581 2273 646 debeo,
2317 582 2440 650 quia
2494 583 2591 633 lnie
2639 580 2894 649 scriptum
2940 581 3078 636 unde
3122 592 3421 637 monstrare

1850 685 1953 724 non
1984 670 2161 738 valeo,
2198 660 2501 725 necessario
2546 672 2767 725 triusion
2814 681 2939 726 tunc
2969 671 3121 727 fateri
3149 673 3337 733 debeo,
3364 662 3415 725 si

1850 763 2061 833 pr0prie
2091 763 2317 831 positum
2343 774 2394 817 te
2421 764 2734 819 ostendente
2756 778 3081 832 tognovero.

1920 854 2029 923 99
2056 851 2194 906 XVI.
2231 852 2383 906 Arius
2413 855 2541 907 dixit
2568 870 2590 909 :
2619 855 2869 910 Subsistit
2907 855 3119 924 proprie
3147 854 3321 918 Pater,
3352 874 3421 915 an

1852 944 1997 998 non?

1923 1035 2232 1089 Athanasius
2277 1036 2407 1088 dixit
2435 1050 2455 1089 :
2486 1036 2593 1089 Nisi
2636 1044 2745 1091 tres
2784 1037 2927 1090 usias
2975 1037 3185 1104 proprie
3224 1038 3424 1105 positas

1853 1125 2065 1192 imperis,
2099 1128 2301 1179 nullmn
2337 1126 2440 1179 tuis
2473 1128 2977 1196 interrogationibus
3021 1127 3157 1181 dabo
3204 1142 3426 1197 respon-

1852 1230 1993 1269 sum.
2025 1216 2153 1281 Quis
2181 1216 2323 1270 enim
2356 1230 2462 1268 non
2491 1214 2665 1269 videat
2692 1231 2799 1284 quo
2824 1226 2910 1270 tua
2946 1216 3126 1271 tendat
3163 1218 3426 1284 obiectio?

1856 1306 1946 1360 Vis
1969 1310 2109 1361 enim
2139 1317 2452 1374 argumento
2486 1307 2695 1360 callida:
2731 1308 3162 1377 interrogationis
3189 1311 3428 1364 diversas

1852 1400 2149 1467 approbare
2188 1399 2358 1453 Patris
2389 1408 2444 1453 et
2484 1398 2601 1453 Filii
2644 1400 3006 1453 substantias:
3036 1401 3128 1455 sed
3162 1401 3246 1454 hic
3274 1416 3427 1470 argu-

1856 1489 2050 1541 mentis
2088 1502 2193 1542 nou
2236 1501 2370 1557 opus
2411 1496 2515 1551 est,
2555 1488 2644 1541 ubi
2693 1487 3054 1542 manifestiore
3088 1492 3428 1557 proprietatis

1858 1577 2163 1632 testimonio
2206 1578 2365 1632 trium
2413 1578 2826 1632 substantiarnm
2873 1580 3100 1645 exigitur
3142 1580 3429 1635 documen-

1858 1678 1990 1723 tum.
2026 1670 2130 1725 Sed
2165 1671 2209 1724 si
2240 1686 2269 1724 a
2302 1670 2627 1739 proprietate
2664 1670 3092 1724 testimoniorum
3137 1671 3200 1723 ad
3251 1687 3428 1726 rerum

1858 1764 2290 1830 consequentiam
2320 1762 2548 1817 transire
2568 1762 2861 1827 desideras,
2887 1761 2985 1814 hoc
3008 1761 3177 1829 ipsum
3204 1763 3427 1831 publica:

180 1852 348 1906 sancti
391 1861 499 1906 tres
547 1854 709 1918 usias,
754 1862 968 1923 tresque
1006 1853 1089 1925 (ut
1131 1854 1332 1923 fateris)
1367 1868 1486 1909 esse
1516 1863 1750 1916 naturas,
1788 1856 1832 1914 Β
1859 1854 2205 1907 conscientia:
2248 1854 2568 1920 innotescat,
2615 1868 2722 1907 non
2762 1863 2811 1907 te
2858 1853 3093 1921 potuisse
3138 1863 3247 1907 tres
3288 1856 3431 1908 osias

179 1944 481 2012 proferatur
528 1962 541 1997 :
585 1960 688 2015 quo
744 1946 911 2014 possit
961 1945 1285 1999 Athanasius
1334 1960 1363 1998 a
1414 1945 1755 1999 confessione

181 2034 335 2087 unius
374 2035 686 2088 substantiae
725 2034 886 2104 (quod
935 2044 1018 2089 est
1063 2035 1409 2104 hontousinu)
1462 2035 1753 2089 declinare.

181 2122 309 2179 Cum
355 2128 496 2180 enim
545 2127 765 2181 triusion
821 2128 1032 2195 preprie
1084 2127 1135 2181 in
1190 2126 1481 2196 Scripturis
1529 2127 1756 2195 positum

181 2218 497 2281 ostenderis,
522 2218 798 2287 apparebit
816 2218 1165 2273 Athanasium
1199 2219 1500 2274 temeritate
1528 2220 1759 2287 pertina-

182 2306 414 2361 cissimus
446 2309 823 2363 obstinationis
865 2310 916 2363 in
960 2309 1224 2364 ltomousii
1268 2309 1604 2364 confessione
1637 2310 1760 2363 liac-

184 2406 341 2453 tenus
376 2402 714 2466 perdurasse,
757 2400 896 2469 quod
932 2401 1146 2469 proprie
1186 2400 1415 2468 positum
1446 2415 1552 2454 non
1589 2402 1763 2468 potuit

182 2488 571 2543 detnoustra-e.
604 2491 660 2543 Si
688 2504 818 2544 vero
847 2506 945 2544 nec
977 2498 1029 2542 tu
1062 2491 1177 2558 ipse
1215 2497 1322 2542 tres
1351 2491 1493 2543 usias
1532 2490 1759 2543 demou-

187 2590 362 2633 strare
407 2580 672 2644 valueris,
730 2582 840 2648 pari
894 2581 1021 2635 mihi
1071 2581 1395 2636 conditionis
1447 2584 1766 2637 necessitate

187 2670 448 2724 astrictus
473 2685 591 2724 esse
619 2670 903 2725 videberis.

258 2762 573 2813 Athanasius
595 2762 725 2813 dixit
750 2777 768 2814 :
798 2763 993 2816 Doceat
1014 2771 1120 2819 tres
1142 2763 1286 2818 usias
1310 2763 1523 2832 proprie
1546 2764 1766 2832 positas,

190 2860 244 2903 et
296 2850 431 2903 facio
476 2852 629 2904 unius
661 2850 994 2921 substantiae,
1026 2868 1144 2923 quae
1171 2865 1253 2908 est
1277 2854 1619 2923 bomousion,
1649 2869 1766 2910 ces-

189 2941 416 2994 sionem.

263 3033 414 3086 Arius
443 3034 571 3087 dixit
602 3050 623 3089 :
651 3034 704 3089 Si
735 3044 846 3090 tres
878 3046 1003 3090 sunt
1025 3036 1203 3102 Pater,
1227 3045 1278 3091 et
1304 3035 1493 3101 Filius,
1520 3045 1573 3091 et
1598 3036 1768 3105 Spiri-

193 3134 275 3176 tus
321 3134 556 3190 sanctus,
600 3128 901 3182 necessario
944 3135 1051 3183 tres
1095 3137 1219 3182 sunt
1257 3136 1311 3182 et
1352 3128 1683 3191 substantiae,
1713 3129 1765 3182 in

1860 1943 2078 2012 proprie
2104 1943 2303 2012 positas
2322 1944 2710 1999 demonstrare.
2739 1943 2942 1998 Etcum
2975 1959 3070 1998 nos
3099 1947 3306 2013 utrique
3332 1945 3431 2000 hoc

1858 2033 2083 2087 articulo
2124 2033 2465 2098 solverimus,
2496 2034 2887 2103 objectionibus
2929 2036 3011 2089 vel
3061 2037 3432 2106 interrogatio-

1861 2123 2013 2177 nibus
2040 2124 2145 2177 tuis
2178 2124 2502 2178 satisfaciam
2528 2138 2748 2179 necesse
2775 2133 2876 2179 est.

1933 2213 2134 2268 Probus
2164 2216 2317 2282 iudex
2342 2218 2473 2269 dixit
2500 2232 2518 2269 :
2541 2217 2809 2283 Quantum
2840 2227 3033 2272 vestra:
3057 2218 3432 2286 disputationis

1863 2305 2087 2361 intentio
2117 2316 2399 2371 monstrat,
2429 2322 2526 2361 nec
2554 2317 2607 2359 ttt
2638 2308 2976 2371 homonsion,
3028 2322 3125 2362 nec
3162 2314 3259 2363 iste
3302 2311 3433 2363 triu-

1863 2398 1981 2452 sion
2011 2399 2224 2467 proprie
2252 2410 2305 2453 et
2334 2398 2634 2466 specialiter
2660 2400 2888 2467 positum
2916 2400 3099 2453 valetis
3124 2401 3427 2455 ostendere.

1870 2487 2019 2542 Unde
2067 2504 2134 2543 ne
2180 2490 2367 2557 puerili
2412 2491 2808 2544 concertatimie
2854 2490 2903 2543 in
2951 2491 3109 2543 rebus
3153 2491 3436 2559 superfluis

1866 2576 2067 2631 diutius
2091 2577 2467 2640 immoremini,
2492 2578 2559 2630 ab
2586 2578 2682 2631 bac
2704 2581 2817 2646 puri
2838 2580 3110 2632 exaetioae
3131 2579 3435 2634 documenti

1870 2666 2083 2721 tandem
2128 2670 2338 2737 utrique
2367 2669 2633 2722 desinite:
2662 2677 2716 2722 et
2749 2684 2815 2722 ex
2862 2672 3201 2737 consequenti
3235 2672 3440 2725 ratione

1869 2765 1960 2809 aut
1994 2756 2304 2809 ltomousion
2332 2768 2420 2809 aut
2451 2757 2671 2810 triusion
2703 2758 2769 2811 de
2812 2758 3205 2827 Seripturarum
3254 2770 3437 2813 aucto-

1871 2849 2026 2903 ritate
2055 2848 2306 2918 colligite.
2331 2848 2442 2903 Non
2469 2850 2611 2903 enim
2639 2849 2717 2903 fas
2738 2849 2840 2903 erit
2860 2850 2926 2903 de
2954 2850 3182 2904 nominis
3204 2851 3441 2919 appella-

1871 2942 2015 2994 tione
2044 2940 2308 3009 dubitare,
2340 2955 2496 3009 quam
2532 2941 2952 2994 testimoniorum
2983 2942 3200 3009 copiosa
3238 2956 3439 3011 conge-

1869 3030 1973 3083 8tio
2002 3029 2205 3084 firmius
2236 3032 2429 3099 poterit
2456 3030 2730 3084 roborare.

1944 3120 2098 3175 Arius
2127 3122 2257 3175 dixit
2287 3136 2308 3176 :
2332 3123 2592 3188 Quoniam
2639 3123 2738 3176 ltoc
2769 3131 2854 3175 tua
2884 3120 3117 3177 decrevit
3153 3124 3439 3191 sententia,

194 3215 387 3280 quibus
418 3231 746 3288 unaquaeque
793 3234 1018 3287 persona
1062 3221 1348 3289 separatim
1379 3229 1435 3275 et
1462 3220 1764 3278 distinctius
1792 3216 1837 3278 C
1869 3214 2070 3269 debere
2098 3229 2195 3269 nos
2225 3215 2488 3269 rationum
2532 3214 2980 3283 persuasiOnibus,
3012 3231 3073 3268 ex
3108 3228 3283 3269 rerum
3314 3232 3442 3270 con-

196 3308 409 3375 proprie
441 3308 735 3364 subsistere
764 3323 1140 3379 cognoscatur.

265 3398 578 3455 Athanasius
618 3403 745 3455 dixit
778 3418 796 3457 :
829 3404 924 3457 Hic
968 3406 1110 3459 nulla
1153 3414 1380 3475 prosunt
1422 3414 1767 3475 argumenta,

196 3486 281 3543 hic
315 3491 514 3545 veritas
559 3508 621 3546 ex
671 3495 1016 3563 consequenti
1060 3496 1266 3550 ratione
1294 3495 1773 3565 colligitur:testi-

198 3581 496 3634 moniorum
562 3583 859 3650 proprietas
915 3584 1200 3653 ﬂagitator.
1269 3585 1410 3655 Lege
1471 3586 1773 3653 specialiter

201 3670 425 3725 triusion
484 3675 732 3740 positum.
784 3674 901 3728 Noli
946 3675 1281 3744 conjiciendo
1317 3676 1497 3731 dicere
1529 3692 1542 3728 :
1578 3677 1633 3730 Si
1664 3684 1773 3731 tres

198 3770 343 3828 stult,
375 3762 549 3829 Pater,
575 3773 627 3818 et
668 3764 852 3832 Filius,
872 3776 926 3821 et
942 3767 1172 3834 Spiritus
1200 3778 1437 3835 sanctus,
1466 3767 1775 3823 necessario

201 3860 308 3906 tres
335 3864 462 3907 sunt
486 3862 540 3909 et
564 3855 897 3912 substantiae.
923 3859 1058 3923 Quia
1081 3867 1133 3911 et
1156 3873 1255 3928 ego
1282 3858 1441 3912 simili
1470 3859 1772 3927 conjectura

199 3958 417 4012 possum
443 3946 685 4001 veracius
708 3949 916 4016 opinari
942 3966 955 4001 :
984 3949 1039 4021 Si
1069 3964 1231 4003 unum
1248 3958 1372 4004 sunt
1402 3947 1664 4019 Pater,'et
1692 3948 1775 4004 Fi-

200 4037 304 4091 lius
327 4038 471 4107 (quia
502 4040 616 4107 ipse
640 4040 751 4101 ait;
779 4042 887 4110 Ego
922 4052 975 4096 et
1005 4042 1162 4097 Pater
1197 4059 1359 4096 unum
1386 4048 1615 4111 sumus),
1640 4056 1776 4111 quo-

199 4127 363 4179 modo
393 4142 494 4181 non
526 4140 606 4181 est
634 4144 736 4182 una
768 4131 1099 4185 substantia?
1120 4132 1223 4186 Sed
1250 4134 1383 4185 hanc
1403 4132 1780 4200 disputationis

200 4216 350 4269 viam
382 4217 587 4286 ingredi
630 4219 841 4287 penitus
870 4221 1109 4286 noluisti,
1143 4223 1267 4275 dum
1305 4237 1333 4274 a
1367 4238 1453 4276 me
1479 4222 1781 4289 specialiter

200 4307 434 4375 positum
480 4307 819 4378 (homousiou
856 4311 1298 4380 demonstrando)
1336 4313 1503 4382 exigis
1539 4312 1782 4367 testimo-

200 4399 371 4451 nium.
405 4398 577 4454 Simili
603 4416 730 4470 ergo
761 4410 813 4456 et
840 4410 893 4457 tu
926 4406 1151 4466 ratione,
1178 4412 1285 4458 tres
1311 4403 1454 4458 usias
1480 4403 1779 4473 specialiter
1810 4417 1861 4477 ι)

1875 3307 2209 3375 sequentium
2248 3306 2442 3370 causis,
2478 3304 2847 3374 praedictorum
2900 3305 3170 3359 nominum
3220 3308 3442 3361 virtutes

1876 3395 2152 3464 colligere,
2196 3410 2264 3450 ne
2302 3396 2351 3449 id
2396 3395 2688 3448 Athanasio
2724 3395 2980 3459 videatur,
3014 3394 3326 3449 difficu'tate
3353 3397 3444 3449 de-

1878 3487 2241 3541 monstrandte
2272 3487 2508 3540 veritatis
2539 3486 2663 3540 undi
2705 3500 2788 3540 me
2835 3485 3070 3539 vocabuli
3109 3484 3445 3553 proprietatis

1881 3581 2198 3633 documenta
2230 3576 2513 3643 quaesisse;
2550 3577 2616 3629 ita
2654 3574 2867 3639 faciam,
2913 3583 2969 3627 ut
3012 3575 3084 3626 tui
3131 3583 3210 3626 Cal
3247 3572 3445 3627 decreti

1881 3672 2143 3725 sententia
2174 3668 2587 3737 promulgatum.
2625 3664 2732 3735 Ego
2763 3667 2902 3719 enim
2935 3665 3250 3731 compendio
3279 3664 3446 3731 magis

1879 3765 1952 3818 uti
1996 3763 2259 3817 volebam.
2302 3774 2368 3815 ne
2414 3759 2620 3828 longius
2667 3757 2884 3812 rationis
2934 3756 3157 3810 intentio
3203 3764 3445 3825 evagata,

1877 3856 2137 3923 ambiguis
2164 3851 2408 3908 sensibus
2447 3850 2717 3904 veritatem
2747 3848 3111 3903 obntnbraret.

1948 3945 2258 4000 Athanasius
2289 3944 2417 3998 dixit
2449 3957 2468 3996 :
2496 3941 2608 3995 Non
2655 3950 2827 4009 potest
2875 3940 3006 3994 fides
3044 3939 3227 3994 venire
3265 3938 3316 3993 in
3351 3937 3448 3993 du-

1880 4037 2048 4105 bium,
2081 4052 2200 4104 qua:
2231 4035 2466 4089 veritatis
2508 4032 2637 4085 fulta
2686 4031 2956 4098 prmsitlio,
2987 4031 3249 4084 crassiora
3294 4045 3445 4084 men-

1882 4128 2154 4181 daciorum
2197 4124 2397 4186 nubila,
2443 4121 2651 4190 fulgida:
2686 4121 2942 4175 claritatis
2984 4120 3177 4173 lumine
3204 4120 3447 4188 dissipat.

1884 4219 1998 4271 Non
2040 4218 2181 4271 enim
2228 4223 2402 4284 potest
2444 4212 2670 4281 prapriis
2714 4225 2897 4265 carere
2938 4210 3154 4274 viribus,
3187 4224 3306 4280 qua:
3346 4228 3451 4266 nun

1886 4318 2006 4377 eget
2031 4307 2364 4362 extrinsecus
2393 4302 2760 4373 suffragiorum
2795 4300 3129 4357 adminiculis
3153 4301 3410 4370 adjuvari.

203 4544 3452 4572 Μ

1128 4652 1606 4760 LIBER
1676 4651 2497 4760 SECUNDUS.
2594 4804 2599 4809 η

279 4858 433 4928 ιοο
456 4855 491 4910 l.
524 4855 655 4911 Item
681 4830 763 4911 die
784 4856 1006 4927 sequenti
1029 4854 1226 4910 Probus
1244 4856 1410 4925 judea:
1428 4855 1555 4908 dixit
1580 4870 1597 4907 :
1624 4853 1767 4919 Quo-

207 4958 344 5013 niam
372 4971 468 5011 vos
502 4957 617 5011 initi
653 4956 869 5011 foederis
914 4968 1064 5025 pacta
1110 4955 1468 5009 indeclinabili
1514 4954 1775 5009 sententia

206 5072 417 5115 servare
446 5075 551 5114 non
583 5060 789 5124 dubito,
820 5059 1010 5128 quibus
1039 5058 1087 5112 i.l
1120 5057 1267 5111 vobis
1299 5057 1523 5110 invicem
1550 5071 1775 5110 conces—

207 5161 335 5215 siSSe
368 5160 644 5226 videmini,
679 5168 737 5214 ut
774 5160 932 5214 unius
977 5159 1310 5223 substantizr,
1345 5159 1423 5211 vel
1465 5157 1622 5209 trium
1654 5155 1780 5209 sub-

209 5263 518 5316 stantiarum
553 5261 959 5330 professionem,
985 5275 1047 5314 ex
1075 5260 1370 5313 divinarum
1401 5256 1780 5324 consequentia

210 5362 501 5419 litterarum
545 5365 811 5418 luculento
846 5362 1220 5431 di~putationis
1250 5361 1497 5415 examine
1536 5373 1783 5428 compro-

213 5463 371 5531 betts;
414 5481 611 5520 omissa
663 5467 861 5521 scilicet
903 5467 1219 5536 quastione,
1253 5466 1628 5517 documentum
1668 5460 1781 5529 puri

212 5568 449 5622 vocabuli
492 5577 649 5636 atque
683 5568 891 5637 preprie
927 5551 1077 5634 positi
1108 5565 1390 5636 exigentis,
1425 5562 1475 5618 id
1503 5563 1613 5633 jim
1647 5574 1785 5615 nunc

218 5669 378 5740 ipsius
416 5672 598 5742 placiti
635 5673 771 5727 ratio
806 5673 976 5741 poscit
1005 5682 1084 5737 ut,
1119 5680 1309 5727 cuneta
1354 5671 1595 5724 humana:
1634 5683 1786 5738 argu-

217 5758 550 5827 mentationis
581 5770 920 5827 cavillatione
952 5781 1177 5836 semota,
1201 5772 1265 5825 de
1293 5771 1456 5826 sacris
1485 5769 1782 5825 divinarum

1885 4852 2255 4907 auctoritatum
2278 4850 2652 4913 Voluminibus,
2680 4850 2942 4916 Patris,et
2973 4851 3107 4917 Filii,
3139 4860 3193 4906 et
3216 4852 3447 4920 Spiritus

1883 4945 2075 5009 sancti,
2105 4954 2195 4996 aut
2224 4959 2399 5005 uuam,
2428 4951 2517 4994 aut
2547 4940 2786 4996 diversas
2807 4941 3038 4995 doceatis
3060 4957 3180 4997 esse
3208 4943 3457 4997 substan-

1885 5040 2004 5089 t‘as.
2037 5034 2112 5088 Ad
2144 5050 2299 5102 quam
2330 5034 2404 5086 rei
2438 5032 2820 5099 probationem,
2852 5047 2955 5085 non
2986 5040 3184 5087 tantum
3217 5034 3296 5103 (ut
3335 5033 3454 5100 opi-

1888 5127 2010 5196 nor)
2036 5140 2173 5189 mea,
2205 5123 2295 5178 sed
2327 5134 2637 5177 eunttorum
2677 5137 2813 5192 pene
2851 5124 3154 5176 mortalium
3201 5138 3351 5176 mens
3386 5123 3454 5174 ita

1888 5229 1968 5273 est
1997 5216 2223 5285 pendula
2253 5216 2649 5283 exspectatione
2679 5228 2956 5282 suspensa,
2983 5221 3038 5267 ut
3060 5212 3103 5267 si
3128 5213 3255 5266 tanti
3289 5226 3455 5277 nego-

1892 5311 1947 5362 tii
1977 5310 2161 5363 merita
2189 5317 2520 5377 paterentur,
2554 5309 2669 5360 sine
2699 5306 2854 5360 ullius
2884 5305 2987 5360 diei
3015 5302 3443 5373 comperendina-

1892 5400 2054 5462 tione,
2088 5398 2168 5452 vel
2201 5397 2424 5467 alicujus
2468 5398 2719 5450 momenti
2769 5395 3186 5463 intercapedine,
3219 5391 3283 5444 ad
3310 5404 3458 5443 sum-

1854 5544 1857 5545 ν
1895 5506 2033 5544 mam
2056 5490 2294 5546 veritatis
2325 5499 2481 5555 atque
2503 5488 2566 5541 ad
2590 5488 2789 5541 calcem
2823 5483 3267 5539 manifesissima:
3290 5480 3461 5534 notio-

1894 5583 1974 5636 nis
2029 5582 2297 5636 desideret
2357 5580 2653 5647 pervenire.
2715 5577 2864 5631 Unde
2926 5590 2992 5628 ne
3050 5582 3155 5626 tam
3216 5573 3459 5640 m'igiosa

1894 5674 2125 5730 fidelium
2155 5682 2209 5729 et
2243 5673 2480 5727 veritatis
2509 5670 2697 5738 cupida
2732 5668 3010 5721 frustretur
3042 5667 3149 5719 inte
3192 5667 3289 5728 tio,
3317 5662 3463 5717 omni

1897 5766 2161 5822 lenocinio
2210 5763 2503 5820 luxuriosa:
2549 5760 2803 5815 orationis
2848 5756 3101 5827 exploso,
3151 5757 3219 5814 de
3265 5772 3354 5821 te,
3396 5754 3467 5808 de
