3990 6390
602 362 701 418 liii

1901 362 2127 418 ViGlLll
2167 361 2529 419 TAPSENSIS
3700 373 3773 427 liiS

599 491 780 543 causa,
809 475 877 531 de
901 475 1348 545 competentibus,
1378 475 1444 527 de
1482 473 1796 527 necessariis
1818 473 1955 541 agite
1983 473 2170 535 rebus;
2204 477 2251 537 Α
2279 473 2380 526 tire
2408 474 2629 527 debeam
2658 473 2950 529 restituabo.
2986 475 3201 543 Verum,
3232 481 3382 553 102
3410 482 3524 548 quia
3553 486 3597 537 ιιι
3634 488 3775 552 piens-

601 585 844 634 otnnem,
891 578 950 621 ut
996 568 1139 629 dixi,
1171 568 1450 620 verborum
1494 565 1787 628 ambitum,
1826 574 1879 616 et
1921 564 2174 631 procula

604 652 761 718 causa
813 669 1063 730 vagantes
1118 659 1439 713 locutionum
1496 656 1778 725 phaleras,
1831 657 2175 723 leporemque

604 769 908 808 sermonum
940 752 1144 807 cautius
1172 752 1449 814 evitantes,
1485 758 1539 802 ut
1576 748 1954 817 disputationis
1985 757 2177 803 vestra:

523 845 530 865 ³
607 851 841 899 narratio
868 846 1094 899 veritate
1122 844 1289 912 magis
1322 857 1477 912 quam
1512 841 1776 895 cothurno
1808 843 2058 895 tumentis
2089 857 2176 896 or-

605 948 761 991 netur
786 938 999 1006 eloquii.

678 1028 985 1079 Athanasius
1024 1026 1152 1077 dixit
1177 1040 1195 1077 :
1227 1025 1376 1077 Licet
1401 1023 1508 1093 jam
1533 1022 1730 1076 dudum
1763 1024 1952 1076 crebro
1980 1036 2043 1077 ac
2071 1038 2174 1077 sac-

608 1119 724 1185 pius
763 1118 828 1169 de
870 1116 1068 1168 unitate
1113 1115 1423 1167 substantiae
1455 1114 1587 1166 citra
1626 1123 1741 1165 acta
1770 1112 2171 1180 disputavcrim,

602 1223 854 1277 measque
892 1206 1274 1274 diSputationes
1319 1206 1517 1271 scripto
1562 1203 1945 1270 mandaverim,
1982 1202 2176 1272 quibus

602 1317 631 1352 a
673 1316 757 1354 me
796 1301 847 1353 in
894 1298 991 1352 hac
1029 1298 1387 1365 disputatione
1416 1294 1612 1363 aliquid
1654 1294 1775 1348 addi
1818 1294 2049 1362 amplius
2087 1294 2174 1348 vix

603 1392 769 1459 possit
811 1408 824 1443 :
860 1401 1035 1443 tamen
1079 1387 1197 1456 quia
1245 1387 1358 1439 ha-c
1406 1384 1738 1439 extrinsecus
1779 1384 1925 1438 nullo
1971 1384 2176 1438 eminus

601 1483 914 1536 adversante
940 1482 1081 1533 dicta
1108 1486 1252 1539 sunt,
1279 1490 1498 1531 necesse
1522 1476 1691 1530 habeo
1715 1477 1826 1530 haec
1852 1476 2035 1531 eadem
2058 1492 2178 1530 rur-

601 1588 691 1627 sus
739 1583 1011 1642 rcpetcru,
1058 1579 1113 1624 et
1156 1569 1209 1622 in
1257 1567 1357 1621 hoc
1406 1567 1626 1635 publica:
1671 1569 1894 1621 actionis
1934 1569 2181 1623 examine

600 1670 836 1729 mittere,
866 1681 973 1734 quo
1010 1663 1210 1731 possint
1239 1662 1309 1716 tui
1337 1661 1517 1730 judicii
1548 1657 1806 1713 sententi:
1838 1657 2101 1711 robbrari.

686 1762 839 1831 101
881 1760 944 1812 ll.
992 1757 1185 1810 Probus
1204 1755 1371 1825 judex
1408 1754 1538 1805 dixit
1568 1767 1586 1806 .'
1622 1751 1675 1805 Si
1708 1765 1814 1803 non
1845 1749 2039 1803 fuerint
2064 1748 2173 1802 Arii

2279 578 2381 631 que
2411 566 2813 632 exetnplarihus
2841 569 2984 621 varie
3017 572 3243 636 positum
3272 588 3389 627 esse
3420 590 3518 627 non
3544 578 3713 643 ncseio,
3736 591 3775 634 ttt

2280 655 2464 709 iisdem
2496 657 2627 710 locis
2650 659 2841 726 quibus
2867 661 2928 713 de
2953 661 3066 726 ipso
3097 661 3309 731 legitur,
3343 666 3395 719 in
3422 668 3532 721 aliis
3559 671 3775 727 codicibus

2277 764 2338 801 ex
2360 750 2469 816 ipso
2497 752 2712 819 tegatur.
2741 750 2846 805 Sed
2870 762 3043 806 utrum
3069 754 3167 809 hoc
3189 756 3617 825 interpellantium
3638 747 3776 822 fraude

2276 853 2343 892 an
2373 843 2527 892 unius
2560 842 2635 894 rei
2671 841 3060 909 signiﬁcatione
3090 847 3162 914 (id
3194 858 3277 901 est
3310 860 3363 902 ut
3394 851 3488 906 hoc
3516 855 3579 907 sit
3602 871 3657 909 ex
3676 859 3772 927 ipso,

2278 932 2416 999 quod
2444 942 2525 986 est
2554 933 2710 986 etiam
2743 937 2805 987 de
2834 936 2968 1004 ipso)
2996 934 3189 991 factum
3220 940 3309 1004 sit,
3343 956 3444 995 non
3473 945 3590 999 satis
3614 947 3694 1001 hoc
3710 966 3778 1003 no-

2276 1029 2400 1075 stra:
2435 1022 2553 1078 ﬁdei
2583 1026 2794 1091 aliquod
2827 1034 2997 1093 potest
3032 1028 3219 1083 afferre
3250 1032 3612 1100 praijudiciutn.

2348 1112 2432 1168 ΙΙΙ.
2463 1114 2771 1170 Athanasius
2800 1118 2929 1171 dixit
2960 1134 2977 1171 :
3004 1119 3057 1172 In
3089 1120 3186 1173 hac
3212 1130 3295 1174 tua
3328 1128 3668 1190 prosecutione
3690 1130 3776 1183 diii-

2276 1206 2415 1272 genti
2446 1204 2729 1258 admodum
2762 1218 2906 1261 certa
2938 1224 3001 1263 ex
3037 1212 3202 1276 posita
3246 1220 3449 1270 ratione
3474 1217 3675 1276 adverti.
3702 1222 3783 1285 Sed,

2276 1297 2418 1364 quod
2452 1305 2652 1352 tantum
2677 1298 2797 1353 fidei
2829 1312 3026 1355 nostra:
3055 1305 3275 1369 dixeris,
3298 1317 3348 1361 et
3371 1325 3474 1362 non
3498 1320 3776 1382 utrorumque

2276 1386 2636 1455 designaveris
2683 1406 2786 1444 non
2838 1406 2995 1459 posse
3036 1397 3401 1464 praajudicium
3445 1400 3495 1455 in
3538 1402 3612 1454 bis
3648 1406 3777 1458 verbis

2276 1474 2473 1541 alierri,
2518 1479 2645 1532 satis
2696 1481 2917 1536 miratus
2958 1498 3073 1537 sum
3110 1501 3122 1537 :
3153 1496 3207 1540 et
3244 1488 3473 1544 arbitror
3498 1493 3624 1559 quod
3659 1494 3774 1548 ﬁdem

2278 1573 2419 1618 tuam
2451 1569 2658 1621 munire
2683 1568 2957 1636 festinans,
2992 1573 3061 1626 ita
3094 1579 3362 1643 posueris;
3394 1595 3601 1647 sperans
3626 1598 3695 1635 me
3709 1597 3775 1636 cx-

2277 1655 2401 1709 inde
2430 1657 2617 1712 leviter
2644 1659 2761 1712 sine
2788 1661 2963 1731 aliquo
2992 1663 3309 1721 documento
3336 1684 3489 1737 posse
3512 1674 3719 1726 transire.
3737 1675 3774 1727 in

2276 1743 2566 1813 Evangelia
2594 1763 2804 1818 quoque
2830 1751 2897 1805 de
2935 1752 3091 1809 Patre
3120 1756 3283 1812 Filius
3312 1760 3440 1813 dixit
3468 1778 3481 1813 :
3512 1762 3703 1831 Spiritus
3727 1775 3775 1816 est

599 1849 1034 1921 replicatimiibus
1066 1855 1300 1910 tenuata,
1334 1854 1459 1898 tunc
1488 1852 1667 1896 nostra
1697 1847 1948 1909 poterunt
1975 1840 2170 1892 firmari
2202 1833 2249 1893 B
2278 1834 2415 1891 Deus
2441 1837 2619 1908 (Joan.
2658 1857 2733 1906 tv,
2763 1844 2877 1913 24).
2906 1846 2968 1899 Et
2995 1856 3051 1900 ut
3080 1863 3137 1902 sc
3165 1850 3233 1903 de
3267 1851 3422 1906 Patre
3458 1864 3619 1907 natum
3645 1864 3774 1908 osten-

600 1940 889 1994 sententia.

672 2029 826 2081 Arius
868 2027 1040 2080 dixit:
1082 2022 1273 2092 thuid
1312 2022 1394 2076 ha:
1437 2020 1679 2075 fraudum
1718 2016 2001 2074 tendiculre
2042 2030 2170 2084 pro-

600 2116 902 2187 ponuntur?
932 2115 1124 2181 thuid
1166 2114 1218 2168 in
1262 2111 1557 2181 patrocinio
1592 2108 1832 2164 nelanda:
1860 2107 2172 2162 assertionis

601 2208 795 2278 iudicis
842 2205 1106 2260 sententia
1156 2201 1513 2272 praeoptatur?
1556 2203 1785 2270 Agamus
1822 2197 1992 2267 primo
2031 2196 2170 2265 quod

602 2299 755 2353 nobis
799 2296 1057 2365 agendum
1110 2293 1399 2348 necessitas
1447 2289 1878 2347 demonstranda:
1931 2288 2173 2342 veritatis

602 2390 848 2459 imponit.
884 2387 1426 2441 lncuicefurhumano
1453 2384 1652 2438 auditui
1679 2383 1800 2437 ﬁdei
1832 2392 2029 2438 neatra:
2054 2395 2174 2450 pro-

601 2480 781 2534 lessio.
823 2478 1120 2546 Percipiaut
1158 2474 1376 2543 judicia,
1418 2474 1609 2544 quibus
1652 2473 1844 2539 modis,
1875 2472 2173 2542 quibusque

598 2570 914 2633 rationibus,
938 2567 1130 2637 quibus
1149 2567 1379 2635 denique
1404 2565 1742 2619 documentis
1774 2571 1954 2618 nostra
1984 2562 2172 2616 fulcia-

595 2672 685 2717 tur
707 2662 931 2717 assertio
955 2678 969 2715 :
993 2669 1048 2715 et.
1069 2671 1191 2714 tunc
1215 2660 1427 2714 demum
1461 2657 1935 2727 promulgationem
1964 2665 2175 2709 sentenv

597 2756 703 2817 tia),
735 2768 853 2822 quae
884 2754 935 2805 in
971 2761 1155 2805 nostro
1192 2753 1376 2818 utique
1414 2762 1749 2817 nequaquam
1792 2746 1986 2815 pendet
2026 2745 2169 2797 arbio

597 2841 725 2904 trio,
753 2840 821 2893 de
844 2840 1021 2907 judice
1051 2838 1461 2908 postulabimus.

675 2929 870 2982 Probus
890 2928 1057 2999 judex
1084 2929 1214 2981 dixit
1243 2945 1262 2986 :
1285 2925 1618 2982 Praefationis
1644 2941 1775 2981 mea:
1805 2940 1971 2994 nuper
1997 2926 2046 2978 in
2074 2924 2175 2979 hoc

598 3019 823 3073 actionis
865 3019 1130 3088 principio
1170 3019 1384 3082 habitat,
1410 3030 1464 3073 et
1495 3019 1796 3088 sponsionis
1839 3028 2032 3071 vestra:
2070 3017 2171 3071 du-

598 3112 669 3164 du
698 3130 726 3163 ιι
769 3113 1051 3180 prasteritis
1086 3116 1251 3181 gestis
1291 3113 1535 3178 insertae,
1582 3112 1891 3168 meminisse
1928 3122 2168 3183 oportet;

597 3201 792 3271 quibus
814 3202 863 3256 id
894 3214 1193 3272 peroratum
1218 3212 1318 3268 est,
1337 3203 1551 3259 omissis
1577 3206 1881 3273 superﬂuis,
1905 3206 1970 3258 ad
1993 3221 2170 3260 arcem
2201 3199 2247 3263 C

596 3295 794 3362 negotii
835 3294 1033 3349 debere
1078 3296 1362 3363 descendi;
1398 3298 1538 3367 quod
1586 3297 1793 3353 debetis
1834 3299 2043 3354 tandem
2072 3299 2172 3353 ali-

594 3386 806 3460 quando
831 3386 1098 3442 iactitare.

669 3475 821 3530 Arius
852 3477 980 3531 dixit
1011 3491 1032 3535 :
1063 3478 1259 3534 Doceat
1305 3479 1539 3545 Patrem,
1574 3490 1630 3537 et
1655 3481 1871 3548 Filium,
1914 3492 1965 3537 et
2005 3484 2173 3554 Spiri-

587 3575 707 3620 itum
733 3580 972 3621 sanctum
1000 3569 1158 3623 unius
1188 3583 1306 3624 esse
1327 3572 1660 3638 substantiae,
1691 3574 1847 3628 unius
1871 3577 2168 3644 potestatis,

588 3659 755 3717 .unius
771 3659 1061 3729 dignitatis,
1087 3664 1244 3715 unius
1266 3663 1467 3731 gloriae,
1495 3666 1652 3718 unius
1677 3667 1990 3735 inajestatis,
2017 3670 2173 3723 unius

590 3749 809 3803 vvirtutis
837 3759 993 3820 atque
1022 3751 1265 3816 honoris,
1296 3754 1437 3822 quod
1470 3757 1599 3811 satis
1623 3757 1917 3824 improvida
1942 3767 1996 3812 et
2019 3759 2174 3814 nimis

590 3839 811 3900 incauta
838 3841 1168 3911 professione
1196 3844 1332 3897 solet
1363 3846 1571 3915 populis
1596 3847 1863 3914 jactitare.

672 3938 979 3992 Athanasius
1017 3938 1149 3993 dixit
1186 3955 1204 3995 :
1238 3937 1511 3994 Proﬁteris
1547 3940 1739 3995 Filium
1773 3956 1899 3997 vere
1922 3943 1989 3996 de
2018 3941 2177 3997 Patre

588 4037 801 4093 statum,
836 4044 902 4083 an
933 4030 1077 4084 non?

666 4122 817 4174 Arius
847 4122 1023 4175 dixit:
1049 4120 1325 4176 Proﬁtcris
1372 4123 1485 4190 ipse
1526 4122 1738 4177 Patrem
1781 4122 2006 4192 alicujus
2034 4124 2175 4178 deti-

594 4213 823 4267 rationis
851 4215 935 4267 vel
966 4213 1243 4269 divisionis
1274 4215 1404 4269 vitio
1434 4214 1713 4284 subiacere
1749 4229 1852 4270 non
1894 4230 2076 4285 posse,
2106 4229 2171 4269 an

592 4303 739 4356 non?

669 4393 975 4446 Athanasius
1000 4394 1126 4445 dixit
1153 4408 1171 4445 :
1195 4392 1361 4447 Va'de
1388 4395 1661 4461 proﬁteor.

669 4483 973 4541 Ariusdixit
997 4498 1015 4538 :
1042 4482 1153 4553 Ego
1180 4499 1389 4553 quoque
1416 4486 1668 4552 proiiteor
1700 4486 1891 4539 Filium
1922 4502 1986 4541 es
2018 4487 2174 4543 Patre

600 4584 782 4626 liﬂllllll
820 4586 960 4627 esse.

670 4663 978 4715 Athanasius
1000 4663 1126 4715 dixit
1155 4678 1174 4718 :
1204 4662 1253 4716 id
1283 4677 1400 4717 esse
1430 4664 1728 4729 arbitraris,
1756 4674 1935 4721 uatum
1967 4683 2027 4722 es
2068 4669 2167 4723 Pa-

600 4761 702 4818 tre,
735 4754 871 4821 quod
896 4763 977 4806 cst
1006 4755 1162 4808 etiam
1194 4764 1372 4809 uatum
1401 4756 1467 4810 de
1495 4757 1685 4812 Patre?

670 4843 822 4895 Arius
867 4844 998 4897 dixit
1028 4860 1045 4897 :
1078 4845 1285 4900 Sufﬁcit
1315 4848 1405 4901 tibi
1448 4849 1587 4917 quod
1637 4865 1699 4903 ex
1746 4850 1903 4904 Patre
1940 4851 2166 4907 dixerim

596 4940 810 4999 natum;
843 4936 981 5003 quod
1012 4936 1170 4990 etiam
1204 4938 1453 4993 iaciliime
1494 4942 1741 4995 ostendo.
1784 4942 1921 5006 Quid
1960 4944 2167 4999 callidis

598 5024 763 5078 uteris
802 5029 1162 5093 argumentis?
1198 5026 1458 5082 Caeterum
1495 5031 1562 5085 de
1605 5031 1763 5088 Patre
1807 5042 2006 5100 natum,
2045 5050 2166 5089 nus-

596 5130 755 5183 quam
788 5116 914 5170 mihi
946 5116 1158 5171 interim
1190 5118 1254 5171 ad
1286 5132 1522 5188 praesens
1555 5136 1838 5179 occurrere
1865 5126 2051 5193 potuit.
2090 5127 2165 5180 Ex

595 5207 753 5263 Patre
780 5224 907 5262 vero
932 5211 1186 5279 scriptum
1219 5227 1336 5266 esse
1360 5213 1559 5277 recolo,
1590 5214 1793 5269 Joanne
1818 5218 2060 5285 apostolo
2083 5218 2166 5272 di-

593 5310 751 5355 cente
783 5318 794 5354 :
827 5300 926 5369 Qui
956 5301 1123 5371 diligit
1170 5302 1399 5369 Patrem,
1432 5304 1602 5375 diligit
1630 5320 1751 5361 eum
1779 5307 1868 5376 qui
1903 5316 2057 5361 natus
2087 5320 2168 5363 est

589 5406 654 5444 ex
687 5406 773 5446 ρο.

662 5486 972 5540 Athanasius
1001 5486 1171 5541 dixit:
1198 5488 1333 5556 Ergo
1364 5488 1493 5543 nihil
1522 5489 1781 5547 interesse
1809 5501 1961 5561 putas
1988 5501 2160 5549 utrum

593 5589 653 5627 ex
689 5576 804 5642 ipso
829 5592 894 5631 an
920 5578 990 5632 de
1018 5578 1133 5647 ipso
1162 5588 1314 5633 natus
1344 5580 1586 5635 dicatur?

664 5668 812 5720 Arius
833 5670 964 5723 dixit
992 5686 1009 5723 :
1034 5672 1089 5726 Si
1112 5674 1239 5727 mihi
1264 5674 1633 5730 demonstrare
1664 5676 1893 5731 valueris
1948 5682 2163 5748 proin-Ie

591 5758 820 5825 pesitum
875 5762 1061 5818 Filium
1089 5764 1156 5820 de
1190 5766 1343 5822 Patre
1374 5776 1574 5837 natum,
1603 5777 1726 5825 tunc
1747 5770 1868 5840 quid
1899 5771 2020 5827 inde
2042 5786 2161 5827 scn-

2274 1931 2444 1997 deret,
2473 1934 2546 1988 ait
2572 1952 2587 1988 :
2618 1936 2768 2000 Quod
2795 1950 2968 1995 natum
2990 1952 3061 1997 est
3084 1946 3146 1998 de
3166 1963 3340 2013 came,
3365 1962 3569 2006 curaest
3589 1966 3605 2004 :
3628 1955 3776 2021 etquod

2274 2034 2447 2077 natum
2468 2038 2540 2079 est
2565 2029 2629 2081 de
2653 2030 2855 2097 spiritu,
2879 2034 3089 2103 spiritus
3109 2047 3180 2090 est
3208 2038 3390 2108 (Joan.
3415 2057 3488 2102 ut,
3512 2041 3580 2109 6).
3609 2044 3677 2107 Et,
3699 2043 3773 2116 Ego

2274 2119 2336 2170 de
2368 2117 2471 2171 Deo
2510 2118 2664 2175 Patre
2693 2123 2821 2175 caici
2860 2123 3039 2189 (Joan.
3089 2144 3194 2195 xvi,
3235 2132 3350 2203 27).
3388 2135 3518 2191 Ecce
3550 2137 3707 2191 Filium
3730 2140 3774 2193 de

2276 2204 2433 2261 Patre
2468 2217 2668 2275 natum,
2698 2212 2814 2280 ipso
2841 2212 2974 2267 Filio
3003 2217 3229 2284 dicente,
3263 2226 3489 2279 ostendi.

2346 2296 2497 2349 Arius
2524 2298 2654 2352 dixit
2679 2315 2698 2357 :
2722 2300 2862 2355 Satis
2887 2304 3095 2359 callidis
3121 2318 3173 2361 et
3202 2314 3508 2378 suspiriosis
3536 2317 3676 2371 uteris
3696 2317 3772 2369 dis-

2276 2387 2659 2455 putationibus,
2688 2406 2793 2459 quo
2820 2392 2965 2448 dicas
2994 2398 3132 2464 quod
3163 2400 3228 2453 ad
3269 2402 3392 2456 ﬁdei
3428 2420 3551 2460 mete
3588 2407 3773 2462 munitio-

2276 2493 2398 2532 nem
2448 2478 2548 2533 hoc
2587 2480 2832 2536 dixerim.
2879 2484 2982 2539 Sed
3031 2498 3086 2541 ut
3130 2489 3196 2544 de
3241 2496 3485 2550 sensibus
3520 2498 3611 2551 luis
3650 2499 3773 2549 oninis

2274 2570 2595 2638 suspicionis
2636 2573 2955 2643 ambiguitas
3000 2579 3291 2648 auieratur,
3335 2595 3392 2639 ut
3435 2590 3653 2657 superius
3679 2588 3773 2641 fatus

2274 2672 2416 2725 sum,
2460 2670 2803 2733 utrorumque
2845 2666 2989 2731 iidci,
3039 2670 3151 2725 sive
3196 2688 3260 2727 es
3311 2676 3447 2745 ipso,
3486 2682 3588 2734 sive
3618 2681 3670 2733 de
3697 2684 3773 2748 ipsa

2277 2762 2431 2807 natus
2456 2753 2684 2821 dicatur,
2712 2758 2910 2813 nullum
2943 2764 3154 2830 penitus
3186 2776 3365 2834 potest
3388 2771 3565 2827 atTerre
3580 2772 3629 2826 in
3648 2774 3772 2839 aliqua

2278 2842 2663 2909 praeiudicium.

2348 2934 2657 2992 Athanasius
2685 2940 2812 2995 dixit
2838 2957 2857 2995 :
2886 2943 3159 3003 Generans
3190 2949 3351 3006 Pater
3377 2969 3438 3009 ex
3480 2970 3551 3021 se,
3585 2956 3628 3009 id
3647 2956 3771 3011 estde

2276 3024 2455 3093 seipse
2481 3027 2695 3097 Filium,
2723 3030 2824 3089 hoc
2849 3036 3030 3105 genuit
3049 3039 3188 3106 quod
3217 3044 3303 3098 est
3325 3043 3459 3116 ipse,
3485 3062 3544 3101 an
3572 3048 3689 3102 aliud
3711 3050 3771 3100 aii-

2276 3117 2436 3185 quid?

2349 3210 2500 3265 Arius
2532 3213 2661 3268 dixit
2685 3230 2706 3269 :
2731 3215 2844 3273 Hoc
2867 3219 3048 3289 utique
3075 3225 3215 3292 quod
3244 3227 3364 3297 ipse
3391 3240 3469 3286 est
3494 3231 3671 3301 genuit,
3690 3231 3772 3301 quia

2279 3299 2418 3391 l)eus
2448 3302 2615 3357 Deum
2646 3309 2850 3375 genuit,
2882 3311 2967 3365 ius
2996 3312 3167 3369 lucem
3198 3323 3401 3386 genuit,
3432 3299 3666 3391 perfectus
3687 3299 3773 3390 per-

2266 3388 2473 3446 J'ectum
2502 3396 2703 3463 genuit,
2736 3401 3071 3471 omnipotens
3100 3388 3512 3478 omnipotentem
3540 3388 3708 3483 genuit.

2344 3483 2656 3541 Athanasius
2685 3489 2816 3544 dixit
2845 3508 2864 3545 :
2896 3493 3037 3564 Ergo
3065 3512 3172 3552 non
3205 3503 3551 3571 extrinsecus,
3574 3517 3712 3568 neque
3731 3515 3772 3552 et

2276 3574 2464 3641 nihilo,
2493 3592 2666 3647 neque
2695 3596 2758 3635 ex
2797 3583 2972 3653 aliqua
3004 3590 3341 3655 prxcedente
3374 3606 3463 3651 aut
3488 3597 3774 3663 subseqnenm

2277 3668 2519 3757 materia,
2544 3669 2636 3723 sed
2665 3685 2728 3725 ex
2755 3673 2932 3743 seipso
2959 3681 3164 3747 genuit.
3196 3682 3261 3736 Et
3295 3700 3400 3741 non
3431 3688 3565 3743 aliud
3592 3701 3716 3757 quam
3737 3682 3771 3735 id

2275 3754 2417 3823 quod
2446 3755 2559 3823 ipse
2586 3771 2667 3815 est
2691 3766 2894 3830 genuit.

2347 3848 2502 3904 Arius
2526 3852 2654 3906 dixit
2677 3870 2697 3909 ε’
2722 3856 2866 3912 Alius
2892 3859 3050 3914 alium
3076 3866 3274 3932 genuit.

2349 3939 2659 3997 Athanasius
2704 3947 2835 4001 dixit
2876 3966 2888 4001 :
2937 3950 3003 4003 Et
3044 3968 3142 4007 nos
3191 3958 3505 4015 conﬁtemur
3544 3960 3647 4029 quia
3682 3954 3773 4009 alitis

2277 4028 2436 4083 alium
2465 4035 2668 4101 genuit,
2694 4037 2751 4089 id
2780 4046 2883 4104 est,
2918 4040 3072 4096 Pater
3100 4044 3296 4103 Filium
3325 4067 3338 4102 :
3363 4051 3454 4105 sed
3481 4051 3521 4107 si
3548 4028 3606 4104 de
3629 4048 3773 4115 seipsO.

2278 4121 2331 4177 id
2358 4134 2441 4179 est
2469 4125 2535 4180 de
2566 4141 2631 4181 eo
2660 4131 2799 4198 quod
2832 4133 2942 4201 ipse
2979 4145 3081 4200 est,
3106 4137 3281 4194 ethoc
3308 4144 3449 4209 quod
3479 4144 3583 4212 ipse
3604 4149 3688 4204 est,
3710 4152 3773 4206 εδ·

2275 4220 2390 4272 nuit
2425 4236 2436 4273 :
2474 4221 2595 4289 quia
2634 4222 2856 4280 alterius
2903 4227 3231 4298 substantiae,
3277 4238 3359 4291 vel
3404 4236 3585 4292 diversi
3617 4228 3774 4304 genetis

2276 4306 2443 4363 Filius
2470 4325 2591 4367 esse
2623 4326 2727 4367 non
2760 4318 2985 4383 poterit;
3022 4334 3085 4375 ac
3123 4322 3200 4377 sic
3240 4326 3401 4381 unius
3424 4338 3571 4398 atque
3596 4322 3774 4394 ejusdem

2276 4415 2397 4455 cum
2430 4401 2588 4458 Patre
2612 4403 2927 4462 substantia:
2951 4410 3077 4465 erit.

2348 4494 2498 4547 Arius
2529 4494 2703 4550 dixit:
2730 4497 2787 4552 Si
2832 4515 3017 4555 nosses
3058 4504 3107 4557 in
3146 4517 3373 4574 quantos
3416 4510 3560 4581 103
3598 4504 3777 4578 petiitiim

2201 4567 2249 4627 Ῑ)
2276 4598 2489 4638 errores
2527 4588 2683 4641 unius
2720 4591 3028 4648 substantia
3062 4599 3321 4661 professio
3351 4567 3543 4671 ver-gat,
3567 4606 3776 4664 nunquam

2279 4673 2518 4742 profecto
2549 4676 2688 4732 inter
2718 4680 2925 4736 Patrem
2954 4694 3005 4738 et
3038 4685 3227 4741 Filium
3263 4690 3419 4760 hujus
3450 4690 3656 4746 nominis
3679 4686 3777 4739 ἔπορε

2277 4780 2363 4821 res
2390 4771 2732 4824 mentionem.
2761 4772 2865 4827 Nec
2893 4774 3305 4843 disputationem
3334 4791 3495 4845 tuam,
3524 4775 3776 4851 quibusdam

2272 4858 2744 4931 interrogationum
2785 4866 3037 4934 gradibus
3076 4870 3328 4939 incisam,
3374 4875 3458 4928 tali
3494 4870 3778 4927 conclusisscs

2273 4952 2520 5018 articulo,
2551 4966 2605 5009 ut
2632 4956 2698 5011 ad
2727 4957 2866 5013 hunc
2895 4974 3011 5013 eam
3045 4963 3217 5032 impia:
3248 4966 3580 5034 professionis
3601 4960 3779 5017 deduce-

2273 5056 2362 5096 res
2393 5042 2575 5103 tinem.
3216 5066 3219 5067 '

2342 5134 2649 5190 Athanasius
2676 5138 2804 5191 dixit
2835 5154 2854 5193 :
2886 5141 3035 5203 Quod
3064 5143 3130 5195 sit
3168 5143 3388 5213 impium
3427 5154 3578 5214 atque
3604 5135 3777 5196 sacrile-

2269 5238 2391 5293 gum
2417 5227 2657 5283 diversas
2688 5230 2859 5286 Patris
2896 5242 2950 5285 et
2986 5233 3108 5289 Filii
3146 5237 3467 5292 substantias
3495 5230 3720 5307 proﬁteri,
3742 5230 3778 5277 οι

2270 5317 2410 5385 quod
2464 5320 2605 5387 pium
2647 5323 2714 5375 sit
2751 5338 2811 5377 ac
2857 5326 3163 5395 reiigiosom
3205 5330 3357 5384 unius
3394 5345 3485 5385 eos
3524 5318 3779 5384 substantia)

2275 5407 2514 5475 credere,
2544 5412 2683 5466 scias
2708 5428 2811 5479 me,
2840 5431 2871 5466 ο
2896 5416 3008 5480 Ari,
3038 5419 3246 5483 penitus
3270 5421 3508 5490 ignorare
3530 5432 3621 5471 non
3644 5419 3777 5481 p05“-

2276 5500 2339 5553 Et
2383 5500 2483 5555 hoc
2528 5518 2630 5557 non
2661 5504 2891 5561 humana
2929 5510 3180 5577 Opinione
3209 5514 3507 5572 collectum,
3532 5524 3619 5563 nec
3641 5499 3779 5566 conlc'

2272 5592 2437 5646 cturis
2462 5604 2511 5647 et
2537 5598 2861 5664 argumentis
2886 5600 3179 5667 inventum,
3202 5604 3293 5657 sed
3325 5603 3550 5658 ccclesiis
3574 5592 3778 5651 doctrinm

2274 5685 2575 5753 magisterio
2606 5688 2855 5743 traditum
2888 5690 3285 5747 demonstrabo.

2344 5775 2427 5831 ιν.
2466 5776 2659 5832 Probus
2676 5780 2839 5850 judex
2867 5783 2993 5838 dixit
3015 5800 3033 5839 :
3059 5784 3207 5841 Prius
3231 5786 3353 5840 mihi
3379 5786 3477 5849 vim
3502 5779 3779 5849 qualitatt‘m'
