3990 6390
220 386 309 449 ’69
1186 387 1457 445 CONTRA
1499 386 1798 445 ARIANOS
1832 390 2208 447 *DIALOGUS.
2256 390 2385 444 LIB.
2419 389 2483 444 ll.

224 524 311 578 pie
330 505 597 562 sermunis
621 506 854 574 assigna,
878 512 931 559 et
954 514 1077 557 tunc
1104 504 1317 560 demum
1346 506 1543 572 poteris
1566 505 1788 557 demun-
1819 510 1866 567 Α

211 616 381 659 strare
414 614 588 657 utrum
621 602 762 656 Patri
792 601 1026 669 Filioque
1056 602 1362 654 conveniat.

280 692 592 747 Athanasius
616 693 783 746 dixit:
814 692 1121 746 Substantia
1140 692 1351 759 quidem
1376 690 1443 744 du
1486 691 1585 744 bus
1608 692 1792 756 appel-

211 787 464 842 lationum
484 786 767 855 generibus
793 784 1157 854 distinguitur.
1193 784 1258 837 Et
1285 798 1367 838 est
1393 785 1605 853 quidem
1634 784 1792 838 unius

210 880 423 949 generis
450 879 677 949 qualitas
715 878 850 945 haec,
890 893 1008 947 qua:
1040 878 1319 931 cxistentis
1368 886 1567 930 naturze
1610 892 1821 930 chen-‘

210 970 337 1023 tiam
380 968 613 1033 indicet:
662 968 805 1021 aliud
837 983 965 1021 vero
992 974 1073 1021 est
1102 966 1415 1020 substantia:
1454 981 1643 1035 genus,
1690 981 1795 1033 quo

166 1036 173 1042 ’
210 1060 300 1115 ille
329 1061 417 1129 qui
451 1059 610 1113 habet
641 1060 707 1113 ab
737 1059 959 1126 hisqute
998 1058 1155 1112 habet
1200 1058 1496 1112 dirimatur.
1542 1058 1690 1125 Quod
1742 1066 1799 1110 ιιι

208 1151 422 1218 planius
454 1150 563 1213 liat,
592 1151 733 1219 quod
762 1149 883 1204 dico
910 1149 1187 1202 manifesta
1210 1150 1545 1218 expositione
1562 1151 1793 1213 assigno.

211 1240 375 1294 Verbi
405 1241 575 1309 gratia
604 1258 615 1291 :
652 1240 824 1293 llomo
845 1241 1059 1308 generis
1082 1241 1161 1293 sui
1185 1255 1247 1294 ac
1276 1250 1478 1293 natura:
1502 1241 1799 1295 substant’a

207 1341 315 1387 est.
349 1332 554 1387 Rursus
580 1333 628 1386 si
657 1332 782 1401 quid
812 1331 939 1385 illud
974 1340 1074 1395 est,
1101 1332 1239 1400 quod
1269 1333 1621 1396 extrinsecus,
1649 1333 1697 1385 id
1722 1341 1803 1386 est

208 1427 258 1480 in
294 1426 514 1480 materia
548 1426 692 1488 auri,
737 1423 821 1477 vel
847 1422 1078 1492 argenti,
1128 1424 1458 1492 aliarumque
1502 1426 1801 1493 specierum

210 1515 476 1585 possidet,
499 1515 796 1570 substantia
821 1514 940 1582 ejus
961 1513 1173 1568 dicitur.
1214 1515 1276 1567 Et
1304 1527 1422 1567 cum
1445 1514 1683 1582 ejusdem
1713 1530 1803 1572 vo-

207 1607 388 1662 cabuli
417 1622 521 1661 una
552 1606 797 1661 videatur
822 1605 1128 1674 appellatio,
1161 1605 1295 1659 duas
1324 1615 1501 1660 tamen
1530 1622 1616 1660 res
1638 1608 1799 1675 signi-

208 1699 377 1754 ﬁcare
398 1699 629 1754 videtur.
669 1697 777 1752 Sed
810 1712 907 1752 nos
928 1697 994 1751 de
1024 1696 1115 1750 illo
1132 1697 1442 1751 substantia!
1471 1712 1668 1767 genere
1694 1698 1803 1753 dis-

209 1800 478 1859 putamus,
510 1804 616 1859 quo
646 1804 980 1858 unaquaeque
1012 1789 1325 1855 natura,-ob
1366 1790 1417 1844 id
1448 1791 1587 1859 quod
1612 1801 1694 1845 est
1718 1792 1802 1846 vel

206 1883 475 1949 subsistit,
506 1882 807 1937 Substantia
839 1891 1193 1950 nuncupatur.
1240 1882 1305 1935 Et
1327 1883 1583 1952 quidquid
1613 1899 1677 1938 ex
1724 1899 1806 1948 se,
1842 1894 1886 1953 Β

206 1972 257 2025 id
283 1984 374 2027 est
402 1971 469 2027 de
495 1973 668 2040 seipsa
698 1972 961 2041 genuerit,
997 1987 1100 2025 non
1123 1972 1267 2026 aliud
1296 1988 1416 2027 esse
1440 1983 1609 2042 potest
1641 1990 1800 2045 quam

206 2063 259 2117 id
284 2064 430 2133 quod
452 2064 561 2133 ipsa
580 2073 682 2118 est.
719 2064 956 2133 Denique
980 2066 1139 2117 homo
1159 2074 1309 2131 pater
1331 2079 1593 2134 generans
1612 2066 1799 2133 filium,

208 2156 290 2208 sui
326 2156 563 2223 generis,
589 2154 740 2209 idest
762 2170 871 2209 suae
900 2155 1238 2219 substantiae,
1264 2156 1531 2211 hominem
1558 2166 1798 2227 generat,

205 2246 334 2315 quia
371 2250 531 2299 homo
550 2245 825 2300 hominem
847 2256 1086 2315 generat.
1119 2246 1185 2300 Et
1203 2256 1347 2301 recte
1374 2248 1531 2301 unius
1557 2250 1803 2303 substan-

211 2336 305 2389 tiae
340 2348 460 2390 esse
489 2335 758 2401 dicuntur,
795 2336 915 2405 quia
949 2336 1146 2389 veritas
1195 2337 1509 2403 nativitatis,
1556 2340 1804 2392 subsran-

206 2428 403 2480 tiarum
451 2427 815 2481 diversitatem
877 2442 983 2480 non
1035 2427 1244 2495 recipit.
1304 2428 1652 2483 Diversitasa
1696 2442 1802 2483 t-m

204 2518 530 2571 substantia:
558 2527 665 2583 est,
707 2525 765 2571 ut
804 2518 1032 2585 exemp‘ii
1090 2518 1257 2586 gratia
1290 2518 1539 2591 dixerim,
1570 2520 1614 2573 si
1646 2519 1805 2575 homo

203 2607 474 2675 pecudem
506 2608 706 2678 gignat,
739 2608 820 2662 vel
848 2609 892 2662 si
918 2607 1205 2676 cujuslibet
1247 2610 1461 2677 generis
1486 2624 1644 2679 pecus
1673 2613 1804 2666 alte-

202 2698 326 2752 rius
350 2699 567 2767 generis
597 2699 854 2769 pecudem
893 2708 1137 2768 generet,
1174 2699 1223 2752 id
1270 2709 1353 2754 est
1397 2701 1438 2754 si
1483 2703 1576 2755 bos
1622 2702 1804 2771 gignat

200 2789 443 2853 asinum,
474 2790 559 2843 vel
585 2790 627 2843 si
658 2790 773 2843 ovis
798 2798 1018 2857 generet
1040 2805 1252 2857 capram
1280 2809 1289 2841 :
1323 2806 1443 2859 quae
1470 2794 1720 2859 quoniam
1749 2796 1799 2848 in

200 2879 571 2934 diversitatem
605 2880 819 2948 generis
848 2880 1038 2948 pergit,
1070 2890 1409 2934 monstruosa
1450 2880 1605 2952 104
1632 2898 1797 2952 gene-

200 2970 349 3026 ratio
379 2973 501 3039 erit,
527 2986 636 3026 sute
664 2982 868 3026 natura:
900 2973 1279 3041 proprietatem
1310 2974 1529 3028 minime
1550 2990 1794 3031 servans.

202 3064 444 3118 Rursum
480 3064 531 3118 in
564 3065 953 3119 elementorum
980 3066 1350 3132 qualitatibus,
1398 3083 1515 3135 qua:
1544 3070 1612 3123 sit
1660 3070 1791 3123 sub-

199 3156 526 3209 stantiarum
584 3157 872 3211 diversitas
900 3158 982 3211 vel
1032 3158 1329 3227 proprietas
1359 3173 1535 3227 operte
1566 3163 1792 3229 pretium

3380 395 3484 450 170

1971 504 2032 557 V.
2066 505 2261 558 Probus
2307 509 2476 575 μάθω
2510 506 2683 558 dixit:
2738 506 2791 561 Si
2823 505 2948 575 quid
2985 506 3084 560 εΗιί
3135 515 3317 563 ριιηιικι
3369 513 3483 567 Itale

1896 598 2056 649 Arius
2085 612 2387 667 competere
2418 600 2583 663 novit,
2614 600 2823 653 edicere
2854 614 2957 653 non
2988 610 3247 659 moretur.

1969 708 2121 761 Arius
2150 710 2321 763 dixit:
2362 711 2631 779 Simplicis
2673 724 2830 781 atque
2887 713 3233 771 immutabilis
3282 728 3482 774 natura:

1901 800 2065 853 Deum
2097 816 2215 855 esse
2244 818 2346 855 non
2374 819 2493 857 reor
2531 805 2871 859 Athanasium
2902 807 3176 876 ignorare;
3209 812 3294 880 qui
3320 813 3393 876 si,
3431 823 3484 866 ut

1903 891 2042 944 idem
2066 894 2318 956 asseruit,
2351 894 2418 947 de
2446 908 2535 946 sua
2563 896 2859 951 substantia
2888 902 3183 967 generavit,
3216 904 3486 958 mutabilis

1904 982 2255 1050 proculdubio
2287 986 2406 1037 erit.
2462 986 2692 1041 Necesse
2750 1000 2831 1043 est
2884 992 3046 1053 enini,
3075 1006 3139 1045 ex
3179 1008 3298 1047 sese
3341 996 3483 1064 quod

1906 1074 2020 1141 ipse
2046 1085 2127 1128 est
2156 1077 2483 1143 generando,
2531 1090 2619 1130 aut
2650 1094 2850 1145 parent
2882 1084 3193 1137 suDSIantite
3225 1100 3317 1153 per
3345 1086 3488 1140 deri-

1906 1167 2133 1219 vationis
2156 1169 2556 1235 getteratinnctii
2589 1171 2906 1237 perdidisse,
2957 1184 3047 1227 aut
3080 1174 3356 1232 divisionis
3406 1181 3486 1233 \i-

1906 1258 2035 1310 tium
2066 1260 2270 1328 perpeti
2304 1262 2557 1329 potuisse.
2596 1262 2701 1329 ligo
2725 1265 2867 1316 euitn
2908 1262 3010 1321 Dei
3044 1270 3215 1328 Patris
3244 1273 3488 1329 substan-

1909 1349 2055 1415 tiam,
2090 1367 2258 1419 neque
2288 1368 2350 1406 ex
2382 1367 2501 1407 sese
2532 1357 2683 1427 105
2714 1360 2912 1428 aliquid
2946 1364 3197 1434 edidisse,
3235 1384 3405 1437 neque
3437 1372 3491 1424 in

1910 1442 2137 1510 partium
2166 1444 2449 1511 qualitates
2479 1446 2773 1501 derivatain
2807 1450 2990 1518 fuisse,
3029 1471 3203 1525 neque
3234 1462 3491 1517 sectionis

1910 1542 2001 1586 aut
2026 1533 2393 1600 detractiOnis,
2422 1538 2499 1591 \‘el
2533 1539 2729 1607 aliquid
2760 1540 3085 1611 ltujusmudi,
3113 1548 3251 1617 quod
3271 1551 3339 1603 sit
3364 1567 3488 1621 pas-

1912 1626 2045 1677 sioni
2078 1626 2363 1682 obnoxium
2398 1629 2652 1696 sensisse,
2685 1633 2765 1685 vel
2797 1634 2995 1690 sentire
3040 1640 3277 1705 potuisse
3324 1647 3489 1700 confi-

1911 1726 2045 1773 lCOI‘.

1983 1834 2291 1891 Athanasius
2339 1839 2508 1893 dixit:
2558 1842 2663 1898 Sel
2717 1862 2887 1916 neque
2928 1864 3025 1905 nos
3057 1851 3140 1905 liis
3182 1854 3489 1922 passionum

1913 1930 2310 1985 conditionibus
2338 1933 2576 1987 divmatu
2610 1939 2877 1993 credimus
2898 1942 3176 2010 subiacere
3199 1961 3449 2001 naturam
3473 1968 3489 2012 ι

1906 2023 2000 2075 sed
2036 2023 2418 2092 inipassibileni
2454 2028 2663 2084 Patrem
2717 2032 3119 2102 itnpassibiliter
3168 2038 3235 2093 de
3286 2041 3488 2109 Scipso,

1908 2113 1959 2168 id
1991 2125 2073 2169 est
2102 2118 2168 2171 tle
2194 2134 2259 2173 eo
2285 2124 2424 2189 quod
2454 2123 2566 2191 ipse
2598 2138 2701 2190 est,
2733 2126 2925 2181 Filium
2947 2144 3235 2199 generasse
3264 2135 3490 2191 ﬁdeliter

1904 2210 2246 2264 conlitemur.
2282 2212 2385 2267 Nec
2422 2230 2517 2269 nos
2569 2215 2912 2287 divisionum,
2946 2223 3028 2276 vel
3068 2225 3487 2291 derivationem,

1906 2314 1967 2355 ac
1988 2305 2219 2371 partinni
2252 2320 2675 2377 cuneiarumque
2716 2328 2892 2365 ternm
2945 2318 3025 2368 vel
3050 2318 3364 2384 .paSsiontnn
3398 2337 3491 2389 ge-

1907 2406 2057 2456 nera,
2088 2410 2208 2462 qua:
2241 2398 2383 2449 inani
2415 2398 2791 2456 sollicitudinis
2830 2406 3021 2459 timore
3067 2420 3219 2463 actus
3256 2412 3491 2480 obiicere

1908 2484 2145 2552 voluisti,
2171 2502 2199 2539 a
2235 2487 2581 2555 professionis
2611 2495 2836 2551 veritate
2859 2498 3170 2566 deﬂectunt,
3221 2513 3278 2556 ut
3326 2520 3488 2573 nege-

1910 2593 2026 2631 mus
2061 2578 2225 2634 Deum
2258 2598 2318 2637 ex
2348 2584 2526 2651 Scipso
2576 2588 2645 2642 ob
2674 2588 2776 2644 ltoc
2806 2606 3063 2659 generate
3095 2612 3199 2650 non
3230 2602 3491 2666 potuisse,

1906 2682 1972 2721 ne
1998 2669 2241 2725 videatur
2284 2672 2367 2727 his
2418 2678 2751 2743 passionibus
2790 2683 3089 2752 subiacere.
3142 2690 3279 2755 Quid
3333 2693 3492 2761 igitur

1905 2762 2227 2834 religiosius,
2256 2770 2451 2837 quidve
2472 2772 2725 2835 sanctius,
2758 2788 2819 2828 ac
2846 2776 3037 2830 divinis
3072 2780 3141 2833 sit
3165 2784 3331 2850 magis
3360 2800 3491 2839 con-

1902 2868 2090 2922 gruum
2118 2856 2345 2925 legibus,
2376 2874 2526 2927 (aqua
2578 2862 2848 2928 (obsecro
2903 2883 3019 2930 vos,
3079 2886 3112 2923 o
3167 2871 3491 2941 auditores)

1898 2946 2082 3015 judicii
2114 2950 2262 3004 lance
2287 2962 2525 3019 pensate.
2560 2955 2761 3025 Erigite
2790 2962 2984 3016 mentis
3014 2965 3219 3028 oculos,
3252 2977 3305 3020 et
3337 2970 3490 3023 terri-

1902 3042 2057 3097 licum
2112 3044 2275 3100 futuri
2298 3050 2577 3105 examinis
2606 3052 2746 3107 diem
2799 3064 3118 3117 metuentes.
3162 3061 3289 3129 quid
3320 3064 3490 3131 magis

1900 3135 2182 3190 catholicae
2215 3150 2373 3205 atque
2418 3144 2728 3207 apostolicre
2760 3146 2969 3200 veritati
3020 3153 3327 3217 conveniat,
3364 3157 3491 3209 teli-

198 3254 288 3301 εει
317 3248 622 3302 advenere.
660 3246 819 3302 verbi
848 3224 1053 3318 gratia,
1095 3224 1513 3321 “hiuscujus'que
1542 3224 1676 3322 ignis
1714 3255 1797 3309 vel
1827 3257 1872 3319 Ο
1902 3224 2047 3322 ginsa
2074 3230 2268 3282 mentis
2287 3231 2594 3322 intentione
2640 3236 2959 3303 perspicite;
2988 3248 3161 3295 utrum
3188 3243 3347 3299 lateri
3374 3264 3489 3299 om-

199 3340 425 3395 luminis
480 3352 669 3395 natura
726 3341 776 3395 id
802 3356 869 3397 ex
900 3358 959 3397 se
1030 3343 1169 3410 quod
1223 3344 1334 3411 ipsa
1381 3355 1461 3399 est
1494 3346 1798 3402 ministrare

198 3431 453 3496 videtur;
485 3442 540 3485 ut
572 3432 658 3484 lux
697 3432 979 3501 fulgorem,
1015 3447 1069 3484 ut
1097 3434 1230 3503 ignis
1256 3435 1560 3489 incendium
1588 3455 1600 3488 :
1644 3447 1696 3490 et
1746 3438 1797 3491 in

200 3523 310 3577 hoc
340 3523 504 3577 ofﬁcii
533 3524 614 3578 sui
648 3540 841 3593 genere
882 3526 1205 3590 subsisfcns,
1238 3528 1550 3583 substantiae
1579 3545 1688 3584 suae
1721 3534 1801 3585 in-

198 3624 528 3670 temeratam
562 3616 768 3670 videtur
794 3632 1012 3670 scrvare
1043 3628 1305 3672 naturam.
1345 3620 1397 3673 Si
1426 3635 1553 3675 vero
1605 3623 1688 3675 lux
1734 3638 1798 3676 cx

197 3719 259 3759 se
285 3705 542 3760 tenebras
565 3708 762 3776 gignat,
798 3709 1077 3762 mutationi
1112 3711 1340 3764 obnoxia
1374 3712 1496 3778 erit,
1522 3714 1737 3767 alterius
1768 3729 1797 3767 a

192 3810 259 3851 se
286 3796 505 3865 generis
538 3794 814 3853 materiam
850 3798 1133 3864 tribuens;
1165 3801 1289 3869 quia
1328 3803 1378 3855 in
1412 3804 1512 3857 hoc
1554 3805 1799 3859 inituuta-

194 3891 431 3947 bilitatis
457 3907 568 3947 sua:
594 3893 849 3948 illibatam
903 3894 1102 3962 poterit
1155 3909 1373 3950 servare
1421 3898 1795 3966 substantiam,

188 3983 238 4036 si
277 3982 389 4037 hoc
415 3984 555 4053 quod
581 3984 691 4053 ipsa
717 3994 798 4038 est
855 3985 1122 4039 ministret
1164 4002 1226 4040 ex
1258 4001 1406 4041 sese.
1436 3986 1698 4041 Catterum
1730 3991 1794 4055 si,

187 4084 253 4130 ut
285 4075 426 4142 dixi,
480 4076 531 4129 id
574 4076 713 4143 quod
768 4092 834 4129 ex
893 4091 1013 4130 sese
1060 4078 1243 4131 tribuit
1298 4079 1436 4130 aliud
1487 4080 1589 4133 erit
1641 4096 1796 4147 quam

186 4167 385 4235 ipsum
412 4164 553 4233 quod
579 4165 759 4217 tribuit
782 4205 797 4229 ,
832 4176 957 4217 tunc
982 4154 1202 4221 alterius
1233 4168 1479 4221 substant
1503 4184 1547 4221 te
1569 4170 1672 4222 dici
1708 4185 1799 4236 po-

186 4260 352 4323 terit,
388 4257 529 4327 quod
560 4258 781 4312 omnino
815 4269 1121 4313 naturarum
1150 4261 1387 4314 omnium
1417 4264 1665 4330 qualitas,
1716 4266 1796 4319 vel

182 4349 362 4414 ordo,
390 4349 470 4403 vel
496 4350 638 4403 ratio
666 4364 768 4402 non
793 4348 1165 4419 admittit.Age
1190 4367 1331 4406 nunc
1350 4353 1482 4421 jam,
1506 4354 1547 4408 si
1567 4355 1791 4420 videtu,

181 4456 214 4495 a
245 4439 492 4495 terrenis
523 4454 587 4494 ac
617 4439 919 4493 visibilibns
981 4441 1030 4493 in
1055 4444 1329 4509 superiora
1365 4444 1558 4498 mentis
1582 4449 1792 4499 ocu'nm

182 4533 489 4602 erigamus,
536 4542 589 4586 et
621 4546 683 4585 ex
722 4531 801 4585 his
848 4546 966 4600 qum
996 4533 1132 4586 facta
1160 4544 1285 4587 sunt
1327 4536 1532 4589 inlecta:
1581 4537 1792 4591 virtutis

1904 3314 2233 3381 nipotedetn
2284 3319 2448 3374 Deum
2507 3324 2903 3392 impassibiliter
2942 3346 3004 3384 ex
3058 3333 3236 3401 seipso
3293 3336 3486 3392 Filium

1902 3419 2207 3472 generasse,
2239 3424 2305 3460 an
2340 3409 2467 3464 iliutl
2502 3414 2678 3480 potius
2706 3416 2932 3484 Opinati,
2967 3435 3033 3475 ne
3065 3424 3331 3491 passionis
3360 3430 3488 3481 vitio

1903 3494 2222 3562 subjaceret,
2253 3513 2316 3552 ex
2348 3501 2548 3570 seipso,
2575 3504 2624 3557 id
2657 3516 2740 3559 est
2767 3522 2831 3561 ex
2855 3524 2950 3563 sua
2973 3513 3269 3569 substantia
3297 3517 3485 3573 Filium

1878 3603 2160 3657 generare
2190 3606 2292 3645 nun
2320 3593 2569 3660 potuisse.
2598 3598 2708 3667 Ego
2738 3600 2879 3653 enini
2905 3602 2956 3655 id
2976 3613 3187 3669 astruo,
3219 3608 3271 3661 id
3300 3610 3487 3664 claris-

1902 3680 2033 3733 sima
2070 3681 2214 3736 vocis
2239 3683 2570 3751 professione
2592 3704 2862 3759 assevero,
2898 3696 3035 3763 quod
3058 3698 3197 3752 sicut
3226 3700 3364 3754 Deus
3388 3703 3485 3757 ini.

1906 3774 2192 3841 passibilis,
2229 3774 2296 3830 ita
2342 3788 2395 3832 et
2435 3781 2774 3849 omnipOIens
2803 3797 2903 3840 est.
2938 3789 3112 3843 Credo
3136 3807 3264 3863 ergo
3295 3795 3361 3848 de
3389 3810 3483 3848 sua

1904 3866 2140 3932 potuisse
2168 3868 2459 3925 substantia
2479 3873 2758 3941 generaie,
2788 3893 2884 3933 nec
2909 3889 3083 3935 tamen
3110 3884 3336 3950 alicujus
3365 3904 3484 3953 pas-

1903 3956 2069 4010 sionis
2096 3959 2226 4013 vitio
2247 3961 2550 4029 subjectum
2583 3965 2781 4020 fuisse:
2816 3973 3067 4034 quoniam
3094 3974 3287 4028 divisio
3313 3992 3372 4029 ac
3396 3980 3484 4033 dc-

1904 4047 2115 4115 rivatio,
2149 4056 2467 4118 contractio,
2496 4059 2976 4125 accessio,vﬂuxus,
3002 4064 3081 4115 vel
3107 4064 3149 4115 si
3173 4079 3272 4127 qua
3296 4065 3483 4133 hujus-

1903 4140 2047 4193 modi
2091 4156 2209 4197 esse
2254 4153 2477 4210 possunt
2522 4160 2715 4212 genera
2749 4149 3079 4214 passionum,
3110 4138 3385 4220 corporeis
3430 4166 3484 4210 et

1902 4235 2394 4298 contrectabilibus,
2420 4246 2576 4305 atque
2600 4252 2662 4291 ex
2691 4239 3001 4295 diversitate
3020 4247 3333 4313 compositis
3352 4262 3481 4301 eou—

1904 4326 2123 4379 veniunt
2156 4325 2331 4379 rebus.
2369 4328 2506 4381 Deus
2540 4342 2688 4393 vero,
2721 4331 2809 4399 qui
2844 4331 3004 4385 nullis
3033 4336 3279 4403 corporei
3326 4340 3482 4393 selte-

1902 4416 2059 4469 matis
2088 4416 2540 4471 circumscribitur
2567 4419 2751 4487 signis,
2778 4434 2875 4474 nec
2911 4421 3178 4491 aliquibus
3200 4424 3482 4495 distingui-

1902 4518 1986 4560 tur
2041 4508 2402 4562 membrornm
2459 4510 2820 4577 lineamentis,
2867 4512 2996 4566 vitio
3045 4515 3325 4583 subiacere
3374 4535 3475 4575 non

182 4600 551 4679 sub'slamiam
608 4637 1032 4691 cognoscamus;
1091 4627 1400 4693 apostolica,
1454 4628 1866 4687 mmorim;sD
1899 4608 2072 4665 patest
2106 4600 2386 4668 pissionis.
2424 4600 2489 4654 Et
2539 4616 2680 4656 recte
2738 4604 2789 4656 in
2840 4605 3029 4659 eodem
3079 4609 3477 4673 generatioiient

181 4718 372 4771 edocti
402 4718 735 4785 magisterio,
759 4730 866 4784 quo
893 4716 988 4783 ait,
1020 4716 1340 4772 invisibilem
1367 4719 1659 4773 divinitatis
1682 4723 1784 4774 vir-

184 4813 363 4858 tutem
421 4820 486 4856 ex
520 4804 602 4858 liis
623 4821 742 4874 qua:
772 4804 910 4859 facta
938 4815 1061 4861 sunt
1116 4807 1314 4862 debere
1340 4809 1555 4879 intelligi
1582 4813 1599 4882 (
1630 4812 1777 4865 Rom.

183 4913 222 4964 ι,
245 4896 320 4951 20
342 4896 387 4965 ).
424 4893 566 4947 Dixit
588 4908 716 4962 ergo
745 4897 905 4952 Arius
936 4897 1126 4952 Filium
1151 4915 1212 4953 ex
1248 4901 1401 4955 Patre
1430 4911 1608 4957 natum
1638 4921 1780 4971 esse,

182 4997 234 5041 et
269 4988 451 5040 Deum
482 4984 645 5038 Deitm
673 4982 942 5053 genuisse,
1001 4989 1171 5039 lucem
1205 4990 1399 5043 lucem.
1442 4993 1494 5045 lii
1526 5009 1627 5061 qua
1659 5012 1781 5062 pru-

182 5077 433 5133 fessione
466 5090 628 5129 unutn
654 5075 757 5129 erit
778 5090 807 5129 e
823 5075 1029 5129 duobus
1052 5077 1400 5144 proculdubio
1424 5080 1777 5139 retinendum.

182 5171 289 5225 Aut
319 5170 473 5225 enim
500 5183 567 5223 ex
596 5167 774 5236 seipso
831 5182 1092 5237 generans
1148 5168 1199 5223 id
1238 5169 1377 5239 quod
1426 5172 1537 5240 ipse
1566 5182 1647 5227 est
1687 5192 1769 5243 ge—

182 5265 319 5328 nuit,
349 5270 409 5316 et
426 5260 497 5313 ob
512 5259 615 5313 hoc
634 5258 797 5313 Filius
818 5259 976 5314 unius
993 5274 1113 5315 cum
1136 5260 1293 5316 Patre
1313 5261 1624 5319 substantiae
1645 5267 1745 5319 erit
1768 5285 1778 5318 :

178 5364 271 5407 aut
297 5354 345 5408 si
379 5352 605 5406 alterius
632 5366 661 5405 a
691 5364 749 5406 se
778 5353 992 5420 generis
1036 5353 1200 5407 Deum
1232 5354 1439 5422 genuit,
1471 5370 1595 5409 vera
1642 5358 1778 5411 nati-

180 5446 317 5500 vitas
348 5442 462 5497 dici
494 5457 596 5495 non
630 5442 845 5511 poterit,
892 5457 1012 5511 quae
1050 5444 1432 5513 proprietatem
1463 5445 1777 5502 substantia:

180 5533 497 5607 generantis
521 5547 736 5589 servare
766 5549 870 5587 non
901 5535 1092 5602 potuit.
1124 5535 1188 5589 Et
1212 5550 1277 5590 eo
1299 5536 1672 5607 disputationis
1692 5555 1777 5593 ra-

181 5630 254 5683 tio
281 5626 595 5691 deducitur,
629 5636 795 5679 utaut
823 5626 1042 5680 omnino
1075 5639 1230 5682 natus
1256 5644 1358 5683 non
1392 5630 1482 5695 sit,
1508 5632 1774 5701 antdcge-

183 5728 410 5775 uerutus
439 5718 545 5782 sit;
574 5717 714 5786 quod
760 5727 941 5770 utrum
962 5734 1046 5787 pie
1101 5719 1251 5774 lateri
1302 5723 1693 5789 perabsurdum
1723 5734 1776 5780 et

182 5816 407 5887 impium
439 5826 559 5873 esse
587 5811 872 5874 videbitur.

476 5906 741 5968 l’nnet.
794 5903 986 5963 LXII.

1898 4695 2173 4758 protiteor,
2207 4694 2325 4760 quia
2351 4694 2568 4762 genuit:
2602 4704 2658 4747 et
2688 4704 2834 4748 recte
2867 4696 3262 4763 impassibiliter
3288 4701 3479 4754 nihilo-

1897 4783 2073 4836 minus
2100 4785 2379 4849 cunliteor,
2416 4786 2535 4853 quia
2571 4785 2838 4852 passibilis
2871 4802 3139 4855 nunquam
3178 4790 3295 4844 fuit.

1975 4894 2055 4947 Vl.
2086 4895 2236 4946 Arius
2263 4896 2394 4947 dixit
2415 4912 2433 4948 :
2492 4895 2624 4949 Num
2669 4896 2827 4965 igitur
2852 4898 2972 4963 quia
3004 4899 3055 4952 in
3086 4898 3193 4955 Deo
3232 4902 3471 4969 omnipo-

1894 4985 2057 5038 tentis
2091 4984 2270 5052 negati
2301 4999 2402 5037 non
2437 4995 2627 5053 potest,
2688 4988 2888 5041 idcirco
2940 5003 3062 5041 eum
3116 4992 3319 5059 perpeti
3372 5010 3475 5046 nnu

1894 5090 2052 5143 posse
2077 5074 2346 5127 fatendum
2375 5085 2455 5127 est
2478 5091 2596 5143 qua:
2623 5077 2843 5131 omnino
2870 5078 3176 5147 incorrupta
3196 5084 3313 5148 ejus
3339 5082 3473 5134 dl\‘l~

1893 5167 2074 5220 uitatis
2104 5167 2401 5219 substantia
2468 5167 2625 5236 106
2681 5183 2783 5221 non
2834 5170 3061 5237 recipit?
3110 5170 3260 5225 Unde
3320 5174 3475 5223 valde

1892 5259 2252 5322 inhonestum,
2271 5269 2324 5312 et
2356 5259 2487 5312 satis
2514 5259 2786 5327 impietate
2809 5261 3018 5327 plenum
3041 5276 3161 5317 esse
3182 5262 3474 5327 videbitur,

1890 5359 1947 5403 ut
1974 5366 2068 5418 per
2100 5352 2252 5404 unius
2284 5351 2670 5419 professionem
2731 5351 3063 5419 substantiae,
3114 5368 3211 5407 nec
3255 5354 3468 5408 Patrem

1890 5442 2101 5510 proprie
2136 5441 2450 5507 subsistere,
2480 5455 2579 5495 nec
2607 5441 2803 5495 Filium
2834 5442 2885 5495 in
2909 5456 3002 5495 sua
3033 5443 3356 5511 proprietate
3377 5461 3478 5498 exs
3556 5440 3561 5447 ’

1884 5542 2029 5587 stare
2053 5533 2358 5587 credamus.
2387 5533 2513 5586 liluc
2555 5534 2697 5586 enim
2756 5530 2982 5584 nefanda
3029 5532 3263 5598 perﬁdia:
3309 5535 3473 5606 hujus

1882 5626 2056 5696 vergit
2076 5626 2323 5692 intentio,
2348 5635 2403 5680 ut
2425 5625 2706 5695 permixtis
2727 5632 2781 5677 et
2808 5622 2964 5674 unius
2995 5624 3071 5677 rei
3093 5627 3473 5696 cuagulatione

1882 5734 1949 5773 ex
1978 5718 2192 5775 diverso
2219 5718 2461 5774 collectis
2488 5728 2649 5787 atque
2679 5711 2915 5769 confusis
2947 5711 3120 5772 Patris
3136 5728 3187 5772 et
3208 5719 3324 5775 Filii
3344 5739 3466 5791 pcr-

1884 5814 2051 5879 sonis,
2086 5813 2136 5865 in
2167 5828 2259 5867 sua
2291 5812 2381 5879 (ut
2412 5810 2558 5877 dixi)
2590 5803 2932 5877 proprietatis
2966 5808 3336 5879 siiignlaritale
3368 5818 3469 5869 nti-

3192 5905 3229 5962 6
