3990 6390
580 375 674 431 171

1888 377 2117 432 VlGlLll
2157 374 2534 435 TAPSENSIS
3681 401 3750 455 ,7,

575 490 720 540 nime
772 487 1066 544 subsistere
1103 490 1330 545 valeant.
1379 489 1507 543 lliud
1537 490 1695 543 etiam
1730 487 1889 541 nimis
1934 488 2157 543 horren-
2191 498 2234 555 Α
2264 494 2439 547 omnia
2487 494 2666 557 audit;
2718 509 2925 561 manus,
2960 512 2990 566 q
3016 497 3083 551 tia
3130 502 3306 553 omnia
3346 511 3595 571 operatur;
3634 513 3748 577 pedes

573 576 722 642 dum,
754 588 806 633 et
836 579 1020 646 procul
1056 594 1085 633 a
1120 580 1357 633 ﬁdelium
1389 578 1658 632 mentibus
1702 576 2060 631 amovendum
2108 577 2161 631 itt

575 670 675 723 hac
706 678 807 724 tua:
834 669 1182 740 professionis
1237 670 1459 738 perﬁdia
1501 670 1830 732 continetur,
1879 669 2160 731 inviolabi-

577 759 678 813 lem
709 760 918 815 Patrem
943 761 1127 816 de'sua
1155 762 1450 816 substantia
1501 760 1829 831 generando,
1852 760 2160 830 corruptio-

578 854 663 908 nis
684 870 746 909 ac
770 855 1047 910 divisionis
1071 856 1255 910 vitium
1286 855 1557 909 declinare
1586 855 1806 908 minime
1830 855 2086 924 potuisse.

643 947 954 1002 Athanasius
1008 948 1183 1000 dixit:
1244 946 1482 1002 Veritate
1529 946 1723 1000 divina:
1774 947 2156 1015 generationis,

573 1037 891 1092 velutnodis
920 1037 1290 1093 insolubilibus
1307 1039 1508 1091 arctius
1534 1037 1820 1105 obligatus,
1848 1051 1944 1105 per
1977 1037 2160 1091 nescio

571 1146 691 1200 qua:
720 1129 960 1184 nefanda:
988 1128 1301 1185 intentionis
1347 1129 1650 1193 molimina,
1689 1127 1880 1198 quibus
1923 1128 2156 1181 divinam

570 1230 778 1277 certum
809 1230 890 1277 est
909 1236 1094 1278 carere
1123 1232 1389 1287 naturam,
1420 1219 1681 1275 evadendi
1702 1219 1989 1290 suffugium
2014 1235 2159 1289 quae-

569 1312 759 1379 ritans,
793 1314 1194 1383 corruptionem
1227 1314 1554 1382 incorrupto,
1588 1313 1887 1382 passionem
1915 1312 2158 1381 impassi-

566 1404 683 1471 bili,
716 1408 1083 1475 impotentiam
1117 1406 1309 1475 objicis
1337 1404 1710 1474 omnipotenti.
1745 1404 1849 1459 Sed
1898 1404 2009 1457 ltzcc
2040 1420 2152 1460 cte-

567 1496 663 1552 bro
684 1513 748 1552 ac
776 1498 970 1568 smpius
1010 1508 1280 1567 repetens,
1332 1497 1476 1551 nulla
1530 1506 1579 1551 te
1621 1495 1814 1550 divina:
1862 1496 2154 1565 majestatis

564 1590 869 1647 reverentia
901 1605 927 1642 a
962 1598 1068 1643 tam
1103 1589 1346 1645 nefandis
1393 1588 1785 1659 objectionibus
1835 1605 2020 1644 arcere
2058 1605 2154 1660 po-

561 1692 705 1737 test:
738 1681 832 1737 sed
864 1690 1123 1750 quantum
1150 1681 1306 1736 video
1331 1682 1447 1737 sine
1471 1682 1577 1735 ullo
1606 1681 1825 1750 pudoris
1855 1681 2069 1747 intuitu,
2099 1682 2152 1737 in

555 1774 813 1844 itrjuriam
845 1773 1164 1829 veneranda:
1214 1773 1333 1827 Filii
1357 1774 1615 1828 nativitati
1642 1774 1829 1828 obvius
1862 1788 2151 1843 properare

2269 585 2386 651 quia
2420 585 2613 653 ubique
2642 595 2752 651 est;
2786 589 2854 641 ita
2884 597 3115 655 uterum,
3136 594 3257 661 quTa
3279 594 3342 649 de
3366 594 3471 663 ipso
3491 598 3750 658 ineffabilitt-r

2265 672 2467 743 genuit,
2495 676 2738 745 accipere
2763 677 2948 733 debes.
2978 681 3083 735 Nec
3103 693 3154 737 te
3181 694 3389 753 oportet
3414 688 3655 745 inﬁdeliter
3669 695 3748 759 epi-

2267 768 2403 830 nari,
2426 768 2546 837 quia
2567 770 2609 822 si
2634 769 2700 824 de
2719 771 2896 840 seipse
2920 776 3123 841 genuit,
3151 780 3412 846 corrumpi
3437 782 3595 849 utique
3611 786 3748 850 potuit;

2263 871 2420 926 quem
2451 869 2506 912 ut
2536 861 2954 929 omnipotentem
2990 876 3043 919 et
3093 868 3532 936 incorruptibilem
3556 889 3750 942 generare

2264 950 2515 1017 potuerit,
2544 965 2641 1005 nec
2666 951 2764 1006 hac
2792 953 2901 1022 ipsa
2921 959 3267 1024 generatione
3287 962 3536 1030 corrumpi
3563 969 3749 1030 patuerit,

2264 1040 2495 1095 ﬁdeliter
2519 1044 2769 1097 convenit
2798 1046 3056 1113 proﬁteri.
3084 1048 3213 1103 Nam
3236 1051 3277 1105 si
3303 1050 3589 1106 mirabiliter
3605 1069 3656 1107 ex
3671 1054 3750 1107 \‘ir-

2260 1130 2383 1201 gine
2410 1141 2594 1186 contra
2626 1150 2801 1189 rerum
2834 1148 3077 1193 naturam
3105 1140 3558 1210 incorrttptibiliter
3575 1144 3752 1198 creditur

2260 1235 2441 1287 natus;
2474 1236 2672 1295 quanto
2702 1229 2869 1293 magis
2895 1245 2958 1284 ex
3011 1233 3167 1286 Patre
3203 1235 3494 1289 credendus
3520 1245 3592 1289 est
3628 1236 3752 1288 incor-

2259 1316 2581 1385 ruptibiliter
2604 1321 2847 1387 genitus?
2870 1321 2925 1374 Si
2949 1323 3090 1376 enim
3123 1324 3479 1380 substantialis
3501 1335 3655 1379 natura
3672 1325 3751 1376 γπ-

2256 1407 2416 1476 ginis,
2447 1424 2564 1478 qtne
2592 1426 2658 1464 ex
2695 1412 2805 1479 ipsa
2837 1413 3018 1483 utique
3040 1418 3399 1486 corruptibilis
3423 1427 3602 1471 natura:
3620 1419 3751 1471 condi

2257 1502 2400 1557 tione
2432 1506 2662 1570 passioni
2700 1516 2755 1560 et
2789 1508 3119 1576 corruptioni
3160 1512 3330 1579 potuit
3370 1513 3634 1579 subjacere,
3659 1512 3752 1563 inc-

2257 1603 2459 1648 merata
2499 1596 2715 1663 pudoris
2764 1598 3085 1667 integritate,
3127 1612 3181 1657 et
3222 1602 3456 1658 infractis
3484 1603 3753 1671 virginalibus

2253 1688 2534 1753 claustris;
2581 1689 2810 1743 mirabili
2859 1693 3271 1762 incorruptionis
3319 1697 3599 1764 integritate
3637 1695 3752 1746 tilium

2252 1780 2555 1849 generavit;
2594 1795 2689 1835 cur
2730 1797 2835 1835 non
2879 1784 3065 1853 magis,
3101 1794 3160 1839 ut
3188 1786 3320 1851 divi,
3371 1789 3617 1854 incorrupt
3636 1785 3750 1838 bilem

556 1865 866 1921 contendis.
891 1865 996 1922 Sed
1026 1875 1076 1921 te
1105 1866 1411 1921 effrenatius
1442 1875 1752 1937 evagantem
1781 1876 1853 1933 et,
1881 1867 2026 1921 velut
2048 1883 2145 1921 un-
2177 1872 2224 1932 B
2256 1871 2412 1941 108
2437 1872 2628 1937 Deum,
2660 1875 2839 1942 genito
2863 1891 2927 1929 ex
2956 1893 3013 1931 se
3038 1876 3501 1946 incorruptibiliter
3526 1878 3752 1937 Filio,cor-

558 1960 678 2015 dosi
709 1960 940 2030 aequoris
970 1960 1198 2029 gorgite,
1234 1961 1461 2015 naturali
1502 1960 1732 2029 quadam
1777 1961 1995 2016 licentia
2028 1959 2145 2015 ﬁui-

563 2060 786 2118 tantem,
835 2051 1031 2106 divinae
1060 2054 1394 2107 auctoritatis
1444 2053 1748 2108 testimonia
1796 2053 2141 2119 coercebunt,

544 2152 615 2197 ~et
647 2143 781 2197 intra
814 2151 991 2198 certos
1034 2143 1226 2198 divina:
1275 2143 1627 2213 professionis
1676 2145 1875 2200 limites
1900 2154 2147 2200 coarcta-

561 2245 693 2298 tum,
727 2234 976 2304 legalium
1008 2236 1451 2291 constitutionum
1492 2245 1661 2292 metas
1687 2237 1871 2307 egredi
1920 2252 2025 2292 non
2073 2237 2147 2292 si-

562 2334 707 2377 nent.
734 2324 1041 2381 Inculcatur
1082 2325 1242 2395 igitur
1291 2326 1537 2381 humanis
1588 2328 1841 2382 sensibus
1870 2340 2025 2382 sacro
2056 2325 2146 2381 illo

560 2414 906 2483 professionis
937 2417 1287 2471 suteoracnlo
1317 2418 1493 2472 divina
1524 2419 1793 2488 majestas,
1831 2434 1936 2489 quo
1973 2434 2032 2473 se
2058 2418 2146 2473 Fi-

558 2505 685 2560 lium
708 2506 775 2560 de
805 2506 1027 2562 occulds
1070 2507 1385 2563 substantia:
1413 2523 1525 2564 sua:
1551 2511 1760 2564 arcanis
1807 2510 2144 2565 ineﬁ‘abiliter

555 2598 804 2668 genuisse
851 2607 1097 2665 testatur,
1132 2608 1184 2654 et
1205 2599 1375 2655 dicit:
1409 2599 1493 2654 Ea:
1531 2612 1671 2655 utero
1703 2612 1822 2656 ante
1851 2601 2145 2671 Luciferum

556 2691 706 2761 genui
728 2701 770 2743 te
803 2691 992 2761 (Psal.
1014 2706 1127 2755 cxx,
1160 2692 1194 2745 3
1219 2692 1261 2759 ).
1290 2691 1462 2747 Unum
1494 2702 1575 2747 est
1594 2708 1725 2762 ergo
1744 2694 1799 2747 in
1828 2693 1927 2748 hac
1952 2694 2146 2748 divina:

557 2783 911 2854 professionis
946 2784 1341 2839 contestatione
1400 2784 1711 2839 tenendum.
1770 2786 1876 2839 Aut
1906 2787 2048 2839 enim
2080 2786 2147 2840 de

558 2893 652 2932 sua
693 2875 949 2931 ineffabili
984 2876 1280 2930 substantia
1322 2876 1515 2931 Filium
1546 2877 2025 2946 itteorruptihiliter
2058 2895 2148 2945 ge-

561 2970 707 3034 nuit;
737 2978 829 3023 aut
853 2983 920 3023 ne
946 2978 1402 3037 corrumperetur,
1431 2971 1650 3023 omnino
1678 2985 1783 3023 non
1814 2969 2018 3040 genuit.
2044 2970 2146 3024 Sed

560 3073 660 3129 ego
684 3058 823 3113 hanc
850 3058 1072 3127 integrae
1104 3057 1225 3113 ﬁdei
1259 3068 1464 3125 partem
1502 3059 1663 3127 eligo,
1687 3072 1807 3128 quae
1847 3060 2145 3130 religiosius

562 3151 883 3206 contestanti
914 3149 982 3203 de
1012 3164 1072 3204 se
1121 3148 1232 3204 Deo
1260 3150 1453 3203 suadet
1482 3149 1844 3203 famulandum
1872 3166 1884 3201 :
1929 3165 2028 3205 nec
2062 3165 2146 3203 nte

2250 1964 2423 2031 rumpi
2455 1979 2558 2017 non
2594 1966 2826 2033 potuisse
2851 1968 3168 2022 credamus?
3191 1968 3234 2023 0
3257 1986 3447 2024 novum
3470 1980 3609 2038 atque
3633 1967 3751 2020 infan-

2248 2052 2372 2107 dum
2406 2066 2755 2111 monstruosa:
2785 2059 3051 2126 opinionis
3102 2060 3460 2116 damnabilem
3498 2072 3667 2115 metum
3696 2056 3751 2108 ld-

2251 2146 2352 2200 teri
2386 2145 2658 2215 Virginem
2711 2158 2863 2217 partu
2901 2164 3006 2203 non
3038 2153 3275 2218 potuisse
3318 2152 3589 2219 corrumpi,
3614 2161 3655 2203 et
3679 2147 3753 2200 for-

2250 2236 2450 2292 midare
2482 2238 2647 2291 Deum
2700 2254 2765 2292 ne
2808 2241 3168 2309 corruptionis
3206 2242 3337 2296 vitio
3384 2242 3670 2310 sultjacerct,
3706 2237 3752 2290 de

2248 2341 2345 2381 sua
2369 2341 2472 2381 non
2506 2328 2742 2395 potuisse
2768 2330 3058 2384 substantia
3096 2336 3389 2399 generare!
3418 2332 3617 2386 Valente
3644 2329 3753 2397 igitur

2253 2417 2389 2482 Deo,
2435 2420 2795 2487 corruptibilis
2838 2433 3042 2475 natura:
3074 2421 3253 2492 Virgo,
3298 2425 3415 2479 sine
3457 2423 3552 2476 ullo
3597 2418 3753 2488 pudoris

2248 2507 2445 2562 damno
2474 2510 2638 2564 ﬁlium
2668 2511 2982 2580 generavit:
3014 2520 3068 2567 et
3089 2512 3203 2579 ipse
3221 2515 3312 2582 qui
3347 2508 3753 2582 incomparabiliter

2247 2600 2454 2656 cunctis
2484 2602 2691 2655 naturis
2736 2602 3188 2671 incorruptihitior
3231 2620 3484 2672 permane
3512 2644 3525 2668 ,
3570 2603 3654 2655 hoc
3687 2596 3753 2651 sibi

2250 2702 2503 2761 prmstare
2530 2708 2633 2747 non
2668 2695 2857 2763 p'utuit,
2890 2703 2942 2746 ttt
2967 2695 3033 2749 de
3062 2710 3155 2747 sua
3197 2696 3489 2750 s’uhstautia
3520 2694 3677 2749 Filium
3701 2690 3754 2740 in-

2248 2783 2665 2852 corruptibiliter
2686 2783 2940 2853 generat-‘e
2964 2786 3231 2854 potuerit?
3258 2786 3400 2856 Ergo
3422 2787 3534 2856 quia
3561 2785 3692 2837 Deum
3708 2778 3753 2831 de

2247 2874 2427 2943 seipse
2456 2875 2648 2929 Filium
2678 2871 2984 2945 generasse,
3015 2886 3069 2931 et
3095 2878 3402 2933 divinarum
3432 2878 3754 2945 Scriptttrarum

2249 2974 2513 3021 testantur
2542 2968 2775 3037 eloquia,
2808 2978 2863 3023 et
2886 2970 2937 3022 in
2964 2984 3057 3023 sua
3090 2969 3248 3024 Arius
3279 2970 3539 3041 superiori
3570 2976 3756 3037 present.

2249 3057 2395 3111 tione
2422 3056 2594 3112 fassus
2624 3068 2727 3122 est,
2757 3059 2957 3127 judica,
2982 3060 3215 3115 virorum
3246 3063 3452 3131 Optime
3479 3059 3648 3121 Probe,
3676 3053 3757 3122 quis

2253 3150 2420 3219 magis
2442 3164 2561 3204 cum
2579 3150 2774 3204 divinis
2794 3152 3076 3206 conveniat
3096 3152 3388 3221 Scripturis
3406 3169 3421 3218 ;
3439 3162 3657 3207 utrumne
3672 3160 3755 3213 eg".

563 3242 666 3297 ulla
690 3240 937 3296 humana:
959 3241 1219 3308 passionis
1236 3241 1510 3296 obstacula
1532 3256 1597 3295 ex
1627 3241 1956 3295 inﬁdelitatis
1978 3243 2145 3297 sacri-
2174 3237 2219 3300 C
2249 3240 2336 3311 qui
2366 3240 2435 3294 ob
2463 3240 2564 3295 hoc
2594 3242 2748 3296 unius
2781 3242 3093 3297 substantia:
3119 3259 3238 3298 cum
3282 3244 3441 3298 Patre
3476 3242 3643 3296 Filium
3676 3246 3758 3286 esse

561 3322 704 3404 legio
740 3333 1117 3388 descendentia
1152 3332 1420 3387 ullatenus
1469 3341 1719 3402 poterunt
1768 3347 2041 3400 revocare,
2091 3342 2150 3388 ut

561 3425 755 3479 merito
785 3438 889 3478 non
914 3423 1130 3478 credam
1168 3423 1329 3477 Deum
1361 3438 1619 3492 generare
1651 3424 1912 3492 potuisse,
1943 3439 2009 3479 ne
2052 3424 2149 3478 hu-

561 3530 732 3571 ntanaa
758 3515 1164 3571 consuetudinis
1195 3530 1345 3568 more
1383 3515 1536 3585 107
1559 3516 1890 3585 corruptioni
1920 3518 2152 3586 p:_:tuerit

560 3610 873 3678 subjacere:
905 3624 1025 3662 cunt
1059 3607 1159 3661 hoc
1185 3607 1315 3661 mihi
1341 3608 1469 3661 satis
1493 3622 1613 3662 esse
1643 3623 1749 3662 non
1772 3608 2007 3663 dubitem
2029 3621 2170 3676 pro—'

562 3700 845 3764 ﬁtendum,
878 3700 944 3753 de
975 3700 1070 3753 Dei
1101 3700 1401 3754 substantia
1434 3710 1616 3755 natum
1647 3714 1790 3764 esse,
1835 3717 1992 3770 quem
2024 3716 2150 3755 cou-

561 3800 667 3845 5tat
695 3789 760 3845 de
787 3789 959 3843 Patris
988 3799 1138 3844 utero
1161 3790 1511 3859 processisse.

639 3884 745 3938 VII.
782 3884 934 3938 Arius
964 3883 1095 3936 diJit
1119 3897 1139 3937 :
1167 3883 1434 3949 Quantum
1478 3891 1581 3936 tua?
1617 3882 2009 3952 prosecutionis
2060 3884 2146 3937 in-

563 3975 732 4028 tentio
777 3981 1066 4039 monstrat,
1110 3973 1466 4043 compositum
1524 3973 1677 4028 nobis
1732 3982 1786 4027 et
1826 3973 2148 4043 corruptioni

559 4068 849 4123 obnoxium
876 4068 957 4123 vis
980 4068 1322 4123 introducere
1343 4067 1510 4123 Deum
1536 4085 1549 4134 ;
1577 4069 1666 4138 qui
1682 4068 1841 4123 etiam
1864 4069 1917 4124 in
1939 4085 2004 4125 eo
2027 4084 2147 4125 cor-

561 4159 800 4228 poralem
843 4160 978 4215 uteri
1019 4159 1435 4229 appellationem
1483 4160 1729 4230 accipere
1774 4175 1882 4215 non
1927 4162 2138 4216 metuis.

560 4252 794 4307 Necesse
825 4268 952 4321 ergo
974 4252 1076 4307 erit
1109 4262 1166 4308 ut
1194 4263 1285 4307 aut
1322 4254 1577 4308 membris
1603 4255 1931 4323 compositus
1966 4255 2056 4323 sit,
2087 4257 2135 4309 si

561 4353 770 4398 uterum
798 4339 989 4408 liabet;
1018 4353 1111 4398 aut
1135 4346 1486 4413 corruptioni,
1523 4354 1579 4398 ut
1606 4344 1738 4410 dixi,
1770 4346 2063 4413 obnoxius,
2097 4347 2143 4421 si

560 4434 628 4489 de
656 4449 749 4489 sua
774 4435 1071 4489 substantia
1099 4436 1395 4503 generavit.

632 4528 943 4581 Athanas'us
969 4527 1130 4581 dixit:
1151 4527 1313 4582 Reete
1344 4527 1395 4582 id
1426 4541 1512 4582 me
1540 4528 1774 4582 sensisse
1799 4543 2071 4595 argueres,
2099 4530 2141 4582 si

2252 3331 2532 3396 conﬁteor,
2562 3333 2702 3401 quod
2736 3332 2983 3387 videlicet
3012 3349 3078 3388 ex
3114 3335 3250 3404 ipso,
3287 3343 3345 3389 et
3378 3349 3480 3388 non
3507 3326 3687 3386 aliunde
3705 3322 3756 3375 div

2254 3423 2491 3477 noscitur
2538 3436 2691 3477 natus
2724 3442 2736 3477 :
2779 3434 2833 3479 et
2872 3425 2941 3480 ob
2980 3425 3079 3479 hoc
3117 3441 3303 3479 rursus
3355 3417 3758 3491 incorruptitiliter

2252 3512 2500 3583 genuisse
2531 3515 2804 3582 profiteor,
2838 3515 2958 3583 quia
2991 3515 3193 3570 excelle
3218 3517 3443 3570 ltissima
3479 3512 3647 3568 divine
3683 3517 3759 3558 nta-

2250 3605 2460 3675 jestatis
2477 3607 2791 3675 substantia,
2819 3622 2913 3676 per
2932 3608 3014 3662 sui
3041 3606 3372 3662 ineffabilem
3397 3605 3660 3677 petentiam
3680 3610 3761 3651 cor-

2253 3699 2482 3768 ruptioni
2525 3701 2804 3767 subjacere
2836 3701 3140 3755 nullatenus
3184 3702 3474 3768 potuisset;
3506 3713 3567 3751 an
3597 3697 3676 3747 iste
3699 3684 3758 3754 ί1¹¹ί

2255 3791 2307 3845 in
2329 3800 2475 3846 tanto
2502 3792 2749 3860 ancipitis
2777 3790 3139 3861 intelligentia:
3163 3793 3474 3846 discrimine
3498 3787 3759 3859 pOrilUSCSl.

2254 3894 2310 3937 ut
2335 3898 2440 3954 quo
2466 3884 2586 3938 lidci
2614 3899 2723 3938 suae
2747 3884 2935 3954 pedem
2968 3884 3185 3949 referat,
3217 3886 3445 3939 nesciat.
3470 3870 3761 3935 Nolensenim

2252 3975 2493 4028 confiteri
2548 3964 2711 4028 Dt-um
2756 3976 2822 4030 de
2867 3990 2961 4029 sua
3020 3975 3317 4029 substantia
3360 3962 3763 4039 incorruptibilitet

2252 4068 2521 4133 genuisse,
2548 4068 2599 4121 in
2616 4083 2731 4120 cant
2757 4066 3106 4121 confessionis
3121 4069 3497 4122 necessitatem
3520 4076 3565 4117 at
3591 4056 3761 4113 rabitur,

2254 4167 2309 4212 ut
2337 4174 2457 4212 eum
2500 4169 2655 4227 neget
2681 4159 3001 4228 oqtnimodis
3044 4160 3316 4226 genuisse.
3364 4156 3468 4213 Sed
3516 4157 3606 4207 hoc
3642 4149 3765 4215 ipsum

2252 4266 2467 4321 negare,
2521 4250 2863 4304 obviantibus
2902 4250 3133 4318 undique
3174 4259 3227 4304 et
3266 4251 3411 4305 clara
3457 4240 3765 4301 vociferatione

2251 4344 2551 4398 exclamant
2576 4344 2688 4407 bus,
2724 4343 2835 4396 sive
2858 4342 3181 4411 propheticis
3204 4342 3318 4397 sive
3348 4339 3642 4411 apostolicis
3666 4325 3765 4383 νοεῖ·

2250 4435 2368 4499 bus,
2403 4450 2667 4501 nunquam
2700 4434 2813 4487 sine
2835 4433 2996 4487 dubio
3020 4434 3232 4501 poterit.

2325 4524 2453 4576 Vill.
2484 4523 2684 4576 Probus
2706 4524 2875 4595 judex
2902 4524 3063 4576 dixit:
3087 4522 3351 4591 Quidquid
3380 4523 3430 4575 in
3453 4522 3545 4574 hac
3575 4522 3767 4586 proscin-

560 4635 663 4689 ego
694 4620 859 4674 Deum
889 4618 1088 4673 habere
1118 4628 1353 4685 uterum,
1389 4618 1621 4689 prepria:
1660 4618 1979 4674 temeritatis
2011 4635 2145 4687 [περ-
2176 4609 2220 4667 D
2251 4603 2451 4668 tionum
2480 4625 2775 4668 vestrarum
2808 4614 3101 4669 assertione
3128 4628 3423 4683 agnoscere
3454 4629 3485 4681 p
3526 4611 3611 4671 tui,
3631 4603 3768 4657 ultima

560 4713 886 4781 sumptione,
911 4712 1027 4765 sine
1047 4712 1307 4781 ullolegis
1326 4710 1522 4767 divina:
1547 4711 1857 4766 testimonio
1878 4711 2141 4765 affirmas-

558 4817 694 4858 setn.
723 4803 793 4857 At
820 4818 940 4857 cum
980 4802 1097 4871 ipse
1128 4802 1267 4857 Deus
1295 4803 1363 4858 ad
1393 4803 1738 4859 refellendam
1781 4804 2001 4860 credere
2047 4819 2142 4859 no-

558 4894 780 4951 lentium
805 4893 1067 4947 insaniam
1088 4893 1188 4948 hoc
1217 4892 1283 4950 de
1304 4896 1487 4965 seipso
1516 4896 1865 4965 pronuntiare
1893 4896 2139 4966 dignatus

557 4996 664 5053 est,
710 5000 816 5056 quo
852 4985 1153 5041 evidentius
1198 5001 1292 5055 per
1334 4987 1470 5042 uteri
1517 4988 1988 5057 nuncupationem,
2033 5004 2137 5042 non

556 5078 916 5144 extrinsecus,
946 5091 1049 5131 non
1072 5076 1310 5144 aliunde,
1334 5078 1429 5133 sed
1452 5078 1520 5133 de
1546 5081 1746 5147 seipse,
1778 5077 1828 5132 id
1852 5087 1934 5132 est
1953 5077 2020 5132 de
2041 5092 2135 5131 sua

553 5164 852 5228 substantia
884 5185 942 5225 se
968 5169 1159 5225 Filium
1190 5185 1480 5240 generasse
1511 5171 1749 5237 doceret,
1781 5184 1876 5223 cur
1896 5170 2027 5224 mihi
2058 5172 2137 5225 vi-

553 5269 706 5323 tiosae
734 5267 1064 5324 credulitatis
1092 5277 1271 5321 notam
1306 5265 1511 5335 inﬁgis?
1539 5279 1661 5320 cum
1695 5265 1795 5319 hoc
1825 5264 2001 5332 potius
2029 5265 2137 5318 Deo

553 5359 735 5415 dicere
764 5358 973 5429 possis:
1004 5358 1061 5413 Si
1093 5357 1258 5412 habes
1289 5365 1522 5424 uterum,
1559 5356 1890 5424 compositus
1914 5354 2054 5419 eris;
2091 5354 2135 5408 si

468 5443 481 5459 “
553 5451 622 5505 de
644 5450 815 5521 teipso
838 5448 1086 5520 genuisti,
1107 5447 1437 5517 corruptioni
1468 5446 1739 5501 obnoxius
1764 5445 1892 5500 eris.
1916 5443 2048 5498 Nam
2068 5444 2138 5498 ita

554 5540 612 5595 in
634 5542 743 5597 Deo
769 5551 957 5597 uterus
986 5540 1104 5595 sine
1131 5539 1304 5609 aliqua
1341 5537 1704 5593 membrorum
1742 5535 2132 5606 compositione

556 5631 837 5701 accipitur,
865 5632 1005 5687 sicut
1032 5631 1196 5697 oculi,
1219 5641 1273 5686 et
1302 5645 1483 5695 aures,
1517 5638 1572 5684 et
1602 5644 1812 5695 manus,
1846 5638 1899 5683 et
1945 5628 2131 5697 pedes,

558 5721 674 5776 sine
704 5721 826 5776 ullis
851 5723 1249 5777 distinetionum
1290 5722 1629 5786 lineamentis
1670 5721 1847 5776 inesse
1884 5720 2131 5776 referun-

560 5822 665 5870 tur.
690 5812 841 5871 Sicut
864 5829 991 5885 ergo
1020 5815 1220 5883 oculos,
1245 5815 1368 5886 quia
1391 5816 1571 5871 omnia
1594 5814 1773 5879 videt;
1804 5826 1987 5880 aures,
2017 5813 2137 5882 quia

2248 4709 2505 4762 examinis
2528 4709 2693 4762 nostri
2726 4708 2992 4762 sententia
3009 4707 3282 4761 retinebit.
3310 4707 3462 4760 Nunc
3485 4717 3622 4765 veto,
3640 4697 3676 4752 si
3694 4702 3769 4761 qua

2245 4800 2397 4854 vobis
2425 4800 2598 4853 adhuc
2636 4800 2703 4855 de
2733 4799 2924 4853 divinis
2960 4797 3251 4868 Scriptttris
3298 4797 3422 4852 ﬁdei
3464 4806 3639 4849 vestrae
3675 4794 3769 4837 con-

2243 4892 2484 4961 gruentia
2518 4905 2802 4960 superesse
2834 4889 3050 4959 putatis,
3085 4888 3326 4957 proferre
3356 4878 3633 4953 dignamini
3654 4915 3667 4941 ν
3696 4879 3771 4966 ll“?

2245 4984 2495 5038 facillime
2543 4999 2799 5053 queamus
2835 4996 3082 5047 processu
3114 4976 3494 5046 disputationis
3535 4987 3601 5042 qu
3624 4968 3652 5021 d
3687 4974 3769 5016 vel"

2246 5074 2381 5126 ratio
2412 5076 2682 5125 contineat
2714 5069 2984 5138 indagare.

2320 5164 2628 5216 Athanasius
2652 5162 2812 5214 dixit:
2838 5160 3098 5226 Quoniam
3123 5159 3499 5215 excellentiam
3527 5166 3656 5210 tuam
3680 5158 3772 5216 μετ’

2246 5254 2415 5322 spicio
2458 5254 2580 5307 huic
2628 5252 2703 5306 rei
2750 5250 3133 5305 instantissime
3165 5265 3227 5305 ac
3260 5250 3490 5304 ﬁdeliter
3519 5243 3773 5301 imminere.

2248 5356 2302 5399 ut
2335 5344 2525 5398 Filium
2557 5344 2624 5398 de
2656 5343 2828 5397 Patris
2861 5340 3155 5395 substantia
3191 5350 3369 5394 natum
3403 5356 3468 5394 ex
3500 5336 3677 5391 divinis
3707 5337 3774 5376 τοι

2249 5434 2533 5489 luminibus
2559 5434 2946 5504 approbemus;
2975 5447 3275 5501 quanquam
3306 5434 3542 5485 omnium
3568 5428 3774 5495 prosecu‘

2251 5527 2456 5581 tiottum
2485 5542 2720 5581 mearum
2757 5524 3022 5580 sententia
3066 5524 3135 5576 ita
3174 5538 3231 5578 se
3261 5523 3457 5577 habere
3490 5518 3635 5591 109
3661 5519 3777 5565 m0"‘

2238 5628 2455 5685 stratur,
2489 5629 2544 5672 ut
2571 5620 2709 5675 sicut
2749 5617 3043 5683 hominum,
3085 5623 3166 5670 vel
3202 5615 3485 5685 cujuslibet
3513 5604 3777 5666 animalium

2240 5732 2426 5787 genus,
2453 5730 2563 5770 sua:
2592 5716 2904 5769 substantia:
2937 5714 3139 5769 similes
3168 5714 3378 5783 gignat;
3415 5720 3470 5764 ttt
3520 5721 3614 5760 nec
3652 5703 3780 5789 Ιιοιιιίξ

2244 5809 2455 5875 bovem,
2519 5823 2616 5862 nsc
2657 5808 2750 5862 bos
2801 5805 3069 5860 hominem
3100 5812 3343 5875 generet,
3377 5801 3470 5855 sed
3501 5799 3561 5851 ad
3590 5804 3718 5848 suam
3743 5798 3776 5838 st
