3990 6390
180 408 288 465 175

186 635 457 691 procreet;
492 626 674 681 mirari
706 643 1085 700 usquequaque
1112 650 1216 689 non
1248 639 1420 693 debeo
1451 641 1615 696 Deum
1669 658 1767 710 po—

188 716 351 770 tuisse
384 716 451 770 de
480 732 573 771 sua
599 719 894 775 substantia
922 722 1111 779 Filiqu
1150 742 1435 797 generare,
1470 733 1555 786 cui
1598 742 1765 788 totum

186 821 345 874 posse
384 808 682 876 subjecmm
727 824 829 867 εει.
864 814 970 869 Sed
1017 832 1083 871 ne
1114 820 1315 889 absque
1368 822 1766 892 Scripturarnm

186 898 494 952 testimonio
525 916 639 954 mea
684 905 856 958 oratio
896 920 1251 978 pervagetur,
1276 914 1558 981 aggredior
1603 916 1769 985 ipsius

184 989 535 1055 Opitulatione
588 995 840 1059 munitus,
897 996 1087 1052 Filium
1140 1000 1208 1055 de
1258 1002 1428 1058 Patris
1472 1004 1767 1062 substantia

184 1078 526 1139 ineﬁ‘abiliter
548 1096 729 1141 natum
761 1096 825 1143 ex
857 1089 1051 1146 divinis
1082 1096 1319 1151 oraculis
1361 1100 1686 1166 approbare;
1714 1111 1769 1155 ut

176 1168 306 1225 dum
352 1173 621 1231 luculento
660 1178 1040 1249 disputationis
1083 1188 1313 1252 tramite,
1362 1204 1467 1245 non
1496 1206 1565 1246 ex
1613 1208 1771 1264 argu-

174 1273 365 1316 mento
394 1263 776 1336 philosophica:
808 1274 939 1326 artis
980 1276 1249 1344 veniente,
1282 1280 1400 1348 sed,
1436 1291 1491 1337 ut
1528 1284 1658 1347 dixi,
1703 1303 1767 1340 cx

174 1349 376 1407 divinis
436 1358 879 1418 demonstravero
944 1367 1314 1437 dorumentis,
1387 1384 1496 1430 tum
1552 1377 1765 1433 demum

176 1445 339 1500 Arius
366 1446 733 1523 Obmutescat,
766 1472 886 1511 cum
934 1459 1130 1518 Filium
1157 1466 1223 1519 de
1267 1466 1442 1522 Patris
1470 1471 1766 1526 substantia

173 1538 439 1604 genitum,
474 1542 735 1612 legalibus
767 1548 996 1619 eloquiis
1042 1569 1125 1608 me
1165 1543 1393 1615 docente
1432 1568 1762 1631 cognoverit.

168 1624 375 1681 Paulus
399 1632 676 1699 apostolus
705 1635 775 1692 de
805 1637 939 1694 Filio
975 1642 1040 1696 ad
1076 1644 1331 1702 llebrzeos
1360 1651 1623 1719 scribens,
1652 1657 1726 1709 ait
1750 1672 1761 1705 ε

168 1714 303 1770 Cum
331 1720 416 1784 sit,
442 1721 635 1793 inquit,
666 1729 837 1800 imago
864 1731 1135 1791 invisibilis
1170 1738 1285 1805 Dei,
1316 1751 1364 1794 et
1394 1714 1619 1813 ﬁguram
1646 1748 1763 1800 sub-

164 1810 372 1863 stantia:
394 1814 507 1883 ejus
529 1832 707 1884 gerens
733 1819 917 1889 (Hebr.
947 1840 983 1889 ι,
1018 1828 1082 1892 5;
1115 1826 1228 1883 Col.
1274 1846 1311 1899 I,
1353 1810 1469 1903 15).
1499 1835 1765 1892 Jereinias

165 1911 405 1969 quoque,
442 1906 897 1972 prudentissimus
927 1917 1329 1989 prophetarum,
1363 1924 1429 1979 de
1458 1925 1549 1981 Dei

166 2002 399 2057 persona
431 1999 787 2057 concionatur
816 2014 868 2059 et
899 2008 1027 2063 dicit
1051 2029 1061 2062 :
1094 2011 1154 2065 Si
1168 2016 1420 2071 stetissent
1448 2020 1499 2071 in
1528 2022 1763 2075 substan-

162 2082 235 2134 tia
265 2100 399 2149 mea,
432 2098 481 2141 et
512 2092 774 2150 audissent
806 2100 1012 2154 verbum
1053 2121 1238 2170 meum,
1271 2120 1552 2167 averterent
1598 2131 1681 2169 eos
1730 2136 1760 2171 a

158 2176 352 2229 studiis
391 2194 570 2234 eorum
604 2187 833 2250 pessimis
876 2190 1087 2255 (Jerem.
1128 2212 1279 2265 χχιιι,
1306 2200 1421 2271 22).
1456 2202 1519 2257 Et
1551 2214 1607 2259 ut
1635 2224 1756 2261 eum

160 2263 228 2318 de
251 2264 389 2321 Filio
411 2270 607 2328 dixisse
634 2278 906 2347 probaret,
934 2286 1204 2358 subjungit
1230 2263 1685 2365 idem’propheta,
1706 2309 1759 2353 et

159 2354 295 2413 dicit
334 2378 348 2413 :
394 2364 519 2429 Quis
564 2372 703 2423 stetit
743 2373 793 2425 in
840 2377 1129 2432 substantia
1162 2399 1273 2437 mea
1313 2394 1358 2437 et
1389 2387 1513 2441 vidit
1550 2392 1757 2445 verbum

152 2464 332 2502 meum
362 2451 577 2522 (Ierem.
601 2476 757 2524 χχιιι,
798 2466 922 2532 l8)?
954 2468 1187 2525 Veibum
1218 2476 1359 2528 enim
1389 2494 1509 2534 esse
1539 2480 1751 2547 Filium,

164 2536 341 2591 David
377 2546 635 2612 propin-ta
665 2551 730 2605 dc
764 2554 933 2610 Patris
966 2573 1193 2626 persona
1243 2575 1485 2635 testatur,
1533 2572 1751 2629 dicens:

163 2623 433 2682 Erurtat'it
482 2651 571 2687 cor
613 2656 778 2693 meum
822 2649 1024 2702 verbum
1067 2652 1249 2707 bonum
1280 2657 1451 2725 (Psal.
1501 2678 1641 2728 xuv,
1672 2665 1749 2736 2).

165 2714 314 2736 .‘_‘,
382 2735 387 2736 ,

1284 2714 1297 2725 .
1539 2714 1583 2717 *τ
1603 2714 1609 2717 τ
1629 2714 1641 2728 ν
1676 2714 1749 2736 -Γ

155 2714 399 2773 Joannes
428 2739 642 2794 quoque
671 2739 993 2803 evangelista
1024 2744 1199 2797 scions
1222 2749 1361 2817 apud
1388 2751 1596 2807 Patrem
1626 2756 1751 2811 Ver-

154 2804 307 2873 bum,
340 2810 391 2864 id
422 2823 505 2867 est
535 2817 723 2874 Filium
750 2838 778 2878 a
813 2828 1074 2899 principio
1112 2804 1493 2904 apud.Patrem
1525 2860 1664 2913 esse,
1695 2860 1749 2903 ιιι

152 2909 181 2945 a
220 2897 380 2956 Patre
416 2903 645 2963 Verbum
676 2928 943 2985 nunquam
976 2939 1278 2992 separatum
1311 2931 1495 3004 fuisse,
1527 2938 1578 2990 in
1602 2942 1744 3008 prin-

150 2989 302 3056 cipio
350 2992 649 3065 Evangeﬁi,
685 3004 734 3057 id
768 3020 849 3062 est
890 3020 1313 3077 annuntiationis
1361 3041 1493 3090 sum,
1540 3035 1737 3100 posuit,

154 3076 337 3100 1:--_-
449 3084 463 3100 ¹
618 3092 628 3100 ·
704 3096 713 3100 ‘
758 3098 766 3100 ‘

1298 3076 1305 3077 ,
1364 3076 1493 3090 _,e,
1540 3076 1737 3100 r---u,

142 3076 341 3136 dicens
379 3100 393 3136 :
436 3084 502 3140 In
547 3092 799 3166 principio
840 3115 953 3156 erat
1008 3106 1245 3178 Verbum,
1288 3126 1334 3168 et
1373 3116 1588 3175 Verbum
1628 3136 1739 3178 erat

145 3176 293 3241 apud
320 3175 503 3246 Deum,
523 3193 575 3236 et
613 3185 747 3241 Deus
769 3206 877 3247 erat
920 3196 1133 3255 Verbum
1165 3175 1341 3272 (Joan.
1369 3226 1406 3275 ι,
1435 3212 1513 3282 1).
1548 3215 1613 3269 Ει

149 3280 271 3319 rum
309 3269 416 3326 alio
466 3274 584 3331 loco
627 3280 903 3353 Scriptura
957 3269 1194 3360 tradidit,
1243 3269 1480 3356 dicens;
1525 3304 1742 3363 Initium
1770 3304 1815 3365 C

147 3361 320 3421 operis
350 3365 555 3421 verbum
601 3370 785 3441 (Eccli.
834 3394 1041 3460 χχχιιι,
1076 3386 1191 3456 20).
1224 3390 1339 3447 Non
1371 3412 1476 3463 quo
1504 3398 1555 3451 in

146 3447 297 3505 tione
331 3452 509 3524 Ver-lii,
546 3462 605 3539 id
627 3476 708 3518 est
748 3482 777 3520 a
818 3469 938 3526 Filii
966 3452 1238 3535 creatione
1268 3497 1489 3540 caeteras
1514 3495 1739 3560 coeperit

146 3537 318 3560 μην

1519 3537 1739 3560 -..γνη-

143 3537 326 3596 facere
350 3538 653 3619 creaturas;
681 3560 773 3612 sed
798 3564 918 3631 quia
945 3580 1038 3634 per
1066 3568 1293 3627 Verbum
1323 3577 1436 3645 Dei,
1467 3580 1518 3632 id
1544 3594 1621 3636 est
1646 3600 1739 3652 per

143 3630 249 3652 nzn-
524 3644 532 3652 -

820 3630 825 3631 γ
945 3630 959 3634 _
1376 3630 1387 3631 ί
1421 3630 1436 3645 ν
1471 3630 1517 3632 "’
1549 3630 1621 3636 "'
1646 3630 1727 3652 Ι’““

141 3630 345 3689 Filium
388 3644 565 3696 omnia
608 3659 785 3703 creata
838 3669 1147 3714 noscuntur.
1196 3662 1347 3721 Unde
1397 3669 1559 3726 David
1615 3690 1735 3743 pro-

144 3724 205 3743 _I,
228 3738 293 3743 ,_,
450 3735 461 3743 '
624 3739 656 3743 ”
699 3742 705 3743 '

143 3724 306 3791 pheta
339 3735 489 3799 ponit
513 3746 566 3791 et
605 3739 771 3796 dicit:
809 3743 969 3801 Verbo
1004 3752 1209 3809 Domini
1239 3762 1352 3812 casti
1387 3762 1583 3829 firmati
1615 3724 1735 3822 'sunt

141 3817 318 3886 (Psal.
358 3840 519 3881 xxxii.
544 3830 627 3901 6).
656 3835 717 3889 Et
744 3850 801 3892 ut
822 3839 1075 3909 Spiritum
1104 3861 1346 3907 sanctum
1379 3817 1535 3925 hujus
1557 3864 1735 3930 operis

1446 3911 1464 3925 _
1517 3911 1529 3913 ἡ
1565 3911 1730 3930 -r-__-

139 3911 348 3965 socium
380 3922 704 3989 ostenderet,
731 3929 838 3981 ait:
877 3931 942 3985 Et
963 3937 1145 4003 spiritu
1179 3944 1280 3995 oris
1309 3948 1420 4014 ejus
1451 3952 1613 4005 omnis
1633 3954 1730 4005 vir-

139 4008 221 4052 tus
248 4017 442 4061 eorum.
483 4011 643 4066 Multa
690 4030 815 4073 sunt
856 4025 995 4079 enim
1024 4043 1139 4097 qua:
1163 4033 1229 4087 de
1274 4036 1410 4091 Filio
1440 4040 1731 4111 Scripturte

139 4088 331 4111 ,.,ηεηη
468 4099 538 4111 ...

135 4088 338 4147 divinas
370 4099 654 4164 perhibent
684 4111 1017 4180 testimonia;
1041 4088 1179 4187 quod
1211 4124 1276 4177 de
1308 4088 1602 4186 substantia
1627 4136 1728 4188 Pa-

130 4182 261 4245 tris,
296 4183 345 4236 id
377 4198 459 4241 est
485 4191 552 4244 de
580 4207 648 4247 eo
673 4200 817 4265 quod
859 4203 969 4271 ipse
998 4182 1103 4273 est,
1145 4214 1357 4279 genitus
1393 4218 1731 4277 demonstre-

130 4278 228 4322 tur
255 4287 271 4323 :
296 4271 365 4328 de
395 4279 551 4350 110
579 4298 681 4352 qua
707 4288 1001 4348 substantia
1033 4271 1366 4359 nonvtantum

130 4366 429 4431 coaequalis
471 4370 617 4428 Patri
655 4376 825 4435 Filius
875 4390 1273 4454 comprobatur.
1318 4397 1443 4453 lL'ec
1486 4401 1617 4458 ﬁdes
1646 4416 1728 4459 est

132 4467 296 4519 quam
330 4456 578 4519 Christus
606 4474 868 4537 apostolis
902 4479 1140 4545 tradidit,
1183 4498 1232 4538 et
1277 4489 1344 4542 ab
1371 4456 1720 4559 apostolis

135 4558 233 4598 nos
266 4562 434 4617 usque
477 4561 742 4623 pervenit.
798 4565 904 4620 Nec
953 4585 1239 4636 possumus
1278 4594 1393 4633 eam
1440 4583 1492 4635 in
1540 4585 1718 4655 aliquo

953 4630 966 4636 _
1288 4630 1393 4633 ﬂ---
1540 4630 1716 4655 _...,....

136 4630 439 4709 imtnutare,
466 4662 623 4714 quam
643 4664 856 4709 constat
886 4674 982 4715 nos
1004 4661 1200 4722 debere
1226 4670 1292 4723 ab
1314 4672 1493 4740 initio,
1517 4688 1573 4730 ut
1590 4678 1710 4733 data
1743 4675 1791 4733 D

134 4740 233 4795 est,
270 4732 499 4792 ﬁdeliter
529 4758 870 4805 conservare.

204 4822 295 4876 IX.
328 4829 479 4884 Arius
502 4835 674 4891 dixit:
709 4840 746 4892 E
779 4848 1040 4911 superiori
1087 4860 1457 4919 prosecutione
1493 4879 1606 4919 mea
1641 4870 1711 4921 ita

128 4926 355 4969 exorsus
405 4934 543 4989 sum,
597 4931 735 4993 quod
786 4935 1135 4997 Athanasium
1191 4950 1405 5014 perﬁdia
1456 4957 1711 5013 excitats

135 5007 432 5077 praecipitet
478 5011 529 5065 in
576 5018 921 5085 profundum.
994 5030 1126 5086 Dum
1166 5039 1307 5092 enim
1358 5045 1467 5097 vult
1526 5047 1706 5103 facun-

133 5094 265 5150 diam
290 5102 373 5153 sui
405 5109 670 5164 sermonis
693 5116 998 5184 ostendere,
1032 5127 1242 5183 nescius
1267 5130 1317 5185 in
1341 5136 1565 5192 crimine
1587 5156 1705 5195 vei--

134 5198 273 5241 satur
303 5192 598 5265 Scriptura:
629 5201 843 5271 divinae,
871 5208 1100 5267 dicendo
1130 5221 1269 5286 quod
1314 5224 1364 5276 in
1404 5192 1699 5286 substantia

136 5276 217 5329 Dei
244 5295 557 5354 comquetur
586 5291 749 5350 Filius
771 5300 1019 5369 genitori,
1051 5276 1169 5362 cum
1201 5312 1314 5380 ipse
1344 5315 1513 5372 Filius
1540 5323 1607 5376 de
1642 5340 1700 5379 se

133 5384 467 5446 protestetur,
496 5390 551 5436 et
576 5383 717 5441 dicat
743 5406 753 5440 :
788 5388 943 5445 Pater
966 5398 1135 5468 major
1164 5418 1242 5457 me
1266 5414 1338 5458 est
1369 5404 1545 5477 (loan.
1586 5428 1692 5481 xiv,

132 5462 241 5533 28);
272 5477 325 5522 et
351 5469 454 5533 Qui
482 5489 559 5527 me
585 5477 743 5543 misit,
760 5480 872 5550 ipse
892 5484 1018 5539 mihi
1038 5462 1331 5549 mandatum
1354 5462 1490 5552 dedit
1515 5462 1693 5571 (leoni

132 5570 213 5624 χιι,
248 5561 334 5633 i9)
353 5581 369 5630 ;
388 5575 441 5621 et
473 5568 592 5625 Non
626 5591 715 5643 ego
745 5580 872 5643 veni,
904 5584 993 5636 sed
1012 5585 1195 5642 illeme
1215 5594 1348 5647 misit
1377 5561 1553 5665 (Joan.
1578 5617 1691 5669 vni,

1378 5644 1553 5665 νη...
1588 5644 1691 5669 ....,

141 5644 234 5719 l2);
257 5664 310 5707 et
335 5655 453 5711 Non
484 5663 592 5713 ι·εηὶ
613 5668 782 5731 facere
811 5670 1121 5730 voluntatem
1146 5697 1328 5749 meam,
1353 5690 1443 5742 sed
1460 5693 1692 5747 volunta-

134 5745 219 5791 lem
261 5746 372 5813 ejus
404 5752 489 5817 qui
531 5770 607 5808 me
646 5759 781 5827 misit
822 5762 998 5831 (Joan.
1033 5784 1104 5836 vt,
1132 5772 1245 5841 58);
1284 5785 1337 5830 et
1367 5779 1515 5835 Sicut
1560 5788 1692 5843 dixit

133 5830 249 5884 mihi
269 5834 446 5907 Pater,
470 5844 540 5897 sic
570 5846 748 5916 loquor
772 5850 948 5922 (Joan.
993 5830 1243 5933 χιι,’50)’;’
1270 5876 1324 5923 et
1548 5830 1689 5936 dedi;

1183 424 1447 483 CONTRA
1492 430 1787 491 A-RIANOS
1830 437 2187 499 DIALOGUS.
2233 447 2363 504 LIB.
2404 450 2464 506 11.

189 530 566 597 tnilitttdinem,
602 533 653 588 id
697 544 779 590 est
815 551 925 592 suae
952 538 1283 609 substantire,
1317 563 1649 620 unaquteque
1681 567 1766 606 res
1794 559 1843 613 Α
1879 558 2024 623 mihi,
2083 568 2279 619 seri-avi

3366 476 3467 531 ΓΗ

2333 568 2511 635 (Ἰοαιι.
2556 589 2682 639 xvtt,
2719 577 2837 648 19.);
2878 591 2930 636 et
2965 584 3149 639 Umnia
3186 605 3298 657 qua:
3345 593 3470 646 mihi

1876 645 2032 713 dedit,
2066 668 2211 706 nemo
2234 659 2401 725 aufert
2425 678 2549 715 ante
2576 664 2754 729 (Joan.
2780 645 2854 731 vt,
2879 672 2991 741 59);
3017 685 3069 729 et
3097 645 3302 748 (leuabo
3325 698 3461 745 eum.
3528 696 3535 701 ’

1875 742 1919 787 et
1941 737 2192 794 exhibebit
2225 747 2349 799 mihi
2391 750 2659 817 plusquam
2691 737 2958 814 duodecim
2997 737 3219 836 legiones
3255 775 3466 843 angelo-

1872 844 1987 881 rum
2014 830 2232 892 (Mattlt.
2264 855 2413 906 XXVI,
2438 844 2550 913 53);
2578 847 2705 903 etSi
2722 850 2802 903 hic
2824 854 2962 908 ralis:
2991 830 3087 911 non
3112 870 3271 926 potest
3297 830 3467 919 trans-

1873 916 1949 971 ire
1984 923 2088 975 nisi
2121 924 2286 980 bibam
2310 931 2453 986 illum
2476 976 2490 999 ,
2526 938 2619 1005 ﬁat
2657 942 2891 999 voluntas
2920 956 3007 1003 tua
3046 916 3259 1021 (Matth.
3314 973 3462 1023 xxvt,

1872 1010 1992 1080 42);
2024 1024 2078 1067 et
2111 1015 2353 1073 Transeat
2379 1041 2410 1075 a
2442 1042 2520 1079 me
2550 1032 2687 1084 calix
2714 1037 2825 1089 iste.
2874 1037 2991 1091 Non
3028 1043 3155 1095 sicut
3191 1061 3282 1112 ego
3323 1049 3458 1114 volo,

1872 1106 1961 1157 sed
1988 1106 2117 1160 sicut
2140 1118 2194 1162 tu
2228 1111 2439 1181 (Matth.
2477 1135 2621 1185 xm,
2655 1127 2779 1193 59);
2815 1140 2865 1183 et
2891 1135 3015 1195 Qua:
3035 1147 3153 1188 sunt
3178 1140 3220 1191 ei
3250 1139 3385 1208 pluci
3410 1163 3485 1205 ιι,-

1873 1196 2010 1261 facio
2040 1217 2235 1273 semper
2266 1205 2441 1275 (Joan.
2477 1227 2589 1277 Vlll,
2614 1215 2743 1284 29);
2781 1230 2833 1275 et
2866 1223 3055 1279 Sedere
3092 1233 3161 1281 ad
3201 1196 3462 1288 dexteram

1830 1354 1833 1357 _
1874 1304 2037 1341 meum
2051 1294 2131 1346 vel
2150 1296 2217 1347 ad
2244 1298 2525 1368 sinistram,
2547 1322 2647 1359 non
2671 1320 2742 1361 est
2763 1329 2926 1365 meum
2944 1318 3067 1372 dare
3087 1323 3223 1376 vobis
3245 1324 3379 1394 (Mat
3406 1330 3460 1380 h.

1874 1397 1962 1445 χχ,
1986 1385 2108 1455 25);
2136 1399 2189 1442 et
2223 1390 2373 1446 Dedit
2414 1397 2492 1449 illi
2533 1415 2713 1455 nomen
2743 1408 2883 1473 quod
2907 1419 2978 1461 est
3005 1428 3159 1480 super
3187 1434 3335 1471 omne
3365 1437 3461 1472 no-

1876 1491 2009 1538 men,
2040 1488 2085 1531 et
2106 1483 2345 1538 exaltabit
2372 1504 2584 1554 puerum
2613 1510 2759 1548 suum
2793 1497 3013 1571 (Piri/ip.
3046 1520 3103 1571 tt,
3132 1507 3218 1575 9);
3245 1518 3299 1565 et
3326 1510 3462 1567 Pro.

1871 1575 1943 1635 pti
1957 1583 2042 1622 rea
2066 1574 2211 1626 unxit
2229 1586 2276 1629 te
2296 1574 2452 1646 Deus,
2490 1580 2626 1636 Deus
2648 1594 2770 1639 tuus
2793 1588 2967 1656 (Psal.
2998 1611 3138 1663 xuv,
3160 1574 3243 1669 ﬁ);
3273 1614 3329 1658 et
3355 1605 3459 1677 Erf

1868 1664 2045 1717 citavit
2068 1682 2181 1720 eum
2207 1685 2238 1721 a
2268 1674 2499 1742 mortuis,
2525 1686 2573 1729 et
2598 1680 2772 1733 sedere
2803 1686 2922 1751 fecit
2960 1704 3074 1741 eum
3108 1694 3176 1745 ad
3197 1694 3458 1752 dexteram

1870 1769 2019 1808 suam
2052 1757 2269 1827 (Ep/tes.
2304 1779 2340 1826 ι,
2365 1764 2479 1835 20),
2506 1777 2559 1821 ει
2587 1772 2748 1825 multa
2784 1773 2865 1829 liis
2889 1777 3103 1846 similia,
3134 1799 3250 1853 qua!
3280 1790 3457 1842 studio

1870 1843 2150 1903 brevitatis
2181 1853 2390 1910 omitto.
2432 1857 2485 1912 Si
2521 1875 2650 1929 ergo
2684 1866 2942 1934 πάσι-«ειη
2973 1870 3155 1938 habet,
3186 1878 3227 1930 si
3262 1880 3456 1935 missos

1593 1929 1764 1985 Patris
1800 1932 1843 1991 Β
1871 1948 1973 2002 est,
2004 1940 2049 1994 si
2082 1954 2377 2011 spontanea
2416 1951 2687 2008 voluntate
2720 1973 2824 2010 non
2860 1964 3022 2027 venit,
3054 1966 3097 2017 si
3126 1968 3454 2027 voluntatem

1865 2042 2016 2084 suam
2051 2048 2156 2087 non
2186 2035 2332 2102 fecit,
2382 2046 2426 2095 si
2467 2046 2606 2111 quod
2648 2047 2696 2101 ei
2743 2048 2939 2107 dicitur
2967 2054 3227 2126 loquitur,
3261 2063 3306 2116 si
3348 2064 3452 2119 sibi

1862 2119 1986 2175 data
2019 2126 2278 2192 custodit,
2312 2132 2354 2184 si
2389 2145 2561 2203 rogat,
2592 2138 2634 2191 si
2674 2154 2776 2209 pro
2813 2144 2983 2201 calice
3028 2148 3363 2221 deprecatur,
3406 2159 3452 2211 si

1864 2226 2057 2269 nomen
2082 2217 2149 2271 ab
2179 2219 2286 2274 alio
2316 2228 2543 2295 accepit,
2574 2231 2615 2283 si
2656 2232 2724 2284 ab
2763 2234 2870 2289 alio
2896 2238 3183 2310 exaltatnr,
3218 2245 3261 2298 si
3292 2248 3452 2302 sedes

1860 2304 2138 2376 discipulis
2161 2316 2468 2379 petentibus
2500 2324 2713 2389 propria
2738 2337 3007 2396 potestate
3034 2349 3137 2388 non
3174 2338 3378 2405 tribuit,
3402 2343 3449 2396 si

1860 2411 1980 2464 qua:
2005 2410 2129 2454 sunt
2151 2401 2297 2457 Patri
2325 2406 2509 2473 placita
2533 2410 2742 2478 facit,et
2767 2417 2833 2471 ab
2854 2419 2969 2488 ipso
2994 2438 3021 2474 a
3039 2433 3261 2481 mortuis
3277 2435 3448 2487 susci-

1862 2495 2024 2551 tatur,
2054 2504 2338 2560 a~quumne
2382 2498 2595 2555 videtur
2636 2513 2689 2557 ut
2733 2509 2821 2575 qui
2867 2510 2933 2565 de
2974 2529 3067 2567 sua
3114 2519 3448 2589 subiectione

1860 2584 2001 2632 tanta
2030 2596 2092 2635 ac
2124 2584 2242 2637 talia
2273 2586 2418 2654 dicit,
2456 2589 2596 2646 Patri
2627 2595 2890 2655 efﬁciatur
2911 2607 3166 2674 mqualis?

1933 2666 2135 2726 Probus
2158 2676 2328 2743 judea:
2371 2679 2538 2735 dixit:
2567 2684 2620 2738 Si
2659 2689 2943 2747 adversum
2977 2706 3080 2750 tam
3113 2702 3327 2771 copiosa
3360 2708 3444 2761 di-

1858 2761 1992 2815 vina:
2028 2769 2361 2824 auctoritatis
2397 2776 2724 2845 testimonia,
2765 2799 2883 2852 qure
2921 2788 2991 2841 ab
3037 2793 3164 2847 Ario
3208 2796 3273 2851 de
3320 2798 3442 2856 Filii

1853 2853 2189 2923 subjectione
2222 2862 2427 2929 prolata
2479 2879 2624 2935 sunt,
2655 2874 2853 2945 aliquid
2890 2879 3180 2939 Athanasio
3222 2904 3440 2961 Compe-

1852 2954 1965 2999 lcre
1990 2947 2221 3017 videtur,
2256 2955 2469 3013 edicere
2500 2976 2603 3017 non
2638 2970 2913 3037 moretur;
2952 2984 3004 3027 ut
3029 2991 3203 3033 amota
3251 3000 3435 3054 super-

1846 3040 2145 3097 structione
2175 3051 2440 3105 sermonis
2479 3068 2541 3107 ex
2577 3056 2777 3114 ditinis
2825 3066 3002 3131 potius
3068 3072 3435 3133 voluminibus

1843 3140 1935 3181 aut
1969 3135 2119 3205 ιιι
2159 3138 2369 3209 similis,
2398 3155 2489 3198 aut
2528 3146 2802 3206 dissimilis
2836 3157 2917 3210 vel
2964 3165 3251 3233 comquatis
3290 3167 3435 3227 Patri

1845 3220 2013 3276 Filius
2040 3228 2465 3302 demonstretur;
2518 3249 2574 3293 ut
2621 3245 2797 3313 agnita
2848 3252 3070 3307 veritate
3116 3272 3235 3326 qua:
3286 3276 3434 3319 sanae

1850 3313 1969 3367 tidei
2000 3329 2062 3371 ac
2097 3320 2286 3376 rationi
2314 3331 2641 3387 conveniunt
2672 3331 3010 3397 roborentur.

1917 3402 1983 3457 X.
2020 3407 2329 3468 Athanasius
2374 3417 2505 3471 dixit
2537 3437 2556 3473 .'
2586 3423 2849 3489 Quantum
2884 3433 3014 3487 velit
3053 3448 3347 3503 perennat
3376 3434 3430 3499 in

1843 3495 2077 3552 elatione
2104 3504 2371 3560 sermonis
2402 3508 2512 3563 Arii
2542 3513 2824 3581 calliditas,
2860 3514 2911 3573 ei
2956 3522 3059 3577 sibi
3101 3527 3168 3581 de
3199 3537 3431 3585 auctori-

1841 3594 1951 3640 tate
1982 3589 2183 3646 divinte
2214 3595 2344 3664 legis
2373 3601 2592 3667 prolatis
2620 3606 2834 3671 plaudat
2858 3612 3206 3685 testimoniis;
3239 3622 3429 3689 quibus

1842 3678 2090 3736 videlicet
2138 3685 2325 3741 nititur
2354 3689 2420 3743 ab
2460 3696 2762 3762 :rqnalitate
2792 3699 2968 3758 Patris
2997 3678 3189 3763 Filium
3236 3678 3426 3782 seque-

1840 3780 2032 3827 strare.
2068 3775 2265 3831 Cuncta
2292 3795 2410 3849 qum
2432 3784 2498 3835 ab
2520 3800 2586 3838 eo
2610 3789 2870 3856 prolix7us
2888 3794 3083 3850 inserta
3110 3814 3423 3869 noscantur,

1840 3862 2027 3917 iisdem
2053 3867 2213 3923 etiam
2241 3872 2563 3929 testimoniis
2592 3893 2619 3930 a
2644 3882 2801 3933 nobis
2830 3884 3030 3955 absque
3055 3890 3155 3943 ulla
3186 3893 3421 3948 difﬁcul-

1838 3962 1943 4008 tate
1972 3955 2310 4018 frustrantur.
2339 3964 2581 4019 Christus
2616 3971 2773 4036 igitur
2809 3973 2979 4028 Filius
3024 3979 3116 4033 Dei
3159 3984 3207 4035 in
3244 3986 3415 4040 l'orntt

1834 4048 1996 4114 servi,
2044 4066 2202 4119 quam
2246 4059 2473 4124 sumpsit
2511 4074 2574 4112 εχ
2612 4060 2843 4130 Virg'ne,
2892 4067 3032 4121 Patri
3066 4073 3262 4128 dicitur
3299 4092 3420 4132 eam

1833 4138 2125 4207 subjectus,
2160 4149 2405 4214 apostolo
2449 4150 2612 4205 Paulo
2638 4156 2818 4209 taliter
2840 4159 3139 4219 afﬁrmante
3167 4184 3180 4218 :
3208 4168 3306 4223 (lbi
3334 4190 3419 4226 re—

1834 4230 1927 4295 nit,
1947 4230 2136 4301 inquit,
2162 4237 2427 4303 plenitudo
2450 4246 2706 4312 temporis,
2733 4249 2868 4301 misit
2891 4250 3023 4305 Deus
3050 4254 3242 4312 Filium
3266 4280 3417 4317 suum

1833 4318 2022 4386 factum
2045 4340 2107 4377 ea:
2136 4328 2369 4395 muliere,
2405 4335 2594 4401 factum
2623 4339 2714 4391 sub
2744 4341 2857 4412 lege
2901 4343 3047 4413 (Gal.
3099 4366 3167 4417 tv,
3203 4356 3277 4421 ι).
3324 4357 3416 4412 Ille

1831 4410 2007 4481 itaque
2036 4415 2232 4473 dicitur
2255 4435 2372 4477 esse
2399 4426 2673 4496 subjectus
2704 4410 2917 4502 qui-sub
2952 4441 3066 4512 lege
3088 4460 3152 4500 ex
3184 4452 3408 4506 muliere

1830 4505 2069 4561 noscitur
2093 4523 2402 4581 generatus,
2435 4527 2489 4573 et
2526 4520 2577 4574 in
2603 4537 2663 4576 ea
2694 4525 2866 4584 forma
2900 4536 3154 4601 majorem
3183 4556 3242 4595 se
3275 4543 3409 4597 indi-

1822 4606 1910 4650 cat
1940 4596 2174 4667 Patrem,
2201 4619 2359 4674 quam
2396 4612 2693 4670 voluntarie
2723 4625 2955 4691 sumpsit
2984 4642 3047 4681 εχ
3080 4629 3312 4701 Virgine.
3350 4638 3406 4690 In

1820 4686 1987 4743 forma
2018 4692 2109 4748 Dei
2147 4695 2318 4751 Patris
2348 4704 2620 4773 angelicus
2647 4710 2696 4763 ei
2740 4711 2935 4769 chorus
2973 4721 3227 4786 probatur
3261 4742 3401 4796 pra:-

1822 4782 2001 4837 buisse
2033 4786 2410 4847 ministerium.
2448 4796 2518 4850 lta
2553 4802 2698 4855 enim
2732 4804 2782 4857 in
2826 4808 3114 4880 Evangelia
3142 4822 3402 4889 scriptum

1804 4884 1896 4929 est
1923 4893 1937 4929 :
1970 4876 2033 4931 Et
2064 4881 2293 4936 discessit
2322 4887 2388 4938 ab
2413 4905 2472 4942 eo
2496 4892 2749 4965 diabolus,
2780 4908 2828 4952 et
2859 4918 3099 4961 venerunt
3132 4915 3323 4983 angeli,
3356 4928 3401 4970 et

1815 4970 2169 5027 ministrabant
2188 4977 2237 5029 ei
2257 4978 2469 5047 (Matth.
2507 5000 2579 5051 tv,
2615 4987 2722 5058 tl).
2748 4992 2942 5060 Objicit
2980 5003 3119 5064 quod
3156 4970 3401 5062 vo’lnn'ta-

1818 5068 1922 5114 tem
1958 5061 2128 5118 Patris
2158 5067 2363 5135 fecerit,
2396 5081 2449 5126 et
2485 5091 2590 5130 non
2633 5095 2804 5137 suam.
2854 5085 2909 5139 lu
2954 5088 3054 5145 hoc
3084 5096 3252 5165 magis
3285 5099 3400 5152 lau-

1816 5150 2009 5206 dabilis
2037 5155 2195 5225 hujus
2223 5162 2366 5215 verbi
2399 5164 2541 5220 dicto
2567 5168 2727 5227 debet
2752 5181 2967 5245 agnosci
2994 5200 3007 5233 :
3037 5187 3155 5252 quia
3172 5150 3397 5256 ‘quil‘a-

1814 5242 1907 5296 tris
1925 5244 2251 5304 voluntatem
2275 5257 2647 5323 aequanimiter
2668 5263 2811 5330 fecit,
2829 5274 3189 5338 aequalitatem
3212 5284 3395 5334 osten-

1812 5332 1912 5399 dit,
1945 5334 2208 5402 Apostolo
2237 5345 2608 5405 conﬁrmante.
2641 5352 2768 5409 "(PC
2800 5371 2896 5426 est,
2943 5365 3129 5435 inquit,
3158 5372 3391 5428 volnnfas

1814 5421 1909 5477 Dei
1937 5427 1987 5479 in
2020 5428 2221 5485 Christo
2248 5433 2375 5489 Iesu
2409 5437 2462 5508 (I
2496 5440 2667 5498 Thess.
2697 5464 2747 5511 v,
2782 5421 2893 5521 l8):
2924 5421 3053 5509 Nam
3081 5421 3200 5527 quia

1806 5512 1884 5567 dit
1911 5534 1921 5567 :
1950 5516 2099 5572 Sicut
2122 5521 2252 5577 dixit
2278 5528 2403 5582 mihi
2429 5529 2605 5603 Pater,
2635 5539 2709 5590 sic
2729 5512 2908 5609 loquor
2936 5512 3110 5613 (Joan:
3142 5512 3382 5631 xrt,wii(i);

1806 5618 1968 5631 ηιηι-ιι
2012 5606 2181 5631 Ι-ι--λεν
2661 5628 2672 5631 ’

2792 5606 2799 5609 _
2942 5606 2951 5613 ,
3267 5606 3325 5615 ,ν
3369 5606 3378 5626 ,

1803 5618 1969 5673 quare
2011 5606 2282 5670 hominum
2313 5633 2502 5689 genus,
2534 5628 2673 5693 quod
2714 5642 2915 5686 rectum
2946 5648 3027 5691 est
3058 5606 3378 5722 intelligens,

1804 5698 1979 5722 -.,.l!.-
2016 5701 2110 5722 1---
2240 5709 2251 5722 ι
2357 5720 2362 5722 Α
2440 5715 2451 5722 .
2605 5717 2625 5722 _
2671 5718 2696 5722 λ

1802 5698 1984 5756 audito
2015 5701 2115 5759 hoc
2143 5709 2305 5764 verbo
2350 5715 2627 5769 turbetur?
2666 5718 2722 5773 Si
2770 5724 2912 5777 enim
2954 5729 3110 5787 aliter
3140 5698 3382 5807 Chiistuy:

1799 5809 1957 5865 quam
1990 5799 2129 5857 Deus
2161 5804 2318 5860 Pater
2348 5809 2672 5878 loqueretur,
2711 5823 2835 5868 tunc
2864 5823 3033 5895 magis
3067 5828 3210 5888 Patri
3248 5839 3381 5897 ina:-

1799 5888 1970 5953 qualis
1993 5892 2075 5947 vel
2108 5892 2386 5956 dissimilis
2415 5901 2705 5959 diceretur.
2738 5906 2794 5962 Si
2828 5888 2978 5973 vero'
2995 5935 3111 5989 quze
3143 5927 3393 6006 loquitur,
