3990 6390
577 400 682 458 115

576 516 753 579 Pater,
786 527 846 566 ea
890 511 1123 581 loquitur
1155 509 1341 575 Filius,
1388 520 1650 573 nunquam
1707 500 1980 568 ina-qualis
2013 496 2149 549 Patri

510 661 521 670 _
576 614 667 659 aut
697 600 969 658 dissimilis
992 602 1277 656 invenitur.
1317 598 1464 663 Quod
1490 595 1627 648 dedit
1662 592 1803 655 mihi,
1839 588 2154 658 inquit,ser-

578 703 711 768 vavi,
741 710 814 767 et,
856 700 1025 754 omnia
1052 714 1165 767 qua:
1199 695 1320 748 mihi
1362 693 1520 757 dedit,
1564 704 1706 742 nemo
1754 688 1924 753 aufert
1974 698 2003 731 a
2054 694 2150 729 me.

580 796 723 849 Dona
756 794 899 848 enim
940 792 1117 845 divina
1159 789 1257 842 hoc
1286 784 1443 839 modo
1476 777 1819 848 intelligenda
1852 781 1977 827 sunt
2017 768 2152 822 Filio

574 886 853 938 attributa.
889 882 1040 937 Dedit
1070 879 1208 933 enim
1235 878 1386 930 Pater
1417 874 1552 928 Filio
1585 870 1873 939 potentiam
1908 862 2156 929 omnipo-

577 977 730 1039 tenti,
774 975 1105 1043 majestatem
1140 970 1337 1045 tribuit
1387 966 1673 1036 majestati,
1703 963 1957 1017 virtutem
2007 956 2154 1010 dedit

576 1070 779 1136 virtuti,
840 1067 1170 1137 prudentiam
1222 1064 1503 1133 prudenti,
1553 1059 1947 1130 prtescientiam
2012 1071 2153 1124 prm-

576 1163 783 1227 scienti,
803 1160 1152 1215 azternitatcm
1176 1155 1481 1219 mternitati,
1506 1151 1839 1206 divinitatem
1863 1146 2149 1211 divinitati,

575 1254 930 1326 :equalitatent
954 1249 1234 1318 coaequali,
1260 1244 1714 1299 immortalitatem
1746 1237 2056 1299 immortali,
2076 1235 2153 1287 itt-

578 1344 930 1400 visibilitatem
963 1339 1239 1403 invisibili,
1276 1338 1407 1406 Regi
1446 1349 1687 1405 regnum,
1721 1334 1880 1385 vitam
1915 1332 2065 1383 vitre:
2102 1338 2155 1381 et

574 1455 679 1495 non
708 1438 867 1493 aliam
896 1437 961 1491 ab
983 1450 1044 1489 ea
1071 1448 1227 1503 quam
1256 1432 1413 1484 habet
1438 1430 1591 1499 112
1616 1426 1791 1488 dedit;
1817 1434 1870 1478 et
1898 1430 2151 1491 quantum

573 1530 751 1593 liabet,
786 1537 987 1582 tantum
1020 1523 1189 1590 dedit,
1217 1523 1301 1576 vel
1328 1522 1371 1575 si
1404 1536 1519 1589 qua:
1548 1520 1648 1571 alia
1680 1534 1797 1587 qua:
1831 1517 1986 1571 Pater
2018 1513 2153 1566 Filio

571 1621 966 1677 indivisibilitcr
1006 1628 1058 1671 et
1090 1613 1514 1684 inseparabiliter
1552 1609 1844 1665 contulisse
1890 1616 2154 1660 monstra-

571 1725 677 1770 tur.
714 1713 822 1769 Sed
854 1711 968 1764 btet:
998 1709 1174 1764 omnia
1228 1704 1443 1759 habenti
1489 1704 1663 1771 potius
1694 1716 1849 1767 quam
1897 1698 2151 1766 indigenti

571 1804 789 1862 dedisse
816 1803 1095 1872 probatur,
1118 1799 1203 1853 cui
1230 1814 1259 1850 a
1285 1794 1417 1850 Filio
1450 1794 1643 1849 dicitur
1672 1812 1682 1844 :
1720 1792 1903 1844 Omnia
1933 1808 2039 1844 mea
2068 1804 2152 1842 tua

561 1908 710 1965 sunt,
732 1905 777 1951 et
808 1895 979 1948 omnia
1002 1902 1088 1945 tua
1121 1906 1229 1942 mea
1256 1902 1371 1941 sunt
1426 1887 1605 1956 (Joan.
1641 1899 1772 1949 xvn,
1806 1883 1914 1953 ιιι).

639 1990 732 2045 XI.
764 1989 818 2044 Si
848 1990 946 2043 ista
969 1986 1147 2041 omnia
1172 1998 1289 2053 qua:
1318 1981 1630 2050 perhibetur
1667 1979 1819 2032 Paler
1854 1977 1988 2031 Filio
2025 1991 2155 2032 con-

572 2081 779 2147 tulisse,
811 2079 914 2133 alia
942 2079 1102 2142 ineo,
1126 2084 1185 2130 et
1209 2075 1308 2127 alia
1340 2074 1587 2126 videntur
1611 2085 1729 2125 esse
1749 2071 1801 2123 in
1829 2070 1981 2133 Filio,
2006 2085 2157 2124 men-

572 2174 758 2230 dacem
780 2173 902 2226 sine
932 2169 1094 2225 dubio
1121 2166 1344 2221 facimus
1372 2164 1590 2227 Filium,
1623 2162 1711 2231 qui
1757 2161 1885 2215 dicit
1915 2175 2008 2214 sua
2037 2175 2156 2214 esse

573 2281 689 2336 qua:
712 2263 885 2317 Patris
916 2269 1057 2316 sunt.
1093 2258 1196 2315 Sed
1220 2257 1264 2310 si
1284 2258 1334 2309 in
1356 2255 1437 2308 his
1467 2270 1583 2323 quae
1614 2252 1748 2305 dixit
1800 2251 2023 2304 mendax
2064 2249 2151 2303 Fi-

572 2356 672 2410 lius
701 2352 992 2415 invenitur,
1030 2357 1088 2405 et
1129 2346 1456 2416 evangelista
1501 2344 1662 2398 simili
1717 2344 1876 2395 modo
1907 2343 1992 2411 qui
2036 2342 2152 2395 ait:

572 2448 845 2520 ﬂqualem
874 2463 927 2500 se
967 2444 1159 2514 faciens
1192 2439 1297 2494 Deo
1331 2437 1509 2508 (Joan.
1539 2451 1595 2502 v,
1636 2432 1747 2503 18),
1780 2433 1925 2487 omni
1957 2433 2155 2486 virtute

518 2596 523 2601 ,
570 2542 819 2597 falletur:
851 2554 914 2595 ac
949 2538 1024 2592 ita
1079 2536 1183 2592 erit
1228 2543 1284 2587 ut
1326 2546 1425 2586 nec
1466 2529 1623 2584 Pater
1655 2529 1789 2585 Filio
1828 2528 2034 2598 integre
2062 2536 2155 2582 aut

567 2639 829 2694 veraciter
878 2633 1079 2704 aliquid
1131 2629 1424 2686 contulisse
1468 2632 1818 2687 monstretur,
1850 2637 1962 2677 nec
1993 2637 2152 2676 verus

568 2732 709 2787 Deus
741 2729 907 2782 Filius
928 2732 1299 2793 cognoscatur.
1320 2717 1425 2773 Sed
1448 2718 1492 2769 si
1518 2729 1638 2768 vera
1667 2723 1789 2766 sunt
1806 2711 1987 2781 (sicuti
2004 2708 2149 2779 sunt)

570 2841 688 2895 qua:
718 2823 875 2876 Pater
891 2819 1044 2873 .Filio
1064 2812 1492 2882 inseparabiliter
1514 2818 1569 2862 et
1590 2807 1874 2860 indiscrete
1905 2804 2150 2865 contulit,

570 2916 938 2971 conticescant
977 2905 1305 2964 dementiam
1350 2902 1624 2956 hominum
1667 2900 1884 2967 linguze,
1924 2912 2042 2966 qua:
2073 2898 2154 2951 ni-

571 3017 757 3064 suntur
796 3006 988 3060 Filium
1029 3019 1057 3055 a
1084 3000 1274 3056 .Patris
1317 2996 1615 3053 substantia
1664 3008 1936 3063 separare.
1987 2993 2157 3061 Rogat

573 3100 740 3156 Filius
775 3099 1013 3165 Patrem,
1048 3102 1107 3148 ut
1141 3090 1409 3147 hominem
1444 3097 1626 3141 veram
1660 3100 1715 3138 se
1737 3092 1947 3154 gestare
1976 3094 2149 3135 osten-

572 3201 687 3256 dat.
729 3198 858 3251 Nam
887 3202 943 3249 ut
972 3191 1185 3247 deitatis
1212 3203 1324 3241 sua:
1372 3184 1641 3238 intimaret
1666 3182 1986 3250 potentiam,
2022 3179 2151 3231 [nari

573 3289 862 3361 imperavit
898 3295 952 3339 et
990 3282 1183 3348 ventis,
1229 3290 1282 3333 et
1324 3279 1560 3347 quinque
1591 3273 1750 3328 millia
1784 3272 2057 3325 hominum
2088 3271 2157 3324 de

573 3360 812 3452 quinque
867 3376 1094 3447 panibus
1149 3370 1431 3427 saturavit.
1499 3367 1731 3421 Calicem
1784 3360 2045 3432 passionis
2098 3370 2157 3414 ut

573 3475 739 3528 homo
771 3471 938 3525 tristis
978 3465 1218 3534 accepit;
1254 3471 1311 3516 ut
1360 3462 1499 3515 Deus
1549 3470 1724 3512 autem
1758 3457 1956 3510 lentim
2003 3469 2155 3520 aqua:

574 3564 710 3619 viva:
738 3558 979 3618 salientis
1021 3559 1071 3611 itt
1100 3556 1263 3610 vitam
1293 3562 1552 3607 aeternam
1594 3547 1934 3604 credentibus
1978 3542 2157 3614 prepi-

574 3655 744 3711 navit.
780 3651 995 3719 Accepit
1018 3662 1235 3713 nomen,
1270 3644 1404 3698 utin
1441 3645 1541 3697 hoc
1576 3641 1788 3695 nomine
1818 3639 2054 3693 ccclestia
2106 3645 2157 3689 cl

578 3747 853 3806 terrestria
897 3754 951 3799 et
994 3743 1201 3797 interna
1232 3738 1478 3792 adorent.
1514 3735 1789 3789 Exaltatus
1817 3742 1898 3786 cst
1933 3731 2001 3785 de
2041 3729 2159 3782 imis

578 3842 646 3897 ad
666 3837 962 3910 superiora,
998 3834 1048 3888 id
1080 3841 1161 3887 est
1186 3830 1252 3883 de
1279 3844 1437 3882 carne
1469 3827 1714 3879 humanae
1759 3820 1984 3891 fragilita
2012 3819 2055 3873 is
2094 3817 2160 3871 ad

578 3937 748 3992 Deum
783 3926 1171 3991 conscendens,
1205 3922 1359 3976 sedet
1406 3917 1471 3971 ad
1511 3917 1786 3970 dexteram
1839 3912 2154 3979 majestatis,

582 4043 643 4089 ut
666 4045 786 4089 eum
819 4042 924 4081 non
955 4022 1162 4079 dubitet
1190 4018 1416 4072 humana
1450 4010 1731 4067 inlitmi:as
1762 4007 1934 4076 sequi,
1958 4005 2043 4059 ubi
2068 4019 2159 4057 ca-

579 4134 673 4192 pttt
700 4134 853 4176 suum
883 4116 1075 4171 viderit
1124 4108 1360 4181 gloriari.
1399 4105 1601 4160 Unctus
1641 4111 1724 4157 est
1762 4112 1816 4155 ut
1857 4100 2161 4153 chrismatis

576 4216 746 4285 ipsius
766 4210 1019 4267 unctione
1051 4223 1079 4259 a
1110 4204 1229 4259 labe
1266 4199 1462 4271 prioris
1494 4195 1729 4251 borninis
1761 4192 1939 4247 delicti
1972 4205 2163 4259 purge-

580 4326 724 4367 mur.
761 4307 1033 4361 Excitatus
1061 4316 1091 4353 a
1121 4297 1343 4353 mortuis
1374 4304 1475 4357 est,
1508 4302 1563 4345 ιιι
1584 4305 1681 4344 nos
1710 4286 1957 4353 exemplo
1982 4298 2162 4338 resur-

584 4398 841 4460 rectionis
860 4396 977 4464 eius
1018 4408 1046 4445 a
1071 4389 1256 4444 mortis
1279 4386 1465 4438 aculeo
1489 4383 1792 4435 liberemur.
1814 4376 1984 4431 Sedes
2000 4373 2162 4428 disci-

580 4496 720 4569 pulis
749 4489 1051 4561 petentibus
1082 4497 1187 4537 non
1216 4496 1273 4533 se
1299 4490 1455 4547 posse
1485 4474 1612 4526 dare
1648 4478 1891 4534 testatur,
1928 4483 1994 4520 ne
2023 4466 2163 4518 inter

580 4555 676 4646 eos
724 4555 1008 4640 divortium
1062 4579 1394 4629 nasceretur.
1439 4564 1570 4617 Nam
1622 4561 1710 4629 qui
1757 4562 1848 4621 ait,
1912 4555 2033 4608 Non
2090 4563 2161 4605 est

580 4701 750 4743 meum
793 4682 919 4735 dare
947 4674 1082 4730 vobis
1111 4667 1323 4742 (Matth.
1360 4678 1449 4728 xx,
1478 4657 1590 4727 ‘25),
1623 4655 1777 4717 dixit,
1816 4652 1943 4705 Volo
1984 4658 2035 4701 ut
2076 4647 2161 4699 uti

582 4800 677 4855 ego
706 4796 839 4846 sum,
871 4785 917 4829 et
944 4772 1025 4827 isti
1048 4771 1144 4824 sint
1173 4777 1367 4818 mecum
1400 4756 1576 4827 (Joan.
1604 4747 1871 4816 “11.24).
1894 4746 2023 4811 Quae
2040 4753 2163 4796 sunt

1520 4848 1530 4855 ⁵
1606 4843 1627 4855 ¹’
1917 4837 1975 4855 με·
2032 4835 2072 4855 li
2114 4851 2155 4855 μμ

585 4835 733 4928 Patri
760 4835 953 4940 placita
979 4860 1125 4923 fecit,
1149 4856 1273 4926 quia
1299 4848 1567 4907 contraria
1605 4843 1780 4896 facere
1812 4837 2001 4893 nescit.
2032 4835 2162 4890 Nam
2202 4888 2211 4897 _

584 4961 678 5033 qui
704 4929 775 5015 aii
809 4956 954 5019 Veni,
981 4968 1083 5006 non
1113 4959 1166 5002 ut
1197 4944 1386 5016 faciam
1407 4940 1713 4992 voluntatem
1750 4947 1933 4993 meam,
1964 4929 2053 4982 sed
2080 4944 2164 4981 vo-

592 5018 839 5111 luntatem
875 5050 988 5120 ejus
1020 5043 1104 5111 qui
1145 5054 1223 5092 me
1261 5036 1394 5088 misit
1430 5029 1608 5101 (Joan.
1642 5042 1712 5090 vr,
1764 5023 1876 5092 58),
1908 5018 2063 5083 dixit,
2100 5018 2167 5072 Ut

584 5147 776 5218 facian;
806 5140 1115 5196 voluntatem
1153 5142 1292 5184 tuam
1336 5142 1352 5178 :
1406 5122 1541 5177 Deus
1592 5135 1754 5182 meus,
1804 5117 1938 5169 volui
1988 5112 2161 5184 (l’sal.

582 5203 769 5300 ίιιιικ,
797 5232 853 5300 9)
875 5247 891 5296 ;
917 5238 968 5285 et
996 5221 1298 5281 Voluntaria
1320 5213 1618 5283 sacriﬁcabo
1640 5211 1728 5265 tibi
1750 5208 1921 5279 (Psal.
1948 5221 2058 5269 un,
2084 5203 2160 5272 8).

582 5329 684 5397 Qui
711 5295 786 5382 ait
830 5295 986 5377 Pater
1008 5318 1173 5387 major
1190 5328 1266 5365 me
1286 5320 1357 5364 est
1384 5305 1562 5378 (Joan.
1590 5318 1700 5368 xrv,
1730 5301 1846 5369 '28),
1874 5298 2007 5352 dixit
2056 5295 2165 5365 Ego

583 5392 629 5479 el
668 5422 829 5478 Pater
854 5430 1014 5473 unum
1047 5424 1220 5466 sumus
1251 5405 1430 5478 (Joan.
1465 5418 1519 5463 x,
1555 5398 1676 5465 30);
1710 5407 1765 5450 et
1794 5397 1907 5451 Sint
1944 5395 1994 5445 in
2026 5392 2164 5445 nobis

588 5514 745 5588 113
768 5527 948 5574 unum,
989 5508 1116 5561 sicut
1146 5517 1236 5572 ego
1265 5507 1312 5554 et
1344 5506 1399 5550 tu
1428 5509 1585 5547 unum
1614 5508 1785 5546 sumus
1815 5490 1994 5557 (Joan.
2030 5503 2161 5553 xvn,

582 5580 789 5674 ἷῖῖξθι
816 5602 1000 5656 Omnia
1030 5613 1141 5650 mea
1179 5603 1267 5645 tua
1311 5596 1448 5652 sunt,
1483 5597 1528 5640 et
1560 5595 1646 5637 tua
1678 5600 1785 5636 mea
1823 5592 1938 5636 sunt
1984 5580 2160 5651 (Joan.

588 5709 716 5759 xvu,
748 5692 866 5762 l0);
896 5701 949 5748 et
973 5687 1190 5743 Creditis
1214 5683 1336 5754 quia
1356 5696 1446 5750 ego
1468 5679 1519 5731 iu
1544 5676 1721 5737 Patre.
1750 5685 1797 5728 et
1827 5674 1977 5728 Pater
2010 5676 2060 5726 in
2089 5690 2163 5727 me

586 5800 661 5846 est
681 5789 858 5862 (Joan.
883 5804 990 5854 xiv,
1017 5786 1104 5853 l0)
1125 5800 1139 5847 ;
1164 5791 1216 5840 et
1238 5779 1390 5833 Pater
1414 5791 1550 5830 meus
1576 5782 1835 5845 aperatttr,
1864 5782 1907 5826 et
1928 5786 2020 5839 ego
2046 5784 2166 5836 ope—

1883 380 2108 437 VlGlLll
2152 374 2521 435 TAPSENSIS

3690 372 3762 428 176

2184 500 2231 559 Α
2261 508 2347 545 νον
2379 488 2555 561 (Joan.
2586 503 2636 556 v,
2674 485 2762 557 l7)
2785 505 2799 553 ;
2826 495 2879 542 et
2912 486 3055 542 Sicut
3100 484 3252 541 Pater
3285 486 3485 540 suscth
3521 493 3704 539 mortuos
3729 502 3760 541 et

2258 584 2499 649 viviﬁcat,
2530 581 2600 633 sic
2622 590 2668 632 et
2698 576 2861 632 Filius
2882 596 3008 648 quos
3033 580 3136 631 vult
3160 578 3374 645 viviﬁcat
3406 574 3568 646 (toan.
3600 590 3643 641 v,
3668 576 3760 640 il);

2260 686 2313 731 et
2346 677 2447 743 Qui
2470 693 2544 728 me
2574 676 2723 740 videt,
2754 675 2884 728 videt
2909 684 2952 728 et
2978 673 3185 728 Patrem
3208 672 3384 743 (Joan.
3415 688 3515 737 nv,
3540 670 3614 741 9);
3633 681 3676 726 et
3695 672 3762 735 Qui

2264 788 2342 824 me
2365 772 2493 835 odit,
2518 780 2563 823 et
2601 768 2805 823 Patrem
2835 786 2997 822 meum
3022 770 3127 822 odit
3165 767 3340 839 (Joan.
3377 782 3459 829 sv,
3488 765 3595 835 25);
3620 744 3665 818 et
3681 764 3762 818 Cla-

2258 867 2404 934 ri/ica
2431 865 2629 918 Filium
2657 873 2822 928 tuum,
2854 873 2906 917 ut
2940 862 2985 915 F
2989 864 3107 916 ilius
3154 870 3271 913 tuus
3311 859 3543 926 clari/lcet
3568 869 3608 910 te
3631 856 3761 927 (Joan.

2259 977 2385 1025 xvn,
2422 961 2508 1028 l);
2536 968 2590 1014 et
2624 959 2731 1030 Ego
2759 968 2806 1011 te
2841 956 3117 1024 clariﬁcavi
3154 970 3305 1024 super
3330 962 3507 1005 terram
3531 949 3763 1015 (lbid.,l),

2258 1063 2313 1109 et
2348 1051 2673 1120 Manifestavi
2697 1065 2879 1103 nomen
2906 1059 3047 1102 tuum
3070 1044 3357 1098 hominibus
3381 1040 3558 1112 (Ib.'d.,
3577 1039 3642 1109 6).
3663 1038 3714 1091 Et
3728 1049 3764 1089 ut

2262 1147 2439 1202 omnis
2466 1145 2711 1198 humana:
2739 1140 3095 1195 cavillationis
3124 1139 3366 1207 quiescat
3405 1133 3626 1197 intentio,
3649 1130 3763 1185 Joan-

2258 1257 2380 1297 nem
2412 1239 2830 1309 Evangelistam,
2854 1235 3008 1303 cujus
3031 1229 3277 1300 superius
3301 1242 3427 1283 usus
3446 1241 3552 1280 sum
3579 1223 3764 1278 testimo-

2262 1335 2375 1403 nio,
2409 1332 2673 1403 proferam
2700 1338 2889 1383 testem
2926 1324 3016 1395 qui
3045 1321 3151 1376 ait:
3182 1318 3249 1373 In
3278 1316 3519 1389 principio
3552 1322 3642 1368 erat
3678 1312 3765 1364 Υιτ-

2256 1427 2400 1493 bum,
2422 1434 2469 1477 et
2498 1422 2721 1477 Verbum
2744 1428 2851 1472 erat
2876 1416 3013 1487 apud
3041 1414 3227 1479 Deum,
3258 1420 3301 1465 et
3327 1410 3461 1465 Deus
3488 1417 3585 1463 erat
3608 1404 3767 1460 Verbsts

2260 1516 2439 1587 (Joan.
2485 1529 2523 1573 ι.
2578 1510 2754 1579 1)?Si
2806 1508 2918 1562 haec
2958 1498 3102 1559 tanta
3144 1502 3407 1557 divinitati
3442 1496 3765 1557 convenientia,

2258 1606 2452 1676 quibus
2483 1604 2691 1658 Patrem
2725 1610 2780 1655 et
2820 1600 3011 1654 Filium
3045 1612 3204 1651 unum
3238 1610 3360 1649 csse
3390 1594 3660 1654 docuimus,
3684 1605 3767 1660 per-

2261 1696 2379 1749 ﬁdis
2410 1710 2515 1748 non
2540 1692 2833 1755 sufﬁciunt,
2864 1690 2968 1742 alia
3003 1689 3069 1760 (si
3111 1685 3347 1756 videtur)
3378 1683 3765 1755 superadjicimus.

2329 1784 2445 1838 XII.
2477 1782 2675 1836 Probus
2708 1781 2876 1851 judea:
2906 1780 3035 1834 dixit
3069 1795 3087 1833 :
3129 1778 3183 1833 Si
3238 1778 3363 1832 huic
3406 1784 3507 1831 tam
3549 1776 3703 1830 valida:
3733 1784 3767 1826 et

2190 1878 2235 1936 B
2264 1883 2370 1929 tam
2390 1882 2554 1929 certa:
2571 1872 2928 1943 prosecutioni
2954 1870 3113 1924 Arius
3126 1869 3273 1922 nisus
3293 1867 3674 1929 fueritobviare,
3691 1879 3768 1919 cer-

2258 1975 2369 2019 tum
2403 1974 2484 2019 est
2514 1980 2637 2017 eum
2670 1978 2774 2016 non
2805 1962 3065 2015 rationem
3094 1959 3279 2028 sequi,
3311 1958 3407 2013 sed
3437 1973 3528 2028 per
3553 1955 3768 2011 verborum

2259 2055 2706 2111 irrationabilium
2734 2059 2953 2122 camp‘os
2975 2051 3284 2106 eﬂ'renatius
3305 2049 3534 2119 evagari,
3556 2048 3631 2118 qui
3653 2058 3770 2114 usque

2259 2162 2398 2202 nunc
2429 2148 2587 2199 trium
2615 2142 3029 2197 substantiarttm
3061 2140 3344 2205 rationem,
3380 2147 3436 2192 ut
3464 2137 3678 2207 superius
3699 2135 3769 2185 hs-

2260 2250 2351 2291 sus
2376 2244 2458 2289 est
2491 2232 2652 2307 (sicut
2683 2231 3005 2286 Athanasius
3037 2244 3128 2298 per
3156 2228 3386 2282 multum
3418 2230 3565 2283 unius
3590 2224 3770 2280 subsun-

2264 2326 2348 2381 tia:
2378 2326 2758 2379 documentum
2786 2319 3065 2390 ostendit),
3097 2334 3193 2389 per
3222 2321 3407 2374 nescio
3436 2333 3581 2389 quam
3608 2314 3770 2370 nebulo.

2262 2432 2375 2472 sam
2406 2417 2688 2486 caliginem
2715 2412 3061 2477 circumiens,
3091 2411 3447 2467 assertionem
3474 2425 3611 2466 suam
3637 2403 3769 2475 nequi-

2264 2510 2401 2564 verit
2427 2508 2817 2562 demonstrare.

2332 2600 2485 2653 Arius
2510 2599 2635 2651 dixit
2659 2613 2677 2649 :
2701 2597 2945 2666 Nunquid
2977 2597 3097 2665 quia
3119 2613 3182 2653 ex
3207 2596 3405 2651 divinis
3432 2594 3640 2651 oraculis
3656 2590 3770 2648 Atiu-

2266 2692 2478 2757 nasius,
2532 2691 2715 2745 nescio
2756 2690 2952 2759 quibus
3000 2690 3267 2756 articulis,
3303 2689 3497 2743 Filium
3532 2687 3665 2742 unius
3691 2682 3771 2736 sub-

2264 2784 2474 2836 stantiae
2490 2791 2542 2835 et
2564 2780 2707 2834 Patri
2730 2781 3053 2850 comqttalem
3073 2796 3214 2843 esse,
3238 2796 3372 2835 ausu
3401 2777 3659 2834 temerario
3675 2774 3771 2826 visus

2263 2884 2344 2928 est
2368 2873 2634 2927 afﬁrmare
2655 2915 2668 2937 ,
2697 2881 2750 2926 ct
2772 2872 3029 2939 Spiritum
3060 2872 3147 2942 qui
3178 2872 3351 2925 Patris
3381 2881 3435 2927 et
3466 2871 3574 2925 Filii
3594 2867 3771 2922 minister

2261 2974 2372 3030 est,
2417 2965 2607 3018 iisdem
2636 2963 2795 3018 debet
2823 2963 3015 3032 :cquali
3048 2962 3392 3017 confessione
3423 2958 3675 3017 conferre?
3695 2968 3772 3008 cunt

2262 3054 2374 3124 ipse
2402 3054 2568 3109 Filius
2591 3054 2732 3108 dicat
2757 3071 2767 3104 :
2801 3051 2901 3106 Ille
2930 3070 3007 3107 me
3033 3052 3365 3124 gloriﬁcabit,
3395 3054 3509 3119 quia
3538 3052 3593 3104 de
3615 3063 3701 3101 meo
3719 3059 3773 3095 σεε

2250 3148 2410 3215 cipiet
2450 3145 2621 3218 (Joan.
2655 3162 2768 3209 xvi,
2798 3145 2916 3215 14);
2948 3155 3001 3201 et
3027 3146 3229 3198 Mittam
3260 3147 3401 3199 vobis
3437 3143 3662 3213 Spiritum
3685 3136 3773 3189 veri-

2184 3253 2229 3316 ρ
2264 3238 2379 3290 tatis
2407 3235 2585 3309 (Joan.
2627 3252 2717 3300 xv,
2747 3234 2869 3305 r:26);
2900 3246 2953 3289 et
2983 3235 3209 3305 Spiritus
3238 3252 3269 3287 a
3296 3252 3381 3287 me
3400 3234 3624 3305 procedet
3638 3227 3770 3300 .(Joan.

2261 3343 2380 3392 xvr,
2408 3326 2525 3396 {5);
2560 3335 2611 3380 et
2645 3325 2805 3389 Quem
2836 3324 2994 3378 Pater
3018 3328 3178 3378 mittet
3214 3326 3267 3379 in
3293 3328 3497 3380 nomine
3534 3318 3773 3389 meo(Joan.

2261 3431 2330 3482 tv,
2374 3415 2505 3484 26);
2546 3425 2597 3468 et
2632 3414 2794 3468 Pater
2829 3414 2893 3468 ad
2947 3424 3283 3469 mortuorum
3326 3430 3449 3471 ossa
3490 3415 3643 3468 dicit:
3682 3406 3775 3461 Dabit

2262 3505 2515 3574 Spiritum
2546 3520 2712 3557 meum
2753 3504 2805 3555 in
2848 3520 2963 3567 vos,
2995 3515 3040 3556 et
3079 3504 3251 3557 vinetis
3282 3503 3496 3575 (Ezech.
3533 3494 3775 3559 xxxvtt,5h

2259 3598 2505 3668 Nunquid
2550 3598 2595 3651 is
2626 3598 2714 3666 qui
2757 3612 2783 3649 a
2812 3597 2972 3651 Patre
3001 3597 3231 3650 mittitur
3261 3596 3347 3650 vel
3376 3594 3635 3666 procedit,
3658 3588 3777 3644 eidem

2260 3690 2421 3744 debet
2450 3704 2478 3743 a
2508 3704 2611 3758 quo
2651 3688 2893 3758 procedit
2924 3688 3160 3759 aequari?
3203 3704 3325 3743 cum
3370 3688 3613 3759 propheta
3655 3683 3706 3736 de
3737 3690 3777 3730 e0

2262 3788 2506 3845 testatur,
2539 3790 2589 3834 et
2634 3779 2798 3834 dicit:
2832 3779 2962 3834 Ecce
2996 3778 3247 3833 Dominus
3287 3779 3503 3847 ﬁrmans
3533 3775 3757 3830 tonitrum.

2263 3883 2309 3929 et
2341 3891 2518 3928 creatis
2561 3875 2811 3944 Spiritum
2845 3874 3044 3941 (Amos,
3080 3889 3149 3939 tv,
3186 3871 3298 3943 l3).
3332 3872 3553 3927 Prorsus
3580 3871 3778 3930 nunquam

2264 3966 2393 4021 mihi
2424 3965 2688 4020 videbitur
2714 3977 2957 4019 creatura
2981 3979 3082 4018 suo
3112 3963 3346 4017 creatori
3376 3959 3589 4032 (aquari,
3619 3960 3777 4010 autuna

2263 4071 2383 4111 cum
2416 4054 2604 4110 eodem
2637 4068 2795 4123 posse
2827 4062 3093 4121 potestate
3122 4052 3303 4121 potiri.

2335 4146 2645 4199 Athanasius
2687 4144 2815 4196 dixit
2845 4159 2862 4195 :
2894 4142 2948 4198 Si
2974 4142 3170 4211 judicis
3202 4140 3487 4196 clementia
3534 4130 3779 4206 permissum

2266 4236 2451 4290 tribuit
2492 4243 2548 4288 et
2596 4234 2839 4302 largitur,
2889 4247 2951 4286 ex
3003 4231 3200 4285 divinis
3244 4226 3637 4285 auctoritatibus
3671 4216 3781 4273 etiam

2264 4326 2521 4398 Spiritum
2571 4301 2813 4379 sanctum
2864 4338 2970 4379 non
3020 4322 3177 4394 114.
3218 4331 3513 4377 creaturam
3560 4327 3691 4377 esse,
3722 4301 3783 4359 εειί

2267 4422 2433 4475 Deum
2460 4428 2513 4473 et
2543 4427 2844 4473 creatorem
2876 4434 2995 4471 eum
3029 4416 3185 4472 Patre
3215 4425 3269 4472 et
3302 4416 3463 4480 Filio,
3496 4410 3696 4467 breviter
3723 4399 3783 4454 de

2269 4509 2602 4564 monstrabo.
3074 4557 3081 4565 ,

2194 4620 2241 4679 υ
2344 4598 2540 4651 Probus
2560 4596 2728 4666 judcx
2757 4596 2931 4649 dixit:
2963 4594 3030 4650 Ut
3060 4604 3149 4649 tua
3184 4594 3447 4664 professio
3474 4589 3787 4679 ceratinae-fl"

2268 4690 2433 4757 proba
2476 4687 2713 4742 breviter
2748 4685 2887 4754 quod
2934 4687 3070 4739 ratio
3109 4686 3274 4754 exigit
3312 4684 3686 4737 documentum.
3710 4667 3785 4722 N0"

2268 4792 2330 4832 ex
2359 4784 2676 4847 argumento
2700 4775 2985 4837 sermonis,
3017 4773 3110 4829 sed
3132 4788 3196 4829 ex
3229 4773 3525 4827 divinarum
3556 4765 3783 4829 Scriptum

2269 4883 2385 4920 rum
2427 4845 2788 4932 testimoniis,
2838 4865 3090 4934 Spiritum
3127 4874 3367 4920 sanctum
3415 4860 3554 4918 Patri
3588 4854 3657 4909 vel
3694 4845 3787 4903 Filio

2269 4958 2591 5027 cnsequilem
2626 4972 2769 5029 esse,
2796 4968 2906 5024 aut,
2936 4958 3075 5012 sicut
3104 4959 3215 5023 ipse
3245 4959 3414 5010 lassus
3435 4968 3513 5017 es,
3542 4963 3649 5005 eum
3670 4945 3788 4999 Deum

2270 5050 2353 5104 vel
2381 5059 2677 5103 creatorem
2705 5046 3006 5102 communis
3034 5046 3213 5116 operis
3239 5060 3361 5101 esse
3382 5042 3615 5100 ostende.
3634 5037 3792 5092 Utcum

2274 5140 2387 5193 haec
2415 5139 2663 5194 veridicis
2694 5137 3014 5193 testimoniis
3053 5139 3438 5207 approbaveris
3457 5179 3472 5203 ,
3507 5135 3651 5191 Arius
3673 5143 3696 5181 ιι
3726 5136 3792 5176 sui!

2274 5231 2600 5295 intentione,
2656 5244 2800 5285 verae
2850 5229 2974 5285 ﬁdei
3024 5229 3360 5299 professione
3404 5229 3661 5284 convictus
3702 5212 3790 5268 abs-

2273 5324 2452 5378 cedat.

2348 5413 2483 5468 Xlll.
2519 5413 2824 5466 Athanasius
2875 5412 3004 5465 dixit
3040 5426 3057 5464 :
3102 5410 3416 5479 Priusquam
3458 5403 3686 5475 Spiritum
3707 5402 3795 5446 εαυ-

2275 5512 2416 5557 ctum
2447 5502 2610 5555 Deum
2635 5517 2754 5557 esse
2783 5502 3124 5571 perdoceam,
3151 5500 3398 5555 eumdem
3428 5502 3695 5551 creatorem
3710 5489 3797 5537 esse

2270 5600 2585 5645 cunctorum
2615 5570 2797 5649 verbis
2824 5590 3083 5659 legalibus
3113 5587 3441 5659 approbabo.
3474 5581 3713 5650 Scriptum
3737 5570 3796 5659 θξι

2272 5683 2414 5738 enim
2443 5702 2457 5734 :
2489 5682 2654 5735 Verbo
2686 5652 3025 5734 Dominicaeli
3051 5652 3245 5747 ﬁrmati
3275 5684 3421 5737 sunt,
3452 5682 3498 5726 et
3529 5668 3702 5738 3PM"
3722 5652 3798 5747 ⁰Ϊί⁹

2274 5777 2382 5844 ejus
2414 5774 2575 5827 omnis
2606 5774 2759 5826 virtus
2790 5786 2963 5827 eorum
2997 5745 3166 5839 (Psal.
3206 5783 3346 5822 χχχιι
3371 5807 3383 5831 ,
3422 5764 3495 5832 6).
3531 5759 3589 5815 Ει
3616 5756 3661 5810 in
3686 5745 3800 5805 5810‘
