3990 6390
242 374 308 429 77
1202 370 1464 426 CONTRA
1510 368 1807 425 ARIANOS
1851 368 2209 426 DIALOGUS.
2254 368 2381 425 LIB.
2427 369 2488 424 11.

3382 374 3480 431 178

206 500 368 540 mone
400 504 410 537 :
448 484 510 538 Et
538 486 663 553 ipse,
693 482 881 553 inquit,
912 482 1093 535 crearit
1118 499 1227 535 cant
1252 499 1339 549 per
1363 482 1613 549 Spiritum
1642 499 1790 535 suum
1824 485 1868 544 Α
1897 491 2071 534 sancto
2102 482 2238 550 (Act.
2266 497 2316 547 v,
2348 481 2439 551 5)?
2470 481 2537 535 Et
2567 480 2853 537 ostendens
2878 485 3122 538 cutndctn
3152 490 3313 542 Deum
3338 506 3477 557 esse,

209 578 396 647 (Eccli.
430 596 467 643 1,
492 578 572 647 9).
604 578 668 631 Et
700 578 749 629 in
785 576 1014 644 psalmo:
1046 573 1254 627 Emittes
1282 575 1532 643 Spiritum
1557 585 1721 636 tuum,
1752 585 1800 628 et

210 669 533 732 creabantur,
564 678 607 720 ct
638 666 896 719 innovabis
932 666 1114 733 facient
1145 675 1291 718 terra:
1322 663 1499 733 (Psal.
1534 679 1654 731 cm,
1682 666 1797 734 30).

210 756 280 810 Et
310 757 360 809 iu
390 757 528 811 libro
555 756 654 810 Job
680 773 693 807 :
726 755 949 823 Spiritus
973 754 1172 806 divinus
1195 796 1209 818 ,
1238 753 1401 821 inquit
1421 794 1435 819 ,
1468 754 1553 821 qui
1580 756 1698 816 fecit
1726 770 1803 807 me

212 844 363 914 (Job,
395 861 554 899 sunt
574 886 589 909 ,
619 845 694 914 1).
728 845 793 897 Et
817 844 997 899 .ludith
1024 862 1037 898 :
1074 844 1207 911 Tibi,
1244 845 1436 913 inquit,
1462 846 1613 898 servit
1640 847 1809 915 omnis

213 947 452 990 creatura
478 947 591 1001 tua,
636 938 873 1002 quoniam
919 937 1125 1003 dixisti,
1177 945 1219 988 et
1252 938 1388 1005 facta
1427 948 1575 1000 sunt,
1618 940 1805 994 misisti

214 1026 473 1095 Spiritum
500 1036 661 1092 tuum,
687 1038 731 1078 et
759 1026 1029 1092 (ediﬁcavit
1064 1026 1297 1093 (.ludith,
1327 1044 1412 1079 xvt
1434 1070 1447 1091 ,
1484 1030 1591 1097 17).
1623 1029 1805 1084 Tanta:

215 1120 365 1173 enim
438 1120 748 1189 potestatis,
799 1120 891 1174 vel
948 1121 1233 1174 creationis
1299 1121 1532 1188 Spiritus
1590 1134 1806 1177 8111101118

212 1212 535 1279 ostenditur,
588 1222 643 1266 ut
692 1215 805 1280 ipso
848 1222 1172 1280 cooperante
1212 1227 1405 1281 corpus
1440 1211 1645 1264 Domini
1678 1210 1803 1264 Jcsu

214 1301 440 1365 Christi,
466 1304 605 1371 quod
638 1304 863 1356 nobisin
896 1317 1136 1357 sacrame
1160 1313 1231 1356 110
1256 1303 1375 1357 fidei
1405 1303 1588 1356 datum
1616 1310 1719 1363 est,
1753 1301 1806 1353 in

215 1401 375 1447 utero
408 1392 636 1457 Virginis
677 1392 1019 1455 formarctur,
1060 1393 1383 1460 evangelista
1435 1392 1687 1461 dicente:
1726 1388 1809 1442 Ne

215 1481 399 1535 timeas
428 1484 656 1553 accipere
686 1482 909 1536 Mariam
946 1488 1211 1555 coniugem
1259 1494 1398 1537 11111111
1436 1501 1452 1537 :
1498 1485 1635 1555 quod
1673 1484 1807 1535 enim

214 1572 272 1622 in
302 1588 360 1623 ea
386 1582 557 1625 natum
594 1582 697 1639 est,
737 1574 800 1627 de
835 1572 1034 1643 Spiritu
1067 1585 1240 1628 sancto
1268 1583 1339 1628 est
1367 1574 1578 1644 (Matth.
1614 1591 1661 1635 t,
1686 1573 1804 1641 9.0).

218 1661 287 1713 Et
332 1662 455 1715 item
493 1680 507 1716 :
554 1661 894 1732 Priusquam,
945 1664 1144 1732 inquit,
1202 1665 1559 1725 convenirent,
1605 1666 1805 1718 inventa

216 1760 293 1803 est
323 1750 375 1803 in
407 1760 551 1805 utero
584 1752 769 1806 habens
790 1754 852 1807 de
882 1754 1086 1820 Spiritu
1116 1765 1290 1810 sancto
1320 1754 1508 1825 (lbid.,
1537 1756 1661 1826 18):
1697 1772 1803 1811 non

1906 570 1956 623 in
1989 571 2434 639 subsequentibus
2464 571 2625 626 dicit:
2660 571 2775 625 Non
2804 590 2851 625 cs
2885 575 3117 627 mcntitus
3158 576 3478 643 hominibus,

1903 662 1990 713 sed
2019 660 2121 713 Deo
2157 661 2344 730 (lbid.,
2375 662 2463 731 lt);
2494 675 2543 717 et
2574 662 2762 717 Paulus
2788 665 2851 717 ad
2881 664 3185 719 Corinthios
3213 685 3225 720 :
3261 666 3480 722 Divisio-

1905 765 1991 802 nes
2014 758 2183 802 autem
2209 751 2540 805 donationum
2568 764 2705 816 sunt,
2738 756 2868 807 idem
2899 772 3011 809 vero
3037 756 3281 825 Spiritus.
3317 757 3379 809 Et
3408 762 3485 813 di-

1906 842 2118 894 visiones
2150 843 2544 897 ministeriorum
2570 856 2710 910 sunt,
2736 848 2867 901 idem
2889 849 2994 916 ipse
3027 849 3293 902 Dominus.
3320 850 3384 904 Et
3406 851 3487 904 df-

1906 935 2118 987 visiones
2141 938 2491 1003 Operationum
2526 948 2669 1004 sunt,
2704 941 2836 994 idem
2867 956 2983 994 vero
3013 940 3166 1018 Deus,
3197 944 3280 1011 qui
3305 957 3488 1011 opera-

1908 1033 1987 1077 tur
2004 1027 2171 1078 omnia
2194 1029 2243 1078 111
2268 1028 2500 1080 omnibus
2525 1027 2577 1096 (Ι
2602 1029 2720 1082 Cor.
2744 1031 2902 1097 “1,4,
2924 1034 2976 1097 5,
3001 1032 3077 1100 6).
3108 1034 3238 1087 Ecce
3256 1035 3488 1101 Spiritus

1908 1129 2140 1187 sanctus,
2170 1120 2492 1187 praedicante
2522 1122 2808 1189 Apostolo,
2843 1124 2981 1179 idem
3016 1125 3183 1191 Dens,
3218 1124 3355 1180 idem
3388 1128 3489 1182 Do-

1910 1214 2080 1267 minus
2103 1214 2424 1267 declaratur.
2452 1214 2505 1268 In
2532 1214 2838 1285 Evangelia.
2871 1219 3006 1271 sicut
3030 1219 3138 1289 jam
3163 1219 3362 1274 dictum
3385 1229 3485 1277 cst.

1909 1306 2024 1373 ipse
2057 1306 2311 1360 Dominus
2340 1306 2467 1361 dicit
2494 1324 2506 1359 :
2541 1307 2768 1375 Spiritus
2811 1321 2881 1363 est
2917 1309 3053 1365 Deus
3084 1311 3261 1382 (Joan.
3297 1328 3369 1381 tv,
3395 1311 3522 1383 Ἡ)ν

1913 1399 2039 1453 110111
2071 1400 2136 1453 ad
2164 1399 2472 1453 Corinthios
2494 1398 2686 1453 Paulus
2712 1402 2951 1455 schbeus
2974 1404 3047 1457 ait
3076 1422 3087 1457 :
3129 1404 3375 1458 Dominus
3400 1422 3489 1458 au-

1910 1500 2004 1543 tem
2038 1491 2262 1562 Spiritus
2305 1502 2375 1545 est
2419 1490 2512 1563 (ll
2545 1490 2662 1545 Cur.
2697 1510 2785 1555 111,
2822 1496 2929 1561 l7).
2964 1494 3027 1547 Et
3068 1498 3131 1549 ad
3186 1498 3443 1567 Ephesios
3477 1517 3491 1553 :

1914 1580 2118 1648 Nolite,
2165 1581 2364 1650 inquit,
2416 1585 2710 1637 contristare
2748 1584 2997 1651 Spiritum
3037 1596 3267 1642 sanctum
3313 1589 3403 1643 Dei
3444 1592 3495 1643 in

1907 1688 2006 1741 quo
2038 1674 2223 1740 signati
2250 1674 2367 1725 estis
2397 1673 2607 1742 (Ephes.
2646 1690 2716 1743 tv,
2751 1674 2861 1743 30).
2896 1676 3023 1730 Item
3055 1678 3117 1731 ad
3151 1678 3456 1736 Corinthios
3478 1725 3493 1747 ,

1915 1764 2155 1829 Nescitis,
2188 1766 2375 1833 inquit,
2408 1770 2529 1837 quia
2558 1783 2774 1835 corpora
2806 1778 2965 1822 vestra
3002 1771 3417 1845 116tcmplnm
3446 1776 3497 1828 111

219 1842 364 1909 quod
416 1842 711 1897 Salvatoris
754 1844 920 1898 1108111
971 1844 1128 1898 Pater
1173 1845 1431 1901 dicendus
1461 1849 1529 1901 sit
1577 1848 1808 1915 Spiritus
1844 1855 1885 1914 Β
1915 1856 2049 1907 vobis
2073 1864 2143 1909 est
2168 1855 2392 1926 Spiritus
2413 1860 2594 1921 sancti,
2619 1875 2765 1927 quem
2794 1860 2983 1913 habetis
3008 1877 3037 1913 a
3064 1858 3205 1915 Deo?
3228 1842 3290 1917 Et
3320 1875 3503 1919 osten-

220 1942 474 1995 sanctus,
527 1944 581 1987 ut
632 1934 739 1989 duo
784 1936 1071 1991 creduntur
1111 1936 1328 2000 Patres;
1362 1938 1454 1993 sed
1502 1938 1642 2008 quod
1691 1955 1809 1995 cum

222 2020 386 2075 Patre
414 2032 467 2075 et
495 2022 629 2077 Filio
662 2024 803 2079 idem
829 2026 1063 2094 Spiritus
1092 2038 1307 2080 sanctus
1336 2029 1681 2097 cooperarius
1700 2072 1714 2091 ,
1758 2039 1811 2084 ct

223 2112 384 2165 unius
414 2114 691 2181 potestatis
741 2131 859 2169 cum
908 2116 1097 2171 iisdem
1142 2118 1319 2171 socius
1366 2119 1652 2184 invenitur,
1707 2120 1811 2173 Do-

226 2203 375 2257 mino
411 2204 713 2261 affirmante
759 2223 772 2259 :
825 2206 937 2271 Ite,
989 2208 1163 2277 inquit
1200 2208 1510 2277 discipulis,
1564 2211 1813 2282 baptizata

225 2310 402 2347 omnes
448 2306 617 2364 gentes
654 2300 705 2351 in
742 2302 943 2353 nomine
987 2300 1185 2367 Patris,
1212 2313 1256 2355 et
1310 2302 1455 2368 Filii,
1496 2314 1542 2359 et
1589 2306 1813 2377 Spiritus

224 2386 391 2436 sancti
433 2385 645 2454 (Matth.
681 2405 881 2453 xxvut,
918 2389 1026 2459 19).
1078 2391 1217 2461 Ergo
1255 2394 1297 2446 si
1346 2395 1585 2450 minister
1616 2408 1697 2450 est
1738 2399 1815 2468 (ut

222 2481 319 2524 tua
348 2476 604 2543 sacrilega
636 2480 873 2531 continet
897 2479 1201 2547 professio),
1228 2483 1495 2545 quomodo
1525 2485 1724 2553 absque
1751 2503 1815 2541 eo

229 2563 285 2611 iu
339 2562 689 2617 Sacramento
743 2564 863 2619 fidei
925 2568 1051 2620 nihil
1111 2568 1387 2623 confertur
1438 2574 1816 2629 credentibus?

228 2651 364 2704 Nam
399 2653 534 2705 sicut
563 2653 818 2708 Dominus
846 2659 1115 2725 apostolos
1137 2659 1201 2712 ad
1232 2661 1624 2727 praedicandum
1654 2664 1817 2719 desti-

230 2742 400 2803 navit,
437 2744 546 2809 pari
570 2746 730 2797 etiam
762 2746 919 2799 modo
946 2748 1172 2815 Spiritus
1198 2759 1412 2804 sanctus
1441 2750 1617 2807 facere
1640 2754 1816 2809 decla-

225 2840 396 2883 ratur.
434 2831 503 2883 110
547 2834 692 2887 0111111
742 2835 791 2888 111
846 2838 1065 2891 Actibus
1109 2842 1468 2906 apOstolorum
1519 2848 1815 2913 reperimus

223 2922 526 2991 scriptum:
565 2923 713 2978 Petro
743 2936 910 2979 autem
951 2930 1206 2998 cogitante
1236 2932 1298 2984 de
1336 2933 1557 2999 visione,
1602 2937 1729 2990 dixit
1768 2940 1815 2992 ei

225 3011 455 3081 Spiritus
502 3026 706 3070 sanctus
742 3032 761 3069 :
804 3015 934 3070 Ecce
978 3019 1130 3089 115
1175 3022 1269 3073 viri
1302 3033 1401 3075 tres
1439 3038 1671 3094 quierunt
1720 3038 1810 3083 te:

221 3117 505 3170 exsurgens
532 3106 659 3159 vade
688 3123 799 3159 cum
830 3108 899 3161 eis
920 3148 934 3173 ,
970 3111 1101 3164 nihil
1131 3113 1400 3178 dubitans,
1432 3119 1550 3186 quia
1572 3136 1662 3189 ego
1698 3123 1812 3175 misi

220 3207 313 3245 eos
342 3193 411 3245 ad
441 3203 487 3246 te
510 3194 645 3263 (Act.
678 3210 733 3260 ι,
772 3196 857 3261 19,
880 3198 991 3267 20).

222 3277 516 3335 Barnabam
559 3292 604 3337 et
636 3283 862 3339 Paulum
902 3290 953 3341 in
982 3305 1107 3361 Opus
1140 3311 1241 3363 quo
1272 3301 1522 3365 assumpsi
1550 3277 1641 3353 eos
1679 3301 1814 3371 (Act.

224 3387 352 3440 xm,
381 3374 460 3444 2).
496 3374 561 3429 Et
590 3376 781 3432 iterum
814 3396 825 3429 :
860 3380 1118 3436 Attendite
1150 3386 1286 3439 vobis
1315 3398 1359 3440 et
1391 3391 1624 3444 universo
1654 3396 1812 3463 gregi,

221 3462 281 3514 in
308 3479 406 3531 quo
439 3481 524 3519 vos
563 3466 789 3534 Spiritus
825 3486 1031 3525 sanetus
1076 3479 1334 3530 constituit
1376 3480 1636 3551 episcopos
1658 3462 1814 3553 (Act.

220 3566 295 3604 xx
318 3593 333 3616 ,
360 3552 475 3623 28).
506 3555 563 3611 Si
591 3560 862 3625 apostolos
890 3563 1079 3629 tuittit,
1110 3576 1162 3619 et
1204 3567 1485 3638 episcopos
1516 3552 1812 3639 constituit,

218 3651 285 3696 et
315 3645 560 3701 universa
584 3663 706 3703 cum
733 3650 890 3707 Patre
919 3664 970 3707 et
1002 3654 1157 3719 Filio,
1192 3667 1247 3712 ut
1276 3662 1521 3729 superius
1544 3673 1815 3721 ostensum

219 3742 345 3799 est,
384 3740 712 3804 procreavit,
764 3740 815 3794 in
857 3757 962 3812 quo
996 3747 1215 3802 minoris
1249 3750 1329 3803 vel
1376 3753 1600 3808 ministri
1632 3771 1817 3826 perso-

222 3836 354 3875 nam
376 3863 391 3883 .
425 3834 480 3878 ut
520 3826 636 3897 ipse
677 3829 831 3885 fateri
873 3849 977 3888 non
1008 3838 1230 3905 metuis,
1268 3851 1409 3895 tanta
1441 3845 1691 3913 majestas
1724 3851 1816 3903 ha-

226 3910 413 3966 bebit?

302 4005 442 4061 XIV.
472 4007 578 4064 Sed
607 4021 656 4064 et
682 4013 845 4068 Deum
879 4034 997 4071 eum
1031 4035 1181 4085 esse,
1213 4024 1350 4079 sicut
1380 4032 1687 4095 promisisse
1730 4049 1815 4091 me

218 4097 478 4165 memini,
510 4100 595 4154 his
626 4104 947 4161 testimoniis
990 4113 1315 4179 Ἄνυτε-1111110,
1354 4117 1513 4171 David
1556 4123 1813 4190 propheta

220 4184 480 4241 dicente:
511 4191 732 4243 Audiam
772 4197 894 4261 quid
926 4198 1164 4267 loquatur
1190 4204 1242 4255 in
1282 4221 1359 4258 me
1401 4184 1815 4267 Dominus'Deus

222 4271 401 4341 (Psal.
453 4292 674 4366 cur",
720 4282 809 4349 9).
860 4284 998 4338 Nulli
1051 4288 1229 4358 itaque
1277 4291 1494 4346 dubium
1544 4306 1626 4349 est
1674 4302 1811 4366 quod

218 4376 418 4418 omnes
452 4365 725 4436 praphetaa
755 4386 861 4423 non
906 4374 1006 4428 nisi
1042 4391 1135 4445 per
1164 4379 1420 4447 Spiritum
1453 4365 1700 4439 sanctum
1722 4404 1814 4441 an-

219 4454 475 4507 nuntient
502 4456 585 4509 vel
623 4456 940 4528 loquantur;
972 4465 1125 4519 sicut'
1142 4466 1193 4520 in
1226 4470 1509 4541 Evangelia
1551 4476 1809 4546 scriptum

216 4552 309 4597 est
335 4562 345 4595 :
378 4544 506 4600 Cum
528 4552 742 4616 venerit,
789 4555 991 4625 inquit,
1025 4558 1251 4628 Spiritus
1280 4566 1368 4619 ille
1394 4578 1603 4623 sanctus
1622 4612 1636 4637 ,
1653 4544 1808 4642 quem

220 4632 388 4687 mittet
416 4634 575 4691 Pater
594 4641 644 4691 in
668 4644 872 4697 nomine
894 4663 1023 4713 meo,
1054 4650 1162 4718 ipse
1188 4668 1274 4707 vos
1301 4655 1529 4722 docebit,
1562 4632 1814 4731 eti/utam

216 4726 544 4779 annuntiabit
584 4729 719 4785 vobis
753 4731 944 4799 (Joan.
981 4752 1093 4806 XIV,
1127 4741 1224 4807 26;
1256 4743 1411 4798 Joan.
1448 4763 1563 4815 xvr,
1597 4726 1709 4822 13).
1748 4755 1812 4809 Et

215 4813 354 4868 item
400 4832 495 4884 per
534 4823 846 4891 prophetam
887 4827 1139 4886 Dominus
1178 4835 1300 4890 dicit
1338 4856 1349 4889 :
1386 4840 1672 4899 Nolueram
1709 4866 1806 4901 au-

214 4903 336 4956 dire
362 4921 612 4963 sermones
642 4928 806 4978 meos,
838 4933 964 4985 quos
1001 4924 1236 4978 mandavi
1258 4928 1308 4980 in
1336 4930 1538 4999 Spiritu
1569 4953 1678 4989 meo
1720 4957 1808 5005 per

217 5008 278 5047 os
305 4994 670 5062 prophetarum
698 5004 960 5075 priorum,
990 5010 1114 5063 dicit
1150 4994 1399 5072 Dominus
1423 5020 1674 5089 (Zacltar.
1701 4994 1770 5082 vn
1788 5072 1802 5096 ,

220 5082 474 5179 lay-Sed
510 5103 575 5141 ne
624 5106 718 5157 per
752 5092 984 5152 ﬂorilera
1018 5110 1164 5167 prata
1216 5105 1408 5161 divina:
1430 5082 1604 5179 legis,
1652 5082 1803 5172 testi:

220 5173 405 5226 monia
440 5189 846 5248 percurrentes,
896 5187 1098 5255 longius
1142 5207 1171 5245 a
1210 5206 1389 5250 nostra
1438 5206 1804 5271 prapositione

221 5276 500 5330 vagemur,
548 5267 615 5321 ad
659 5268 711 5323 id
763 5274 904 5339 quod
950 5281 1291 5344 promisimus
1338 5267 1687 5349 revertamur.
1723 5297 1801 5351 Ad

224 5355 482 5411 Hebraeos
523 5374 734 5430 quoque
784 5365 974 5421 Paulus
1020 5372 1257 5439 gentium
1308 5381 1626 5445 praedicator
1666 5389 1802 5442 scri-

220 5445 387 5512 bens,
417 5447 489 5500 ait
518 5464 532 5499 :
570 5448 891 5519 Testificatur
918 5466 1089 5512 autem
1119 5464 1262 5519 nobis
1297 5465 1529 5537 Spiritus
1571 5487 1772 5533 sanctus
1802 5516 1816 5530 .

220 5546 271 5589 et
298 5537 394 5590 hoc
419 5548 492 5591 est
526 5549 879 5599 testamentum
906 5551 1042 5617 quod
1079 5554 1295 5622 dispono
1324 5562 1392 5612 ad
1435 5578 1520 5617 eos
1560 5579 1674 5634 post
1705 5542 1814 5625 dies

222 5629 376 5693 illos,
412 5631 533 5683 dicit
562 5632 807 5689 Dominus
836 5639 1024 5707 (Hebr.
1055 5660 1166 5707 vm.
1203 5648 1308 5718 10).
1344 5652 1397 5706 111
1428 5629 1645 5712 Actibus
1675 5676 1803 5730 apo-

223 5717 485 5772 stolorum
505 5760 519 5783 ,
549 5721 613 5774 ad
650 5723 908 5781 Ananiam
940 5729 1136 5789 dixisse
1164 5737 1376 5794 Petrum
1417 5748 1754 5804 meminimus
1784 5769 1797 5806 :

124 5824 146 5857 η.
216 5804 423 5883 01011111
454 5810 673 5866 Satanas
706 5815 928 5886 implevit
959 5837 1043 5874 cor
1068 5833 1207 5879 tuum
1227 5870 1240 5893 ,
1278 5835 1477 5888 mentiri
1503 5846 1548 5890 te
1580 5837 1807 5902 Spiritui

1916 1945 2052 2001 dens
2079 1962 2199 2000 eum
2238 1946 2407 2001 Deum
2439 1962 2590 2013 0880,
2620 1950 2862 2019 adiungit
2898 1960 2950 2005 et
2980 1951 3105 2005 dicit
3138 1969 3150 2004 :
3183 1952 3500 2023 (iloriﬁcate,

1916 2050 1963 2093 et
1990 2049 2186 2109 portate
2215 2040 2373 2097 Deum
2400 2042 2451 2095 in
2487 2060 2696 2114 corpore
2741 2054 2903 2098 vestro
2934 2047 2975 2116 (I
3005 2046 3121 2100 Cor.
3155 2065 3238 2111 vt.
3274 2051 3359 2117 19,
3385 2053 3499 2123 20).

1920 2130 2047 2185 Nam
2074 2144 2127 2184 ut
2155 2133 2291 2187 Deus
2320 2143 2373 2188 et
2397 2134 2651 2189 Dominus
2674 2151 2794 2191 esse
2822 2138 3254 2195 manifestissime
3274 2143 3500 2213 Spiritus

1918 2230 2131 2275 sanctus
2162 2221 2581 2291 demonstretur,
2607 2224 2672 2279 ad
2700 2226 2910 2281 Mariam
2942 2230 3161 2296 angelus
3183 2232 3302 2285 11011
3330 2248 3344 2285 :
3381 2233 3500 2303 Spi-

1917 2318 2043 2371 ritus
2064 2328 2268 2372 sanctus
2295 2321 2605 2390 superveniet
2628 2321 2679 2374 in
2706 2331 2769 2387 te,
2800 2331 2843 2374 et
2867 2324 3022 2376 virtus
3053 2324 3301 2381 Altissimi
3322 2334 3500 2382 obum-

1920 2404 2078 2459 brabit
2112 2408 2240 2459 tibi:
2272 2419 2536 2476 prapterca
2565 2421 2613 2463 et
2647 2411 2783 2480 quod
2813 2423 3042 2468 nascetur
3068 2431 3130 2469 ex
3156 2426 3203 2469 te
3238 2426 3499 2487 sanctum,

1918 2498 2177 2550 vocabitur
2206 2497 2374 2553 Filius
2407 2500 2497 2553 Dei
2524 2501 2676 2571 (Luc.
2710 2518 2745 2566 1,
2778 2496 2891 2571 35).

1992 2588 2105 2641 XV.
2154 2590 2289 2644 Ecce
2318 2592 2528 2659 quantis
2557 2592 2859 2648 divinorum
2894 2597 3314 2653 testimoniorum
3341 2600 3502 2658 docu-

1921 2678 2119 2733 mcntis
2167 2678 2424 2746 Spiritum
2456 2690 2696 2737 sanetum
2726 2682 2891 2738 Deum
2915 2726 2929 2750 ,
2962 2696 3015 2741 et
3045 2688 3199 2743 unius
3227 2692 3503 2758 potestatis

1919 2769 2000 2822 vel
2031 2770 2303 2823 socii-tatis
2332 2785 2451 2824 cum
2485 2772 2640 2827 Patre
2671 2785 2724 2827 et
2744 2773 2879 2829 Ftlio
2901 2789 3020 2831 esse
3045 2776 3343 2835 docuimus.
3367 2782 3505 2847 Quid

1917 2859 2091 2915 adhuc
2123 2862 2342 2930 perfidis
2373 2874 2643 2920 remaneat
2675 2869 3037 2938 responsionis
3067 2870 3273 2942 ignoro.
3309 2874 3504 2929 Paulus

1918 2950 1993 3003 uti
2017 2966 2101 3017 lue
2128 2953 2399 3021 apostolus
2423 2955 2678 3026 Spiritum
2704 2957 2944 3014 8111011ιῖ11
2968 2975 3087 3016 011111
3113 2962 3267 3019 Patre
3292 2978 3342 3020 et
3369 2965 3504 3022 Filio

1916 3057 2075 3095 unam
2109 3044 2420 3099 societatem
2470 3046 2669 3103 habere
2707 3053 3047 3119 apertissime
3089 3054 3502 3123 demonstravit,

1917 3132 2097 3187 dicens
2119 3176 2134 3199 ,
2167 3132 2351 3188 Gratia
2384 3135 2593 3192 Domini
2622 3144 2778 3195 nostri
2816 3142 2940 3198 Jesu
2978 3145 3198 3213 Christi,
3240 3158 3286 3202 et
3314 3150 3504 3203 caritas

1024 3200 1089 3254 Et
1116 3202 1305 3257 iterum
1338 3223 1349 3257 ε
1387 3204 1663 3279 Set/regale
1686 3212 1809 3264 mihi
1836 3228 1879 3287 (ζ
1919 3220 2009 3276 ι)ρὶ
2034 3264 2047 3285 ,
2094 3234 2139 3277 et
2185 3227 2401 3279 societas
2451 3228 2675 3299 Spiritus
2717 3234 2879 3286 sancti
2931 3251 3047 3288 cum
3093 3238 3327 3292 omnibus
3367 3240 3504 3296 vobis

1924 3309 2007 3381 (Il
2043 3311 2161 3367 Cor.
2192 3330 2316 3380 xm,
2351 3316 2457 3385 1⁸5).

1995 3404 2192 3461 Probus
2217 3409 2375 3477 iudex
2404 3412 2531 3465 dixit
2558 3429 2575 3466 :
2599 3413 2653 3468 Si
2683 3424 2798 3482 post
2829 3416 3233 3475 innumerabilia
3267 3423 3505 3479 testimo-

1924 3496 2006 3548 nia
2036 3497 2243 3551 cmlesti
2273 3502 2579 3569 magisterio
2604 3506 2937 3576 promulgata
2962 3513 3285 3568 remansisse
3305 3515 3505 3586 aliquid

1922 3584 2047 3639 Aria
2070 3587 2295 3653 videzur,
2332 3605 2629 3659 proponere
2661 3610 2765 3649 non
2791 3609 3055 3664 gravetur.
3088 3602 3401 3673 Quanquain
3427 3608 3507 3677 (ut

1923 3680 2064 3747 reor)
2098 3681 2227 3734 nihil
2262 3682 2334 3736 illi
2366 3688 2729 3754 responsionis
2761 3686 3095 3761 remans-rit',
3128 3713 3230 3767 qua
3262 3700 3507 3757 videlicet

1921 3769 2090 3836 possit
2135 3772 2484 3829 Athanasium
2530 3776 2596 3833 de
2628 3780 2783 3834 unius
2828 3784 3177 3853 substantiae;
3214 3790 3265 3845 id
3297 3796 3381 3847 081
3414 3796 3508 3849 11οη

1920 3860 2109 3913 mousii
2139 3866 2345 3919 ratione
2372 3865 2658 3935 depellere.
2698 3871 2802 3927 Sed
2837 3890 2902 3929 ne
2948 3887 3101 3945 posto
3126 3880 3286 3935 odum
3318 3883 3387 3939 de
3412 3885 3508 3939 ali-

1917 3963 2018 4018 qua
2050 3956 2397 4020 oppress’one
2431 3968 2699 4024 causrtur,
2752 3977 2780 4014 a
2826 3965 2977 4020 nobis
3024 3969 3199 4024 nullus
3231 3972 3277 4026 ei
3324 3974 3389 4028 ad
3423 3990 3508 4031 re-

1916 4040 2285 4107 spondendum
2321 4046 2468 4099 locus
2499 4049 2767 4104 adimitur.

1990 4128 2142 4181 Arius
2168 4132 2298 4184 dixit
2327 4148 2343 4185 :
2378 4133 2519 4188 Nulli
2550 4136 2767 4191 dubium
2791 4154 2873 4195 est
2896 4146 3036 4212 quod
3063 4150 3281 4215 magicis
3303 4152 3507 4211 artibus

1920 4213 2244 4271 Athanasius
2272 4234 2375 4273 non
2406 4221 2613 4277 desinat
2646 4227 2842 4293 judicis
2875 4213 3184 4301 pervertere
3209 4254 3423 4306 sensus,
3452 4253 3508 4299 u:

1920 4311 2081 4355 rectm
2113 4304 2231 4360 ﬁdei
2268 4309 2535 4366 tramitem
2563 4329 2688 4384 erga
2725 4332 2819 4373 eos
2847 4323 2932 4389 qui
2975 4339 3091 4379 eam
3138 4329 3385 4399 religiose
3424 4350 3507 4390 sc-

1919 4402 2134 4450 ctantur
2164 4408 2215 4451 et
2249 4401 2452 4468 colunt,
2482 4412 2665 4461 tenere
2695 4424 2798 4464 non
2823 4415 3011 4482 possit.
3048 4416 3113 4472 Et
3143 4420 3339 4477 idcirco
3364 4427 3505 4493 quod
3537 4400 3547 4409 ’

1920 4488 1969 4541 111
1999 4492 2243 4547 examine
2269 4496 2341 4549 tui
2375 4497 2627 4553 culminis
2668 4505 2936 4572 explicare
2968 4525 3071 4563 non
3106 4514 3285 4582 valeo,
3310 4518 3506 4585 princi-

1842 4594 1887 4653 D
1919 4578 1999 4646 pis
2025 4578 2231 4647 judicio
2254 4586 2575 4652 reservabo;
2607 4591 2693 4645 ubi
2718 4596 2954 4651 veritatis
2982 4599 3173 4671 indago
3206 4578 3502 4677 prus-pollet,

1916 4675 1969 4719 et
2001 4669 2230 4738 magicas
2263 4681 2409 4729 artes
2440 4675 2509 4730 ob
2539 4694 2677 4733 verte
2706 4682 2829 4738 fidei
2877 4669 3271 4747 observantiam
3303 4669 3505 4766 prava;

1914 4756 2025 4811 lere
2054 4773 2158 4812 non
2193 4775 2350 4827 posse
2380 4767 2706 4825 credendum
2736 4785 2839 4828 est.

1986 4849 2300 4906 Athanasius
2322 4856 2453 4909 dixit
2480 4874 2497 4910 :
2523 4858 2619 4923 Qui
2648 4863 2758 4918 suis
2781 4869 3166 4927 assertionibus
3186 4874 3376 4933 adesse
3397 4894 3503 4935 non

1913 4952 2156 5029 possunt,
2186 4945 2516 5012 quibuslibet
2542 4950 2819 5010 fallacibus
2849 4966 3175 5029 argumentis
3207 4968 3289 5021 vel
3335 4972 3503 5026 cavil-

1910 5026 2199 5085 lationibus
2245 5038 2648 5096 excusationem
2693 5046 2794 5100 sibi
2828 5049 3067 5108 invenire
3094 5070 3198 5110 non
3227 5058 3500 5127 desinunt,

1909 5117 2048 5173 sicut
2080 5136 2218 5176 nunc
2252 5123 2428 5183 facere
2458 5129 2641 5187 Arium
2672 5136 2881 5204 plenius
2906 5153 3079 5198 vestra
3112 5151 3365 5217 perspicit
3391 5168 3501 5206 111οσ

1917 5209 2159 5301 1111ᾼί111110.
2211 5214 2333 5284 Mihi
2378 5235 2506 5276 vero
2534 5224 2600 5277 ad
2646 5230 2822 5283 omnia
2873 5248 2990 5301 qua:
3038 5209 3212 5291 alt-eo
3241 5209 3293 5293 in
3340 5230 3497 5296 vestri

1910 5299 2156 5355 culminis
2208 5314 2489 5373 praesentia
2563 5320 2832 5384 propOsita
2888 5299 3044 5389 sunt,
3108 5342 3288 5382 verum
3340 5327 3491 5385 1111011

1915 5389 2205 5449 vindicanti
2231 5405 2567 5468 respondisse
2590 5409 2839 5466 sufﬁciat.

1990 5482 2129 5539 XVI.
2168 5487 2361 5544 Probus
2384 5495 2553 5563 judet:
2591 5502 2767 5555 dixit:
2796 5504 3192 5576 Imperitorum,
3226 5519 3281 5564 et
3322 5506 3488 5584 mini:

1921 5570 1988 5627 de
2016 5588 2109 5629 sua
2141 5579 2361 5635 scientia
2396 5586 2475 5639 vel
2510 5587 2749 5644 doctrina
2781 5597 3216 5659 praisumentium
3244 5612 3342 5668 est,
3376 5577 3497 5675 pra:

1914 5665 2059 5719 vitali
2102 5671 2275 5736 potius
2318 5676 2469 5747 117
2501 5680 2735 5734 studium
2771 5683 2898 5736 dare
2944 5702 3098 5754 quam
3140 5665 3349 5749 veritati
3376 5665 3482 5766 'pa-

1912 5756 2149 5811 tientiam
2222 5767 2563 5821 commodare
2610 5787 2618 5818 :
2667 5786 2784 5820 cum
2845 5773 2893 5825 id
2967 5781 3321 5839 assertoribus
3369 5756 3492 5840 111101

1906 5850 2215 5917 conveniat,
2256 5855 2532 5912 veritatem
2581 5860 2755 5925 porius
2785 5866 2933 5931 scqui
2964 5884 3119 5936 quam
3167 5875 3363 5930 erroris
3407 5875 3487 5929 vel
