  <div class='ocr_page' id='page_1' title='image "/cluster/home/n/w/nwhite01/storage/ocr_20150623/62/hvd.32044015706393/095.png"; bbox 0 0 3990 6390; ppageno 0'>
   <div class='ocr_carea' id='block_1_1' title="bbox 554 318 2130 393">
    <p class='ocr_par' dir='ltr' id='par_1_1' title="bbox 554 318 2130 375">
     <span class='ocr_line' id='line_1_1' title="bbox 554 318 2130 375; baseline -0.001 -1"><span class='ocrx_word' id='word_1_1' title='bbox 554 318 656 374; x_wconf 69' lang='grc'><strong>179</strong></span> <span class='ocrx_word' id='word_1_2' title='bbox 1868 319 2083 375; x_wconf 71' lang='grc' dir='ltr'><strong>νῐϐῐιιι</strong></span> <span class='ocrx_word' id='word_1_3' title='bbox 2125 321 2130 336; x_wconf 90' lang='lat'>&#39;</span> 
     </span>
    </p>
   </div>
   <div class='ocr_carea' id='block_1_2' title="bbox 2176 318 3752 393">
    <p class='ocr_par' dir='ltr' id='par_1_2' title="bbox 2176 319 3752 393">
     <span class='ocr_line' id='line_1_2' title="bbox 2176 319 3752 393; baseline 0.011 -18"><span class='ocrx_word' id='word_1_4' title='bbox 2176 319 2500 377; x_wconf 69' lang='lat' dir='ltr'><strong>APSENSIS</strong></span> <span class='ocrx_word' id='word_1_5' title='bbox 3673 334 3752 393; x_wconf 65' lang='grc' dir='ltr'><strong>πω</strong></span> 
     </span>
    </p>
   </div>
   <div class='ocr_carea' id='block_1_3' title="bbox 551 430 3762 508">
    <p class='ocr_par' dir='ltr' id='par_1_3' title="bbox 551 430 3762 508">
     <span class='ocr_line' id='line_1_3' title="bbox 551 430 3762 508; baseline 0.005 -24"><span class='ocrx_word' id='word_1_6' title='bbox 551 432 796 488; x_wconf 71' lang='lat' dir='ltr'><strong>falsitatis</strong></span> <span class='ocrx_word' id='word_1_7' title='bbox 825 432 1081 501; x_wconf 86' lang='lat' dir='ltr'><strong>compede</strong></span> <span class='ocrx_word' id='word_1_8' title='bbox 1112 430 1409 501; x_wconf 70' lang='lat' dir='ltr'><strong>prsrpcdiri.</strong></span> <span class='ocrx_word' id='word_1_9' title='bbox 1450 430 1644 485; x_wconf 85' lang='lat' dir='ltr'><strong>llorutn</strong></span> <span class='ocrx_word' id='word_1_10' title='bbox 1678 432 1835 503; x_wconf 90' lang='lat' dir='ltr'><strong>igitur</strong></span> <span class='ocrx_word' id='word_1_11' title='bbox 1875 449 1991 487; x_wconf 93' lang='lat' dir='ltr'><strong>mos</strong></span> <span class='ocrx_word' id='word_1_12' title='bbox 2027 443 2131 500; x_wconf 83' lang='lat' dir='ltr'><strong>est,</strong></span> <span class='ocrx_word' id='word_1_13' title='bbox 2165 439 2209 493; x_wconf 79' lang='grc' dir='ltr'><strong>Α</strong></span> <span class='ocrx_word' id='word_1_14' title='bbox 2240 443 2323 488; x_wconf 91' lang='lat' dir='ltr'><strong>est</strong></span> <span class='ocrx_word' id='word_1_15' title='bbox 2355 435 2512 488; x_wconf 90' lang='lat' dir='ltr'><strong>unius</strong></span> <span class='ocrx_word' id='word_1_16' title='bbox 2540 432 2878 502; x_wconf 67' lang='lat' dir='ltr'><strong>substantiae)</strong></span> <span class='ocrx_word' id='word_1_17' title='bbox 2910 432 3165 489; x_wconf 83' lang='lat' dir='ltr'><strong>divellere</strong></span> <span class='ocrx_word' id='word_1_18' title='bbox 3197 436 3405 503; x_wconf 81' lang='lat' dir='ltr'><strong>pehitus</strong></span> <span class='ocrx_word' id='word_1_19' title='bbox 3430 452 3529 493; x_wconf 90' lang='lat' dir='ltr'><strong>non</strong></span> <span class='ocrx_word' id='word_1_20' title='bbox 3551 443 3762 508; x_wconf 83' lang='lat' dir='ltr'><strong>potuisse.</strong></span> 
     </span>
    </p>
   </div>
   <div class='ocr_carea' id='block_1_4' title="bbox 552 523 3761 599">
    <p class='ocr_par' dir='ltr' id='par_1_4' title="bbox 552 523 3761 599">
     <span class='ocr_line' id='line_1_4' title="bbox 552 523 3761 599; baseline 0.004 -20"><span class='ocrx_word' id='word_1_21' title='bbox 552 527 642 597; x_wconf 85' lang='lat' dir='ltr'><strong>qui</strong></span> <span class='ocrx_word' id='word_1_22' title='bbox 669 541 791 580; x_wconf 91' lang='lat' dir='ltr'><strong>cum</strong></span> <span class='ocrx_word' id='word_1_23' title='bbox 820 540 932 580; x_wconf 71' lang='lat' dir='ltr'><strong>suae</strong></span> <span class='ocrx_word' id='word_1_24' title='bbox 963 524 1199 594; x_wconf 71' lang='lat' dir='ltr'><strong>perfidia:</strong></span> <span class='ocrx_word' id='word_1_25' title='bbox 1224 538 1437 578; x_wconf 87' lang='lat' dir='ltr'><strong>causam</strong></span> <span class='ocrx_word' id='word_1_26' title='bbox 1478 523 1541 577; x_wconf 87' lang='lat' dir='ltr'><strong>ad</strong></span> <span class='ocrx_word' id='word_1_27' title='bbox 1572 523 1730 577; x_wconf 86' lang='lat' dir='ltr'><strong>finem</strong></span> <span class='ocrx_word' id='word_1_28' title='bbox 1756 538 1923 594; x_wconf 83' lang='lat' dir='ltr'><strong>usque</strong></span> <span class='ocrx_word' id='word_1_29' title='bbox 1954 526 2135 580; x_wconf 89' lang='lat' dir='ltr'><strong>venire</strong></span> <span class='ocrx_word' id='word_1_30' title='bbox 2242 524 2351 580; x_wconf 87' lang='lat' dir='ltr'><strong>Sed</strong></span> <span class='ocrx_word' id='word_1_31' title='bbox 2378 524 2457 595; x_wconf 88' lang='lat' dir='ltr'><strong>(ut</strong></span> <span class='ocrx_word' id='word_1_32' title='bbox 2484 524 2600 593; x_wconf 86' lang='lat' dir='ltr'><strong>ejus</strong></span> <span class='ocrx_word' id='word_1_33' title='bbox 2629 524 2895 593; x_wconf 89' lang='lat' dir='ltr'><strong>superﬂua</strong></span> <span class='ocrx_word' id='word_1_34' title='bbox 2937 524 3177 581; x_wconf 80' lang='lat' dir='ltr'><strong>decrevit</strong></span> <span class='ocrx_word' id='word_1_35' title='bbox 3208 526 3451 599; x_wconf 85' lang='lat' dir='ltr'><strong>intentio)</strong></span> <span class='ocrx_word' id='word_1_36' title='bbox 3477 545 3587 585; x_wconf 89' lang='lat' dir='ltr'><strong>eum</strong></span> <span class='ocrx_word' id='word_1_37' title='bbox 3624 549 3680 589; x_wconf 88' lang='lat' dir='ltr'><strong>ne</strong></span> <span class='ocrx_word' id='word_1_38' title='bbox 3707 535 3761 590; x_wconf 83' lang='lat' dir='ltr'><strong>fa-</strong></span> 
     </span>
    </p>
   </div>
   <div class='ocr_carea' id='block_1_5' title="bbox 553 616 3755 690">
    <p class='ocr_par' dir='ltr' id='par_1_5' title="bbox 553 616 3755 690">
     <span class='ocr_line' id='line_1_5' title="bbox 553 616 3755 690; baseline 0.002 -16"><span class='ocrx_word' id='word_1_39' title='bbox 553 635 699 684; x_wconf 69' lang='lat' dir='ltr'><strong>consi</strong></span> <span class='ocrx_word' id='word_1_40' title='bbox 721 619 953 682; x_wconf 78' lang='lat' dir='ltr'><strong>exerint,</strong></span> <span class='ocrx_word' id='word_1_41' title='bbox 982 626 1283 672; x_wconf 83' lang='lat' dir='ltr'><strong>metuentes</strong></span> <span class='ocrx_word' id='word_1_42' title='bbox 1312 632 1377 672; x_wconf 93' lang='lat' dir='ltr'><strong>ne</strong></span> <span class='ocrx_word' id='word_1_43' title='bbox 1398 618 1601 672; x_wconf 88' lang='lat' dir='ltr'><strong>cunctis</strong></span> <span class='ocrx_word' id='word_1_44' title='bbox 1623 617 1930 672; x_wconf 88' lang='lat' dir='ltr'><strong>hominibus</strong></span> <span class='ocrx_word' id='word_1_45' title='bbox 1948 633 2132 673; x_wconf 82' lang='lat' dir='ltr'><strong>eorum</strong></span> <span class='ocrx_word' id='word_1_46' title='bbox 2241 618 2343 671; x_wconf 90' lang='lat' dir='ltr'><strong>ciat</strong></span> <span class='ocrx_word' id='word_1_47' title='bbox 2383 617 2528 671; x_wconf 89' lang='lat' dir='ltr'><strong>nullo</strong></span> <span class='ocrx_word' id='word_1_48' title='bbox 2585 617 2744 671; x_wconf 91' lang='lat' dir='ltr'><strong>modo</strong></span> <span class='ocrx_word' id='word_1_49' title='bbox 2790 616 3071 672; x_wconf 81' lang='lat' dir='ltr'><strong>refrenabo</strong></span> <span class='ocrx_word' id='word_1_50' title='bbox 3094 658 3108 683; x_wconf 90' lang='lat'><strong>,</strong></span> <span class='ocrx_word' id='word_1_51' title='bbox 3141 633 3207 673; x_wconf 90' lang='lat' dir='ltr'><strong>ne</strong></span> <span class='ocrx_word' id='word_1_52' title='bbox 3238 619 3357 673; x_wconf 83' lang='lat' dir='ltr'><strong>victi</strong></span> <span class='ocrx_word' id='word_1_53' title='bbox 3388 635 3649 690; x_wconf 83' lang='lat' dir='ltr'><strong>personam</strong></span> <span class='ocrx_word' id='word_1_54' title='bbox 3677 643 3755 680; x_wconf 85' lang='lat' dir='ltr'><strong>non</strong></span> 
     </span>
    </p>
   </div>
   <div class='ocr_carea' id='block_1_6' title="bbox 555 706 3763 781">
    <p class='ocr_par' dir='ltr' id='par_1_6' title="bbox 555 706 3763 781">
     <span class='ocr_line' id='line_1_6' title="bbox 555 706 3763 781; baseline 0.001 -15"><span class='ocrx_word' id='word_1_55' title='bbox 555 711 775 778; x_wconf 82' lang='lat' dir='ltr'><strong>perﬁdia</strong></span> <span class='ocrx_word' id='word_1_56' title='bbox 808 710 1137 774; x_wconf 82' lang='lat' dir='ltr'><strong>innotescat,</strong></span> <span class='ocrx_word' id='word_1_57' title='bbox 1170 710 1235 763; x_wconf 90' lang='lat' dir='ltr'><strong>ad</strong></span> <span class='ocrx_word' id='word_1_58' title='bbox 1285 709 1504 777; x_wconf 84' lang='lat' dir='ltr'><strong>potioris</strong></span> <span class='ocrx_word' id='word_1_59' title='bbox 1534 724 1593 763; x_wconf 90' lang='lat' dir='ltr'><strong>se</strong></span> <span class='ocrx_word' id='word_1_60' title='bbox 1623 707 1871 765; x_wconf 88' lang='lat' dir='ltr'><strong>conferre</strong></span> <span class='ocrx_word' id='word_1_61' title='bbox 1901 724 2133 778; x_wconf 67' lang='lat' dir='ltr'><strong>praeseu-</strong></span> <span class='ocrx_word' id='word_1_62' title='bbox 2242 708 2537 775; x_wconf 69' lang='lat' dir='ltr'><strong>sustinens,</strong></span> <span class='ocrx_word' id='word_1_63' title='bbox 2565 706 2631 761; x_wconf 93' lang='lat' dir='ltr'><strong>de</strong></span> <span class='ocrx_word' id='word_1_64' title='bbox 2657 707 2904 776; x_wconf 89' lang='lat' dir='ltr'><strong>adempto</strong></span> <span class='ocrx_word' id='word_1_65' title='bbox 2933 708 3034 761; x_wconf 82' lang='lat' dir='ltr'><strong>sibi</strong></span> <span class='ocrx_word' id='word_1_66' title='bbox 3063 712 3317 777; x_wconf 91' lang='lat' dir='ltr'><strong>temporis</strong></span> <span class='ocrx_word' id='word_1_67' title='bbox 3345 712 3513 780; x_wconf 86' lang='lat' dir='ltr'><strong>spatio</strong></span> <span class='ocrx_word' id='word_1_68' title='bbox 3540 712 3763 781; x_wconf 80' lang='lat' dir='ltr'><strong>glorietur.</strong></span> 
     </span>
    </p>
   </div>
   <div class='ocr_carea' id='block_1_7' title="bbox 555 799 3763 874">
    <p class='ocr_par' dir='ltr' id='par_1_7' title="bbox 555 799 3763 874">
     <span class='ocr_line' id='line_1_7' title="bbox 555 799 3763 874; baseline 0.001 -17"><span class='ocrx_word' id='word_1_69' title='bbox 555 803 712 867; x_wconf 86' lang='lat' dir='ltr'><strong>tiam;</strong></span> <span class='ocrx_word' id='word_1_70' title='bbox 770 805 1078 871; x_wconf 81' lang='lat' dir='ltr'><strong>ignorantes</strong></span> <span class='ocrx_word' id='word_1_71' title='bbox 1138 803 1387 871; x_wconf 81' lang='lat' dir='ltr'><strong>quoniam</strong></span> <span class='ocrx_word' id='word_1_72' title='bbox 1435 810 1490 855; x_wconf 90' lang='lat' dir='ltr'><strong>et</strong></span> <span class='ocrx_word' id='word_1_73' title='bbox 1536 802 1645 857; x_wconf 90' lang='lat' dir='ltr'><strong>illic</strong></span> <span class='ocrx_word' id='word_1_74' title='bbox 1674 802 1882 857; x_wconf 82' lang='lat' dir='ltr'><strong>veritati</strong></span> <span class='ocrx_word' id='word_1_75' title='bbox 1913 804 2133 857; x_wconf 82' lang='lat' dir='ltr'><strong>victoria</strong></span> <span class='ocrx_word' id='word_1_76' title='bbox 2242 799 2369 853; x_wconf 64' lang='lat' dir='ltr'><strong>Mea:</strong></span> <span class='ocrx_word' id='word_1_77' title='bbox 2397 813 2524 852; x_wconf 88' lang='lat' dir='ltr'><strong>vero</strong></span> <span class='ocrx_word' id='word_1_78' title='bbox 2564 799 2798 854; x_wconf 78' lang='lat' dir='ltr'><strong>solertia:</strong></span> <span class='ocrx_word' id='word_1_79' title='bbox 2828 800 2929 853; x_wconf 92' lang='lat' dir='ltr'><strong>erit</strong></span> <span class='ocrx_word' id='word_1_80' title='bbox 2964 803 3209 854; x_wconf 72' lang='lat' dir='ltr'><strong>universa</strong></span> <span class='ocrx_word' id='word_1_81' title='bbox 3251 817 3365 870; x_wconf 74' lang='lat' dir='ltr'><strong>qua:</strong></span> <span class='ocrx_word' id='word_1_82' title='bbox 3394 804 3460 857; x_wconf 88' lang='lat' dir='ltr'><strong>ab</strong></span> <span class='ocrx_word' id='word_1_83' title='bbox 3491 806 3698 874; x_wconf 86' lang='lat' dir='ltr'><strong>utrisque</strong></span> <span class='ocrx_word' id='word_1_84' title='bbox 3725 808 3763 861; x_wconf 84' lang='lat' dir='ltr'><strong>in</strong></span> 
     </span>
    </p>
   </div>
   <div class='ocr_carea' id='block_1_8' title="bbox 556 892 3763 969">
    <p class='ocr_par' dir='ltr' id='par_1_8' title="bbox 556 892 3763 969">
     <span class='ocr_line' id='line_1_8' title="bbox 556 892 3763 969; baseline 0.002 -22"><span class='ocrx_word' id='word_1_85' title='bbox 556 894 829 960; x_wconf 88' lang='lat' dir='ltr'><strong>tribuitur,</strong></span> <span class='ocrx_word' id='word_1_86' title='bbox 861 894 946 948; x_wconf 93' lang='lat' dir='ltr'><strong>ubi</strong></span> <span class='ocrx_word' id='word_1_87' title='bbox 978 894 1222 962; x_wconf 78' lang='lat' dir='ltr'><strong>potentiue</strong></span> <span class='ocrx_word' id='word_1_88' title='bbox 1256 892 1491 947; x_wconf 68' lang='lat' dir='ltr'><strong>liberalis</strong></span> <span class='ocrx_word' id='word_1_89' title='bbox 1521 894 1787 949; x_wconf 88' lang='lat' dir='ltr'><strong>sententia</strong></span> <span class='ocrx_word' id='word_1_90' title='bbox 1832 894 2132 964; x_wconf 88' lang='lat' dir='ltr'><strong>promulga—</strong></span> <span class='ocrx_word' id='word_1_91' title='bbox 2244 902 2425 947; x_wconf 86' lang='lat' dir='ltr'><strong>nostra</strong></span> <span class='ocrx_word' id='word_1_92' title='bbox 2470 893 2777 961; x_wconf 79' lang='lat' dir='ltr'><strong>cognitione</strong></span> <span class='ocrx_word' id='word_1_93' title='bbox 2823 892 3030 961; x_wconf 89' lang='lat' dir='ltr'><strong>prolata</strong></span> <span class='ocrx_word' id='word_1_94' title='bbox 3099 902 3226 945; x_wconf 66' lang='lat' dir='ltr'><strong>sint</strong></span> <span class='ocrx_word' id='word_1_95' title='bbox 3285 894 3498 963; x_wconf 76' lang='lat' dir='ltr'><strong>gloriosi</strong></span> <span class='ocrx_word' id='word_1_96' title='bbox 3561 899 3763 969; x_wconf 88' lang='lat' dir='ltr'><strong>principis</strong></span> 
     </span>
    </p>
   </div>
   <div class='ocr_carea' id='block_1_9' title="bbox 558 983 3764 1060">
    <p class='ocr_par' dir='ltr' id='par_1_9' title="bbox 558 983 3764 1060">
     <span class='ocr_line' id='line_1_9' title="bbox 558 983 3764 1060; baseline 0.002 -21"><span class='ocrx_word' id='word_1_97' title='bbox 558 992 666 1039; x_wconf 89' lang='lat' dir='ltr'><strong>tur.</strong></span> <span class='ocrx_word' id='word_1_98' title='bbox 701 985 917 1039; x_wconf 84' lang='lat' dir='ltr'><strong>Frustra</strong></span> <span class='ocrx_word' id='word_1_99' title='bbox 944 984 1099 1053; x_wconf 78' lang='lat' dir='ltr'><strong>ig&#39;tur</strong></span> <span class='ocrx_word' id='word_1_100' title='bbox 1125 984 1282 1038; x_wconf 77' lang='lat' dir='ltr'><strong>Arius</strong></span> <span class='ocrx_word' id='word_1_101' title='bbox 1304 983 1513 1037; x_wconf 81' lang='lat' dir='ltr'><strong>videtur</strong></span> <span class='ocrx_word' id='word_1_102' title='bbox 1539 983 1607 1038; x_wconf 84' lang='lat' dir='ltr'><strong>de</strong></span> <span class='ocrx_word' id='word_1_103' title='bbox 1635 992 1820 1038; x_wconf 92' lang='lat' dir='ltr'><strong>nostro</strong></span> <span class='ocrx_word' id='word_1_104' title='bbox 1841 983 2044 1052; x_wconf 90' lang='lat' dir='ltr'><strong>judicio</strong></span> <span class='ocrx_word' id='word_1_105' title='bbox 2065 986 2131 1036; x_wconf 91' lang='lat' dir='ltr'><strong>ad</strong></span> <span class='ocrx_word' id='word_1_106' title='bbox 2242 986 2487 1040; x_wconf 89' lang='lat' dir='ltr'><strong>sensibus</strong></span> <span class='ocrx_word' id='word_1_107' title='bbox 2541 986 2819 1049; x_wconf 89' lang='lat' dir='ltr'><strong>intimare;</strong></span> <span class='ocrx_word' id='word_1_108' title='bbox 2873 993 2930 1038; x_wconf 92' lang='lat' dir='ltr'><strong>nt</strong></span> <span class='ocrx_word' id='word_1_109' title='bbox 2982 984 3235 1040; x_wconf 71' lang='lat' dir='ltr'><strong>falsidicis</strong></span> <span class='ocrx_word' id='word_1_110' title='bbox 3283 988 3583 1058; x_wconf 75' lang='lat' dir='ltr'><strong>ambagibus</strong></span> <span class='ocrx_word' id='word_1_111' title='bbox 3618 994 3764 1060; x_wconf 85' lang='lat' dir='ltr'><strong>procul</strong></span> 
     </span>
    </p>
   </div>
   <div class='ocr_carea' id='block_1_10' title="bbox 557 1074 3763 1149">
    <p class='ocr_par' dir='ltr' id='par_1_10' title="bbox 557 1074 3763 1149">
     <span class='ocr_line' id='line_1_10' title="bbox 557 1074 3763 1149; baseline 0.002 -20"><span class='ocrx_word' id='word_1_112' title='bbox 557 1076 813 1145; x_wconf 85' lang='lat' dir='ltr'><strong>principis</strong></span> <span class='ocrx_word' id='word_1_113' title='bbox 844 1076 1111 1145; x_wconf 88' lang='lat' dir='ltr'><strong>appellare</strong></span> <span class='ocrx_word' id='word_1_114' title='bbox 1142 1090 1420 1143; x_wconf 81' lang='lat' dir='ltr'><strong>personam</strong></span> <span class='ocrx_word' id='word_1_115' title='bbox 1445 1115 1463 1141; x_wconf 83' lang='lat'><strong>,</strong></span> <span class='ocrx_word' id='word_1_116' title='bbox 1490 1088 1610 1128; x_wconf 89' lang='lat' dir='ltr'><strong>cum</strong></span> <span class='ocrx_word' id='word_1_117' title='bbox 1643 1074 1693 1128; x_wconf 93' lang='lat' dir='ltr'><strong>in</strong></span> <span class='ocrx_word' id='word_1_118' title='bbox 1726 1074 1974 1129; x_wconf 90' lang='lat' dir='ltr'><strong>conﬂictu</strong></span> <span class='ocrx_word' id='word_1_119' title='bbox 2014 1089 2132 1129; x_wconf 93' lang='lat' dir='ltr'><strong>cer-</strong></span> <span class='ocrx_word' id='word_1_120' title='bbox 2244 1080 2466 1141; x_wconf 82' lang='lat' dir='ltr'><strong>amotis,</strong></span> <span class='ocrx_word' id='word_1_121' title='bbox 2498 1075 2563 1129; x_wconf 92' lang='lat' dir='ltr'><strong>ad</strong></span> <span class='ocrx_word' id='word_1_122' title='bbox 2606 1076 2840 1130; x_wconf 66' lang='lat' dir='ltr'><strong>victoriae</strong></span> <span class='ocrx_word' id='word_1_123' title='bbox 2871 1075 3103 1144; x_wconf 84' lang='lat' dir='ltr'><strong>palmam</strong></span> <span class='ocrx_word' id='word_1_124' title='bbox 3148 1078 3466 1133; x_wconf 85' lang='lat' dir='ltr'><strong>Athanasius</strong></span> <span class='ocrx_word' id='word_1_125' title='bbox 3504 1096 3633 1149; x_wconf 72' lang='lat' dir='ltr'><strong>pnrte</strong></span> <span class='ocrx_word' id='word_1_126' title='bbox 3674 1082 3763 1137; x_wconf 78' lang='lat' dir='ltr'><strong>fidei</strong></span> 
     </span>
    </p>
   </div>
   <div class='ocr_carea' id='block_1_11' title="bbox 559 1165 3009 1240">
    <p class='ocr_par' dir='ltr' id='par_1_11' title="bbox 559 1165 3009 1240">
     <span class='ocr_line' id='line_1_11' title="bbox 559 1165 3009 1240; baseline 0 -20"><span class='ocrx_word' id='word_1_127' title='bbox 559 1168 770 1223; x_wconf 85' lang='lat' dir='ltr'><strong>laminis</strong></span> <span class='ocrx_word' id='word_1_128' title='bbox 822 1169 949 1222; x_wconf 86' lang='lat' dir='ltr'><strong>nihil</strong></span> <span class='ocrx_word' id='word_1_129' title='bbox 979 1167 1259 1221; x_wconf 87' lang='lat' dir='ltr'><strong>adversum</strong></span> <span class='ocrx_word' id='word_1_130' title='bbox 1291 1181 1348 1221; x_wconf 90' lang='lat' dir='ltr'><strong>se</strong></span> <span class='ocrx_word' id='word_1_131' title='bbox 1376 1165 1605 1221; x_wconf 87' lang='lat' dir='ltr'><strong>senserit</strong></span> <span class='ocrx_word' id='word_1_132' title='bbox 1635 1166 1908 1234; x_wconf 79' lang='lat' dir='ltr'><strong>pravitatis</strong></span> <span class='ocrx_word' id='word_1_133' title='bbox 1935 1207 1949 1231; x_wconf 92' lang='lat'><strong>,</strong></span> <span class='ocrx_word' id='word_1_134' title='bbox 1980 1182 2133 1236; x_wconf 83' lang='lat' dir='ltr'><strong>quem</strong></span> <span class='ocrx_word' id='word_1_135' title='bbox 2245 1177 2482 1222; x_wconf 83' lang='lat' dir='ltr'><strong>assertor</strong></span> <span class='ocrx_word' id='word_1_136' title='bbox 2512 1167 2681 1240; x_wconf 79' lang='lat' dir='ltr'><strong>valeat</strong></span> <span class='ocrx_word' id='word_1_137' title='bbox 2712 1167 3009 1235; x_wconf 85' lang='lat' dir='ltr'><strong>pervenire.</strong></span> 
     </span>
    </p>
   </div>
   <div class='ocr_carea' id='block_1_12' title="bbox 562 1258 2137 1328">
    <p class='ocr_par' dir='ltr' id='par_1_12' title="bbox 562 1258 2137 1328">
     <span class='ocr_line' id='line_1_12' title="bbox 562 1258 2137 1328; baseline -0.003 -12"><span class='ocrx_word' id='word_1_138' title='bbox 562 1270 772 1316; x_wconf 85' lang='lat' dir='ltr'><strong>cnnstat</strong></span> <span class='ocrx_word' id='word_1_139' title='bbox 809 1260 1017 1314; x_wconf 83' lang='lat' dir='ltr'><strong>Athana</strong></span> <span class='ocrx_word' id='word_1_140' title='bbox 1050 1260 1159 1313; x_wconf 78' lang='lat' dir='ltr'><strong>ium</strong></span> <span class='ocrx_word' id='word_1_141' title='bbox 1215 1259 1281 1311; x_wconf 87' lang='lat' dir='ltr'><strong>ab</strong></span> <span class='ocrx_word' id='word_1_142' title='bbox 1322 1260 1586 1312; x_wconf 88' lang='lat' dir='ltr'><strong>homonsii</strong></span> <span class='ocrx_word' id='word_1_143' title='bbox 1636 1258 1946 1313; x_wconf 85' lang='lat' dir='ltr'><strong>defensione</strong></span> <span class='ocrx_word' id='word_1_144' title='bbox 1976 1260 2137 1328; x_wconf 64' lang='lat' dir='ltr'><strong>(quinti</strong></span> 
     </span>
    </p>
   </div>
   <div class='ocr_carea' id='block_1_13' title="bbox 565 1387 3742 1440">
    <p class='ocr_par' dir='ltr' id='par_1_13' title="bbox 565 1387 3742 1440">
     <span class='ocr_line' id='line_1_13' title="bbox 565 1387 3742 1440; baseline -0.002 -6"><span class='ocrx_word' id='word_1_145' title='bbox 565 1387 3742 1440; x_wconf 34' lang='grc' dir='ltr'>ψ</span> 
     </span>
    </p>
   </div>
   <div class='ocr_carea' id='block_1_14' title="bbox 1298 1535 3073 1703">
    <p class='ocr_par' dir='ltr' id='par_1_14' title="bbox 1298 1535 3073 1703">
     <span class='ocr_line' id='line_1_14' title="bbox 1298 1535 3073 1703; baseline -0.001 -54"><span class='ocrx_word' id='word_1_146' title='bbox 1298 1538 1974 1703; x_wconf 65' lang='lat' dir='ltr'><strong>manu</strong></span> <span class='ocrx_word' id='word_1_147' title='bbox 2073 1535 3073 1649; x_wconf 75' lang='lat' dir='ltr'><strong>TAPSENSIS</strong></span> 
     </span>
    </p>
   </div>
   <div class='ocr_carea' id='block_1_15' title="bbox 736 1726 3491 1869">
    <p class='ocr_par' dir='ltr' id='par_1_15' title="bbox 736 1726 3491 1869">
     <span class='ocr_line' id='line_1_15' title="bbox 736 1726 3491 1869; baseline 0.001 -30"><span class='ocrx_word' id='word_1_148' title='bbox 736 1755 811 1808; x_wconf 65' lang='grc' dir='ltr'><strong>τλ</strong></span> <span class='ocrx_word' id='word_1_149' title='bbox 877 1727 1444 1841; x_wconf 84' lang='lat' dir='ltr'><strong>CONTRA</strong></span> <span class='ocrx_word' id='word_1_150' title='bbox 1527 1726 2179 1869; x_wconf 82' lang='lat' dir='ltr'><strong>ARIANOS,</strong></span> <span class='ocrx_word' id='word_1_151' title='bbox 2273 1727 2654 1869; x_wconf 84' lang='lat' dir='ltr'><strong>ETC.,</strong></span> <span class='ocrx_word' id='word_1_152' title='bbox 2752 1729 3491 1844; x_wconf 81' lang='lat' dir='ltr'><strong>DIALOGUS.</strong></span> 
     </span>
    </p>
   </div>
   <div class='ocr_carea' id='block_1_16' title="bbox 676 1930 2252 1997">
    <p class='ocr_par' dir='ltr' id='par_1_16' title="bbox 676 1930 2252 1997">
     <span class='ocr_line' id='line_1_16' title="bbox 676 1930 2252 1997; baseline 0 -18"><span class='ocrx_word' id='word_1_153' title='bbox 676 1930 1097 1979; x_wconf 61' lang='lat' dir='ltr'><strong>annuum</strong></span> <span class='ocrx_word' id='word_1_154' title='bbox 1113 1961 1140 1994; x_wconf 87' lang='lat'><strong>,</strong></span> <span class='ocrx_word' id='word_1_155' title='bbox 1173 1930 1391 1995; x_wconf 70' lang='lat' dir='ltr'><strong>Amo,</strong></span> <span class='ocrx_word' id='word_1_156' title='bbox 1420 1930 1821 1995; x_wconf 59' lang='lat' dir='ltr'><strong>sesamo,</strong></span> <span class='ocrx_word' id='word_1_157' title='bbox 1848 1930 2208 1997; x_wconf 69' lang='lat' dir='ltr'><strong>pno&#39;rmo,</strong></span> <span class='ocrx_word' id='word_1_158' title='bbox 2237 1932 2252 1979; x_wconf 87' lang='grc' dir='ltr'><strong>ι</strong></span> 
     </span>
    </p>
   </div>
   <div class='ocr_carea' id='block_1_17' title="bbox 2103 1930 3679 1997">
    <p class='ocr_par' dir='ltr' id='par_1_17' title="bbox 2103 1930 3679 1997">
     <span class='ocr_line' id='line_1_17' title="bbox 2103 1930 3679 1997; baseline 0.002 -19"><span class='ocrx_word' id='word_1_159' title='bbox 2103 1930 2208 1997; x_wconf 78' lang='lat' dir='ltr'><strong>l0,</strong></span> <span class='ocrx_word' id='word_1_160' title='bbox 2237 1932 2329 1979; x_wconf 72' lang='grc' dir='ltr'><strong>ΕΤ</strong></span> <span class='ocrx_word' id='word_1_161' title='bbox 2366 1932 2612 1981; x_wconf 72' lang='grc' dir='ltr'><strong>Ριιοεο</strong></span> <span class='ocrx_word' id='word_1_162' title='bbox 2648 1933 2905 1982; x_wconf 71' lang='grc' dir='ltr'><strong>ιυυισε</strong></span> <span class='ocrx_word' id='word_1_163' title='bbox 2945 1934 3679 1984; x_wconf 60' lang='grc' dir='ltr'><strong>ικηιιιιοουτοωιιυει</strong></span> 
     </span>
    </p>
   </div>
   <div class='ocr_carea' id='block_1_18' title="bbox 1399 2185 2961 2266">
    <p class='ocr_par' dir='ltr' id='par_1_18' title="bbox 1399 2185 2961 2266">
     <span class='ocr_line' id='line_1_18' title="bbox 1399 2185 2961 2266; baseline 0.003 -7"><span class='ocrx_word' id='word_1_164' title='bbox 1399 2185 1913 2262; x_wconf 59' lang='grc' dir='ltr'><strong>ΡΒΙΕΓΑΤΙΟ</strong></span> <span class='ocrx_word' id='word_1_165' title='bbox 1988 2187 2386 2263; x_wconf 83' lang='lat' dir='ltr'><strong>INCERTI</strong></span> <span class='ocrx_word' id='word_1_166' title='bbox 2440 2189 2961 2266; x_wconf 81' lang='lat' dir='ltr'><strong>AUCTORIS.</strong></span> 
     </span>
    </p>
   </div>
   <div class='ocr_carea' id='block_1_19' title="bbox 631 2324 3766 2400">
    <p class='ocr_par' dir='ltr' id='par_1_19' title="bbox 631 2324 3766 2400">
     <span class='ocr_line' id='line_1_19' title="bbox 631 2324 3766 2400; baseline -0.001 -17"><span class='ocrx_word' id='word_1_167' title='bbox 631 2331 793 2400; x_wconf 70' lang='lat'><strong>118</strong></span> <span class='ocrx_word' id='word_1_168' title='bbox 825 2326 955 2383; x_wconf 88' lang='lat' dir='ltr'><strong>Cum</strong></span> <span class='ocrx_word' id='word_1_169' title='bbox 999 2330 1050 2382; x_wconf 89' lang='lat' dir='ltr'><strong>in</strong></span> <span class='ocrx_word' id='word_1_170' title='bbox 1098 2341 1286 2381; x_wconf 87' lang='lat' dir='ltr'><strong>manus</strong></span> <span class='ocrx_word' id='word_1_171' title='bbox 1314 2326 1517 2381; x_wconf 86' lang='lat' dir='ltr'><strong>strenui</strong></span> <span class='ocrx_word' id='word_1_172' title='bbox 1558 2326 1799 2386; x_wconf 86' lang='lat' dir='ltr'><strong>lectoris.</strong></span> <span class='ocrx_word' id='word_1_173' title='bbox 1834 2326 2138 2381; x_wconf 85' lang='lat' dir='ltr'><strong>beatissime</strong></span> <span class='ocrx_word' id='word_1_174' title='bbox 2170 2330 2216 2389; x_wconf 85' lang='lat' dir='ltr'><strong>B</strong></span> <span class='ocrx_word' id='word_1_175' title='bbox 2243 2324 2383 2394; x_wconf 86' lang='lat' dir='ltr'><strong>quod</strong></span> <span class='ocrx_word' id='word_1_176' title='bbox 2431 2326 2482 2379; x_wconf 88' lang='lat' dir='ltr'><strong>in</strong></span> <span class='ocrx_word' id='word_1_177' title='bbox 2531 2324 2810 2382; x_wconf 58' lang='lat' dir='ltr'><strong>Chronic-is</strong></span> <span class='ocrx_word' id='word_1_178' title='bbox 2855 2329 2968 2383; x_wconf 64' lang='lat' dir='ltr'><strong>suis</strong></span> <span class='ocrx_word' id='word_1_179' title='bbox 3019 2328 3185 2383; x_wconf 75' lang='lat' dir='ltr'><strong>beata:</strong></span> <span class='ocrx_word' id='word_1_180' title='bbox 3238 2331 3515 2385; x_wconf 64' lang='lat' dir='ltr'><strong>memoriae</strong></span> <span class='ocrx_word' id='word_1_181' title='bbox 3557 2326 3766 2397; x_wconf 86' lang='lat' dir='ltr'><strong>Sulpicius</strong></span> 
     </span>
    </p>
   </div>
   <div class='ocr_carea' id='block_1_20' title="bbox 553 2417 3767 2495">
    <p class='ocr_par' dir='ltr' id='par_1_20' title="bbox 553 2417 3767 2495">
     <span class='ocr_line' id='line_1_20' title="bbox 553 2417 3767 2495; baseline 0.002 -27"><span class='ocrx_word' id='word_1_182' title='bbox 553 2435 686 2489; x_wconf 68' lang='lat' dir='ltr'><strong>papa</strong></span> <span class='ocrx_word' id='word_1_183' title='bbox 709 2420 974 2484; x_wconf 64' lang='lat' dir='ltr'><strong>Mala-me,</strong></span> <span class='ocrx_word' id='word_1_184' title='bbox 1008 2418 1142 2473; x_wconf 90' lang='lat' dir='ltr'><strong>liber</strong></span> <span class='ocrx_word' id='word_1_185' title='bbox 1165 2418 1264 2472; x_wconf 87' lang='lat' dir='ltr'><strong>iste</strong></span> <span class='ocrx_word' id='word_1_186' title='bbox 1292 2432 1320 2471; x_wconf 92' lang='lat' dir='ltr'><strong>a</strong></span> <span class='ocrx_word' id='word_1_187' title='bbox 1346 2417 1608 2471; x_wconf 76' lang='lat' dir='ltr'><strong>catholico</strong></span> <span class='ocrx_word' id='word_1_188' title='bbox 1634 2417 1914 2472; x_wconf 87' lang='lat' dir='ltr'><strong>sacerdote</strong></span> <span class='ocrx_word' id='word_1_189' title='bbox 1939 2425 2139 2486; x_wconf 82' lang='lat' dir='ltr'><strong>etpro-</strong></span> <span class='ocrx_word' id='word_1_190' title='bbox 2242 2424 2473 2479; x_wconf 84' lang='lat' dir='ltr'><strong>Severus</strong></span> <span class='ocrx_word' id='word_1_191' title='bbox 2503 2424 2677 2494; x_wconf 80' lang='lat' dir='ltr'><strong>posuit</strong></span> <span class='ocrx_word' id='word_1_192' title='bbox 2703 2425 2920 2481; x_wconf 85' lang='lat' dir='ltr'><strong>dicens:</strong></span> <span class='ocrx_word' id='word_1_193' title='bbox 2966 2425 3084 2480; x_wconf 84' lang='lat' dir='ltr'><strong>Duo</strong></span> <span class='ocrx_word' id='word_1_194' title='bbox 3122 2426 3229 2479; x_wconf 78' lang='lat' dir='ltr'><strong>Arii</strong></span> <span class='ocrx_word' id='word_1_195' title='bbox 3256 2471 3271 2495; x_wconf 48' lang='grc' dir='ltr'><strong>ν</strong></span> <span class='ocrx_word' id='word_1_196' title='bbox 3302 2436 3540 2495; x_wconf 82' lang='lat' dir='ltr'><strong>tanquam</strong></span> <span class='ocrx_word' id='word_1_197' title='bbox 3575 2426 3661 2477; x_wconf 81' lang='lat' dir='ltr'><strong>duo</strong></span> <span class='ocrx_word' id='word_1_198' title='bbox 3694 2438 3767 2477; x_wconf 75' lang='lat' dir='ltr'><strong>ter-</strong></span> 
     </span>
    </p>
   </div>
   <div class='ocr_carea' id='block_1_21' title="bbox 552 2508 3761 2585">
    <p class='ocr_par' dir='ltr' id='par_1_21' title="bbox 552 2508 3761 2585">
     <span class='ocr_line' id='line_1_21' title="bbox 552 2508 3761 2585; baseline -0.001 -19"><span class='ocrx_word' id='word_1_199' title='bbox 552 2510 841 2567; x_wconf 67' lang='lat' dir='ltr'><strong>batissima:</strong></span> <span class='ocrx_word' id='word_1_200' title='bbox 879 2511 999 2565; x_wconf 68' lang='lat' dir='ltr'><strong>vita:</strong></span> <span class='ocrx_word' id='word_1_201' title='bbox 1053 2510 1210 2565; x_wconf 84' lang='lat' dir='ltr'><strong>beato</strong></span> <span class='ocrx_word' id='word_1_202' title='bbox 1252 2509 1575 2573; x_wconf 85' lang='lat' dir='ltr'><strong>Athanasio,</strong></span> <span class='ocrx_word' id='word_1_203' title='bbox 1623 2517 1807 2562; x_wconf 89' lang='lat' dir='ltr'><strong>contra</strong></span> <span class='ocrx_word' id='word_1_204' title='bbox 1858 2508 2136 2564; x_wconf 61' lang='lat' dir='ltr'><strong>haereticos</strong></span> <span class='ocrx_word' id='word_1_205' title='bbox 2242 2524 2436 2585; x_wconf 69' lang='lat' dir='ltr'><strong>pmice.</strong></span> <span class='ocrx_word' id='word_1_206' title='bbox 2470 2533 2533 2569; x_wconf 78' lang='lat' dir='ltr'><strong>ea:</strong></span> <span class='ocrx_word' id='word_1_207' title='bbox 2560 2532 2662 2569; x_wconf 83' lang='lat' dir='ltr'><strong>uno</strong></span> <span class='ocrx_word' id='word_1_208' title='bbox 2691 2532 2778 2569; x_wconf 80' lang='lat' dir='ltr'><strong>ore</strong></span> <span class='ocrx_word' id='word_1_209' title='bbox 2824 2516 3091 2570; x_wconf 80' lang='lat' dir='ltr'><strong>sibilabant</strong></span> <span class='ocrx_word' id='word_1_210' title='bbox 3115 2533 3134 2570; x_wconf 92' lang='lat'><em>:</em></span> <span class='ocrx_word' id='word_1_211' title='bbox 3163 2517 3295 2571; x_wconf 87' lang='lat' dir='ltr'><strong>duos</strong></span> <span class='ocrx_word' id='word_1_212' title='bbox 3324 2517 3485 2571; x_wconf 84' lang='lat' dir='ltr'><strong>Arios</strong></span> <span class='ocrx_word' id='word_1_213' title='bbox 3512 2516 3658 2569; x_wconf 81' lang='lat' dir='ltr'><strong>fuisse</strong></span> <span class='ocrx_word' id='word_1_214' title='bbox 3686 2513 3761 2566; x_wconf 75' lang='lat' dir='ltr'><strong>evi-</strong></span> 
     </span>
    </p>
   </div>
   <div class='ocr_carea' id='block_1_22' title="bbox 549 2598 3767 2677">
    <p class='ocr_par' dir='ltr' id='par_1_22' title="bbox 549 2598 3767 2677">
     <span class='ocr_line' id='line_1_22' title="bbox 549 2598 3767 2677; baseline -0.001 -22"><span class='ocrx_word' id='word_1_215' title='bbox 549 2602 589 2655; x_wconf 70' lang='grc' dir='ltr'>ὃ</span> <span class='ocrx_word' id='word_1_216' title='bbox 625 2602 865 2667; x_wconf 81' lang='lat' dir='ltr'><strong>bellium,</strong></span> <span class='ocrx_word' id='word_1_217' title='bbox 890 2600 1174 2656; x_wconf 90' lang='lat' dir='ltr'><strong>Photinum</strong></span> <span class='ocrx_word' id='word_1_218' title='bbox 1199 2599 1469 2664; x_wconf 85' lang='lat' dir='ltr'><strong>etArium,</strong></span> <span class='ocrx_word' id='word_1_219' title='bbox 1491 2598 1788 2665; x_wconf 67' lang='lat' dir='ltr'><strong>t’isputatus</strong></span> <span class='ocrx_word' id='word_1_220' title='bbox 1813 2599 2133 2667; x_wconf 87' lang='lat' dir='ltr'><strong>pervenerit,</strong></span> <span class='ocrx_word' id='word_1_221' title='bbox 2244 2606 2434 2660; x_wconf 78' lang='lat' dir='ltr'><strong>denter</strong></span> <span class='ocrx_word' id='word_1_222' title='bbox 2460 2608 2708 2677; x_wconf 79' lang='lat' dir='ltr'><strong>reperiet.</strong></span> <span class='ocrx_word' id='word_1_223' title='bbox 2744 2606 2896 2662; x_wconf 90' lang='lat' dir='ltr'><strong>Unde</strong></span> <span class='ocrx_word' id='word_1_224' title='bbox 2938 2607 3271 2675; x_wconf 78' lang='lat' dir='ltr'><strong>intelligitur,</strong></span> <span class='ocrx_word' id='word_1_225' title='bbox 3306 2618 3401 2662; x_wconf 89' lang='lat' dir='ltr'><strong>aut</strong></span> <span class='ocrx_word' id='word_1_226' title='bbox 3426 2621 3545 2662; x_wconf 92' lang='lat' dir='ltr'><strong>cum</strong></span> <span class='ocrx_word' id='word_1_227' title='bbox 3574 2604 3680 2659; x_wconf 72' lang='lat' dir='ltr'><strong>Ario</strong></span> <span class='ocrx_word' id='word_1_228' title='bbox 3706 2616 3767 2655; x_wconf 85' lang='lat' dir='ltr'><strong>su-</strong></span> 
     </span>
    </p>
   </div>
   <div class='ocr_carea' id='block_1_23' title="bbox 551 2689 3766 2769">
    <p class='ocr_par' dir='ltr' id='par_1_23' title="bbox 551 2689 3766 2769">
     <span class='ocr_line' id='line_1_23' title="bbox 551 2689 3766 2769; baseline -0.002 -24"><span class='ocrx_word' id='word_1_229' title='bbox 551 2691 703 2747; x_wconf 88' lang='lat' dir='ltr'><strong>illico</strong></span> <span class='ocrx_word' id='word_1_230' title='bbox 729 2691 1073 2762; x_wconf 88' lang='lat' dir='ltr'><strong>respondebit</strong></span> <span class='ocrx_word' id='word_1_231' title='bbox 1103 2710 1117 2745; x_wconf 90' lang='lat'><strong>:</strong></span> <span class='ocrx_word' id='word_1_232' title='bbox 1148 2690 1215 2745; x_wconf 80' lang='lat' dir='ltr'><strong>Et</strong></span> <span class='ocrx_word' id='word_1_233' title='bbox 1257 2690 1525 2759; x_wconf 87' lang='lat' dir='ltr'><strong>quomodo</strong></span> <span class='ocrx_word' id='word_1_234' title='bbox 1568 2689 1683 2744; x_wconf 79' lang='lat' dir='ltr'><strong>fieri</strong></span> <span class='ocrx_word' id='word_1_235' title='bbox 1726 2697 1897 2758; x_wconf 86' lang='lat' dir='ltr'><strong>potest</strong></span> <span class='ocrx_word' id='word_1_236' title='bbox 1929 2700 1987 2744; x_wconf 91' lang='lat' dir='ltr'><strong>ut</strong></span> <span class='ocrx_word' id='word_1_237' title='bbox 2016 2705 2135 2746; x_wconf 91' lang='lat' dir='ltr'><strong>cum</strong></span> <span class='ocrx_word' id='word_1_238' title='bbox 2246 2700 2487 2767; x_wconf 84' lang='lat' dir='ltr'><strong>perstite,</strong></span> <span class='ocrx_word' id='word_1_239' title='bbox 2521 2714 2625 2752; x_wconf 91' lang='lat' dir='ltr'><strong>non</strong></span> <span class='ocrx_word' id='word_1_240' title='bbox 2654 2712 2775 2753; x_wconf 90' lang='lat' dir='ltr'><strong>cum</strong></span> <span class='ocrx_word' id='word_1_241' title='bbox 2805 2698 2894 2753; x_wconf 92' lang='lat' dir='ltr'><strong>illo</strong></span> <span class='ocrx_word' id='word_1_242' title='bbox 2923 2700 3014 2769; x_wconf 92' lang='lat' dir='ltr'><strong>qui</strong></span> <span class='ocrx_word' id='word_1_243' title='bbox 3046 2698 3197 2753; x_wconf 92' lang='lat' dir='ltr'><strong>fusus</strong></span> <span class='ocrx_word' id='word_1_244' title='bbox 3222 2707 3335 2765; x_wconf 92' lang='lat' dir='ltr'><strong>est,</strong></span> <span class='ocrx_word' id='word_1_245' title='bbox 3381 2708 3474 2752; x_wconf 91' lang='lat' dir='ltr'><strong>aut</strong></span> <span class='ocrx_word' id='word_1_246' title='bbox 3504 2712 3612 2751; x_wconf 90' lang='lat' dir='ltr'><strong>cum</strong></span> <span class='ocrx_word' id='word_1_247' title='bbox 3638 2693 3766 2759; x_wconf 84' lang='lat' dir='ltr'><strong>aliquo</strong></span> 
     </span>
    </p>
   </div>
   <div class='ocr_carea' id='block_1_24' title="bbox 552 2780 3766 2852">
    <p class='ocr_par' dir='ltr' id='par_1_24' title="bbox 552 2780 3766 2852">
     <span class='ocr_line' id='line_1_24' title="bbox 552 2780 3766 2852; baseline -0.001 -15"><span class='ocrx_word' id='word_1_248' title='bbox 552 2795 742 2839; x_wconf 81' lang='lat' dir='ltr'><strong>sancto</strong></span> <span class='ocrx_word' id='word_1_249' title='bbox 764 2784 1057 2838; x_wconf 77' lang='lat' dir='ltr'><strong>Athanasio</strong></span> <span class='ocrx_word' id='word_1_250' title='bbox 1086 2795 1394 2838; x_wconf 75' lang='lat' dir='ltr'><strong>successore</strong></span> <span class='ocrx_word' id='word_1_251' title='bbox 1421 2782 1556 2836; x_wconf 85' lang='lat' dir='ltr'><strong>beati</strong></span> <span class='ocrx_word' id='word_1_252' title='bbox 1582 2780 1874 2836; x_wconf 75' lang='lat' dir='ltr'><strong>Alexandri</strong></span> <span class='ocrx_word' id='word_1_253' title='bbox 1896 2780 2137 2852; x_wconf 86' lang='lat' dir='ltr'><strong>episc0pi</strong></span> <span class='ocrx_word' id='word_1_254' title='bbox 2246 2790 2575 2844; x_wconf 63' lang='lat' dir='ltr'><strong>Arionianiia</strong></span> <span class='ocrx_word' id='word_1_255' title='bbox 2638 2797 2879 2844; x_wconf 71' lang='lat' dir='ltr'><strong>sanctum</strong></span> <span class='ocrx_word' id='word_1_256' title='bbox 2946 2790 3296 2844; x_wconf 66' lang='lat' dir='ltr'><strong>Athanasium</strong></span> <span class='ocrx_word' id='word_1_257' title='bbox 3348 2790 3591 2844; x_wconf 73' lang='lat' dir='ltr'><strong>habuisse</strong></span> <span class='ocrx_word' id='word_1_258' title='bbox 3629 2783 3766 2839; x_wconf 81' lang='lat' dir='ltr'><strong>confli-</strong></span> 
     </span>
    </p>
   </div>
   <div class='ocr_carea' id='block_1_25' title="bbox 552 2872 3767 2951">
    <p class='ocr_par' dir='ltr' id='par_1_25' title="bbox 552 2872 3767 2951">
     <span class='ocr_line' id='line_1_25' title="bbox 552 2872 3767 2951; baseline -0.002 -21"><span class='ocrx_word' id='word_1_259' title='bbox 552 2877 803 2931; x_wconf 84' lang='lat' dir='ltr'><strong>h’abuerit</strong></span> <span class='ocrx_word' id='word_1_260' title='bbox 841 2874 1001 2931; x_wconf 78' lang='lat' dir='ltr'><strong>Arius</strong></span> <span class='ocrx_word' id='word_1_261' title='bbox 1031 2876 1334 2930; x_wconf 86' lang='lat' dir='ltr'><strong>conﬂictum</strong></span> <span class='ocrx_word' id='word_1_262' title='bbox 1356 2914 1372 2939; x_wconf 91' lang='lat'><strong>,</strong></span> <span class='ocrx_word' id='word_1_263' title='bbox 1412 2889 1532 2927; x_wconf 87' lang='lat' dir='ltr'><strong>cum</strong></span> <span class='ocrx_word' id='word_1_264' title='bbox 1564 2881 1774 2927; x_wconf 87' lang='lat' dir='ltr'><strong>constet</strong></span> <span class='ocrx_word' id='word_1_265' title='bbox 1804 2888 1957 2938; x_wconf 89' lang='lat' dir='ltr'><strong>eum,</strong></span> <span class='ocrx_word' id='word_1_266' title='bbox 1999 2872 2138 2928; x_wconf 84' lang='lat' dir='ltr'><strong>sicut</strong></span> <span class='ocrx_word' id='word_1_267' title='bbox 2248 2892 2411 2936; x_wconf 75' lang='lat' dir='ltr'><strong>ctum,</strong></span> <span class='ocrx_word' id='word_1_268' title='bbox 2444 2877 2777 2951; x_wconf 66' lang='lat' dir='ltr'><strong>Quapi&#39;ople&#39;r</strong></span> <span class='ocrx_word' id='word_1_269' title='bbox 2802 2891 3011 2951; x_wconf 82' lang='lat' dir='ltr'><strong>oportet</strong></span> <span class='ocrx_word' id='word_1_270' title='bbox 3042 2892 3099 2937; x_wconf 90' lang='lat' dir='ltr'><strong>ut</strong></span> <span class='ocrx_word' id='word_1_271' title='bbox 3130 2883 3265 2947; x_wconf 72' lang='lat' dir='ltr'><strong>lucc,</strong></span> <span class='ocrx_word' id='word_1_272' title='bbox 3305 2897 3446 2951; x_wconf 86' lang='lat' dir='ltr'><strong>opus</strong></span> <span class='ocrx_word' id='word_1_273' title='bbox 3474 2890 3530 2935; x_wconf 94' lang='lat' dir='ltr'><strong>ut</strong></span> <span class='ocrx_word' id='word_1_274' title='bbox 3555 2878 3767 2933; x_wconf 81' lang='lat' dir='ltr'><strong>credimus</strong></span> 
     </span>
    </p>
   </div>
   <div class='ocr_carea' id='block_1_26' title="bbox 554 2964 3771 3045">
    <p class='ocr_par' dir='ltr' id='par_1_26' title="bbox 554 2964 3771 3045">
     <span class='ocr_line' id='line_1_26' title="bbox 554 2964 3771 3045; baseline -0.001 -24"><span class='ocrx_word' id='word_1_275' title='bbox 554 2968 610 3021; x_wconf 91' lang='lat' dir='ltr'><strong>in</strong></span> <span class='ocrx_word' id='word_1_276' title='bbox 636 2968 993 3024; x_wconf 88' lang='lat' dir='ltr'><strong>ecclesiastica</strong></span> <span class='ocrx_word' id='word_1_277' title='bbox 1028 2967 1257 3023; x_wconf 73' lang='lat' dir='ltr'><strong>Historia</strong></span> <span class='ocrx_word' id='word_1_278' title='bbox 1289 2966 1500 3035; x_wconf 81' lang='lat' dir='ltr'><strong>legitur,</strong></span> <span class='ocrx_word' id='word_1_279' title='bbox 1535 2964 1840 3032; x_wconf 87' lang='lat' dir='ltr'><strong>turpissima</strong></span> <span class='ocrx_word' id='word_1_280' title='bbox 1868 2974 2058 3031; x_wconf 88' lang='lat' dir='ltr'><strong>morte,</strong></span> <span class='ocrx_word' id='word_1_281' title='bbox 2084 2964 2134 3019; x_wconf 94' lang='lat' dir='ltr'><strong>id</strong></span> <span class='ocrx_word' id='word_1_282' title='bbox 2244 2990 2272 3028; x_wconf 65' lang='grc' dir='ltr'>ε</span> <span class='ocrx_word' id='word_1_283' title='bbox 2308 2975 2414 3030; x_wconf 77' lang='lat' dir='ltr'><strong>Deo</strong></span> <span class='ocrx_word' id='word_1_284' title='bbox 2445 2976 2719 3045; x_wconf 82' lang='lat' dir='ltr'><strong>impletum</strong></span> <span class='ocrx_word' id='word_1_285' title='bbox 2740 3018 2755 3037; x_wconf 87' lang='lat'><strong>,</strong></span> <span class='ocrx_word' id='word_1_286' title='bbox 2787 2991 2817 3030; x_wconf 85' lang='lat' dir='ltr'><strong>a</strong></span> <span class='ocrx_word' id='word_1_287' title='bbox 2863 2976 3143 3030; x_wconf 85' lang='lat' dir='ltr'><strong>catholicis</strong></span> <span class='ocrx_word' id='word_1_288' title='bbox 3167 2977 3364 3045; x_wconf 62' lang='lat' dir='ltr'><strong>sapius</strong></span> <span class='ocrx_word' id='word_1_289' title='bbox 3411 2974 3702 3043; x_wconf 83' lang='lat' dir='ltr'><strong>relegantur,</strong></span> <span class='ocrx_word' id='word_1_290' title='bbox 3730 2973 3771 3017; x_wconf 90' lang='lat' dir='ltr'><strong>ut</strong></span> 
     </span>
    </p>
   </div>
   <div class='ocr_carea' id='block_1_27' title="bbox 553 3055 3767 3137">
    <p class='ocr_par' dir='ltr' id='par_1_27' title="bbox 553 3055 3767 3137">
     <span class='ocr_line' id='line_1_27' title="bbox 553 3055 3767 3137; baseline -0.001 -26"><span class='ocrx_word' id='word_1_291' title='bbox 553 3070 657 3126; x_wconf 70' lang='lat' dir='ltr'><strong>est,</strong></span> <span class='ocrx_word' id='word_1_292' title='bbox 690 3061 935 3127; x_wconf 79' lang='lat' dir='ltr'><strong>exemplo</strong></span> <span class='ocrx_word' id='word_1_293' title='bbox 984 3060 1134 3114; x_wconf 81' lang='lat' dir='ltr'><strong>.lud:c</strong></span> <span class='ocrx_word' id='word_1_294' title='bbox 1189 3058 1463 3113; x_wconf 87' lang='lat' dir='ltr'><strong>traditoris</strong></span> <span class='ocrx_word' id='word_1_295' title='bbox 1528 3055 1735 3110; x_wconf 90' lang='lat' dir='ltr'><strong>Domini</strong></span> <span class='ocrx_word' id='word_1_296' title='bbox 1794 3058 1959 3111; x_wconf 91' lang='lat' dir='ltr'><strong>nostri</strong></span> <span class='ocrx_word' id='word_1_297' title='bbox 2011 3057 2134 3113; x_wconf 87' lang='lat' dir='ltr'><strong>Jesu</strong></span> <span class='ocrx_word' id='word_1_298' title='bbox 2244 3076 2570 3137; x_wconf 79' lang='lat' dir='ltr'><strong>cognoscant</strong></span> <span class='ocrx_word' id='word_1_299' title='bbox 2614 3066 2839 3136; x_wconf 89' lang='lat' dir='ltr'><strong>qualiter</strong></span> <span class='ocrx_word' id='word_1_300' title='bbox 2880 3067 3252 3122; x_wconf 65' lang='lat' dir='ltr'><strong>hazretleorum</strong></span> <span class='ocrx_word' id='word_1_301' title='bbox 3294 3066 3507 3135; x_wconf 84' lang='lat' dir='ltr'><strong>possint</strong></span> <span class='ocrx_word' id='word_1_302' title='bbox 3546 3067 3689 3117; x_wconf 79' lang='lat' dir='ltr'><strong>vitare</strong></span> <span class='ocrx_word' id='word_1_303' title='bbox 3708 3071 3767 3109; x_wconf 86' lang='lat' dir='ltr'><strong>ve-</strong></span> 
     </span>
    </p>
   </div>
   <div class='ocr_carea' id='block_1_28' title="bbox 553 3147 3770 3230">
    <p class='ocr_par' dir='ltr' id='par_1_28' title="bbox 553 3147 3770 3230">
     <span class='ocr_line' id='line_1_28' title="bbox 553 3147 3770 3230; baseline -0.001 -24"><span class='ocrx_word' id='word_1_304' title='bbox 553 3150 785 3219; x_wconf 87' lang='lat' dir='ltr'><strong>Christi-,</strong></span> <span class='ocrx_word' id='word_1_305' title='bbox 817 3154 979 3207; x_wconf 83' lang='lat' dir='ltr'><strong>fuisse</strong></span> <span class='ocrx_word' id='word_1_306' title='bbox 1012 3153 1185 3206; x_wconf 89' lang='lat' dir='ltr'><strong>fusum</strong></span> <span class='ocrx_word' id='word_1_307' title='bbox 1214 3166 1227 3204; x_wconf 92' lang='lat'>:</span> <span class='ocrx_word' id='word_1_308' title='bbox 1262 3158 1317 3204; x_wconf 93' lang='lat' dir='ltr'><strong>ut</strong></span> <span class='ocrx_word' id='word_1_309' title='bbox 1355 3147 1496 3219; x_wconf 91' lang='lat' dir='ltr'><strong>quod</strong></span> <span class='ocrx_word' id='word_1_310' title='bbox 1531 3147 1689 3202; x_wconf 91' lang='lat' dir='ltr'><strong>fetida</strong></span> <span class='ocrx_word' id='word_1_311' title='bbox 1740 3158 1918 3203; x_wconf 83' lang='lat' dir='ltr'><strong>mente</strong></span> <span class='ocrx_word' id='word_1_312' title='bbox 1947 3163 2147 3206; x_wconf 78' lang='lat' dir='ltr'><strong>conce-</strong></span> <span class='ocrx_word' id='word_1_313' title='bbox 2248 3174 2411 3225; x_wconf 75' lang='lat' dir='ltr'><strong>nona,</strong></span> <span class='ocrx_word' id='word_1_314' title='bbox 2441 3168 2495 3213; x_wconf 86' lang='lat' dir='ltr'><strong>et</strong></span> <span class='ocrx_word' id='word_1_315' title='bbox 2537 3158 2693 3214; x_wconf 81' lang='lat' dir='ltr'><strong>fidem</strong></span> <span class='ocrx_word' id='word_1_316' title='bbox 2735 3174 2883 3214; x_wconf 78' lang='lat' dir='ltr'><strong>suam</strong></span> <span class='ocrx_word' id='word_1_317' title='bbox 2925 3161 3126 3230; x_wconf 85' lang='lat' dir='ltr'><strong>absque</strong></span> <span class='ocrx_word' id='word_1_318' title='bbox 3167 3159 3271 3215; x_wconf 83' lang='lat' dir='ltr'><strong>ulla</strong></span> <span class='ocrx_word' id='word_1_319' title='bbox 3310 3158 3636 3214; x_wconf 61' lang='lat' dir='ltr'><strong>haes‘tatione</strong></span> <span class='ocrx_word' id='word_1_320' title='bbox 3669 3152 3770 3223; x_wconf 74' lang='lat' dir='ltr'><strong>(Deo</strong></span> 
     </span>
    </p>
   </div>
   <div class='ocr_carea' id='block_1_29' title="bbox 555 3240 3123 3321">
    <p class='ocr_par' dir='ltr' id='par_1_29' title="bbox 555 3240 3123 3321">
     <span class='ocr_line' id='line_1_29' title="bbox 555 3240 3123 3321; baseline 0.004 -22"><span class='ocrx_word' id='word_1_321' title='bbox 555 3253 744 3314; x_wconf 74' lang='lat' dir='ltr'><strong>p‘crat,</strong></span> <span class='ocrx_word' id='word_1_322' title='bbox 792 3244 955 3300; x_wconf 83' lang='lat' dir='ltr'><strong>fetido</strong></span> <span class='ocrx_word' id='word_1_323' title='bbox 994 3244 1302 3299; x_wconf 81' lang='lat' dir='ltr'><strong>terminaret</strong></span> <span class='ocrx_word' id='word_1_324' title='bbox 1347 3242 1467 3295; x_wconf 82' lang='lat' dir='ltr'><strong>fine.</strong></span> <span class='ocrx_word' id='word_1_325' title='bbox 1501 3240 1610 3295; x_wconf 87' lang='lat' dir='ltr'><strong>Sed</strong></span> <span class='ocrx_word' id='word_1_326' title='bbox 1652 3241 1694 3294; x_wconf 91' lang='lat' dir='ltr'><strong>si</strong></span> <span class='ocrx_word' id='word_1_327' title='bbox 1742 3240 1873 3293; x_wconf 89' lang='lat' dir='ltr'><strong>illud</strong></span> <span class='ocrx_word' id='word_1_328' title='bbox 1915 3243 2134 3309; x_wconf 87' lang='lat' dir='ltr'><strong>recolat,</strong></span> <span class='ocrx_word' id='word_1_329' title='bbox 2250 3242 2559 3321; x_wconf 79' lang='lat' dir='ltr'><strong>auxiliaiite)</strong></span> <span class='ocrx_word' id='word_1_330' title='bbox 2595 3251 2803 3306; x_wconf 85' lang='lat' dir='ltr'><strong>valeant</strong></span> <span class='ocrx_word' id='word_1_331' title='bbox 2830 3252 3123 3309; x_wconf 53' lang='lat' dir='ltr'><strong>custodire.</strong></span> 
     </span>
    </p>
   </div>
   <div class='ocr_carea' id='block_1_30' title="bbox 1721 3387 2675 3472">
    <p class='ocr_par' dir='ltr' id='par_1_30' title="bbox 1721 3387 2675 3472">
     <span class='ocr_line' id='line_1_30' title="bbox 1721 3387 2675 3472; baseline 0.008 -12"><span class='ocrx_word' id='word_1_332' title='bbox 1721 3387 2234 3466; x_wconf 79' lang='lat' dir='ltr'><strong>PR/EFATIO</strong></span> <span class='ocrx_word' id='word_1_333' title='bbox 2286 3394 2675 3472; x_wconf 89' lang='lat' dir='ltr'><strong>VIGILII.</strong></span> 
     </span>
    </p>
   </div>
   <div class='ocr_carea' id='block_1_31' title="bbox 632 3517 3768 3595">
    <p class='ocr_par' dir='ltr' id='par_1_31' title="bbox 632 3517 3768 3595">
     <span class='ocr_line' id='line_1_31' title="bbox 632 3517 3768 3595; baseline 0.002 -19"><span class='ocrx_word' id='word_1_334' title='bbox 632 3522 790 3593; x_wconf 71' lang='lat'><strong>119</strong></span> <span class='ocrx_word' id='word_1_335' title='bbox 817 3522 949 3576; x_wconf 78' lang='lat' dir='ltr'><strong>Dum</strong></span> <span class='ocrx_word' id='word_1_336' title='bbox 976 3535 1184 3575; x_wconf 89' lang='lat' dir='ltr'><strong>mecum</strong></span> <span class='ocrx_word' id='word_1_337' title='bbox 1213 3520 1277 3574; x_wconf 76' lang='lat' dir='ltr'><strong>de</strong></span> <span class='ocrx_word' id='word_1_338' title='bbox 1307 3518 1435 3573; x_wconf 82' lang='lat' dir='ltr'><strong>fidei</strong></span> <span class='ocrx_word' id='word_1_339' title='bbox 1457 3518 1680 3573; x_wconf 82' lang='lat' dir='ltr'><strong>veritate</strong></span> <span class='ocrx_word' id='word_1_340' title='bbox 1701 3517 1789 3572; x_wconf 94' lang='lat' dir='ltr'><strong>diu</strong></span> <span class='ocrx_word' id='word_1_341' title='bbox 1814 3519 2141 3590; x_wconf 87' lang='lat' dir='ltr'><strong>multumque</strong></span> <span class='ocrx_word' id='word_1_342' title='bbox 2169 3524 2215 3587; x_wconf 87' lang='lat' dir='ltr'><strong><em>C</em></strong></span> <span class='ocrx_word' id='word_1_343' title='bbox 2246 3536 2464 3595; x_wconf 77' lang='lat' dir='ltr'><strong>agerent</strong></span> <span class='ocrx_word' id='word_1_344' title='bbox 2502 3526 2919 3582; x_wconf 87' lang='lat' dir='ltr'><strong>introducerem.</strong></span> <span class='ocrx_word' id='word_1_345' title='bbox 2974 3524 3042 3579; x_wconf 88' lang='lat' dir='ltr'><strong>Et</strong></span> <span class='ocrx_word' id='word_1_346' title='bbox 3087 3540 3155 3580; x_wconf 90' lang='lat' dir='ltr'><strong>ne</strong></span> <span class='ocrx_word' id='word_1_347' title='bbox 3198 3525 3532 3594; x_wconf 78' lang='lat' dir='ltr'><strong>singularum</strong></span> <span class='ocrx_word' id='word_1_348' title='bbox 3574 3535 3768 3595; x_wconf 64' lang='lat' dir='ltr'><strong>prosecn&#39;</strong></span> 
     </span>
    </p>
   </div>
   <div class='ocr_carea' id='block_1_32' title="bbox 555 3612 3769 3685">
    <p class='ocr_par' dir='ltr' id='par_1_32' title="bbox 555 3612 3769 3685">
     <span class='ocr_line' id='line_1_32' title="bbox 555 3612 3769 3685; baseline -0.001 -15"><span class='ocrx_word' id='word_1_349' title='bbox 555 3626 883 3679; x_wconf 80' lang='lat' dir='ltr'><strong>tractarem,</strong></span> <span class='ocrx_word' id='word_1_350' title='bbox 909 3624 1068 3685; x_wconf 85' lang='lat' dir='ltr'><strong>atque</strong></span> <span class='ocrx_word' id='word_1_351' title='bbox 1113 3613 1403 3683; x_wconf 67' lang='lat' dir='ltr'><strong>Scriptura:</strong></span> <span class='ocrx_word' id='word_1_352' title='bbox 1435 3612 1860 3668; x_wconf 88' lang='lat' dir='ltr'><strong>consideratione</strong></span> <span class='ocrx_word' id='word_1_353' title='bbox 1900 3614 2141 3683; x_wconf 73' lang='lat' dir='ltr'><strong>require-</strong></span> <span class='ocrx_word' id='word_1_354' title='bbox 2247 3616 2417 3672; x_wconf 89' lang='lat' dir='ltr'><strong>tiones</strong></span> <span class='ocrx_word' id='word_1_355' title='bbox 2463 3618 2514 3673; x_wconf 90' lang='lat' dir='ltr'><strong>in</strong></span> <span class='ocrx_word' id='word_1_356' title='bbox 2546 3618 2766 3673; x_wconf 84' lang='lat' dir='ltr'><strong>dubiur‘n</strong></span> <span class='ocrx_word' id='word_1_357' title='bbox 2798 3618 2946 3672; x_wconf 91' lang='lat' dir='ltr'><strong>nullo</strong></span> <span class='ocrx_word' id='word_1_358' title='bbox 2991 3618 3333 3671; x_wconf 78' lang='lat' dir='ltr'><strong>examinante</strong></span> <span class='ocrx_word' id='word_1_359' title='bbox 3374 3618 3633 3677; x_wconf 84' lang='lat' dir='ltr'><strong>venirent,</strong></span> <span class='ocrx_word' id='word_1_360' title='bbox 3670 3612 3769 3667; x_wconf 87' lang='lat' dir='ltr'><strong>arbi-</strong></span> 
     </span>
    </p>
   </div>
   <div class='ocr_carea' id='block_1_33' title="bbox 554 3703 3769 3778">
    <p class='ocr_par' dir='ltr' id='par_1_33' title="bbox 554 3703 3769 3778">
     <span class='ocr_line' id='line_1_33' title="bbox 554 3703 3769 3778; baseline -0.003 -14"><span class='ocrx_word' id='word_1_361' title='bbox 554 3724 673 3764; x_wconf 85' lang='lat' dir='ltr'><strong>rem</strong></span> <span class='ocrx_word' id='word_1_362' title='bbox 720 3723 949 3777; x_wconf 84' lang='lat' dir='ltr'><strong>quonam</strong></span> <span class='ocrx_word' id='word_1_363' title='bbox 979 3708 1140 3761; x_wconf 90' lang='lat' dir='ltr'><strong>modo</strong></span> <span class='ocrx_word' id='word_1_364' title='bbox 1170 3707 1493 3776; x_wconf 90' lang='lat' dir='ltr'><strong>multiplices</strong></span> <span class='ocrx_word' id='word_1_365' title='bbox 1514 3714 1569 3761; x_wconf 92' lang='lat' dir='ltr'><strong>et</strong></span> <span class='ocrx_word' id='word_1_366' title='bbox 1587 3720 1903 3761; x_wconf 90' lang='lat' dir='ltr'><strong>numerosas</strong></span> <span class='ocrx_word' id='word_1_367' title='bbox 1926 3706 2141 3759; x_wconf 76' lang='lat' dir='ltr'><strong>ha&#39;reti-</strong></span> <span class='ocrx_word' id='word_1_368' title='bbox 2248 3717 2385 3762; x_wconf 90' lang='lat' dir='ltr'><strong>trum</strong></span> <span class='ocrx_word' id='word_1_369' title='bbox 2408 3710 2689 3778; x_wconf 87' lang='lat' dir='ltr'><strong>quemdam</strong></span> <span class='ocrx_word' id='word_1_370' title='bbox 2715 3709 2931 3765; x_wconf 90' lang='lat' dir='ltr'><strong>nomine</strong></span> <span class='ocrx_word' id='word_1_371' title='bbox 2952 3708 3207 3773; x_wconf 82' lang='lat' dir='ltr'><strong>Probum,</strong></span> <span class='ocrx_word' id='word_1_372' title='bbox 3224 3703 3769 3777; x_wconf 78' lang='lat' dir='ltr'><strong>auctoritatejudiciaria</strong></span> 
     </span>
    </p>
   </div>
   <div class='ocr_carea' id='block_1_34' title="bbox 556 3796 3769 3869">
    <p class='ocr_par' dir='ltr' id='par_1_34' title="bbox 556 3796 3769 3869">
     <span class='ocr_line' id='line_1_34' title="bbox 556 3796 3769 3869; baseline -0.001 -17"><span class='ocrx_word' id='word_1_373' title='bbox 556 3813 742 3852; x_wconf 87' lang='lat' dir='ltr'><strong>corum</strong></span> <span class='ocrx_word' id='word_1_374' title='bbox 766 3797 1117 3866; x_wconf 66' lang='lat' dir='ltr'><strong>quaestiones,</strong></span> <span class='ocrx_word' id='word_1_375' title='bbox 1139 3797 1502 3867; x_wconf 87' lang='lat' dir='ltr'><strong>responsionis</strong></span> <span class='ocrx_word' id='word_1_376' title='bbox 1521 3798 1785 3852; x_wconf 88' lang='lat' dir='ltr'><strong>brevitate</strong></span> <span class='ocrx_word' id='word_1_377' title='bbox 1808 3796 2139 3864; x_wconf 86' lang='lat' dir='ltr'><strong>refellerem,</strong></span> <span class='ocrx_word' id='word_1_378' title='bbox 2246 3798 2482 3852; x_wconf 89' lang='lat' dir='ltr'><strong>functum</strong></span> <span class='ocrx_word' id='word_1_379' title='bbox 2527 3799 2787 3854; x_wconf 88' lang='lat' dir='ltr'><strong>interesse</strong></span> <span class='ocrx_word' id='word_1_380' title='bbox 2830 3798 2961 3864; x_wconf 91' lang='lat' dir='ltr'><strong>feci,</strong></span> <span class='ocrx_word' id='word_1_381' title='bbox 3012 3814 3117 3868; x_wconf 88' lang='lat' dir='ltr'><strong>quo</strong></span> <span class='ocrx_word' id='word_1_382' title='bbox 3163 3798 3230 3854; x_wconf 87' lang='lat' dir='ltr'><strong>de</strong></span> <span class='ocrx_word' id='word_1_383' title='bbox 3278 3799 3507 3869; x_wconf 80' lang='lat' dir='ltr'><strong>singulis</strong></span> <span class='ocrx_word' id='word_1_384' title='bbox 3536 3798 3769 3868; x_wconf 76' lang='lat' dir='ltr'><strong>quibusque</strong></span> 
     </span>
    </p>
   </div>
   <div class='ocr_carea' id='block_1_35' title="bbox 556 3883 3769 3978">
    <p class='ocr_par' dir='ltr' id='par_1_35' title="bbox 556 3883 3769 3978">
     <span class='ocr_line' id='line_1_35' title="bbox 556 3883 3769 3978; baseline -0.002 -34"><span class='ocrx_word' id='word_1_385' title='bbox 556 3899 612 3944; x_wconf 87' lang='lat' dir='ltr'><strong>et</strong></span> <span class='ocrx_word' id='word_1_386' title='bbox 652 3902 835 3944; x_wconf 81' lang='lat' dir='ltr'><strong>eorum</strong></span> <span class='ocrx_word' id='word_1_387' title='bbox 866 3888 1120 3959; x_wconf 86' lang='lat' dir='ltr'><strong>sacrilega</strong></span> <span class='ocrx_word' id='word_1_388' title='bbox 1164 3888 1300 3943; x_wconf 87' lang='lat' dir='ltr'><strong>dicta</strong></span> <span class='ocrx_word' id='word_1_389' title='bbox 1332 3889 1493 3944; x_wconf 85' lang='lat' dir='ltr'><strong>variis</strong></span> <span class='ocrx_word' id='word_1_390' title='bbox 1523 3898 1575 3943; x_wconf 84' lang='lat' dir='ltr'><strong>et</strong></span> <span class='ocrx_word' id='word_1_391' title='bbox 1620 3890 1792 3960; x_wconf 82' lang='lat' dir='ltr'><strong>longis</strong></span> <span class='ocrx_word' id='word_1_392' title='bbox 1818 3890 2003 3946; x_wconf 74' lang='lat' dir='ltr'><strong>diﬂusa</strong></span> <span class='ocrx_word' id='word_1_393' title='bbox 2038 3900 2144 3946; x_wconf 88' lang='lat' dir='ltr'><strong>tra—</strong></span> <span class='ocrx_word' id='word_1_394' title='bbox 2246 3887 2594 3978; x_wconf 65' lang='lat' dir='ltr'><strong>prpbabiliter</strong></span> <span class='ocrx_word' id='word_1_395' title='bbox 2621 3883 2983 3957; x_wconf 66' lang='lat' dir='ltr'><strong>discernente,</strong></span> <span class='ocrx_word' id='word_1_396' title='bbox 3014 3888 3192 3957; x_wconf 62' lang='lat' dir='ltr'><strong>impiae</strong></span> <span class='ocrx_word' id='word_1_397' title='bbox 3219 3890 3497 3958; x_wconf 57' lang='lat' dir='ltr'><strong>pravitatis</strong></span> <span class='ocrx_word' id='word_1_398' title='bbox 3528 3892 3769 3942; x_wconf 74' lang='lat' dir='ltr'><strong>cassareltlf</strong></span> 
     </span>
    </p>
   </div>
   <div class='ocr_carea' id='block_1_36' title="bbox 555 3979 3769 4054">
    <p class='ocr_par' dir='ltr' id='par_1_36' title="bbox 555 3979 3769 4054">
     <span class='ocr_line' id='line_1_36' title="bbox 555 3979 3769 4054; baseline -0.002 -18"><span class='ocrx_word' id='word_1_399' title='bbox 555 3982 791 4037; x_wconf 86' lang='lat' dir='ltr'><strong>ctatibus</strong></span> <span class='ocrx_word' id='word_1_400' title='bbox 846 3982 1226 4052; x_wconf 80' lang='lat' dir='ltr'><strong>compendiose</strong></span> <span class='ocrx_word' id='word_1_401' title='bbox 1296 3982 1675 4054; x_wconf 88' lang='lat' dir='ltr'><strong>disputationis</strong></span> <span class='ocrx_word' id='word_1_402' title='bbox 1720 3983 2008 4038; x_wconf 88' lang='lat' dir='ltr'><strong>luctamine</strong></span> <span class='ocrx_word' id='word_1_403' title='bbox 2060 3999 2141 4039; x_wconf 89' lang='lat' dir='ltr'><strong>su-</strong></span> <span class='ocrx_word' id='word_1_404' title='bbox 2248 3981 2493 4035; x_wconf 88' lang='lat' dir='ltr'><strong>intentio.</strong></span> <span class='ocrx_word' id='word_1_405' title='bbox 2525 3979 2815 4035; x_wconf 88' lang='lat' dir='ltr'><strong>Sabellium</strong></span> <span class='ocrx_word' id='word_1_406' title='bbox 2845 3995 3008 4048; x_wconf 87' lang='lat' dir='ltr'><strong>ergo,</strong></span> <span class='ocrx_word' id='word_1_407' title='bbox 3050 3980 3371 4047; x_wconf 84' lang='lat' dir='ltr'><strong>Photinum,</strong></span> <span class='ocrx_word' id='word_1_408' title='bbox 3409 3982 3614 4043; x_wconf 78' lang='lat' dir='ltr'><strong>Arium,</strong></span> <span class='ocrx_word' id='word_1_409' title='bbox 3656 3986 3769 4042; x_wconf 82' lang='lat' dir='ltr'><strong>atque</strong></span> 
     </span>
    </p>
   </div>
   <div class='ocr_carea' id='block_1_37' title="bbox 552 4064 3768 4145">
    <p class='ocr_par' dir='ltr' id='par_1_37' title="bbox 552 4064 3768 4145">
     <span class='ocr_line' id='line_1_37' title="bbox 552 4064 3768 4145; baseline -0.002 -16"><span class='ocrx_word' id='word_1_410' title='bbox 552 4088 828 4145; x_wconf 83' lang='lat' dir='ltr'><strong>perarem,</strong></span> <span class='ocrx_word' id='word_1_411' title='bbox 856 4090 924 4131; x_wconf 89' lang='lat' dir='ltr'><strong>ne</strong></span> <span class='ocrx_word' id='word_1_412' title='bbox 953 4075 1330 4145; x_wconf 82' lang='lat' dir='ltr'><strong>prolixioribus</strong></span> <span class='ocrx_word' id='word_1_413' title='bbox 1359 4076 1650 4145; x_wconf 80' lang='lat' dir='ltr'><strong>prolixiora</strong></span> <span class='ocrx_word' id='word_1_414' title='bbox 1706 4075 1946 4131; x_wconf 80' lang='lat' dir='ltr'><strong>referens</strong></span> <span class='ocrx_word' id='word_1_415' title='bbox 1976 4077 2138 4129; x_wconf 88' lang='lat' dir='ltr'><strong>inter-</strong></span> <span class='ocrx_word' id='word_1_416' title='bbox 2244 4071 2309 4124; x_wconf 74' lang='lat' dir='ltr'><strong>ad</strong></span> <span class='ocrx_word' id='word_1_417' title='bbox 2338 4080 2546 4124; x_wconf 80' lang='lat' dir='ltr'><strong>nostras</strong></span> <span class='ocrx_word' id='word_1_418' title='bbox 2578 4080 2753 4139; x_wconf 89' lang='lat' dir='ltr'><strong>partes</strong></span> <span class='ocrx_word' id='word_1_419' title='bbox 2782 4064 3134 4124; x_wconf 74' lang='lat' dir='ltr'><strong>Athanasium</strong></span> <span class='ocrx_word' id='word_1_420' title='bbox 3175 4071 3476 4136; x_wconf 81' lang='lat' dir='ltr'><strong>introduxi,</strong></span> <span class='ocrx_word' id='word_1_421' title='bbox 3522 4080 3573 4124; x_wconf 89' lang='lat' dir='ltr'><strong>ut</strong></span> <span class='ocrx_word' id='word_1_422' title='bbox 3601 4067 3768 4122; x_wconf 62' lang='lat' dir='ltr'><strong>veritas,</strong></span> 
     </span>
    </p>
   </div>
   <div class='ocr_carea' id='block_1_38' title="bbox 549 4156 3769 4241">
    <p class='ocr_par' dir='ltr' id='par_1_38' title="bbox 549 4156 3769 4241">
     <span class='ocr_line' id='line_1_38' title="bbox 549 4156 3769 4241; baseline -0.004 -21"><span class='ocrx_word' id='word_1_423' title='bbox 549 4170 864 4226; x_wconf 84' lang='lat' dir='ltr'><strong>minabilem</strong></span> <span class='ocrx_word' id='word_1_424' title='bbox 893 4178 947 4225; x_wconf 79' lang='lat' dir='ltr'><strong>et</strong></span> <span class='ocrx_word' id='word_1_425' title='bbox 977 4170 1135 4225; x_wconf 89' lang='lat' dir='ltr'><strong>nimis</strong></span> <span class='ocrx_word' id='word_1_426' title='bbox 1164 4169 1485 4225; x_wconf 82' lang='lat' dir='ltr'><strong>laboriosam</strong></span> <span class='ocrx_word' id='word_1_427' title='bbox 1517 4170 1819 4241; x_wconf 85' lang='lat' dir='ltr'><strong>legentibus</strong></span> <span class='ocrx_word' id='word_1_428' title='bbox 1860 4169 2138 4224; x_wconf 79' lang='lat' dir='ltr'><strong>materiam</strong></span> <span class='ocrx_word' id='word_1_429' title='bbox 2246 4178 2454 4217; x_wconf 91' lang='lat' dir='ltr'><strong>summo</strong></span> <span class='ocrx_word' id='word_1_430' title='bbox 2478 4163 2878 4229; x_wconf 81' lang='lat' dir='ltr'><strong>conﬂigentium</strong></span> <span class='ocrx_word' id='word_1_431' title='bbox 2901 4163 3195 4218; x_wconf 84' lang='lat' dir='ltr'><strong>certamine</strong></span> <span class='ocrx_word' id='word_1_432' title='bbox 3216 4163 3477 4231; x_wconf 85' lang='lat' dir='ltr'><strong>eliquata,</strong></span> <span class='ocrx_word' id='word_1_433' title='bbox 3506 4161 3565 4214; x_wconf 91' lang='lat' dir='ltr'><strong>ad</strong></span> <span class='ocrx_word' id='word_1_434' title='bbox 3589 4156 3769 4213; x_wconf 81' lang='lat' dir='ltr'><strong>omnium</strong></span> 
     </span>
    </p>
   </div>
   <div class='ocr_carea' id='block_1_39' title="bbox 550 4243 3769 4330">
    <p class='ocr_par' dir='ltr' id='par_1_39' title="bbox 550 4243 3769 4330">
     <span class='ocr_line' id='line_1_39' title="bbox 550 4243 3769 4330; baseline -0.006 -13"><span class='ocrx_word' id='word_1_435' title='bbox 550 4262 915 4330; x_wconf 78' lang='lat' dir='ltr'><strong>reliquissem,</strong></span> <span class='ocrx_word' id='word_1_436' title='bbox 945 4261 1074 4316; x_wconf 89' lang='lat' dir='ltr'><strong>utile</strong></span> <span class='ocrx_word' id='word_1_437' title='bbox 1105 4263 1207 4315; x_wconf 89' lang='lat' dir='ltr'><strong>hoc</strong></span> <span class='ocrx_word' id='word_1_438' title='bbox 1233 4273 1287 4316; x_wconf 90' lang='lat' dir='ltr'><strong>et</strong></span> <span class='ocrx_word' id='word_1_439' title='bbox 1315 4262 1468 4315; x_wconf 87' lang='lat' dir='ltr'><strong>valde</strong></span> <span class='ocrx_word' id='word_1_440' title='bbox 1497 4262 1838 4316; x_wconf 82' lang='lat' dir='ltr'><strong>commodum</strong></span> <span class='ocrx_word' id='word_1_441' title='bbox 1869 4261 2139 4328; x_wconf 90' lang='lat' dir='ltr'><strong>apparuit,</strong></span> <span class='ocrx_word' id='word_1_442' title='bbox 2246 4256 2486 4308; x_wconf 83' lang='lat' dir='ltr'><strong>notitiam</strong></span> <span class='ocrx_word' id='word_1_443' title='bbox 2520 4254 2820 4322; x_wconf 88' lang='lat' dir='ltr'><strong>perveniret</strong></span> <span class='ocrx_word' id='word_1_444' title='bbox 2841 4296 2854 4315; x_wconf 85' lang='lat'><strong><em>.</em></strong></span> <span class='ocrx_word' id='word_1_445' title='bbox 2903 4264 2956 4309; x_wconf 89' lang='lat' dir='ltr'><strong>et</strong></span> <span class='ocrx_word' id='word_1_446' title='bbox 3002 4254 3311 4309; x_wconf 72' lang='lat' dir='ltr'><strong>diversitate</strong></span> <span class='ocrx_word' id='word_1_447' title='bbox 3360 4265 3685 4324; x_wconf 84' lang='lat' dir='ltr'><strong>personarum</strong></span> <span class='ocrx_word' id='word_1_448' title='bbox 3713 4243 3769 4293; x_wconf 61' lang='lat' dir='ltr'><strong>vel</strong></span> 
     </span>
    </p>
   </div>
   <div class='ocr_carea' id='block_1_40' title="bbox 554 4340 3769 4421">
    <p class='ocr_par' dir='ltr' id='par_1_40' title="bbox 554 4340 3769 4421">
     <span class='ocr_line' id='line_1_40' title="bbox 554 4340 3769 4421; baseline -0.004 -16"><span class='ocrx_word' id='word_1_449' title='bbox 554 4361 616 4405; x_wconf 87' lang='lat' dir='ltr'><strong>ut</strong></span> <span class='ocrx_word' id='word_1_450' title='bbox 646 4350 1064 4419; x_wconf 80' lang='lat' dir='ltr'><strong>uniuscujusque</strong></span> <span class='ocrx_word' id='word_1_451' title='bbox 1095 4350 1330 4403; x_wconf 71' lang='lat' dir='ltr'><strong>hanrelici</strong></span> <span class='ocrx_word' id='word_1_452' title='bbox 1360 4366 1640 4417; x_wconf 88' lang='lat' dir='ltr'><strong>personam</strong></span> <span class='ocrx_word' id='word_1_453' title='bbox 1664 4366 1782 4404; x_wconf 88' lang='lat' dir='ltr'><strong>eum</strong></span> <span class='ocrx_word' id='word_1_454' title='bbox 1813 4351 1895 4405; x_wconf 90' lang='lat' dir='ltr'><strong>sui</strong></span> <span class='ocrx_word' id='word_1_455' title='bbox 1921 4350 2140 4421; x_wconf 87' lang='lat' dir='ltr'><strong>dogma-</strong></span> <span class='ocrx_word' id='word_1_456' title='bbox 2246 4347 2652 4415; x_wconf 78' lang='lat' dir='ltr'><strong>responsionum</strong></span> <span class='ocrx_word' id='word_1_457' title='bbox 2672 4348 3217 4402; x_wconf 84' lang='lat' dir='ltr'><strong>acinterlocutionum</strong></span> <span class='ocrx_word' id='word_1_458' title='bbox 3248 4346 3410 4416; x_wconf 87' lang='lat' dir='ltr'><strong>hujus</strong></span> <span class='ocrx_word' id='word_1_459' title='bbox 3428 4345 3600 4415; x_wconf 88' lang='lat' dir='ltr'><strong>operis</strong></span> <span class='ocrx_word' id='word_1_460' title='bbox 3618 4340 3769 4395; x_wconf 66' lang='lat' dir='ltr'><strong>variata</strong></span> 
     </span>
    </p>
   </div>
   <div class='ocr_carea' id='block_1_41' title="bbox 553 4438 3447 4510">
    <p class='ocr_par' dir='ltr' id='par_1_41' title="bbox 553 4438 3447 4510">
     <span class='ocr_line' id='line_1_41' title="bbox 553 4438 3447 4510; baseline -0.002 -14"><span class='ocrx_word' id='word_1_461' title='bbox 553 4442 626 4496; x_wconf 82' lang='lat' dir='ltr'><strong>tis</strong></span> <span class='ocrx_word' id='word_1_462' title='bbox 658 4438 1115 4510; x_wconf 84' lang='lat' dir='ltr'><strong>professionibus,</strong></span> <span class='ocrx_word' id='word_1_463' title='bbox 1142 4440 1293 4507; x_wconf 89' lang='lat' dir='ltr'><strong>quasi</strong></span> <span class='ocrx_word' id='word_1_464' title='bbox 1322 4453 1619 4507; x_wconf 65' lang='lat' dir='ltr'><strong>praesentes</strong></span> <span class='ocrx_word' id='word_1_465' title='bbox 1640 4456 1758 4495; x_wconf 90' lang='lat' dir='ltr'><strong>eum</strong></span> <span class='ocrx_word' id='word_1_466' title='bbox 1788 4440 2140 4509; x_wconf 65' lang='lat' dir='ltr'><strong>prccsentibus</strong></span> <span class='ocrx_word' id='word_1_467' title='bbox 2246 4439 2472 4507; x_wconf 87' lang='lat' dir='ltr'><strong>digestio</strong></span> <span class='ocrx_word' id='word_1_468' title='bbox 2495 4438 2765 4493; x_wconf 77' lang='lat' dir='ltr'><strong>fastidium</strong></span> <span class='ocrx_word' id='word_1_469' title='bbox 2797 4438 3098 4507; x_wconf 82' lang='lat' dir='ltr'><strong>legentibus</strong></span> <span class='ocrx_word' id='word_1_470' title='bbox 3126 4446 3447 4508; x_wconf 84' lang='lat' dir='ltr'><strong>amputaret.</strong></span> 
     </span>
    </p>
   </div>
   <div class='ocr_carea' id='block_1_42' title="bbox 1148 4598 3184 4728">
    <p class='ocr_par' dir='ltr' id='par_1_42' title="bbox 1148 4598 3184 4728">
     <span class='ocr_line' id='line_1_42' title="bbox 1148 4598 3184 4728; baseline 0.002 -5"><span class='ocrx_word' id='word_1_471' title='bbox 1148 4598 1893 4723; x_wconf 13' lang='lat' dir='ltr'><strong>.D&#39;IALOGI</strong></span> <span class='ocrx_word' id='word_1_472' title='bbox 1976 4616 2450 4722; x_wconf 82' lang='lat' dir='ltr'><strong>LIBER</strong></span> <span class='ocrx_word' id='word_1_473' title='bbox 2524 4620 3184 4728; x_wconf 80' lang='lat' dir='ltr'><strong>PRIMUS.</strong></span> 
     </span>
    </p>
   </div>
   <div class='ocr_carea' id='block_1_43' title="bbox 627 4778 3770 4854">
    <p class='ocr_par' dir='ltr' id='par_1_43' title="bbox 627 4778 3770 4854">
     <span class='ocr_line' id='line_1_43' title="bbox 627 4778 3770 4854; baseline -0 -17"><span class='ocrx_word' id='word_1_474' title='bbox 627 4782 670 4837; x_wconf 86' lang='grc'><strong>1.</strong></span> <span class='ocrx_word' id='word_1_475' title='bbox 692 4779 894 4835; x_wconf 76' lang='lat' dir='ltr'><strong>Probus</strong></span> <span class='ocrx_word' id='word_1_476' title='bbox 905 4780 1071 4851; x_wconf 74' lang='lat' dir='ltr'><strong>judea:</strong></span> <span class='ocrx_word' id='word_1_477' title='bbox 1101 4779 1225 4833; x_wconf 73' lang='lat' dir='ltr'><strong>dixit</strong></span> <span class='ocrx_word' id='word_1_478' title='bbox 1249 4794 1268 4833; x_wconf 90' lang='lat'><strong><em>:</em></strong></span> <span class='ocrx_word' id='word_1_479' title='bbox 1292 4778 1631 4848; x_wconf 84' lang='lat' dir='ltr'><strong>Perspiciens</strong></span> <span class='ocrx_word' id='word_1_480' title='bbox 1655 4778 1704 4833; x_wconf 89' lang='lat' dir='ltr'><strong>in</strong></span> <span class='ocrx_word' id='word_1_481' title='bbox 1737 4778 1999 4833; x_wconf 89' lang='lat' dir='ltr'><strong>idolorum</strong></span> <span class='ocrx_word' id='word_1_482' title='bbox 2043 4780 2147 4834; x_wconf 88' lang='lat' dir='ltr'><strong>cul-</strong></span> <span class='ocrx_word' id='word_1_483' title='bbox 2172 4786 2225 4845; x_wconf 85' lang='lat' dir='ltr'>D</span> <span class='ocrx_word' id='word_1_484' title='bbox 2253 4795 2370 4833; x_wconf 90' lang='lat' dir='ltr'><strong>rere</strong></span> <span class='ocrx_word' id='word_1_485' title='bbox 2399 4796 2623 4850; x_wconf 89' lang='lat' dir='ltr'><strong>queam,</strong></span> <span class='ocrx_word' id='word_1_486' title='bbox 2652 4798 2717 4836; x_wconf 88' lang='lat' dir='ltr'><strong>ne</strong></span> <span class='ocrx_word' id='word_1_487' title='bbox 2749 4782 2949 4836; x_wconf 86' lang='lat' dir='ltr'><strong>erroris</strong></span> <span class='ocrx_word' id='word_1_488' title='bbox 2979 4783 3220 4838; x_wconf 66' lang='lat' dir='ltr'><strong>caecitate</strong></span> <span class='ocrx_word' id='word_1_489' title='bbox 3265 4786 3386 4838; x_wconf 81' lang='lat' dir='ltr'><strong>exui</strong></span> <span class='ocrx_word' id='word_1_490' title='bbox 3427 4786 3663 4854; x_wconf 86' lang='lat' dir='ltr'><strong>cupiens,</strong></span> <span class='ocrx_word' id='word_1_491' title='bbox 3687 4790 3770 4831; x_wconf 73' lang='lat' dir='ltr'><strong>m3-</strong></span> 
     </span>
    </p>
   </div>
   <div class='ocr_carea' id='block_1_44' title="bbox 551 4862 3775 4944">
    <p class='ocr_par' dir='ltr' id='par_1_44' title="bbox 551 4862 3775 4944">
     <span class='ocr_line' id='line_1_44' title="bbox 551 4862 3775 4944; baseline -0.002 -14"><span class='ocrx_word' id='word_1_492' title='bbox 551 4883 669 4931; x_wconf 86' lang='lat' dir='ltr'><strong>lura</strong></span> <span class='ocrx_word' id='word_1_493' title='bbox 721 4872 925 4927; x_wconf 90' lang='lat' dir='ltr'><strong>nullam</strong></span> <span class='ocrx_word' id='word_1_494' title='bbox 977 4872 1089 4925; x_wconf 90' lang='lat' dir='ltr'><strong>veri</strong></span> <span class='ocrx_word' id='word_1_495' title='bbox 1139 4870 1375 4925; x_wconf 88' lang='lat' dir='ltr'><strong>numinis</strong></span> <span class='ocrx_word' id='word_1_496' title='bbox 1426 4862 1721 4924; x_wconf 80' lang='lat' dir='ltr'><strong>consistere</strong></span> <span class='ocrx_word' id='word_1_497' title='bbox 1768 4870 2139 4938; x_wconf 80' lang='lat' dir='ltr'><strong>majestatem,</strong></span> <span class='ocrx_word' id='word_1_498' title='bbox 2243 4871 2450 4941; x_wconf 90' lang='lat' dir='ltr'><strong>joribus</strong></span> <span class='ocrx_word' id='word_1_499' title='bbox 2480 4873 2818 4935; x_wconf 77' lang='lat' dir='ltr'><strong>tenebrarum</strong></span> <span class='ocrx_word' id='word_1_500' title='bbox 2859 4875 3133 4929; x_wconf 84' lang='lat' dir='ltr'><strong>erroribus</strong></span> <span class='ocrx_word' id='word_1_501' title='bbox 3164 4874 3425 4944; x_wconf 87' lang='lat' dir='ltr'><strong>implicer,</strong></span> <span class='ocrx_word' id='word_1_502' title='bbox 3473 4876 3518 4929; x_wconf 92' lang='lat' dir='ltr'><strong>si</strong></span> <span class='ocrx_word' id='word_1_503' title='bbox 3549 4869 3717 4942; x_wconf 82' lang='lat' dir='ltr'><strong>passim</strong></span> <span class='ocrx_word' id='word_1_504' title='bbox 3735 4873 3775 4917; x_wconf 73' lang='lat' dir='ltr'><strong>el</strong></span> 
     </span>
    </p>
   </div>
   <div class='ocr_carea' id='block_1_45' title="bbox 549 4961 3773 5037">
    <p class='ocr_par' dir='ltr' id='par_1_45' title="bbox 549 4961 3773 5037">
     <span class='ocr_line' id='line_1_45' title="bbox 549 4961 3773 5037; baseline -0.001 -14"><span class='ocrx_word' id='word_1_505' title='bbox 549 4966 876 5023; x_wconf 85' lang='lat' dir='ltr'><strong>Christianis</strong></span> <span class='ocrx_word' id='word_1_506' title='bbox 905 4963 1279 5032; x_wconf 89' lang='lat' dir='ltr'><strong>memetipsum</strong></span> <span class='ocrx_word' id='word_1_507' title='bbox 1319 4961 1658 5032; x_wconf 87' lang='lat' dir='ltr'><strong>dogmatibus</strong></span> <span class='ocrx_word' id='word_1_508' title='bbox 1701 4962 1968 5030; x_wconf 88' lang='lat' dir='ltr'><strong>subjicere</strong></span> <span class='ocrx_word' id='word_1_509' title='bbox 1998 4964 2137 5028; x_wconf 85' lang='lat' dir='ltr'><strong>volo,</strong></span> <span class='ocrx_word' id='word_1_510' title='bbox 2245 4964 2363 5019; x_wconf 86' lang='lat' dir='ltr'><strong>sine</strong></span> <span class='ocrx_word' id='word_1_511' title='bbox 2408 4964 2514 5018; x_wconf 93' lang='lat' dir='ltr'><strong>ullo</strong></span> <span class='ocrx_word' id='word_1_512' title='bbox 2543 4966 2802 5032; x_wconf 80' lang='lat' dir='ltr'><strong>exatninis</strong></span> <span class='ocrx_word' id='word_1_513' title='bbox 2831 4965 3176 5032; x_wconf 88' lang='lat' dir='ltr'><strong>discrimine,</strong></span> <span class='ocrx_word' id='word_1_514' title='bbox 3216 4968 3445 5037; x_wconf 84' lang='lat' dir='ltr'><strong>alicujus</strong></span> <span class='ocrx_word' id='word_1_515' title='bbox 3483 4975 3634 5022; x_wconf 68' lang='lat' dir='ltr'><strong>sectte</strong></span> <span class='ocrx_word' id='word_1_516' title='bbox 3688 4972 3773 5029; x_wconf 64' lang='lat' dir='ltr'><strong>qu!</strong></span> 
     </span>
    </p>
   </div>
   <div class='ocr_carea' id='block_1_46' title="bbox 549 5053 3771 5132">
    <p class='ocr_par' dir='ltr' id='par_1_46' title="bbox 549 5053 3771 5132">
     <span class='ocr_line' id='line_1_46' title="bbox 549 5053 3771 5132; baseline 0 -18"><span class='ocrx_word' id='word_1_517' title='bbox 549 5057 747 5130; x_wconf 87' lang='lat' dir='ltr'><strong>quibus</strong></span> <span class='ocrx_word' id='word_1_518' title='bbox 786 5055 1044 5111; x_wconf 87' lang='lat' dir='ltr'><strong>astruitur</strong></span> <span class='ocrx_word' id='word_1_519' title='bbox 1072 5067 1207 5107; x_wconf 91' lang='lat' dir='ltr'><strong>unus</strong></span> <span class='ocrx_word' id='word_1_520' title='bbox 1235 5062 1289 5108; x_wconf 90' lang='lat' dir='ltr'><strong>et</strong></span> <span class='ocrx_word' id='word_1_521' title='bbox 1318 5068 1476 5108; x_wconf 81' lang='lat' dir='ltr'><strong>verus</strong></span> <span class='ocrx_word' id='word_1_522' title='bbox 1503 5067 1623 5108; x_wconf 91' lang='lat' dir='ltr'><strong>esse</strong></span> <span class='ocrx_word' id='word_1_523' title='bbox 1667 5053 1834 5120; x_wconf 86' lang='lat' dir='ltr'><strong>Deus,</strong></span> <span class='ocrx_word' id='word_1_524' title='bbox 1883 5054 1970 5123; x_wconf 88' lang='lat' dir='ltr'><strong>qui</strong></span> <span class='ocrx_word' id='word_1_525' title='bbox 2018 5054 2139 5107; x_wconf 90' lang='lat' dir='ltr'><strong>uni-</strong></span> <span class='ocrx_word' id='word_1_526' title='bbox 2246 5058 2415 5125; x_wconf 73' lang='lat' dir='ltr'><strong>prima</strong></span> <span class='ocrx_word' id='word_1_527' title='bbox 2438 5060 2736 5112; x_wconf 91' lang='lat' dir='ltr'><strong>occurrerit</strong></span> <span class='ocrx_word' id='word_1_528' title='bbox 2771 5060 3006 5115; x_wconf 91' lang='lat' dir='ltr'><strong>imitator</strong></span> <span class='ocrx_word' id='word_1_529' title='bbox 3036 5062 3288 5130; x_wconf 72' lang='lat' dir='ltr'><strong>existant,</strong></span> <span class='ocrx_word' id='word_1_530' title='bbox 3320 5079 3436 5132; x_wconf 75' lang='lat' dir='ltr'><strong>qua:</strong></span> <span class='ocrx_word' id='word_1_531' title='bbox 3460 5071 3625 5117; x_wconf 89' lang='lat' dir='ltr'><strong>utrum</strong></span> <span class='ocrx_word' id='word_1_532' title='bbox 3651 5066 3771 5127; x_wconf 71' lang='lat' dir='ltr'><strong>pt&#39;at&#39;a</strong></span> 
     </span>
    </p>
   </div>
   <div class='ocr_carea' id='block_1_47' title="bbox 549 5140 3770 5222">
    <p class='ocr_par' dir='ltr' id='par_1_47' title="bbox 549 5140 3770 5222">
     <span class='ocr_line' id='line_1_47' title="bbox 549 5140 3770 5222; baseline -0.001 -20"><span class='ocrx_word' id='word_1_533' title='bbox 549 5164 707 5206; x_wconf 81' lang='lat' dir='ltr'><strong>versa</strong></span> <span class='ocrx_word' id='word_1_534' title='bbox 756 5162 877 5220; x_wconf 64' lang='lat' dir='ltr'><strong>quae</strong></span> <span class='ocrx_word' id='word_1_535' title='bbox 925 5146 1171 5202; x_wconf 78' lang='lat' dir='ltr'><strong>videntur</strong></span> <span class='ocrx_word' id='word_1_536' title='bbox 1213 5154 1266 5201; x_wconf 89' lang='lat' dir='ltr'><strong>et</strong></span> <span class='ocrx_word' id='word_1_537' title='bbox 1313 5160 1431 5215; x_wconf 71' lang='lat' dir='ltr'><strong>qua:</strong></span> <span class='ocrx_word' id='word_1_538' title='bbox 1478 5160 1582 5199; x_wconf 92' lang='lat' dir='ltr'><strong>non</strong></span> <span class='ocrx_word' id='word_1_539' title='bbox 1625 5146 1893 5210; x_wconf 87' lang='lat' dir='ltr'><strong>videntur,</strong></span> <span class='ocrx_word' id='word_1_540' title='bbox 1946 5144 2139 5201; x_wconf 89' lang='lat' dir='ltr'><strong>virtute</strong></span> <span class='ocrx_word' id='word_1_541' title='bbox 2243 5148 2312 5202; x_wconf 91' lang='lat' dir='ltr'><strong>sit</strong></span> <span class='ocrx_word' id='word_1_542' title='bbox 2342 5163 2438 5202; x_wconf 90' lang='lat' dir='ltr'><strong>nec</strong></span> <span class='ocrx_word' id='word_1_543' title='bbox 2469 5163 2570 5215; x_wconf 90' lang='lat' dir='ltr'><strong>ne,</strong></span> <span class='ocrx_word' id='word_1_544' title='bbox 2603 5148 2687 5203; x_wconf 85' lang='lat' dir='ltr'><strong>vel</strong></span> <span class='ocrx_word' id='word_1_545' title='bbox 2714 5150 2940 5205; x_wconf 83' lang='lat' dir='ltr'><strong>veritate</strong></span> <span class='ocrx_word' id='word_1_546' title='bbox 2982 5151 3234 5218; x_wconf 73' lang='lat' dir='ltr'><strong>suffulta,</strong></span> <span class='ocrx_word' id='word_1_547' title='bbox 3270 5153 3475 5222; x_wconf 85' lang='lat' dir='ltr'><strong>ignoro.</strong></span> <span class='ocrx_word' id='word_1_548' title='bbox 3519 5152 3581 5207; x_wconf 85' lang='lat' dir='ltr'><strong>Et</strong></span> <span class='ocrx_word' id='word_1_549' title='bbox 3607 5150 3708 5203; x_wconf 91' lang='lat' dir='ltr'><strong>ideo</strong></span> <span class='ocrx_word' id='word_1_550' title='bbox 3736 5140 3770 5195; x_wconf 83' lang='lat' dir='ltr'><strong>si</strong></span> 
     </span>
    </p>
   </div>
   <div class='ocr_carea' id='block_1_48' title="bbox 552 5237 3770 5315">
    <p class='ocr_par' dir='ltr' id='par_1_48' title="bbox 552 5237 3770 5315">
     <span class='ocr_line' id='line_1_48' title="bbox 552 5237 3770 5315; baseline -0.002 -14"><span class='ocrx_word' id='word_1_551' title='bbox 552 5244 704 5301; x_wconf 81' lang='lat' dir='ltr'><strong>verbi</strong></span> <span class='ocrx_word' id='word_1_552' title='bbox 733 5243 817 5299; x_wconf 84' lang='lat' dir='ltr'><strong>sui</strong></span> <span class='ocrx_word' id='word_1_553' title='bbox 848 5241 1069 5297; x_wconf 84' lang='lat' dir='ltr'><strong>creavit.</strong></span> <span class='ocrx_word' id='word_1_554' title='bbox 1100 5239 1169 5294; x_wconf 88' lang='lat' dir='ltr'><strong>Et</strong></span> <span class='ocrx_word' id='word_1_555' title='bbox 1208 5239 1462 5309; x_wconf 87' lang='lat' dir='ltr'><strong>quoniam</strong></span> <span class='ocrx_word' id='word_1_556' title='bbox 1492 5254 1610 5293; x_wconf 90' lang='lat' dir='ltr'><strong>cum</strong></span> <span class='ocrx_word' id='word_1_557' title='bbox 1639 5240 1819 5308; x_wconf 65' lang='lat' dir='ltr'><strong>plutes</strong></span> <span class='ocrx_word' id='word_1_558' title='bbox 1848 5237 2138 5293; x_wconf 84' lang='lat' dir='ltr'><strong>Christiani</strong></span> <span class='ocrx_word' id='word_1_559' title='bbox 2244 5238 2435 5307; x_wconf 77' lang='lat' dir='ltr'><strong>placet,</strong></span> <span class='ocrx_word' id='word_1_560' title='bbox 2472 5240 2579 5293; x_wconf 91' lang='lat' dir='ltr'><strong>imo</strong></span> <span class='ocrx_word' id='word_1_561' title='bbox 2610 5240 2729 5309; x_wconf 91' lang='lat' dir='ltr'><strong>quia</strong></span> <span class='ocrx_word' id='word_1_562' title='bbox 2765 5240 2976 5309; x_wconf 87' lang='lat' dir='ltr'><strong>placere</strong></span> <span class='ocrx_word' id='word_1_563' title='bbox 3001 5242 3182 5305; x_wconf 88' lang='lat' dir='ltr'><strong>debet,</strong></span> <span class='ocrx_word' id='word_1_564' title='bbox 3204 5246 3563 5315; x_wconf 89' lang='lat' dir='ltr'><strong>unusquisque</strong></span> <span class='ocrx_word' id='word_1_565' title='bbox 3582 5248 3770 5296; x_wconf 75' lang='lat' dir='ltr'><strong>vestrum</strong></span> 
     </span>
    </p>
   </div>
   <div class='ocr_carea' id='block_1_49' title="bbox 554 5328 3775 5405">
    <p class='ocr_par' dir='ltr' id='par_1_49' title="bbox 554 5328 3775 5405">
     <span class='ocr_line' id='line_1_49' title="bbox 554 5328 3775 5405; baseline -0.002 -15"><span class='ocrx_word' id='word_1_566' title='bbox 554 5334 789 5390; x_wconf 84' lang='lat' dir='ltr'><strong>nominis</strong></span> <span class='ocrx_word' id='word_1_567' title='bbox 816 5332 972 5388; x_wconf 91' lang='lat' dir='ltr'><strong>titulo</strong></span> <span class='ocrx_word' id='word_1_568' title='bbox 991 5338 1333 5397; x_wconf 86' lang='lat' dir='ltr'><strong>censeantur,</strong></span> <span class='ocrx_word' id='word_1_569' title='bbox 1362 5344 1391 5385; x_wconf 89' lang='lat' dir='ltr'><strong>a</strong></span> <span class='ocrx_word' id='word_1_570' title='bbox 1418 5330 1641 5386; x_wconf 83' lang='lat' dir='ltr'><strong>veritate</strong></span> <span class='ocrx_word' id='word_1_571' title='bbox 1662 5330 1777 5399; x_wconf 92' lang='lat' dir='ltr'><strong>ejus</strong></span> <span class='ocrx_word' id='word_1_572' title='bbox 1809 5328 1930 5385; x_wconf 92' lang='lat' dir='ltr'><strong>ﬂdei</strong></span> <span class='ocrx_word' id='word_1_573' title='bbox 1955 5328 2136 5397; x_wconf 84' lang='lat' dir='ltr'><strong>procul</strong></span> <span class='ocrx_word' id='word_1_574' title='bbox 2244 5328 2295 5383; x_wconf 88' lang='lat' dir='ltr'><strong>in</strong></span> <span class='ocrx_word' id='word_1_575' title='bbox 2325 5340 2613 5397; x_wconf 89' lang='lat' dir='ltr'><strong>conspectu</strong></span> <span class='ocrx_word' id='word_1_576' title='bbox 2646 5340 2827 5386; x_wconf 91' lang='lat' dir='ltr'><strong>nostro</strong></span> <span class='ocrx_word' id='word_1_577' title='bbox 2865 5332 2989 5387; x_wconf 76' lang='lat' dir='ltr'><strong>ﬁdei</strong></span> <span class='ocrx_word' id='word_1_578' title='bbox 3031 5347 3142 5387; x_wconf 65' lang='lat' dir='ltr'><strong>sua:</strong></span> <span class='ocrx_word' id='word_1_579' title='bbox 3170 5337 3491 5389; x_wconf 89' lang='lat' dir='ltr'><strong>sententiam</strong></span> <span class='ocrx_word' id='word_1_580' title='bbox 3522 5332 3710 5405; x_wconf 78' lang='lat' dir='ltr'><strong>pandat,</strong></span> <span class='ocrx_word' id='word_1_581' title='bbox 3733 5330 3775 5376; x_wconf 77' lang='grc' dir='ltr'><strong>οι</strong></span> 
     </span>
    </p>
   </div>
   <div class='ocr_carea' id='block_1_50' title="bbox 554 5415 3773 5492">
    <p class='ocr_par' dir='ltr' id='par_1_50' title="bbox 554 5415 3773 5492">
     <span class='ocr_line' id='line_1_50' title="bbox 554 5415 3773 5492; baseline -0.003 -9"><span class='ocrx_word' id='word_1_582' title='bbox 554 5431 805 5483; x_wconf 84' lang='lat' dir='ltr'><strong>aberrare</strong></span> <span class='ocrx_word' id='word_1_583' title='bbox 834 5425 1105 5491; x_wconf 91' lang='lat' dir='ltr'><strong>dicuntur,</strong></span> <span class='ocrx_word' id='word_1_584' title='bbox 1130 5424 1343 5480; x_wconf 90' lang='lat' dir='ltr'><strong>diversa</strong></span> <span class='ocrx_word' id='word_1_585' title='bbox 1374 5426 1577 5481; x_wconf 85' lang='lat' dir='ltr'><strong>scilicet</strong></span> <span class='ocrx_word' id='word_1_586' title='bbox 1603 5424 1885 5481; x_wconf 88' lang='lat' dir='ltr'><strong>sentiendo</strong></span> <span class='ocrx_word' id='word_1_587' title='bbox 1911 5432 1966 5478; x_wconf 91' lang='lat' dir='ltr'><strong>et</strong></span> <span class='ocrx_word' id='word_1_588' title='bbox 1997 5424 2137 5478; x_wconf 88' lang='lat' dir='ltr'><strong>varia</strong></span> <span class='ocrx_word' id='word_1_589' title='bbox 2239 5420 2640 5477; x_wconf 78' lang='lat' dir='ltr'><strong>examinatione</strong></span> <span class='ocrx_word' id='word_1_590' title='bbox 2682 5421 2860 5477; x_wconf 88' lang='lat' dir='ltr'><strong>habita</strong></span> <span class='ocrx_word' id='word_1_591' title='bbox 2887 5463 2903 5489; x_wconf 93' lang='lat'><strong>,</strong></span> <span class='ocrx_word' id='word_1_592' title='bbox 2935 5440 3053 5492; x_wconf 71' lang='lat' dir='ltr'><strong>qua:</strong></span> <span class='ocrx_word' id='word_1_593' title='bbox 3080 5424 3285 5479; x_wconf 81' lang='lat' dir='ltr'><strong>firmior</strong></span> <span class='ocrx_word' id='word_1_594' title='bbox 3312 5427 3519 5481; x_wconf 91' lang='lat' dir='ltr'><strong>cunctis</strong></span> <span class='ocrx_word' id='word_1_595' title='bbox 3560 5433 3611 5478; x_wconf 92' lang='lat' dir='ltr'><strong>et</strong></span> <span class='ocrx_word' id='word_1_596' title='bbox 3635 5415 3773 5475; x_wconf 77' lang='lat' dir='ltr'><strong>verior</strong></span> 
     </span>
    </p>
   </div>
   <div class='ocr_carea' id='block_1_51' title="bbox 554 5506 3772 5589">
    <p class='ocr_par' dir='ltr' id='par_1_51' title="bbox 554 5506 3772 5589">
     <span class='ocr_line' id='line_1_51' title="bbox 554 5506 3772 5589; baseline -0.002 -17"><span class='ocrx_word' id='word_1_597' title='bbox 554 5523 858 5589; x_wconf 77' lang='lat' dir='ltr'><strong>ilogmatum</strong></span> <span class='ocrx_word' id='word_1_598' title='bbox 898 5519 1140 5575; x_wconf 89' lang='lat' dir='ltr'><strong>instituta</strong></span> <span class='ocrx_word' id='word_1_599' title='bbox 1168 5518 1446 5583; x_wconf 80' lang='lat' dir='ltr'><strong>sectando,</strong></span> <span class='ocrx_word' id='word_1_600' title='bbox 1477 5519 1616 5573; x_wconf 91' lang='lat' dir='ltr'><strong>scire</strong></span> <span class='ocrx_word' id='word_1_601' title='bbox 1645 5532 1787 5572; x_wconf 92' lang='lat' dir='ltr'><strong>nune</strong></span> <span class='ocrx_word' id='word_1_602' title='bbox 1813 5528 2139 5584; x_wconf 84' lang='lat' dir='ltr'><strong>magnopere</strong></span> <span class='ocrx_word' id='word_1_603' title='bbox 2243 5518 2455 5577; x_wconf 86' lang='lat' dir='ltr'><strong>reperta</strong></span> <span class='ocrx_word' id='word_1_604' title='bbox 2486 5509 2670 5578; x_wconf 89' lang='lat' dir='ltr'><strong>fuerit,</strong></span> <span class='ocrx_word' id='word_1_605' title='bbox 2704 5512 2827 5568; x_wconf 89' lang='lat' dir='ltr'><strong>huic</strong></span> <span class='ocrx_word' id='word_1_606' title='bbox 2851 5528 3038 5568; x_wconf 90' lang='lat' dir='ltr'><strong>omnes</strong></span> <span class='ocrx_word' id='word_1_607' title='bbox 3063 5516 3185 5583; x_wconf 91' lang='lat' dir='ltr'><strong>jure</strong></span> <span class='ocrx_word' id='word_1_608' title='bbox 3208 5516 3483 5581; x_wconf 83' lang='lat' dir='ltr'><strong>cedamus,</strong></span> <span class='ocrx_word' id='word_1_609' title='bbox 3513 5526 3562 5570; x_wconf 90' lang='lat' dir='ltr'><strong>et</strong></span> <span class='ocrx_word' id='word_1_610' title='bbox 3583 5506 3772 5567; x_wconf 67' lang='lat' dir='ltr'><strong>hancin-</strong></span> 
     </span>
    </p>
   </div>
   <div class='ocr_carea' id='block_1_52' title="bbox 554 5601 3567 5681">
    <p class='ocr_par' dir='ltr' id='par_1_52' title="bbox 554 5601 3567 5681">
     <span class='ocr_line' id='line_1_52' title="bbox 554 5601 3567 5681; baseline -0.001 -18"><span class='ocrx_word' id='word_1_611' title='bbox 554 5612 800 5666; x_wconf 87' lang='lat' dir='ltr'><strong>desidero</strong></span> <span class='ocrx_word' id='word_1_612' title='bbox 842 5628 961 5681; x_wconf 69' lang='lat' dir='ltr'><strong>qua:</strong></span> <span class='ocrx_word' id='word_1_613' title='bbox 1004 5612 1074 5666; x_wconf 89' lang='lat' dir='ltr'><strong>sit</strong></span> <span class='ocrx_word' id='word_1_614' title='bbox 1112 5612 1244 5667; x_wconf 90' lang='lat' dir='ltr'><strong>recti</strong></span> <span class='ocrx_word' id='word_1_615' title='bbox 1289 5611 1550 5680; x_wconf 84' lang='lat' dir='ltr'><strong>dogmatis</strong></span> <span class='ocrx_word' id='word_1_616' title='bbox 1583 5609 1749 5673; x_wconf 81' lang='lat' dir='ltr'><strong>ﬁdes,</strong></span> <span class='ocrx_word' id='word_1_617' title='bbox 1792 5608 1877 5663; x_wconf 88' lang='lat' dir='ltr'><strong>cui</strong></span> <span class='ocrx_word' id='word_1_618' title='bbox 1916 5605 2137 5662; x_wconf 86' lang='lat' dir='ltr'><strong>remotis</strong></span> <span class='ocrx_word' id='word_1_619' title='bbox 2247 5601 2552 5659; x_wconf 89' lang='lat' dir='ltr'><strong>dubitanter</strong></span> <span class='ocrx_word' id='word_1_620' title='bbox 2581 5616 2764 5674; x_wconf 91' lang='lat' dir='ltr'><strong>spreto</strong></span> <span class='ocrx_word' id='word_1_621' title='bbox 2788 5607 3037 5664; x_wconf 87' lang='lat' dir='ltr'><strong>falsitatis</strong></span> <span class='ocrx_word' id='word_1_622' title='bbox 3063 5625 3246 5665; x_wconf 90' lang='lat' dir='ltr'><strong>errore</strong></span> <span class='ocrx_word' id='word_1_623' title='bbox 3268 5625 3567 5679; x_wconf 88' lang='lat' dir='ltr'><strong>sequamur.</strong></span> 
     </span>
    </p>
   </div>
   <div class='ocr_carea' id='block_1_53' title="bbox 499 5692 3773 5775">
    <p class='ocr_par' dir='ltr' id='par_1_53' title="bbox 499 5692 3773 5775">
     <span class='ocr_line' id='line_1_53' title="bbox 499 5692 3773 5775; baseline -0.004 -19"><span class='ocrx_word' id='word_1_624' title='bbox 499 5720 513 5740; x_wconf 78' lang='grc' dir='ltr'><strong>ι</strong></span> <span class='ocrx_word' id='word_1_625' title='bbox 556 5704 803 5759; x_wconf 88' lang='lat' dir='ltr'><strong>omnibus</strong></span> <span class='ocrx_word' id='word_1_626' title='bbox 833 5703 1114 5761; x_wconf 87' lang='lat' dir='ltr'><strong>dubietatis</strong></span> <span class='ocrx_word' id='word_1_627' title='bbox 1150 5704 1303 5775; x_wconf 82' lang='lat'><strong>120</strong></span> <span class='ocrx_word' id='word_1_628' title='bbox 1328 5700 1639 5773; x_wconf 82' lang='lat' dir='ltr'><strong>ambagibus</strong></span> <span class='ocrx_word' id='word_1_629' title='bbox 1670 5699 1928 5756; x_wconf 87' lang='lat' dir='ltr'><strong>tenaciter</strong></span> <span class='ocrx_word' id='word_1_630' title='bbox 1958 5697 2134 5753; x_wconf 75' lang='lat' dir='ltr'><strong>inhte-</strong></span> <span class='ocrx_word' id='word_1_631' title='bbox 2316 5693 2505 5749; x_wconf 79' lang='lat' dir='ltr'><strong>Omnes</strong></span> <span class='ocrx_word' id='word_1_632' title='bbox 2548 5697 2828 5753; x_wconf 75' lang='lat' dir='ltr'><strong>dixerunt:</strong></span> <span class='ocrx_word' id='word_1_633' title='bbox 2864 5700 3138 5767; x_wconf 87' lang='lat' dir='ltr'><strong>Quomodo</strong></span> <span class='ocrx_word' id='word_1_634' title='bbox 3172 5701 3262 5757; x_wconf 91' lang='lat' dir='ltr'><strong>tibi</strong></span> <span class='ocrx_word' id='word_1_635' title='bbox 3308 5700 3432 5756; x_wconf 86' lang='lat' dir='ltr'><strong>tanti</strong></span> <span class='ocrx_word' id='word_1_636' title='bbox 3473 5692 3685 5765; x_wconf 71' lang='lat' dir='ltr'><strong>mystcrii</strong></span> <span class='ocrx_word' id='word_1_637' title='bbox 3710 5699 3773 5741; x_wconf 43' lang='lat' dir='ltr'><strong>se.</strong></span> 
     </span>
    </p>
   </div>
   <div class='ocr_carea' id='block_1_54' title="bbox 563 4543 3769 4575">
    <p class='ocr_par' dir='ltr' id='par_1_54' title="bbox 563 4543 3769 4575">
     <span class='ocr_line' id='line_1_54' title="bbox 563 4543 3769 4575; baseline 0 -18"><span class='ocrx_word' id='word_1_638' title='bbox 563 4543 3769 4575; x_wconf 78' lang='lat'><strong>____________________—____________________..</strong></span> 
     </span>
    </p>
   </div>
  </div>
