3990 6390
273 370 370 425 i8!

880 360 1146 416 CONTRA
1192 357 1500 417 ARIABOS,
1546 348 2038 413 SABELLIAXOS,
2083 345 2262 410 £10.,
2310 340 2669 397 lilALOCUS.
2714 340 2840 392 LIB.
2888 339 2925 391 1.
3433 343 3529 395 ib“:

266 503 281 533 ι
303 492 415 537 reta
448 478 785 534 committere
815 489 1123 543 possumus,
1170 480 1224 525 et
1271 472 1345 525 rei
1380 472 1669 533 inexperta:
1712 465 1851 517 arbi—
1880 473 1925 527 Α
1956 472 2125 531 gentes
2146 502 2159 525 ,
2198 461 2250 513 in
2290 459 2487 513 nomine
2524 456 2692 509 Patris
2715 493 2733 522 ,
2766 464 2811 507 et
2843 451 2971 507 Filii
2996 463 3087 543 ιιί
3121 456 3341 525 Spiiitus
3372 461 3533 509 iuncti

267 577 434 628 trium
469 570 761 634 collocare,
811 581 929 620 cum
980 565 1203 618 necdum
1262 560 1572 630 gentilitatis
1614 554 1848 610 maculas

271 667 384 721 veri
411 662 674 732 dogmatis
704 659 1045 730 perceptione
1076 655 1348 709 ablueris?

342 758 545 812 Probus
569 757 730 824 judex
752 753 882 807 dixit
908 768 923 805 :
954 751 1066 805 lloc
1094 757 1176 803 cst
1203 748 1411 815 utique,
1442 743 1583 814 quod
1626 741 1749 797 totis
1774 740 1852 792 vi-

267 852 417 905 ribus
439 862 765 918 cognoscere
791 845 969 912 cupio,
995 841 1134 911 quod
1162 841 1230 894 sit
1252 850 1454 893 rectum
1478 847 1531 890 et
1556 832 1849 887 veridicum

265 946 491 1010 dogma,
528 941 579 993 iu
617 956 722 1007 quo
765 952 850 990 me
890 943 1135 1003 Oporteat
1165 931 1355 986 occulti
1406 924 1644 996 mysterii
1676 938 1850 978 sacra-

266 1043 446 1088 menta
479 1031 772 1100 percipere.
802 1026 983 1094 Neque
1006 1024 1146 1079 enim
1179 1021 1340 1076 modo
1358 1016 1623 1088 profunda
1656 1023 1847 1084 myste-

267 1130 469 1179 rlornm
493 1136 684 1175 arcana
718 1118 845 1173 mihi
876 1117 1115 1187 pateﬁeri
1154 1113 1435 1177 desidero;
1467 1110 1557 1163 sed
1591 1109 1679 1161 illa
1714 1121 1851 1160 nunc

269 1216 399 1268 mihi
446 1214 625 1281 flagito
655 1208 1041 1273 demonstrari,
1075 1222 1193 1276 qua:
1239 1205 1290 1258 in
1318 1212 1493 1257 vestra
1524 1200 1626 1254 fide
1654 1198 1854 1253 extrin-

262 1320 425 1361 secus
455 1306 737 1367 habentur,
773 1312 825 1354 et
865 1301 1073 1369 publice
1105 1296 1482 1365 praadicantnr.
1518 1291 1569 1343 Id
1601 1301 1680 1345 est
1712 1289 1850 1357 quod

264 1412 406 1450 unus
447 1396 695 1463 idemque
732 1407 890 1446 verus
928 1392 997 1445 sit
1038 1390 1179 1443 Deus
1219 1386 1506 1441 visibilium
1539 1391 1593 1437 et
1622 1381 1853 1436 invisibio

265 1489 398 1544 lium
430 1488 673 1542 conditor
705 1500 904 1540 rerum.
943 1483 1005 1537 Et
1035 1482 1155 1551 quia
1190 1481 1291 1535 hac
1321 1494 1415 1533 vos
1449 1493 1553 1529 uno
1596 1491 1687 1529 ore
1727 1489 1851 1543 pro-

264 1583 406 1637 titeri
455 1598 558 1635 non
610 1580 811 1643 nescio,
859 1576 984 1645 quid
1032 1592 1205 1629 causa:
1234 1573 1529 1635 cxsuterit,
1564 1579 1620 1622 ut
1659 1570 1709 1622 iu
1746 1576 1850 1620 tam

262 1676 441 1728 varias
470 1671 781 1726 dividatnini
829 1679 1038 1733 sectas,
1095 1677 1149 1720 ιιι
1193 1682 1310 1735 qua:
1355 1666 1424 1717 sit
1462 1678 1625 1725 vera,
1668 1672 1852 1729 quaeve

260 1766 419 1827 falsa,
452 1763 676 1832 intelligi
708 1762 928 1815 omnino
951 1775 978 1811 a
1014 1759 1168 1812 nobis
1196 1768 1300 1811 non
1333 1755 1517 1825 pOSsil,
1543 1755 1850 1822 priusquam

1962 552 2173 623 illatua.
2204 568 2366 605 xxvut
2384 591 2399 617 ,
2427 550 2538 618 19).

2028 643 2230 696 Probus
2248 642 2416 714 judea‘.
2442 640 2570 695 dixit
2605 656 2621 693 :
2652 640 2843 707 Magno
2883 636 3123 691 miraculi
3150 645 3273 706 stup
3296 652 3367 691 :re
3398 648 3535 691 atto-

1956 735 2099 789 nitus
2121 734 2319 799 litoreo,
2346 742 2457 788 tres
2477 748 2506 787 a
2530 731 2681 787 vobis
2712 729 2842 786 deos
2870 728 3149 799 prmdicari
3172 730 3532 799 conspiciens,

1956 842 1983 879 a
2012 824 2204 894 quibus
2229 824 2291 877 ad
2317 824 2471 877 unius
2497 823 2587 878 Dei
2615 822 2897 891 singularis
2928 821 3177 890 potentia:
3200 820 3531 889 majestatent

1954 916 2365 985 confugiendum
2396 930 2516 970 esse
2544 914 2897 969 credideram.
2931 911 3082 967 Unde
3107 928 3224 981 qua:
3269 911 3338 966 sit
3378 912 3534 981 hujus

1958 1009 2179 1063 rationis
2222 1008 2390 1073 ﬁdes,
2434 1008 2514 1062 vel
2544 1008 2667 1076 quid
2714 1007 2811 1060 ista
2859 1005 3013 1059 trium
3060 1020 3234 1060 rerum
3268 1003 3535 1073 triumque

1959 1100 2339 1153 vocabulorum
2390 1100 2602 1153 nomina
2653 1098 2924 1165 indicent,
2968 1112 3146 1167 quazso
3176 1111 3273 1151 nos
3304 1096 3534 1151 breviter

1958 1190 2247 1246 informare
2268 1189 2579 1258 dignemini.

2028 1285 2281 1342 Sabellius
2310 1284 2438 1337 dixit
2472 1299 2488 1337 :
2520 1282 2681 1336 Plane
2710 1298 2739 1335 a
2768 1283 2920 1335 nobis
2950 1291 3058 1337 tres
3086 1280 3360 1354 prmdicari
3404 1278 3534 1335 deos

1960 1395 2061 1432 non
2095 1377 2285 1431 audisti
2314 1419 2327 1442 ,
2361 1376 2453 1430 sed
2487 1375 2707 1430 credere
2740 1390 2838 1429 nos
2871 1376 2922 1428 in
2957 1374 3164 1429 Ρειιτιιιιι
3187 1417 3201 1441 ,
3232 1383 3287 1429 et
3317 1373 3530 1437 Filium,

1956 1482 2009 1524 et
2031 1469 2286 1539 Spiritum
2311 1484 2336 1521 s
2356 1479 2573 1530 unctum,
2601 1468 2736 1520 sicut
2767 1466 2917 1519 nobis
2952 1477 3030 1520 i-st
3061 1468 3126 1520 ab
3155 1467 3407 1535 apostolis
3432 1475 3532 1519 tra-

1956 1562 2147 1629 ditum,
2172 1559 2486 1629 simpliciter
2513 1556 2737 1627 profesai
2768 1571 2970 1611 sumus.
3000 1557 3129 1611 Cum
3158 1557 3299 1612 enim
3324 1557 3533 1610 Patrem

1958 1656 2326 1721 nominamus,
2358 1670 2462 1708 non
2492 1652 2654 1707 alium
2700 1651 2947 1715 Patrem,
2984 1650 3147 1703 aliutn
3179 1651 3425 1705 volumus
3456 1650 3535 1702 in-

1960 1748 2123 1818 telligi
2148 1747 2365 1811 Filium,
2389 1745 2481 1801 sed
2512 1746 2650 1799 hunc
2675 1748 2923 1798 eumdem
2947 1751 3001 1797 el
3030 1741 3239 1798 Patrem
3265 1753 3317 1796 et
3340 1743 3532 1797 Filium

261 1867 451 1913 vestro
477 1831 770 1912 certamine
793 1897 805 1919 ,
856 1854 1017 1923 digno
1058 1852 1324 1921 patientur.
1361 1847 1727 1902 moderamine
1759 1846 1849 1899 ha-
1888 1852 1925 1908 υ
1960 1839 2333 1907 prmdicamus.
2380 1839 2535 1907 122
2576 1836 2714 1889 Deus
2744 1836 2885 1889 enim
2922 1831 3173 1887 ineffabili
3205 1833 3413 1887 virtutis
3445 1848 3536 1901 po-

187 1929 191 1937 ί
261 1950 398 2010 Ιιίιο,
429 1946 552 2015 qttid
585 1948 653 1999 sit
683 1959 975 2011 congruum
1009 1941 1317 2011 diligentius
1347 1952 1731 2007 cognoscamus
1756 1938 1781 1990 ?

340 2039 403 2092 ll.
439 2038 751 2091 Athanasius
777 2036 906 2089 dixit
937 2052 952 2093 :
980 2033 1112 2089 Cum
1145 2034 1219 2086 sis
1258 2031 1401 2085 omni
1436 2031 1728 2085 litterarum
1762 2044 1850 2098 ge-

262 2148 397 2185 nere
425 2131 688 2195 imbutus,
732 2142 785 2183 et
826 2125 1209 2195 phil050phicis
1239 2122 1536 2192 disciplinis
1562 2120 1847 2175 admodum

255 2225 541 2287 eruditus,
588 2222 766 2275 mirari
820 2235 1198 2288 usquequaque
1246 2232 1352 2271 non
1383 2216 1577 2280 debes,
1628 2215 1849 2281 tluriuta

260 2332 431 2384 penes
477 2330 575 2368 nos
638 2322 692 2366 et
722 2312 864 2364 varia
915 2312 1207 2364 novitalum
1255 2308 1503 2377 dogmata
1547 2306 1848 2368 exstitisse,

255 2422 386 2460 cum
415 2415 468 2459 et
499 2403 635 2473 apud
666 2418 759 2455 vos
802 2410 877 2453 tot
914 2400 1294 2454 sententiarum
1334 2398 1594 2451 novitates
1619 2409 1852 2449 emerse-

259 2498 374 2551 r’nt
399 2537 413 2559 ,
453 2504 581 2562 quot
614 2508 745 2562 pene
777 2493 988 2544 nomina
1020 2491 1255 2558 ipsorum
1284 2488 1630 2541 continentur
1673 2496 1853 2539 aucto-

262 2605 410 2642 rum.
450 2589 580 2642 Nam
613 2603 731 2639 cum
764 2598 871 2640 tres
897 2586 1004 2637 sint
1036 2585 1087 2636 in
1131 2582 1328 2636 mundo
1352 2623 1364 2643 ,
1396 2581 1699 2634 Judreorum
1722 2620 1734 2640 ,
1770 2594 1856 2647 pa-

258 2697 525 2747 ganorum
554 2691 607 2733 et
632 2678 1057 2732 Christianorqu
1088 2676 1163 2728 rel
1188 2676 1393 2744 giones,
1419 2674 1597 2726 multis
1618 2682 1669 2726 et
1698 2672 1854 2739 longe

258 2774 515 2827 d.’screlis
546 2772 935 2827 sententiarum
979 2768 1378 2821 diversitatibns
1412 2780 1739 2835 unaquaeque
1769 2780 1853 2818 re-

262 2866 275 2917 l
303 2866 390 2933 gio
418 2880 445 2917 a
468 2864 641 2931 seipsa
674 2863 1007 2924 desciSrens,
1034 2860 1085 2913 iu
1113 2859 1281 2911 varias
1311 2858 1542 2928 propria:
1564 2856 1849 2910 institutio-

264 2956 347 3009 nis
395 2964 570 3009 sectas
615 2954 781 3007 divisa
832 2966 908 3007 (εει
956 2952 1123 3005 :dum
1176 2950 1541 3019 uisu-quisque
1587 2948 1852 3003 suavita'e

263 3044 578 3098 recentioris
622 3042 931 3105 sententiae,
985 3040 1419 3094 nnn'veritatem
1467 3038 1559 3093 sed
1608 3037 1849 3091 veritatis

258 3134 672 3188 similitudinem
707 3133 1040 3203 prtefcrentis
1080 3132 1326 3196 illectus,
1360 3131 1512 3200 121
1557 3129 1847 3197 antiquitus

1958 1931 2152 1994 tentia,
2196 1945 2298 2001 qua
2346 1928 2526 1983 omnia
2573 1927 2794 1995 implet,
2836 1922 3013 1979 Maria:
3055 1924 3284 1993 Virginis
3324 1934 3533 1979 uterum

1956 2026 2183 2094 implens
2206 2065 2219 2088 ,
2253 2033 2412 2093 atque
2450 2036 2515 2076 ex
2545 2036 2623 2083 se,
2654 2020 2723 2073 ob
2753 2020 2979 2074 humana
3009 2018 3212 2087 piacula
3246 2017 3528 2085 expianda,

1952 2115 2182 2171 carnalis
2226 2113 2463 2168 materia:
2502 2112 2852 2166 substantiam
2885 2112 3000 2164 sine
3040 2114 3119 2163 Sui
3170 2110 3536 2163 immutatione

1961 2208 2261 2276 suscipiens
2288 2248 2302 2272 ,
2351 2205 2631 2259 visibiliter
2670 2220 2793 2259 sese
2844 2203 3088 2257 humanis
3132 2203 3405 2257 obtutibus
3443 2201 3535 2254 dc-

1956 2302 2273 2355 tnonstravit
2297 2340 2314 2367 ,
2371 2299 2423 2353 e't
2455 2301 2505 2353 in
2543 2315 2607 2354 eo
2641 2302 2754 2367 ipso
2792 2300 3011 2352 hom'ne
3052 2314 3207 2367 quem
3248 2296 3536 2367 assumpsit

1958 2392 2121 2445 Filius
2166 2401 2537 2461 nuncupatur;
2585 2408 2704 2445 cum
2750 2384 2855 2445 n‘on
2895 2392 3030 2444 alius
3058 2402 3214 2460 atque
3243 2391 3409 2454 alius,
3440 2389 3533 2443 sed

1959 2485 2096 2538 idem
2130 2483 2288 2536 Pater
2334 2483 2673 2551 intelligatur.
2718 2481 2782 2535 Et
2814 2482 2913 2536 hac
2944 2482 3147 2535 ratione
3179 2497 3337 2534 unum
3370 2481 3533 2533 Deum

1957 2576 2199 2637 colimus.
2222 2590 2324 2628 non
2349 2573 2508 2627 alium
2537 2572 2617 2645 (ut
2639 2573 2769 2643 dixi)
2792 2583 2949 2643 atque
2971 2573 3131 2625 alium
3157 2571 3534 2639 iutelligentes,

1957 2668 2059 2724 sed
2083 2668 2225 2721 hunc
2256 2666 2611 2735 eumdemque
2642 2682 2804 2720 unum
2836 2675 2885 2720 et
2917 2680 3099 2718 verum
3135 2662 3463 2731 proﬁtentes.

2028 2757 2115 2813 IV.
2150 2758 2395 2811 Photinus
2426 2758 2554 2811 dixit
2601 2776 2618 2811 :
2656 2756 2818 2826 Impie
2854 2755 3013 2810 Sabel
3040 2756 3118 2809 ius
3152 2754 3425 2825 professus
3455 2765 3536 2807 est

1957 2851 2123 2905 Deum
2170 2849 2381 2904 Patrem
2437 2865 2528 2917 per
2575 2848 2841 2919 Virginein
2893 2856 3070 2901 natum
3102 2888 3117 2913 ,
3169 2847 3351 2900 nescio
3395 2845 3535 2914 qttod

1954 2941 2311 3012 protensionis
2339 2942 2521 2994 vitium
2554 2948 2712 2993 tantze
2755 2939 3003 3008 ingerens
3030 2937 3316 3006 majestati,
3358 2946 3415 2990 ut
3442 2951 3535 3007 per

1953 3034 2003 3088 id
2031 3035 2170 3104 quod
2196 3042 2453 3089 extensus
2478 3034 2634 3087 estin
2665 3033 2898 3103 Virgine,
2928 3032 3039 3101 ipse
3066 3032 3164 3086 sibi
3196 3030 3372 3095 Pater,
3397 3031 3535 3102 ipse-

1952 3140 2055 3195 que
2086 3126 2157 3178 sit
2188 3124 2374 3189 Filius,
2408 3126 2544 3193 quod
2576 3126 2756 3180 nullus
2786 3124 3205 3178 Christianorum
3237 3124 3284 3178 ei
3314 3138 3534 3178 conces-

260 3244 287 3276 a
319 3226 558 3292 patribus
587 3226 833 3279 traditam
870 3224 1064 3278 lineam
1094 3222 1450 3290 derelinquit;
1492 3236 1556 3274 eo
1588 3221 1841 3275 irremea-
1871 3225 1915 3286 C
1950 3221 2103 3274 serit.
2155 3218 2307 3272 Unde
2347 3218 2513 3286 magis
2556 3233 2655 3285 ego
2699 3218 2829 3281 dico,
2869 3216 3033 3270 Deum
3086 3216 3295 3271 Paticm
3342 3215 3530 3270 Filium

258 3317 441 3370 biltter
472 3332 564 3385 per
599 3318 711 3369 avia
755 3318 1036 3380 oberrans,
1070 3330 1172 3382 quo
1198 3312 1439 3367 novitate
1466 3327 1563 3381 pro
1583 3321 1845 3365 vetustate

258 3411 427 3463 utitur
458 3419 708 3477 tanquam
743 3407 947 3477 antiqui
996 3406 1178 3461 limitis
1220 3414 1274 3459 et
1309 3420 1337 3458 a
1387 3405 1623 3474 patribus
1668 3402 1845 3457 traditi

256 3506 401 3555 viam
431 3501 707 3556 incedens.
754 3501 857 3553 Aut
911 3500 1051 3553 enim
1085 3498 1310 3551 multum
1352 3496 1533 3555 sentit,
1559 3505 1649 3549 aut
1672 3494 1848 3548 minus

255 3593 452 3659 credit,
481 3601 535 3646 et
558 3592 677 3645 ideo
701 3590 933 3644 medium
957 3598 1009 3643 et
1032 3589 1233 3656 regium
1261 3587 1363 3641 iter
1384 3585 1630 3639 incedere
1654 3585 1843 3639 nescit.

255 3686 389 3739 l’lznc
420 3684 619 3738 idcirco
651 3682 906 3752 przefatus
932 3695 1051 3735 sum
1080 3721 1093 3745 ,
1126 3688 1184 3735 ut
1216 3678 1306 3732 tibi
1335 3677 1632 3732 clarissima
1662 3677 1845 3745 explo-

258 3776 445 3831 randae
473 3776 717 3831 veritatis
747 3772 941 3827 indicia
974 3772 1434 3833 demenstrarem;
1467 3778 1523 3821 ut
1555 3782 1846 3838 agnoscere

260 3869 515 3923 facillime
546 3882 710 3937 queas
769 3867 916 3920 illum
960 3863 1235 3933 pravitatis
1262 3877 1446 3916 errore
1478 3860 1697 3925 involvi,
1753 3858 1842 3927 qui

259 3961 438 4028 prisca
484 3960 790 4028 apostolica:
838 3955 959 4010 ﬁdei
1004 3956 1245 4010 instituta
1289 3952 1690 4020 derelinquens,
1728 3950 1842 4017 ipse

255 4068 290 4105 s
315 4050 365 4103 bi
416 4064 510 4118 pro
546 4060 656 4102 sua:
686 4047 974 4102 voluntatis
1029 4045 1247 4100 arbitrio
1304 4043 1462 4097 ﬁdem
1498 4057 1656 4111 quam
1695 4040 1842 4109 sequi

256 4140 459 4194 debeat
513 4138 765 4193 somniat.

341 4230 492 4282 Arius
524 4228 650 4281 dixit
676 4245 692 4282 :
725 4227 954 4296 Optime,
974 4225 1297 4281 Athanasius
1343 4239 1581 4279 errorem
1610 4220 1845 4291 perﬁdia:

261 4323 322 4375 in
354 4321 577 4389 adjectis
605 4328 658 4374 et
685 4334 855 4387 nuper
883 4318 1111 4372 inventis
1138 4334 1317 4372 rerum
1348 4316 1675 4370 novitatibus
1714 4328 1845 4369 eon-

255 4415 456 4469 aistere
482 4412 782 4480 proﬁtetur,
803 4410 1099 4480 apostolico
1121 4411 1172 4464 in
1196 4410 1298 4464 hoc
1325 4411 1497 4479 ipsum
1521 4417 1847 4479 congruente

257 4487 603 4565 testimonio,
634 4516 741 4571 quo
763 4501 837 4554 ait
864 4518 875 4552 :
909 4499 1168 4570 Profanas
1198 4509 1364 4553 autem
1388 4515 1565 4553 vocum
1603 4499 1845 4552 novitates

1951 3309 2149 3364 habere
2180 3310 2461 3363 Dominum
2491 3308 2670 3363 Jesutn
2702 3305 2994 3372 Christum,
3025 3326 3091 3363 ex
3121 3306 3283 3361 Maria
3316 3307 3532 3377 Virgine

1949 3402 2157 3456 initium
2203 3412 2543 3464 suun-utem;
2589 3401 2678 3470 qui
2733 3416 2825 3468 per
2868 3411 3067 3454 sancta:
3108 3399 3530 3453 conversationis

1948 3496 2460 3550 excellentissimum
2493 3506 2650 3561 atque
2683 3494 2997 3547 inimitabile
3040 3494 3381 3549 beatitudinis
3420 3510 3532 3549 me-

1948 3588 2130 3652 ritum,
2161 3603 2188 3639 a
2221 3589 2327 3641 Deo
2352 3587 2505 3641 Patre
2530 3587 2579 3639 in
2608 3585 2797 3643 Ellum
2830 3597 2909 3641 est
2932 3587 3231 3655 adoptatus,
3253 3598 3306 3641 et
3331 3588 3531 3642 eximio

1948 3680 2244 3734 divinitatis
2284 3682 2487 3734 honore
2530 3680 2775 3733 donatus.
2818 3679 3081 3734 C'rterum
3130 3680 3269 3734 Deus
3308 3682 3531 3735 inviola-

1949 3772 2071 3826 bilis
2101 3782 2154 3826 et
2185 3773 2476 3827 immensus
2496 3814 2509 3836 ,
2542 3787 2641 3825 nec
2670 3788 2734 3827 et
2763 3787 2832 3826 se
2853 3771 3013 3825 alium
3040 3773 3251 3842 genuit,
3291 3788 3390 3829 nec
3416 3774 3529 3841 ipse

1949 3880 2180 3934 unquam
2211 3865 2423 3932 genitus
2455 3863 2571 3929 fuit,
2601 3873 2659 3917 ut
2690 3864 2880 3918 merito
2905 3874 2993 3920 aut
3025 3864 3095 3919 de
3119 3880 3175 3919 se
3207 3865 3395 3919 Filium
3430 3866 3527 3918 ha-

1947 3959 2095 4020 bere,
2120 3966 2210 4009 aut
2234 3957 2347 4025 ipse
2368 3955 2467 4009 sibi
2494 3954 2655 4008 Filius
2675 3969 2795 4009 esse
2814 3955 3083 4009 credatur.
3112 3956 3213 4010 Sed
3239 3965 3319 4010 est
3342 3956 3527 4011 unicus

1947 4058 2002 4102 ct
2029 4049 2339 4116 singularis,
2370 4061 2468 4100 nec
2496 4047 2800 4114 generando
2828 4047 3057 4114 passioni
3101 4047 3393 4113 obnoxius,
3428 4062 3527 4102 nec

1947 4138 2184 4206 seipsum
2212 4137 2579 4206 protendendo
2601 4138 2921 4200 cumulatus,
2943 4152 3040 4191 nec
3063 4152 3210 4189 suam
3239 4138 3287 4189 in
3315 4137 3533 4207 Virgine-

1951 4228 2249 4296 portionem
2279 4226 2601 4289 derivando,
2639 4225 2885 4279 divisioni
2916 4226 3204 4291 subjectus.
3550 4232 3553 4239 ‘

2020 4317 2172 4370 Arius
2206 4317 2334 4369 dixit
2358 4333 2375 4369 :
2402 4316 2510 4386 Ego
2538 4316 2675 4371 enim
2702 4316 2962 4370 conﬁteor
2994 4316 3287 4385 ingenitum
3316 4317 3523 4372 Patrem
3549 4306 3553 4317 “

1950 4420 2074 4464 ante
2122 4410 2297 4463 omnia
2347 4418 2587 4477 tempora
2628 4409 2966 4464 iueﬁ'abiliter
3012 4410 3200 4464 Filium
3252 4412 3553 4480 genuisse,

1952 4516 2045 4569 per
2069 4516 2227 4571 quem
2265 4511 2319 4555 et
2349 4501 2399 4555 itt
2433 4516 2539 4570 quo
2568 4501 2809 4557 visibiles
2839 4511 3110 4556 creaturas
3146 4512 3304 4571 atque
3343 4505 3526 4559 invisi-

253 4596 430 4650 devita
464 4592 516 4664 (1
548 4592 682 4649 Tim.
712 4609 794 4659 vr,
826 4593 942 4658 20).
993 4590 1142 4646 Unde
1181 4592 1406 4646 obsecro
1452 4601 1507 4644 ut
1536 4590 1601 4643 ab
1628 4589 1729 4644 hoc
1763 4590 1841 4642 in-
1869 4597 1917 4657 ι)
1946 4594 2082 4649 biles
2122 4593 2246 4649 fecit
2282 4612 2293 4647 :
2336 4591 2423 4663 qui
2463 4593 2776 4648 novissimis
2815 4596 3139 4664 temporibus
3181 4606 3393 4666 propter
3424 4597 3523 4653 hu-

253 4686 568 4756 quisitionis
618 4686 828 4740 tramite
871 4699 979 4739 non
1024 4685 1278 4749 recedas,
1326 4683 1632 4753 diligentius
1681 4690 1841 4751 atque

254 4779 516 4833 attentius
562 4777 932 4846 investigando
985 4777 1103 4846 quis
1162 4792 1327 4837 novo,
1374 4777 1557 4845 quisve
1621 4776 1842 4846 antiquo

255 4871 430 4923 utitur
455 4868 574 4923 ﬁdei
608 4868 914 4923 testimonio
938 4867 1033 4937 (al.
1066 4867 1185 4921 ﬁdei
1218 4873 1599 4934 sacramento).

335 4961 537 5015 Probus
575 4961 733 5030 iudex
761 4961 889 5012 diait
918 4976 935 5012 :
969 4958 1037 5013 Ut
1066 4959 1179 5015 haec
1207 4974 1325 5027 qua:
1356 4959 1549 5012 asseris
1594 4958 1841 5014 facillime

257 5056 622 5117 innotescant,
656 5060 710 5106 et
738 5051 805 5105 ad
832 5050 1005 5105 lucem
1033 5049 1274 5105 veritatis
1324 5058 1526 5102 remota
1552 5048 1696 5103 omni
1728 5063 1841 5099 am-

260 5143 538 5214 biguitatis
586 5142 810 5211 caligine
859 5141 1111 5205 veniant,
1162 5140 1392 5208 antiquae
1442 5139 1561 5193 ﬁdei
1609 5138 1841 5209 regulam

258 5233 502 5304 pandite,
532 5244 585 5288 et
609 5234 678 5289 ita
711 5242 871 5288 utest
896 5234 965 5286 ab
994 5231 1250 5302 apostolis
1305 5230 1495 5284 tradita
1528 5232 1723 5286 nostris
1749 5246 1842 5284 au-

257 5352 284 5388 r
312 5333 409 5387 bus
438 5332 697 5387 intimate.

335 5421 422 5476 ill.
470 5422 653 5474 Omnes
691 5421 979 5474 dixerunt:
1008 5417 1287 5473 Credimus
1331 5418 1380 5471 in
1421 5418 1584 5470 Deum
1632 5417 1850 5470 Patrem.

259 5512 722 5577 omnipotentem,
755 5521 808 5565 et
855 5511 907 5564 in
953 5509 1135 5564 Jesum
1166 5508 1435 5566 Christum
1492 5507 1681 5561 Filium
1730 5507 1845 5576 ejus

264 5604 551 5657 Dominum
580 5614 841 5667 nostrum,
865 5612 919 5656 et
949 5603 999 5656 in
1030 5601 1287 5670 Spiritum
1318 5611 1580 5656 sanctum.
1615 5599 1737 5653 Ilaec
1765 5608 1847 5653 est

263 5694 390 5749 fidei
426 5704 622 5749 nostra!
653 5697 831 5765 regula
853 5740 866 5759 ,
898 5711 1054 5764 quam
1087 5693 1289 5749 coalesti
1325 5693 1627 5762 tuag'sterio
1662 5693 1837 5746 Domi-

263 5799 366 5837 nus
401 5785 613 5840 tradidit
654 5787 912 5855 apostolis
936 5827 949 5853 ,
987 5786 1209 5840 dicens:
1245 5783 1357 5852 Ite,
1394 5784 1644 5853 baptizare
1677 5801 1845 5840 omnes

1950 4685 2093 4739 mani
2125 4683 2335 4753 generis
2366 4684 2591 4737 salutem
2629 4700 2658 4737 a
2700 4684 2855 4740 Patre
2885 4687 3106 4752 missus,
3140 4704 3321 4743 verum
3355 4689 3525 4744 homi-

1949 4792 2069 4831 nem
2099 4776 2332 4846 gestavit
2360 4775 2413 4829 in
2444 4775 2672 4842 mundo,
2703 4792 2862 4844 quem
2900 4778 3278 4835 inviolabiliter
3314 4781 3381 4834 de
3413 4781 3527 4835 Vir-

1946 4870 2067 4938 gine
2091 4869 2250 4922 Maria
2278 4869 2393 4923 sine
2420 4869 2636 4922 humani
2662 4869 2878 4938 pudoris
2902 4872 3252 4940 permixtione
3273 4874 3523 4942 suscepit.

1946 4963 2045 5026 Qui
2086 4976 2205 5014 cum
2252 4962 2323 5015 sit
2365 4971 2625 5017 creaturae
2664 4978 2774 5017 sua:
2804 4964 2945 5019 Deus
2982 4976 3041 5019 et
3080 4966 3371 5032 Dominus,
3421 4982 3527 5021 non

1949 5062 2125 5105 tamen
2157 5059 2331 5119 potest
2356 5053 2585 5121 genitori
2612 5068 2711 5108 suo
2735 5098 2749 5123 ,
2790 5065 2883 5110 aut
2920 5056 2969 5109 in
2997 5058 3244 5111 omnibus
3273 5058 3526 5119 conferri,

1948 5150 2041 5196 aut
2068 5142 2119 5196 in
2140 5143 2327 5224 aliquo
2358 5144 2643 5213 coaequari,
2672 5160 2830 5215 quem
2862 5156 2915 5200 et
2946 5147 3108 5201 Deum
3140 5162 3314 5213 suum,
3338 5157 3393 5201 et
3420 5161 3530 5200 sua:

1952 5237 2175 5307 originis
2198 5237 2480 5306 proﬁtetur
2502 5248 2792 5294 auctorem.
2817 5240 2924 5294 Nec
2953 5250 3127 5295 tamen
3158 5240 3278 5295 ideo
3300 5238 3407 5292 duo
3431 5239 3528 5301 dii,

1952 5330 2074 5396 quia
2103 5337 2159 5382 et
2180 5328 2267 5384 hic
2284 5329 2450 5394 Deus;
2483 5344 2582 5385 nec
2608 5330 2729 5386 ideo
2751 5346 2856 5385 non
2885 5332 3042 5399 Deus,
3065 5331 3187 5401 quia
3206 5329 3351 5386 solus
3375 5326 3532 5382 Pater

1950 5419 2109 5474 Deus.
2162 5422 2308 5476 Sicut
2339 5438 2445 5477 non
2476 5423 2599 5478 ideo
2630 5439 2738 5478 non
2786 5425 2963 5479 bonus
2986 5464 3003 5489 ,
3031 5424 3150 5494 quia
3197 5420 3344 5474 solus
3375 5418 3532 5474 Pater

1951 5513 2148 5577 bonus;
2182 5530 2301 5568 cum
2328 5514 2397 5568 sit
2424 5525 2475 5570 et
2513 5518 2665 5587 123
2697 5517 2867 5570 Filius
2893 5532 2996 5570 non
3023 5516 3188 5568 solum
3220 5514 3412 5574 bonus.
3438 5513 3532 5567 sed

1947 5614 1999 5657 et
2031 5605 2290 5658 bonorum
2323 5614 2565 5661 creator.
2594 5607 2662 5659 Et
2696 5608 2833 5659 sicut
2857 5608 2904 5660 ei
2932 5622 3035 5659 non
3063 5605 3310 5658 adimitur
3342 5613 3398 5659 ut
3428 5620 3532 5659 non

1951 5695 2121 5750 bonus
2144 5698 2228 5763 sit,
2256 5712 2375 5752 cum
2412 5700 2561 5752 solus
2592 5698 2751 5752 Pater
2777 5697 2942 5763 ipsius
2974 5694 3089 5747 Filii
3114 5695 3442 5765 professione
3468 5697 3532 5750 sit

1950 5785 2155 5853 bonus;
2205 5789 2280 5845 sic
2312 5788 2362 5844 ei
2393 5804 2498 5845 nou
2548 5786 2785 5841 aufertur
2816 5801 2880 5841 ne
2916 5786 3051 5841 Deus
3098 5788 3184 5853 sit,
3236 5803 3357 5843 cum
3386 5787 3533 5843 solus
