3990 6390
544 286 646 340 185

1850 280 2070 338 VIGILII
2109 284 2115 302 ‘

2217 279 2481 338 PSENSIS
3676 285 3760 342 181

541 397 697 450 Pater
722 397 792 452 sit
822 398 980 451 Deus.
1026 395 1091 449 Et
1116 397 1253 451 sicut
1278 396 1488 452 bonitas
1521 396 1638 452 Filii
1671 412 1773 451 non
1806 396 2116 465 praeiudicat
2144 404 2189 458 Α
2223 414 2485 482 ρτοιηιος,
2514 414 2600 482 qui
2635 428 2738 468 ηοη
2769 413 2981 485 proprie
3013 413 3120 468 Deo
3140 459 3152 481 ,
3182 413 3273 469 sed
3302 414 3542 482 personis
3569 426 3618 470 et
3644 428 3756 473 tem-

539 487 893 556 singularitati
933 495 1166 555 paterna:
1208 488 1490 551 bonitatis;
1530 489 1607 541 sic
1641 486 1812 541 deitas
1853 486 1969 553 ejus
2009 502 2112 538 non

540 579 708 634 oflicit
739 579 899 647 Pa-tri,
929 595 994 634 ne
1016 582 1201 634 unicus
1231 595 1293 635 ac
1318 579 1599 650 singularis
1627 580 1694 633 sit
1723 579 1880 632 Deus.
1923 579 1986 631 Et
2015 577 2114 631 hoc

543 671 703 724 modo
731 686 894 723 unum
922 670 1227 737 profitemur
1258 670 1443 733 Deum,
1472 686 1575 723 non
1607 669 1848 737 negando
1879 668 1960 737 (ut
1983 667 2114 737 dixi)

542 760 733 815 Filium
766 761 953 825 Deum,
984 761 1075 815 sed
1106 777 1271 831 penes
1294 763 1469 815 solum
1494 762 1702 815 Patiem
1735 762 1892 813 unius
1920 759 2112 813 divini-

541 851 664 905 tatis
691 853 1058 905 auctoritatem
1087 852 1491 906 constituentes.

614 943 676 996 V.
726 943 1027 995 Athanasius
1069 943 1195 995 dixit
1238 957 1258 995 :
1302 943 1440 996 Bene
1479 944 1687 997 Patrem
1730 959 1791 997 ex
1831 957 1890 996 se
1922 940 2112 994 Filium

540 1033 874 1088 ineffabiliter
903 1043 1025 1087 ante
1054 1035 1229 1087 omnia
1276 1044 1511 1102 tempora
1549 1035 1797 1100 genuisse
1831 1033 1987 1086 Arius
2018 1046 2111 1085 sua

542 1124 872 1192 professione
901 1124 1175 1186 deﬁnivit;
1222 1123 1315 1177 sed
1349 1136 1522 1177 utrum
1557 1124 1745 1177 Filium
1778 1139 1840 1176 ex
1874 1126 1982 1191 ipsa
2016 1122 2112 1175 Pa~

541 1231 637 1273 trs
671 1218 899 1273 essentia
950 1217 1035 1271 vel
1092 1230 1281 1270 natura
1306 1257 1319 1279 ,
1354 1234 1420 1269 an
1449 1218 1666 1271 aliunde
1694 1217 1926 1286 genitum
1984 1215 2114 1269 velit

538 1326 793 1375 asserere,
830 1310 926 1364 hac
955 1310 1165 1363 interim
1194 1323 1287 1361 sua
1320 1309 1692 1376 prosecutione
1727 1309 1953 1363 reticuit.
2002 1307 2111 1376 Ego

536 1403 678 1456 enim
711 1404 941 1464 Patrem,
965 1411 1019 1455 et
1050 1401 1263 1465 Filium,
1298 1412 1353 1455 et
1381 1401 1636 1469 Spiritum
1688 1414 1928 1453 sanctum
1954 1400 2113 1453 unius

535 1496 843 1550 substantia:
870 1537 884 1559 ,
933 1495 1197 1562 uniusque
1238 1502 1438 1546 natura:
1468 1508 1586 1547 esse
1616 1494 1876 1546 conﬁteor
1908 1509 1919 1543 :
1956 1492 2024 1545 ita
2057 1500 2115 1544 ut

535 1602 640 1640 non
670 1602 734 1641 ex
766 1586 957 1651 nihilo,
991 1600 1164 1652 neque
1193 1602 1256 1639 ex
1288 1585 1485 1652 aliquo,
1519 1584 1611 1637 sed
1643 1583 1710 1637 de
1738 1583 1890 1636 Patre
1921 1581 2111 1635 Filium

533 1680 769 1749 genitum
795 1719 811 1743 ,
853 1693 905 1732 et
948 1679 1015 1733 de
1061 1679 1216 1732 Patre
1259 1676 1511 1747 Spiritum
1558 1677 1771 1732 credam
1824 1675 2113 1745 procedere

526 1781 809 1845 sanctum.
832 1770 1038 1823 Etlicet
1065 1780 1173 1825 tres
1204 1771 1255 1823 in
1289 1786 1383 1823 sua
1412 1768 1737 1838 proprietate
1765 1768 2112 1823 subsistentes
2146 1763 2187 1822 Β

538 1862 791 1928 proﬁtear
840 1877 961 1916 esse
992 1879 1247 1930 personas
1272 1903 1288 1927 ,
1340 1863 1525 1915 lterum
1560 1871 1736 1913 tamen
1771 1876 1870 1914 una
1904 1871 2111 1927 natura,

539 1969 750 2021 unaque
782 1953 1033 2009 divinitas
1059 1956 1454 2024 comprobatur.

614 2042 811 2097 Probus
829 2046 994 2115 judex
1020 2048 1145 2100 dixit
1170 2064 1186 2100 :
1214 2048 1530 2116 Quanquam
1562 2046 1674 2099 liceo
1707 2046 1851 2099 varia
1881 2056 1933 2100 et
1962 2045 2116 2114 longe

539 2135 811 2189 dissimilis
830 2139 1214 2192 sententiarum
1234 2147 1528 2193 vestrarum
1564 2138 1841 2192 diversitas
1874 2152 2114 2206 magnam

538 2227 865 2281 confusionis
893 2229 1172 2298 caliginem
1205 2230 1401 2284 nostris
1434 2230 1698 2284 mentibus
1739 2229 1995 2293 incutiat,
2041 2238 2115 2281 ta-

539 2335 662 2372 men
710 2329 767 2373 ut
811 2321 917 2374 cite
948 2320 1032 2373 liis
1063 2321 1373 2391 ambagibus
1405 2336 1660 2375 exuaniur
1688 2365 1700 2387 ,
1733 2331 1783 2374 et
1816 2330 1872 2372 ut
1903 2336 2019 2389 qua:
2047 2319 2117 2373 sit

540 2428 682 2465 vera:
732 2412 855 2466 fidei
896 2413 1195 2481 professio,
1237 2428 1624 2483 cognoscamus
1678 2412 1967 2482 dignemini
2008 2413 2116 2465 evi-

539 2505 871 2560 dentioribus
901 2505 1093 2561 divina:
1148 2506 1437 2575 Scriptura:
1482 2506 1799 2561 testimoniis
1863 2507 2114 2559 assertio-

539 2613 664 2650 num
709 2606 1004 2653 vestrarum
1036 2599 1327 2653 sententias
1369 2598 1719 2653 communire.
1772 2599 1836 2652 Et
1864 2612 1930 2651 ne
1960 2599 2115 2663 longo

538 2690 793 2743 orationis
820 2689 1021 2745 ambitu
1053 2690 1219 2759 ipsius
1253 2690 1526 2757 permixta:
1556 2690 1931 2759 disputationis
1960 2688 2115 2742 ιιιιϊιι-

539 2779 689 2833 sioue
751 2780 933 2848 procul
991 2782 1326 2853 evagemini,
1381 2780 1689 2850 singillatim
1755 2778 2116 2848 unusquisque

540 2882 781 2925 vestrum
822 2870 1079 2926 adversus
1126 2882 1351 2927 caeteros
1397 2873 1613 2927 dimicet
1655 2890 1668 2926 :
1711 2872 1780 2925 ita
1828 2880 1886 2925 ut
1929 2885 2116 2925 omnes

541 2974 723 3014 contra
765 2977 926 3016 unum
958 2963 1309 3032 quaestionum
1334 2978 1478 3016 arma
1501 2973 1794 3030 sumentes,
1820 2964 1872 3017 in
1898 2964 1978 3017 his
1999 2978 2114 3032 qua:

540 3053 695 3107 vobis
740 3068 860 3109 esse
903 3056 1203 3109 communia
1250 3057 1457 3121 nostis,
1495 3065 1677 3109 contra
1709 3055 2112 3110 dissentientem

539 3144 691 3197 vobis
737 3143 962 3198 invicem
1013 3146 1394 3214 sulfragemini.
1450 3145 1656 3212 Porro,
1712 3147 1757 3200 si
1810 3146 1931 3200 ﬁdei
1983 3126 2185 3201 nihilC

538 3250 821 3291 commune
855 3236 1060 3291 habetis
1086 3277 1099 3301 ,
1132 3240 1245 3291 su':s
1280 3239 1642 3307 unusquisque
1682 3240 1879 3292 nitatur
1912 3239 2113 3307 profes-

536 3327 796 3396 sionibus,
844 3338 901 3383 ut
927 3327 1078 3383 facile
1106 3329 1364 3382 clarescat
1408 3338 1581 3382 utrum
1612 3328 1663 3383 in
1690 3330 1771 3384 his
1793 3347 1908 3399 quae
1932 3332 1982 3384 in
2006 3333 2113 3386 alio

536 3423 755 3475 damnat
811 3424 924 3491 ipse
955 3425 1164 3491 penitus
1194 3439 1297 3475 non
1331 3422 1609 3490 impingat.
1644 3422 1697 3476 Si
1730 3423 1899 3490 placet
1933 3424 2109 3493 igitur,

535 3528 658 3566 cum
692 3513 933 3569 Sabellio
955 3514 1083 3568 inite
1107 3514 1437 3581 conﬂictum,
1459 3523 1512 3567 et
1543 3515 1629 3568 illc
1658 3526 1840 3569 contra
1872 3530 1963 3569 vos
1988 3530 2114 3570 snas

536 3604 773 3659 vindicet
819 3614 997 3671 partes
1030 3623 1040 3655 :
1076 3606 1143 3658 ita
1174 3606 1303 3659 utsi
1346 3620 1466 3660 eum
1513 3620 1768 3674 superare
1816 3606 2109 3675 quiveritis,

535 3696 713 3750 victus
742 3696 1015 3751 abscedat.
1047 3697 1171 3750 Post
1201 3714 1355 3765 quem
1396 3697 1656 3751 Photinus
1685 3712 1805 3751 sese
1836 3698 2112 3751 certamini

538 3789 669 3842 dare
715 3788 934 3843 debebit
963 3830 976 3852 ,
1019 3799 1069 3843 et
1119 3805 1267 3844 sitam
1318 3791 1564 3845 veridicis
1610 3791 1744 3844 tueri
1798 3787 2112 3842 testimoniis

538 3880 724 3937 fidem.
745 3880 942 3935 Centra
964 3896 1143 3950 quem,
1177 3881 1331 3952 124
1352 3897 1538 3936 omnes
1559 3879 1916 3936 conﬁictiouis
1941 3879 2109 3932 aciem

538 3972 830 4027 oblirmare
853 3971 1092 4039 debetis;
1139 3983 1192 4026 ut
1239 3974 1280 4026 si
1323 3982 1377 4027 et
1421 3972 1503 4027 hic
1544 3972 1764 4027 cesserit
1804 3980 2107 4039 superatus,

537 4066 907 4135 disputationis
939 4067 1113 4120 locum
1142 4066 1348 4121 caeteris
1384 4064 1728 4133 sequentibus
1756 4062 2107 4127 derelinquat.

536 4157 603 4211 Et
644 4158 743 4212 hoc
789 4158 947 4213 modo
989 4159 1219 4212 arbitror
1263 4172 1359 4211 nos
1404 4156 1470 4209 ad
1518 4155 1819 4224 indaginem
1872 4153 2109 4206 veritatis

534 4262 695 4320 posse
732 4251 1049 4317 quantocius
1098 4248 1398 4317 pervenire.
1449 4246 1793 4300 Petmittatur
1824 4246 2018 4313 itaque,
2052 4251 2110 4297 ut

535 4344 686 4404 dixi,
734 4343 999 4397 Sabellius
1040 4356 1190 4394 suam
1241 4340 1399 4392 fidetn
1432 4338 1764 4406 documentis
1802 4337 2110 4392 cealcstibus

537 4432 853 4502 approbare.

613 4493 695 4576 ill.
740 4522 997 4578 Sabeliius
1042 4521 1166 4572 dixit
1210 4535 1226 4573 :
1267 4519 1526 4584 Quoniam
1576 4534 1657 4571 me
1703 4534 1821 4572 cum
1867 4519 2112 4571 omnibus
2140 4493 2193 4550 D

538 4613 788 4681 coiigredi
840 4611 1178 4680 prarcepisli,
1233 4609 1592 4677 respondeant
1644 4616 1815 4660 utrum
1857 4607 2112 4673 simplicis

537 4715 743 4759 natura:
783 4704 947 4758 Deum
978 4718 1096 4757 esse
1122 4701 1411 4757 fateantur.

609 4797 761 4849 Arius
788 4796 919 4848 dixit
948 4794 1118 4861 :Quis
1150 4794 1247 4846 hoc
1272 4792 1466 4860 impius
1496 4789 1805 4860 negaverit?

608 4888 864 4942 Sabellius
908 4886 1037 4939 dixit
1070 4900 1086 4937 :
1122 4883 1499 4951 liespondeant
1531 4884 1689 4937 etiam
1725 4892 1899 4934 utrum
1934 4880 2112 4933 omnia

536 4997 655 5051 ane
693 4980 761 5035 de
789 4979 899 5033 Deo
949 4980 1196 5033 dicuntur
1246 4976 1536 5031 secundum
1576 4975 1930 5029 substantiam
1973 4974 2115 5027 acci-

558 5072 728 5128 tienda
759 5072 890 5125 sint.

535 5092 728 5142 plenua
759 5092 890 5125 Sint.

604 5165 757 5217 Arius
770 5162 931 5216 dixit:
955 5159 1059 5215 Ista
1072 5168 1267 5213 nostrae
1282 5157 1397 5213 ﬁdei
1416 5156 1627 5225 propria
1647 5169 1768 5210 esse
1793 5162 2109 5208 noscuntur.

607 5257 859 5312 Photinus
881 5254 1010 5308 dixit
1039 5269 1059 5306 :
1085 5253 1360 5307 Assentior
1386 5257 1571 5304 cunt-ta
1597 5248 1663 5301 de
1690 5248 1797 5300 Deo
1818 5244 2109 5299 secundum

534 5350 884 5405 substantiam
921 5345 1043 5401 dici.

607 5442 916 5495 Athanasius
938 5439 1065 5493 dixit
1089 5453 1106 5490 :
1134 5436 1248 5491 Non
1272 5446 1471 5489 temere
1494 5431 1939 5501 pronuntiaverim
1990 5428 2106 5482 uni-

536 5549 691 5587 versa
722 5551 837 5601 qum
863 5533 932 5587 de
978 5532 1086 5585 Deo
1130 5530 1379 5583 dicuntur
1425 5524 1714 5580 secundum
1754 5524 2104 5578 substantiam

541 5624 737 5678 deb‘re
765 5625 963 5692 accipi,
995 5632 1211 5692 propter
1236 5619 1520 5673 nonnullos
1552 5618 1804 5671 relatives
1836 5617 2107 5670 nominum

546 5729 721 5783 casus,
738 5714 1025 5770 secundum
1048 5713 1297 5770 usitatum
1323 5709 1538 5765 humani
1561 5724 1635 5771 sei
1650 5706 1819 5763 monis
1843 5706 2109 5776 eloquium

2221 506 2442 574 poribus
2471 506 2552 560 vel
2583 507 2983 575 quibuscnnque
3013 521 3189 560 rerum
3222 508 3507 575 generibus
3533 519 3754 577 coaptan-

2221 608 2324 653 tnr.
2369 598 2423 652 Id
2451 608 2554 663 est,
2588 614 2708 651 cum
2747 614 2804 652 se
2834 599 3039 653 nescire
3065 600 3215 663 dicit,
3249 599 3329 653 vel
3360 614 3481 652 cum
3510 614 3566 653 se
3597 600 3754 655 iterum

2218 690 2533 757 cegnovisse
2579 688 2767 743 fatetur
2798 730 2813 753 ,
2857 698 2949 742 aut
2988 704 3109 743 cum
3142 704 3319 742 rerum
3357 703 3387 740 a
3440 702 3497 742 se
3536 688 3754 743 factarum

2221 781 2606 847 ptenitudinem
2630 781 2787 850 gerit,
2811 791 2865 833 et
2887 796 3025 834 nunc
3046 796 3105 835 se
3128 782 3341 845 iratum,
3365 796 3505 835 nunc
3532 783 3755 848 placatum

2219 872 2471 926 ostendit.
2501 872 2630 938 Quae
2655 872 2831 924 omnia
2862 872 2904 923 si
2935 871 3224 925 secundum
3254 871 3541 924 essentiam
3568 872 3753 925 velimus

2219 963 2461 1031 accipere
2483 1004 2497 1026 ,
2530 963 2834 1031 passibilem
2866 966 2981 1015 sine
3008 962 3171 1015 dubio
3197 972 3248 1015 et
3281 961 3620 1033 improvidam
3646 963 3753 1013 divi-

2219 1067 2338 1105 nam
2367 1052 2736 1119 proﬁtcbimur
2763 1068 2882 1107 esse
2902 1063 3167 1115 naturam,
3197 1052 3248 1105 in
3269 1067 3370 1121 qua
3393 1063 3483 1104 aut
3508 1050 3749 1119 ignoratio,

2217 1152 2307 1197 aut
2335 1158 2397 1198 ex
2433 1152 2670 1211 tempore
2699 1154 2813 1198 orta
2843 1144 3075 1210 Cognitio
3104 1142 3259 1195 cadat
3291 1159 3304 1205 ;
3350 1155 3506 1209 quam
3536 1152 3584 1192 et
3612 1140 3750 1193 trisna

2218 1234 2523 1301 paenitendo
2549 1235 2833 1287 conﬁciant
2855 1273 2870 1296 ,
2920 1242 2973 1287 et
3014 1232 3131 1285 Ireta
3160 1231 3446 1285 sublevent
3475 1228 3750 1299 vegetando.

2217 1324 2365 1389 Quod
2397 1324 2521 1393 quid
2550 1324 2686 1377 aliud
2711 1326 2832 1386 erit,
2868 1324 2966 1377 nisi
2994 1323 3264 1377 mutabilia
3295 1323 3521 1391 perpeti,
3543 1330 3593 1375 et
3615 1322 3747 1374 insta-

2218 1417 2307 1470 bili
2352 1416 2642 1470 mobilitate
2690 1417 2789 1469 huc
2830 1416 3058 1479 illucque
3102 1413 3387 1468 diffluere?
3438 1411 3582 1466 Unde
3618 1412 3749 1464 mani-

2218 1510 2504 1563 festissime
2526 1510 2904 1578 comprobatur
2928 1524 3032 1562 non
3057 1506 3233 1559 omnia
3266 1505 3332 1559 de
3357 1505 3466 1559 Deo
3505 1503 3748 1557 secundum

2216 1600 2565 1652 substantiam
2600 1602 2701 1653 dici
2734 1598 2950 1661 debere,
2983 1597 3075 1651 sed
3105 1596 3373 1665 aliquanta
3412 1591 3755 1661 dispensationi

2218 1688 2629 1757 respondentia,
2684 1704 2786 1741 non
2839 1697 3041 1741 natura:
3089 1686 3206 1754 eius
3245 1682 3610 1740 convenientia
3635 1689 3748 1735 certo

2219 1782 2412 1834 certius
2446 1780 2703 1848 profiteri.

2288 1872 2486 1925 Probus
2516 1873 2683 1945 judrx
2720 1872 2847 1925 dixit
2892 1888 2909 1923 :
2950 1870 3093 1925 Licet
3134 1868 3462 1922 sufﬁcienter
3501 1874 3551 1920 et
3584 1863 3749 1917 doctius

2218 1965 2467 2020 laudabili
2517 1966 2778 2019 brevitate
2823 1962 3198 2031 responderis,
3236 1974 3341 2013 non
3386 1956 3557 2011 omnia
3586 1955 3644 2009 de
3668 1953 3758 2007 Deo

2217 2060 2507 2110 secundum
2539 2054 2886 2111 subSIantiam
2918 2052 3042 2116 dici,
3076 2052 3229 2103 latius
3260 2056 3441 2102 tamen
3470 2046 3577 2099 lucc
3604 2043 3753 2097 audire

2217 2151 2312 2203 alis
2345 2159 2393 2202 te
2422 2148 2668 2201 desidero
2691 2190 2705 2214 ,
2736 2162 2855 2201 cum
2905 2146 2977 2198 tui
3030 2144 3129 2200 loci
3176 2141 3556 2211 disputationis
3585 2150 3747 2205 tempus

2220 2240 2464 2293 adfuerit.
2497 2238 2645 2293 Nunc
2678 2237 2885 2291 interim
2918 2236 2937 2306 (
2969 2246 3020 2289 ut
3046 2245 3168 2289 ante
3192 2236 3328 2289 fatus
3352 2231 3502 2303 sum)
3534 2228 3752 2287 Sabellius

2219 2340 2274 2383 υῑ
2302 2339 2567 2398 coeperat,
2598 2338 2966 2397 proseQuatnr.

2292 2423 2399 2476 V‘ll.
2447 2421 2698 2477 Sabellius
2730 2421 2855 2472 dixit
2898 2435 2915 2472 :
2960 2417 3103 2471 Fidei
3154 2424 3356 2469 nostra:
3403 2412 3675 2483 professio,
3706 2416 3751 2461 ut

2218 2514 2463 2581 snperius
2498 2514 2651 2584 125
2678 2512 2814 2576 dixi,
2860 2511 2999 2565 hunc
3033 2508 3391 2575 enmdemquc
3419 2516 3472 2560 et
3504 2504 3683 2557 Patrem
3708 2508 3749 2552 et

2220 2603 2408 2658 Filium
2442 2605 2692 2671 praadicat
2724 2603 2925 2665 Deum;
2970 2615 3034 2653 ne
3059 2597 3240 2668 gentili
3265 2611 3458 2651 errore
3492 2595 3614 2647 duos
3648 2590 3744 2643 deos

2217 2712 2461 2753 asserere
2491 2695 2868 2749 convincamur
2888 2736 2900 2758 ,
2943 2692 2986 2745 si
3027 2691 3161 2744 alius
3192 2688 3378 2754 Pater,
3419 2687 3550 2740 alius
3576 2698 3601 2736 a
3630 2679 3749 2733 nobis

2219 2789 2385 2844 Filius
2419 2787 2754 2857 prwdicctur.
2804 2784 2953 2839 Unde
2993 2797 3057 2835 ex
3090 2779 3171 2833 his
3202 2780 3332 2849 ipsis
3359 2793 3477 2847 qua:
3506 2790 3530 2826 a
3562 2788 3652 2827 non
3685 2769 3743 2821 in-

2222 2878 2581 2949 telligentilzus
2595 2878 2679 2931 vel
2703 2876 2876 2929 minus
2888 2872 3239 2927 sentientibus
3254 2869 3479 2925 adversa
3504 2865 3638 2919 nobis
3655 2872 3742 2915 esse

2220 2981 2491 3042 putantur,
2516 2967 2848 3038 apertissime
2870 2961 3243 3019 demonstrabo
3270 2961 3465 3014 summi
3488 2969 3628 3025 atque
3659 2965 3744 3005 om-

2219 3041 2507 3132 inpotentis
2548 3061 2640 3115 Dei
2673 3074 2832 3114 unam
2873 3072 2994 3113 esse
3022 3069 3324 3125 personam.
3352 3053 3481 3107 Nam
3503 3050 3615 3121 quid
3636 3041 3741 3099 aliud

2216 3155 2467 3211 estPaler
2486 3154 2538 3206 in
2560 3169 2637 3205 me
2656 3167 2863 3205 manens
2885 3151 3007 3220 facit
3028 3164 3179 3219 Opera
3224 3145 3407 3215 (Joan.
3435 3161 3533 3206 xiv,
3558 3142 3647 3207 10),
3666 3134 3745 3188 υἱεῖ

2217 3249 2330 3318 Ego
2366 3249 2416 3301 in
2450 3263 2534 3301 me
2560 3260 2783 3299 manens
2808 3243 2942 3297 facio
2968 3241 3163 3309 Opera?
3190 3251 3242 3293 et
3275 3239 3377 3304 Qui
3398 3254 3474 3290 me
3495 3235 3627 3297 videt,
3645 3230 3741 3282 videi

2216 3350 2261 3393 et
2296 3339 2498 3391 Patrem
2526 3336 2701 3407 (Joan.
2733 3349 2845 3399 XIV,
2877 3332 2965 3401 9),
2987 3333 3035 3385 id
3067 3344 3171 3396 est,
3203 3330 3316 3398 Ego
3356 3344 3471 3383 sum
3494 3329 3599 3395 ipse
3624 3323 3741 3374 Pater

2215 3432 2302 3501 qni
2331 3430 2523 3492 Filius;
2556 3438 2612 3483 ut
2642 3442 2734 3496 per
2761 3438 2919 3478 unam
2960 3422 3247 3477 divinitatis
3288 3414 3737 3489 contemplationem

2216 3539 2372 3576 unam
2407 3521 2669 3590 intelligas
2695 3532 2813 3573 esse
2842 3515 3163 3583 personam?
3187 3514 3288 3568 Sed
3319 3522 3375 3567 et
3402 3511 3536 3581 quod
3560 3508 3638 3574 ait,
3658 3501 3739 3571 Ego

2212 3615 2268 3666 in
2328 3612 2482 3665 Putre
2540 3625 2583 3664 et
2650 3608 2804 3661 Pater
2853 3609 2903 3660 in
2949 3623 3070 3671 me;
3160 3605 3243 3659 vel
3312 3604 3465 3674 quod
3506 3600 3647 3654 Isaias
3690 3590 3741 3645 ad

2214 3704 2459 3757 eumdem
2504 3702 2757 3770 loquitur,
2812 3699 2997 3753 dicens
3022 3741 3036 3764 ,
3090 3695 3155 3749 In
3202 3707 3248 3749 te
3288 3706 3361 3749 est
3399 3695 3560 3757 Deus,
3601 3698 3738 3743 etnon

2214 3806 2285 3849 est
2339 3794 2471 3848 Deus
2526 3802 2705 3862 prazter
2752 3802 2797 3844 te
2844 3789 2996 3861 (Isai.
3027 3805 3152 3852 sev,
3188 3786 3293 3856 l4),
3346 3787 3396 3840 id
3448 3773 3737 3854 proculdubio

2214 3887 2549 3941 manifesﬁus
2572 3882 2732 3937 voluit
2760 3882 3014 3941 indicare.
3043 3880 3158 3934 sine
3186 3878 3409 3933 alterius
3441 3868 3738 3945 permixtione

2216 3994 2481 4049 personae,
2512 3978 2563 4031 in
2595 3977 2771 4045 seipse
2803 3972 3139 4028 ineﬁ'abiliter
3171 3982 3501 4038 permanere.
3540 3963 3588 4018 Si
3612 3956 3737 4012 enim.

2215 4080 2272 4125 ut
2321 4071 2420 4140 ipsi
2466 4083 2675 4138 quoque
2717 4065 3017 4121 concedunt
3049 4070 3103 4116 et
3131 4073 3185 4116 ut
3216 4062 3464 4130 superius
3493 4053 3604 4110 fassi
3629 4053 3737 4140 sntit.

2215 4137 2440 4230 simplex
2469 4137 2551 4215 est
2592 4158 2769 4212 divina
2804 4166 2988 4208 natura
3014 4196 3027 4220 ,
3078 4169 3182 4208 non
3217 4152 3331 4206 ﬁeri
3366 4155 3533 4219 potest
3557 4154 3602 4198 ιιι
3630 4137 3737 4190 vel!“

2213 4253 2324 4321 ipsa
2359 4251 2675 4306 intrinsecus
2732 4262 2892 4301 vacua
2950 4245 3171 4299 alterius
3209 4244 3259 4297 in
3290 4258 3347 4297 se
3379 4250 3571 4295 natura:
3595 4240 3737 4302 perso'

2214 4360 2334 4399 nam
2358 4344 2652 4405 contineat,
2680 4353 2731 4396 et
2757 4343 2871 4410 ipsa
2898 4338 3135 4393 vicissim
3158 4338 3493 4391 contineatur
3514 4333 3572 4383 ab
3590 4326 3733 4379 altera.

2217 4437 2445 4491 Nectsse
2476 4446 2558 4489 est
2596 4434 2735 4488 enim
2772 4443 2827 4486 ut
2856 4431 3032 4499 scipsa
3063 4440 3151 4484 aut
3183 4428 3469 4483 minuendo
3494 4415 3736 4477 contrahat,

2218 4538 2309 4582 aut
2352 4528 2658 4583 evacuantlo
2702 4524 3009 4587 exinaniat,
3057 4533 3148 4576 aut
3186 4519 3455 4574 dilatando
3483 4505 3732 4569 dilfundat:

2218 4620 2469 4687 qumiiam
2510 4629 2843 4685 recepturum
2892 4615 2971 4668 vel
3015 4612 3384 4681 recipientium
3429 4600 3640 4663 conditio
3663 4596 3734 4647 ista

2219 4722 2320 4771 est,
2346 4721 2401 4764 ut
2428 4722 2516 4763 aut
2548 4720 2857 4778 recepturus
2887 4706 3061 4776 spatio
3084 4706 3335 4759 dilatetur
3363 4702 3426 4755 ad
3456 4700 3651 4753 alterum
3675 4698 3735 4781 re

2216 4803 2544 4871 cipiendum;
2577 4811 2665 4853 aut
2697 4799 3029 4867 recipiendus
3093 4796 3455 4850 contractione
3484 4788 3638 4853 aliqua
3659 4790 3735 4829 mt-

2218 4905 2429 4958 nuatur,
2461 4903 2518 4946 ut
2543 4895 2678 4946 intra
2708 4900 3014 4944 evacuatam
3040 4889 3103 4941 ad
3134 4884 3523 4954 suscipiendum
3549 4891 3600 4929 se
3623 4876 3735 4924 natu-

2218 5000 2329 5037 ram
2366 4984 2535 5037 valeat
2565 4981 2846 5035 contineri.
2890 4980 3020 5045 Qua:
3050 4979 3299 5047 quoniam
3331 4988 3434 5028 tam
3469 4966 3608 5035 impia
3633 4969 3735 5011 ιῖιιυ·

2216 5089 2319 5143 que
2377 5074 2607 5127 absurda
2654 5071 2881 5141 simplici
2932 5070 3002 5123 illi
3040 5079 3093 5123 et
3138 5066 3388 5138 ineffabili
3431 5069 3612 5116 natura:

2214 5138 2407 5235 gruere
2435 5165 2650 5217 minime
2683 5138 2937 5230 possunt,
2974 5160 3025 5214 id
3049 5161 3165 5213 sine
3192 5158 3354 5213 dubie
3383 5159 3536 5210 restat
3563 5138 3733 5235 intelligi

2215 5233 2271 5307 ut
2304 5270 2440 5309 unus
2469 5254 2718 5321 idemque
2743 5254 2793 5306 in
2826 5252 3002 5320 seipse
3030 5264 3275 5313 manens,
3309 5249 3374 5303 de
3404 5245 3566 5311 seipse
3590 5233 3731 5296 siniiu‘

2217 5345 2396 5399 lariter
2430 5344 2606 5398 dicere
2646 5342 2885 5396 videatur
2914 5357 2928 5394 :
2967 5341 3076 5409 Ego
3112 5341 3162 5392 in
3192 5338 3344 5391 Patre
3368 5345 3412 5390 et
3442 5332 3578 5387 Pater
3600 5324 3642 5374 ίη
3668 5328 3727 5367 πίε

2221 5434 2393 5504 (Ιοαη.
2429 5451 2481 5498 x,
2514 5434 2607 5501 '58)
2630 5449 2643 5497 ;
2674 5441 2727 5486 et
2754 5433 2855 5495 Qui
2879 5448 2954 5484 me
2978 5432 3125 5490 videt,
3149 5429 3279 5482 videt
3305 5440 3348 5482 et
3372 5427 3561 5479 Patrem
3588 5409 3726 5506 (100.”-

2219 5542 2324 5589 itiv,
2362 5524 2418 5593 9)
2449 5544 2460 5575 ;
2494 5540 2558 5576 nc
2590 5525 2632 5576 si
2677 5524 2744 5576 de
2792 5522 2998 5575 duobus
3028 5521 3227 5575 dictum
3260 5519 3493 5587 accipere
3528 5506 3727 5562 voluens.

2217 5615 2350 5668 duos
2380 5612 2721 5667 nihilominus
2749 5612 2875 5664 deos
2905 5611 3191 5679 separatim
3225 5610 3493 5664 distinctos
3539 5596 3729 5652 asserere

2220 5704 2569 5761 convincaris.
2613 5706 2717 5759 Aut
2745 5703 2788 5759 si
2818 5703 2888 5759 ita
2919 5718 3010 5757 cos
3038 5703 3088 5757 in
3122 5717 3181 5758 se
3221 5702 3439 5756 invicem
3469 5688 3724 5764 permanere
