3990 6390
169 333 261 391 I85
771 327 1041 387 CONTRA
1085 325 1404 394 .\RiANOS,
1448 323 1941 391 SABELLIANOS,
1988 323 2164 393 ETC.,
2209 321 2573 391 DIALOGUS,
2616 322 2743 379 ΕΒ.
2784 322 2823 380 l.

3334 325 3439 381 186

165 443 422 511 defendis,
449 451 508 498 ut
534 442 727 499 horum
754 458 910 498 unam
942 443 1089 497 dicas
1119 457 1239 498 esse
1267 449 1530 502 naturam,
1559 442 1742 495 nescio
1767 460 1816 517 Α
1852 440 1961 508 l3).
1997 439 2184 495 Po~set
2225 439 2432 505 dicere,
2470 438 2558 509 qui
2599 438 2743 492 visus
2771 452 2886 492 sum
2921 437 3012 493 tibi
3057 438 3109 493 in
3138 438 3258 494 loco
3289 454 3429 506 meo,

165 552 315 608 quam
346 549 696 606 personarum
726 534 1104 589 biformitatem
1132 575 1147 598 ,
1190 543 1442 603 portento
1476 532 1633 586 alicui
1664 534 1739 586 si-

166 632 363 696 milem,
388 646 452 684 ex
481 631 634 684 unius
665 628 744 684 rei
768 628 918 683 initio
944 629 1334 697 prominentem
1355 669 1369 693 ,
1397 636 1487 679 aut
1513 625 1568 679 in
1589 626 1744 679 unius

164 732 364 777 natura:
416 722 715 776 substantia
769 718 1048 775 confusius
1096 730 1146 773 et
1200 717 1524 788 permixtius
1595 718 1744 770 halu-

166 826 359 870 tantem
405 813 673 869 videberis
694 812 961 882 profiteri,
986 820 1041 865 et
1076 812 1175 864 hac
1208 811 1416 864 ratione
1445 808 1741 878 simplicem

165 917 215 963 et
265 908 637 962 intemeratum
682 905 880 959 divinae.
934 905 1148 959 virtutis
1198 913 1441 958 naturam
1512 902 1745 969 indignis

164 1000 512 1070 compositam
566 998 908 1067 qualitatibus
964 997 1265 1052 defensare.
1308 996 1543 1050 Recurre
1591 995 1746 1065 128

163 1091 329 1160 magis
379 1088 452 1144 ad
489 1088 577 1142 illa
624 1086 912 1155 singularia
955 1087 1256 1140 ctelestium
1305 1083 1571 1154 pra-conia
1620 1097 1746 1136 san-

161 1192 409 1245 ctorum,
460 1178 656 1250 quibus
716 1180 875 1231 unius
922 1179 975 1230 in
1028 1191 1129 1230 una
1178 1190 1405 1245 persona
1478 1176 1744 1229 manentis

160 1274 411 1329 divinitas
452 1272 775 1342 praedicatur
798 1310 814 1335 ,
863 1278 924 1323 ut
967 1268 1179 1341 Moyses
1216 1269 1470 1323 admonet
1506 1269 1693 1323 dicens
1724 1284 1741 1323 :

159 1366 314 1430 Audi,
337 1363 536 1430 Israel;
578 1364 834 1418 Dominus
874 1361 1011 1415 Deus
1038 1372 1152 1415 tuus
1172 1406 1187 1431 ,
1231 1361 1479 1415 Dominus
1511 1376 1639 1413 unus
1670 1368 1743 1413 est

159 1455 336 1524 (Deut.
369 1471 438 1521 vr,
470 1455 549 1525 4).
602 1455 669 1509 Et
707 1464 765 1507 ut
809 1454 923 1523 ipse
962 1468 1174 1523 quoque
1206 1452 1343 1507 Deus
1372 1462 1745 1520 stupenumero

159 1554 487 1602 contestatur
517 1563 531 1599 :
564 1546 766 1613 Videte,
791 1548 973 1612 videte,
997 1546 1236 1612 quoniam
1261 1559 1353 1612 ego
1373 1559 1485 1596 sum
1512 1541 1670 1606 Deus,
1696 1550 1742 1593 et

158 1653 255 1691 non
281 1648 355 1691 est
377 1638 513 1691 alius
537 1637 727 1701 absque
745 1653 826 1691 me
860 1636 1035 1705 (Deut.
1067 1650 1232 1699 xxxii,
1265 1632 1379 1701 39).
1410 1633 1475 1686 Et
1505 1630 1695 1686 iterum
1725 1647 1739 1682 ε

158 1728 331 1783 Testes
353 1744 438 1781 vos
460 1729 602 1795 estis,
626 1729 671 1782 si
690 1739 762 1781 est
783 1728 916 1781 alius
944 1726 1078 1779 Deus
1102 1736 1284 1793 praeter
1308 1740 1385 1776 me
1406 1721 1557 1794 (lsai.
1586 1738 1740 1787 thtt,

1846 534 2021 587 siuna
2074 534 2337 603 loquentis
2381 533 2763 601 intelligeretur
2791 546 2911 586 esse
2958 546 3209 600 person».
3254 530 3430 587 Item:

1849 630 2103 693 Ascende,
2136 629 2337 700 inquit,
2375 629 2429 682 in
2473 627 2676 694 Bethet,
2719 637 2767 680 et
2802 628 2884 698 {ac
2909 627 2978 681 ibi
2998 628 3161 680 altare
3192 626 3317 694 Deo,
3345 626 3435 695 qui

1846 722 2084 791 apparuit
2116 722 2203 773 tibi
2231 719 2384 790 (Gen.
2418 736 2580 788 xxxv,
2609 720 2682 787 1).
2716 723 2824 777 Nec
2870 721 3010 775 istud
3041 720 3298 789 singulari
3327 737 3433 773 una

1846 826 2004 882 quam
2034 827 2279 881 persona:
2309 828 2607 882 congruere
2652 822 2844 882 potest,
2887 813 2975 867 ubi
3010 821 3114 866 tam
3144 812 3429 865 distinctus

1846 906 1980 959 alius
2034 905 2207 959 altero
2255 907 2547 960 sacrarium
2603 907 2829 976 imperat
2861 906 3315 961 constituendum.
3375 904 3429 957 Id

1846 996 1988 1051 enim
2014 996 2313 1051 solitarium
2345 996 2524 1052 dicere
2571 999 2898 1052 conveniens
2930 1006 3044 1052 erat
3076 1014 3089 1049 :
3125 996 3232 1048 Fac
3266 996 3430 1047 altare

1847 1089 1972 1141 mihi
1998 1088 2125 1157 Deo,
2150 1090 2236 1159 qui
2263 1090 2482 1159 apparui
2510 1090 2617 1142 tibi.
2654 1090 2779 1145 Item
2824 1091 2964 1145 Deus
3012 1092 3163 1143 later
3209 1088 3276 1142 de
3318 1087 3427 1140 sal-

1848 1183 2034 1237 vandis
2072 1182 2123 1236 in
2158 1182 2269 1237 Deo
2320 1182 2455 1236 Filio
2518 1183 2726 1249 populis
2790 1198 2881 1251 per
2926 1184 3064 1237 Osee
3112 1180 3427 1251 prophetam

1848 1272 2103 1343 loquitur,
2128 1272 2313 1328 dicens
2340 1290 2352 1324 :
2386 1271 2450 1325 Et
2476 1271 2683 1326 salvabo
2706 1290 2791 1326 eos
2816 1274 2871 1326 in
2905 1274 3123 1325 Domino
3154 1270 3265 1325 Deo
3291 1272 3430 1339 ipso-

1847 1382 1962 1418 rum
1983 1364 2159 1438 (Osee,
2188 1380 2227 1432 ι,
2253 1363 2328 1434 7).
2357 1364 2486 1419 Item
2520 1364 2678 1417 David
2710 1365 2775 1416 ad
2809 1362 3000 1417 Filium
3036 1364 3129 1418 Dei
3163 1364 3384 1432 loquens
3412 1380 3425 1414 :

1850 1458 2084 1511 Thronus
2117 1467 2261 1522 tuus,
2292 1457 2425 1509 Deus
2447 1497 2461 1521 ,
2488 1457 2539 1508 in
2572 1456 2812 1509 steculum
2842 1456 3020 1508 δαίτηιὶ
3056 1472 3076 1509 :
3098 1457 3239 1524 uirga
3266 1454 3429 1522 tequi—

1848 1550 1986 1614 tatis,
2010 1550 2151 1618 uirga
2190 1550 2333 1619 regni
2366 1549 2457 1601 tui.
2500 1546 2779 1617 Propterea
2821 1547 2965 1599 unxit
3016 1555 3064 1599 te
3104 1545 3260 1612 Deus,
3293 1543 3431 1599 Deus

1848 1650 1984 1702 tuus,
2015 1639 2125 1693 oleo
2154 1640 2345 1692 ltetitite
2375 1654 2483 1709 pro:
2502 1637 2819 1691 consortibus
2850 1638 2949 1690 tuis
2972 1635 3148 1705 (Psal.
3192 1652 3338 1701 thv,
3376 1636 3429 1702 7,

1848 1732 1923 1799 8).
1954 1730 2087 1796 Quid
2121 1729 2223 1785 hoc
2259 1731 2323 1783 ad
2358 1730 2710 1784 confessionis
2741 1744 2978 1784 errorem
3008 1728 3431 1786 submovendum

159 1820 271 1890 10).
317 1820 433 1873 Non
465 1818 724 1874 debemus
752 1827 914 1872 tanta:
944 1816 1279 1872 auctoritatis
1325 1815 1537 1870 ϐωιὶιυε
1585 1814 1741 1868 Mitis
1775 1841 1820 1901 Β
1848 1821 2188 1877 manifestius
2219 1823 2388 1892 potuit
2415 1822 2516 1875 dici
2536 1863 2551 1886 ,
2584 1821 2673 1875 ubi
2705 1823 2840 1874 Deus
2869 1821 3034 1874 Deum
3068 1819 3283 1875 unxisse
3311 1834 3432 1889 per-

154 1913 475 1968 sententiam
527 1911 900 1981 depromptam
960 1910 1183 1964 alterius
1257 1908 1349 1963 Dei
1402 1904 1741 1961 confessione

154 2004 447 2069 frustrare,
475 2018 543 2059 ne
572 2004 623 2058 in
655 2002 821 2057 nostri
864 2002 1154 2072 perniciem
1190 2002 1319 2054 tanti
1352 1998 1604 2070 prteconii
1634 2012 1745 2051 eas-

153 2104 344 2150 santes
365 2094 671 2164 imperium,
698 2094 874 2149 debila
904 2094 1131 2148 deorum
1148 2092 1445 2148 cultoribus
1474 2099 1739 2145 tormenta

153 2189 463 2244 subeamus.

220 2285 360 2340 Ylll.
397 2285 595 2340 Probus
622 2287 792 2354 judex
820 2286 950 2340 dixit
976 2301 994 2339 :
1022 2284 1075 2339 Si
1110 2283 1233 2336 huic
1264 2291 1369 2336 tam
1398 2279 1584 2335 valida:
1612 2293 1739 2348 pro-

150 2378 416 2431 secutioni
452 2392 606 2446 posse
644 2377 845 2448 aliquid
877 2375 1061 2431 referri
1095 2374 1314 2444 putatis,
1349 2383 1600 2441 perorare
1628 2368 1745 2437 dig-

147 2471 377 2525 uenunL

225 2562 385 2615 Arius
411 2562 539 2615 dixit
568 2578 586 2614 :
617 2562 752 2615 Dum
798 2561 950 2614 unius
1001 2559 1092 2613 Dei
1136 2557 1394 2625 probabili
1444 2554 1657 2624 quidem
1692 2560 1747 2609 et

144 2653 445 2707 admodum
512 2652 627 2707 utili
674 2652 1011 2706 confessione
1058 2650 1256 2704 bifaria:
1301 2646 1515 2701 deitatis
1561 2657 1744 2699 errore

145 2745 424 2800 Sabellius
459 2745 805 2812 semetipsum
836 2754 1059 2796 conatur
1084 2754 1301 2804 exuere,
1338 2735 1619 2792 nefandam
1645 2733 1742 2789 Ju-

145 2838 293 2893 daici
348 2851 537 2893 sensus
568 2836 898 2905 impietatem
932 2836 1188 2899 incurrit,
1228 2832 1417 2886 Filium
1444 2831 1536 2884 Dei
1577 2829 1740 2884 Deum

147 2932 200 2984 in
225 2944 324 2984 sua
358 2943 574 2984 manere
603 2927 921 2991 substantia,
956 2935 1007 2981 et
1060 2924 1327 2993 propriam
1380 2922 1577 2976 habere
1620 2924 1741 2989 per-

144 3038 365 3087 sonam,
400 3030 576 3076 metite
614 3020 877 3089 sacrilega
926 3017 1257 3087 denegando.
1307 3014 1472 3082 Cujus
1512 3012 1740 3067 insanis-

144 3112 271 3169 simi
304 3112 499 3166 furoris
521 3111 819 3175 audaciam,
853 3116 1265 3178 Quantocunque
1294 3105 1570 3161 brevitatis
1584 3117 1736 3157 cou-

1844 1915 2140 1970 scribitur?
2174 1916 2296 1969 llaec
2337 1916 2551 1970 interim
2584 1928 2745 1983 pauca
2776 1914 2843 1967 de
2876 1912 3049 1967 Veteri
3086 1912 3432 1967 Testamento

1845 2006 2111 2075 decerpsi.
2142 2006 2272 2061 Nam
2307 2007 2456 2075 plura
2503 2014 2559 2061 et
2599 2005 2963 2060 manifesnora
2997 2004 3175 2059 studio
3203 2004 3433 2059 brevita—

1846 2104 1917 2156 tis
1969 2102 2153 2170 omisi,
2183 2102 2374 2170 quibus
2410 2101 2525 2155 luce
2573 2101 2773 2157 clarius
2817 2098 3196 2168 comprobatur
3230 2106 3283 2153 et
3327 2098 3428 2152 Pa-

1845 2202 1980 2247 trem
2012 2202 2065 2248 et
2088 2193 2278 2248 Filium
2307 2192 2574 2248 distinctis
2614 2202 2667 2245 et
2712 2191 2973 2261 separatis
3004 2190 3429 2245 substantiarum

1845 2285 2262 2353 proprietatibus
2287 2285 2537 2340 existere.
2559 2284 2709 2350 Quod
2737 2292 2915 2336 autem
2936 2281 3229 2350 Sabellius,
3243 2296 3307 2336 ex
3329 2280 3431 2336 hoe

1844 2374 1987 2444 quod
2019 2376 2131 2429 ait:
2160 2373 2273 2444 Ego
2294 2377 2344 2429 in
2376 2374 2555 2439 Patre,
2586 2385 2633 2429 et
2664 2373 2818 2427 Pater
2848 2375 2899 2425 in
2925 2388 3002 2425 me
3023 2373 3206 2443 (Joau.
3231 2388 3287 2436 x,
3316 2371 3429 2441 '58),

1847 2480 2007 2518 uuam
2031 2465 2180 2520 nisus
2203 2478 2285 2519 εει
2304 2466 2674 2521 demonstrare
2705 2476 2947 2519 naturam
2979 2466 3092 2518 sive
3114 2478 3429 2532 personam;

1846 2556 1987 2626 quod
2019 2556 2267 2611 videlicet
2295 2558 2399 2611 alia
2430 2558 2565 2611 intra
2604 2559 2761 2610 aliam
2806 2557 2922 2611 sine
2950 2556 3282 2610 confusionis
3312 2570 3435 2624 pero

1848 2651 2127 2715 mixtione,
2159 2652 2238 2704 vel
2273 2660 2467 2718 praatcr
2508 2658 2705 2704 caetera
2757 2648 3004 2703 vitiorum
3054 2663 3285 2717 genera,
3313 2662 3435 2717 quae

1847 2761 1998 2801 more
2058 2744 2445 2813 sophismatum
2501 2743 2855 2813 quaestionum
2910 2742 3077 2796 voluit
3126 2742 3431 2805 intentare,

1846 2836 2026 2891 inesse
2057 2851 2162 2889 non
2190 2834 2389 2905 possit,
2424 2837 2492 2887 ita
2521 2849 2628 2887 non
2661 2849 2819 2887 unum
2856 2834 3105 2888 iudicant
3147 2848 3268 2888 esse
3305 2832 3433 2887 sub-

1844 2929 2094 2981 stantiam
2121 2927 2203 2981 vel
2240 2940 2545 2995 personam,
2575 2925 2709 2979 sicut
2738 2942 2845 2979 non
2889 2941 2989 2979 una
3038 2925 3130 2979 Dei
3176 2934 3231 2978 et
3260 2922 3433 2979 homi-

1844 3034 1970 3073 num
2001 3028 2177 3089 potest
2204 3033 2326 3073 esse
2350 3028 2568 3081 natura,
2599 3019 2665 3072 de
2691 3017 2885 3088 quibus
2913 3018 3107 3072 dicitur
3148 3016 3290 3087 quod
3330 3016 3429 3085 ipsi

1843 3113 1895 3167 in
1930 3113 2042 3168 Deo
2068 3122 2124 3168 et
2148 3112 2290 3168 Deus
2319 3114 2369 3166 in
2402 3112 2483 3167 eis
2510 3121 2611 3167 est.
2643 3113 2884 3179 Denique
2929 3112 3068 3166 idem
3109 3110 3175 3165 ad
3217 3110 3427 3164 Patrem

144 3205 353 3276 prndio
379 3204 450 3258 uti
486 3212 729 3273 potuero,
760 3202 1059 3257 caalestium
1089 3198 1521 3254 testimoniorum
1551 3204 1737 3249 aucto-

1846 3204 1909 3259 de
1932 3204 2279 3260 credentibus
2310 3205 2531 3274 loquens
2569 3204 2734 3259 Filius
2762 3205 2836 3259 ait
2865 3221 2879 3259 ε
2910 3204 2979 3257 Ut
3010 3205 3141 3259 sicut
3177 3214 3232 3257 tu
3274 3202 3429 3257 Pater

144 3299 309 3352 ritate
334 3295 576 3357 frenabo,
607 3292 672 3348 ad
700 3291 1172 3349 demonstrandam
1204 3289 1421 3359 preprie
1446 3287 1737 3343 subsisten-

143 3401 252 3443 tem
290 3388 415 3443 Filii
460 3401 743 3457 personam
777 3402 789 3439 :
825 3402 929 3439 nun
967 3384 1055 3439 illa
1102 3398 1221 3452 quae
1261 3381 1476 3452 quidem
1530 3379 1736 3435 homini

142 3489 402 3551 suscepto
428 3495 469 3535 ct
496 3494 725 3548 ngrucre
756 3478 1072 3533 cavillantur
1101 3490 1400 3543 assumens,
1437 3476 1530 3528 sed
1563 3474 1651 3528 illa
1684 3473 1737 3527 in

141 3574 386 3629 medium
419 3572 696 3641 proferens
730 3570 1055 3630 testimonia,
1088 3584 1207 3638 quae
1246 3567 1365 3621 sine
1395 3567 1505 3619 ullo
1535 3566 1739 3635 ancipi-

141 3666 213 3719 tis
244 3664 619 3733 iutclligentia:
648 3663 901 3732 scrupulo
945 3660 1213 3715 divinitati
1262 3659 1379 3727 ejus
1429 3668 1739 3727 competere

139 3771 339 3811 omnes
388 3755 592 3826 pariter
656 3754 999 3810 conlitentur.
1076 3753 1130 3805 ln
1202 3749 1396 3805 Genesi
1456 3748 1737 3802 Dominum

138 3851 355 3906 dixis~e
380 3851 603 3920 legimus
637 3867 647 3901 :
682 3848 955 3902 Faciamus
985 3846 1240 3900 hominem
1280 3844 1348 3897 ad
1396 3843 1664 3912 imaginem
1691 3851 1739 3895 et

138 3942 537 3997 similitudinem
584 3950 807 3995 nostram
843 3937 997 4011 (Gen.
1041 3954 1076 4005 I,
1121 3937 1234 4006 26).
1280 3935 1416 3990 Ecce
1459 3934 1739 4003 pluraliter

134 4037 305 4099 dixit,
332 4035 630 4104 Jaciamus,
682 4034 845 4087 alium
896 4031 1151 4085 videlicet
1192 4029 1432 4082 indicans
1473 4026 1536 4081 ad
1579 4042 1736 4094 quem

134 4128 421 4198 loquentis
471 4127 562 4180 Dei
608 4126 775 4180 factus
815 4133 895 4178 est
941 4139 1139 4178 sermo.
1170 4121 1287 4176 Non
1317 4121 1461 4175 enim
1491 4128 1597 4173 tam
1646 4118 1739 4170 ab.

130 4221 317 4275 surde
350 4218 746 4287 intelligendum
779 4228 863 4272 est
894 4217 1057 4270 fuisse
1088 4218 1345 4279 locutum,
1380 4223 1437 4267 ut
1472 4213 1574 4265 sibi
1620 4212 1738 4280 ipse

128 4314 356 4367 diceret
396 4309 690 4379 faciamus,
739 4308 878 4376 quod
956 4307 1171 4376 proprie
1228 4305 1440 4358 illorum
1498 4312 1581 4357 est
1654 4305 1739 4371 qui

130 4402 399 4459 amentia:
432 4399 734 4469 passionem
762 4400 1058 4452 incurrunt.
1094 4396 1331 4466 Namque
1352 4395 1649 4451 utaltertttn
1674 4394 1739 4449 ad

132 4500 379 4552 alterum
398 4494 632 4548 locutum
667 4492 830 4546 fuisse
847 4492 1118 4561 Scriptura
1139 4499 1477 4556 monstraret,
1492 4490 1743 4542 continuo

1843 3297 1895 3348 in
1922 3312 2002 3348 me
2032 3306 2079 3349 et
2107 3313 2198 3365 ego
2228 3297 2281 3349 in
2307 3305 2375 3362 te,
2408 3296 2479 3349 ita
2506 3304 2554 3350 et
2582 3296 2680 3363 ipsi
2708 3297 2761 3349 in
2790 3296 2929 3350 nobis
2955 3297 3055 3350 sint
3086 3295 3263 3365 (Joau.
3297 3310 3427 3359 xvtl,

1841 3387 1959 3453 21).
1995 3388 2057 3439 Et
2087 3386 2281 3441 iterum
2311 3405 2323 3439 :
2353 3388 2452 3453 Qui
2474 3388 2577 3441 edit
2600 3403 2805 3441 carnem
2833 3404 3016 3453 meam,
3049 3399 3095 3441 et
3120 3387 3239 3440 bibit
3266 3402 3431 3440 meum

1842 3478 2166 3549 sanguinem,
2196 3479 2249 3531 in
2280 3494 2358 3531 me
2386 3488 2579 3544 manet,
2623 3488 2671 3531 et
2699 3493 2793 3547 ego
2826 3478 2879 3530 in
2906 3493 2965 3531 eo
2992 3475 3170 3545 (Joan.
3205 3491 3286 3540 γι,
3311 3474 3425 3545 56).

1844 3574 2132 3642 Apostolus
2161 3588 2375 3643 quoque
2422 3574 2489 3629 de
2534 3573 2695 3627 idiota
2726 3592 2739 3627 :
2774 3572 2838 3626 Et
2879 3583 3162 3638 prostratus
3188 3612 3201 3636 ,
3236 3572 3428 3640 inquit,

1842 3666 2165 3734 conﬁtebitur
2218 3666 2339 3731 quia
2368 3681 2483 3720 vers
2506 3665 2642 3720 Deus
2676 3667 2728 3719 in
2772 3665 2908 3719 vobis
2942 3673 3014 3720 cst
3063 3662 3113 3735 (I
3145 3663 3265 3717 Cor.
3316 3678 3430 3726 xiv,

1842 3758 1955 3828 25).
1998 3760 2154 3830 128
2182 3758 2333 3813 Sicut
2375 3772 2505 3827 ergo
2541 3772 2659 3813 cum
2695 3758 2834 3813 Deus
2862 3757 2913 3811 iu
2946 3756 3097 3811 nobis
3118 3797 3133 3820 ,
3163 3766 3217 3810 et
3247 3770 3344 3809 nos
3375 3756 3428 3810 in

1846 3852 1955 3907 Deo
1980 3867 2166 3907 sumus
2194 3868 2300 3906 non
2331 3852 2643 3907 confusione
2671 3866 2935 3920 personte,
2967 3865 3073 3905 non
3107 3850 3311 3905 unitate
3332 3864 3429 3903 na-

1843 3956 1995 4008 turu',
2030 3961 2136 4000 non
2167 3947 2435 4013 augmenti
2462 3945 2771 4000 accessione
2791 3985 2807 4011 ,
2836 3959 2942 3998 non
2970 3943 3275 3997 detrimenti
3303 3940 3430 3994 sub-

1842 4041 2126 4102 tractione,
2159 4054 2264 4092 non
2308 4038 2545 4107 qualibet
2588 4037 2887 4104 composita
2923 4035 3003 4088 vel
3044 4033 3288 4087 ordinata
3320 4048 3434 4084 mu-

1845 4134 2023 4188 tabilis
2054 4132 2367 4187 substantia:
2409 4129 2696 4198 qualitate,
2736 4128 2829 4183 sed
2880 4140 3028 4194 purm
3077 4134 3132 4179 et
3174 4123 3435 4191 simplicis

1846 4225 1966 4277 fidei
1991 4223 2274 4276 sanctitate
2307 4221 2536 4274 Domino
2564 4220 2616 4273 in
2642 4219 2799 4273 nobis
2829 4215 3189 4272 habitaculum
3225 4227 3433 4282 prtepa-

1845 4330 2023 4369 ramus
2051 4353 2066 4377 ,
2095 4324 2149 4367 et
2179 4312 2268 4367 ille
2297 4326 2397 4388 nos
2424 4310 2476 4365 in
2507 4325 2655 4365 suam
2687 4309 2873 4378 recipit
2904 4292 3237 4361 mansionem
3263 4348 3278 4371 ,
3304 4304 3434 4359 dum

1844 4408 1961 4477 ejus
1996 4408 2320 4463 voluntatem
2370 4405 2613 4460 faciendo
2646 4406 2696 4459 in
2740 4406 2856 4473 ipso
2883 4415 3197 4465 manemus;
3233 4401 3300 4452 ita
3333 4398 3435 4452 Pa-

1846 4509 1927 4554 ter
1967 4510 2020 4553 et
2066 4496 2233 4553 Filius
2274 4513 2371 4569 pro
2418 4496 2770 4553 indissolubili
2800 4494 3000 4551 fuedere
3056 4491 3345 4560 voluntatis
3377 4490 3431 4545 in

132 4588 401 4658 subjecit,
432 4585 651 4639 dicetis:
684 4582 750 4636 Et
772 4582 895 4651 fecit
926 4582 1061 4635 Deus
1082 4580 1334 4635 hominem
1352 4581 1453 4634 :ad
1468 4580 1740 4650 imaginem
1772 4577 1823 4637 D
1846 4608 1905 4648 se
1936 4592 2165 4646 invicem
2198 4606 2416 4647 manere
2446 4599 2756 4645 noscuntur,

136 4681 237 4734 Dei
268 4678 392 4749 fecit
418 4676 566 4730 illum
616 4674 801 4745 (lbid.,
850 4673 968 4744 27).
1002 4672 1058 4728 Si
1091 4687 1227 4728 unus
1252 4684 1416 4739 esset,
1451 4672 1516 4727 ad
1548 4672 1736 4742 imagi-

138 4787 267 4826 nem
301 4784 455 4824 suam
490 4767 680 4822 fecisse
729 4764 1015 4820 decretur.
1064 4764 1215 4820 Nunc
1258 4774 1435 4818 autem
1484 4764 1619 4817 alius
1667 4764 1732 4818 ad

138 4866 372 4917 alterius
401 4862 680 4930 imaginem
711 4859 944 4925 apertius
987 4859 1177 4913 lecisse
1224 4856 1568 4913 describitur.
1603 4858 1731 4912 Item

137 4974 260 5011 cum
294 4956 370 5010 ob
399 4955 557 5006 multa
590 4952 805 5006 nefandi
856 4951 1078 5006 sceleris
1124 4951 1356 5005 facinora
1384 4994 1397 5015 ,
1445 4951 1737 5006 Sodomitis

138 5063 262 5099 cum
295 5045 415 5098 suis
444 5043 635 5097 incolis
679 5051 850 5095 terras
894 5042 1064 5111 igneis
1094 5040 1344 5096 divinitas
1376 5044 1527 5112 127
1554 5039 1737 5095 imbri-

141 5136 239 5191 bus
268 5132 542 5191 sanxisset
593 5133 846 5200 urendas,
897 5136 966 5188 ita
1014 5135 1259 5189 refertur.
1316 5133 1495 5200 Pluit,
1544 5134 1733 5204 inquit,

141 5228 405 5281 Dominus
434 5243 466 5280 a
493 5226 710 5281 Domino
741 5228 909 5297 ignem
940 5235 984 5280 et
1012 5226 1229 5296 sulphur
1273 5226 1425 5296 (Gen.
1467 5243 1585 5293 XIX,
1615 5228 1733 5300 24).

138 5316 280 5373 Nihil
314 5329 424 5371 tam
455 5317 753 5374 evidentius
785 5318 848 5372 ad
878 5319 1267 5373 ostendendum
1298 5320 1513 5375 Patrem
1567 5330 1621 5377 et
1646 5322 1739 5378 de-

140 5409 556 5466 monstrandum
587 5410 778 5463 Filium
819 5410 1061 5478 legaliter
1102 5412 1275 5480 potuit
1319 5412 1553 5467 intimari
1578 5452 1595 5479 ,
1649 5414 1737 5469 ubi

141 5502 281 5558 alius
308 5503 379 5555 ab
411 5501 597 5571 altero,
631 5515 734 5555 non
767 5515 902 5555 unus
943 5516 969 5554 a
1002 5517 1059 5557 se
1087 5503 1203 5572 ipso
1231 5503 1556 5573 sulphureas
1584 5506 1739 5560 caeli-

143 5603 226 5649 tus
250 5594 525 5664 iaculatus
551 5601 632 5648 est
667 5593 937 5648 flammas.

212 5686 312 5743 IX.
339 5686 473 5740 Item
496 5685 612 5754 ipse
636 5683 797 5740 Filius
818 5684 881 5738 ad
908 5683 1069 5740 Jacob
1093 5686 1342 5756 loquitur,
1376 5688 1559 5745 dicens
1586 5708 1597 5743 :
1630 5689 1741 5762 Ego

143 5797 257 5834 sum
285 5778 449 5845 Deus,
480 5779 565 5848 qui
586 5779 719 5834 visus
746 5794 856 5833 sum
884 5779 973 5833 tibi
1003 5780 1055 5833 ir.
1103 5779 1213 5835 loco
1253 5780 1347 5860 Dei
1392 5781 1545 5856 (Gen.
1589 5800 1742 5854 xxxi,

1916 4682 1981 4736 Χ.
2010 4680 2212 4736 Probus
2246 4684 2416 4754 judta:
2444 4682 2575 4736 dixit
2608 4696 2626 4734 :
2666 4681 2931 4748 Quoniam
2978 4687 3086 4733 tam
3116 4676 3433 4733 clarissimis

1842 4773 2271 4829 testimoniorum
2310 4774 2653 4828 documentis
2678 4773 2888 4827 Patrem
2912 4779 2967 4827 et
2992 4771 3184 4825 Filium
3218 4768 3434 4839 proprie

1844 4867 2138 4921 subsistere
2198 4866 2581 4921 demonstrasti
2632 4865 2795 4936 (quod
2859 4863 3127 4920 Sabellius
3185 4862 3434 4915 humanis

1842 4960 2113 5015 mentibus
2145 4960 2501 5029 qumstionum
2536 4961 2759 5015 nebulas
2788 4959 3115 5015 offendendo
3158 4955 3431 5026 negabat),

1845 5050 1897 5105 id
1931 5064 2072 5105 nunc
2099 5066 2128 5105 a
2162 5051 2265 5105 tuis
2294 5051 2554 5121 qumritur
2582 5050 2840 5121 partibus,
2874 5048 3142 5118 quomodo
3168 5057 3221 5101 ct
3265 5047 3433 5101 Deum

1844 5138 2059 5195 Patrem
2110 5147 2167 5197 et
2223 5141 2389 5196 Deum
2438 5142 2632 5196 Filium
2686 5142 2975 5211 separatim
3027 5149 3081 5193 et
3132 5135 3435 5193 distinctius

1846 5231 2167 5302 profitendo,
2201 5246 2304 5287 non
2330 5231 2590 5301 pluralem
2618 5231 2913 5286 divinitatis
2940 5244 3223 5284 numerum
3264 5227 3436 5279 intro-

1846 5323 2044 5380 ducere
2096 5322 2349 5379 videaris.
2404 5323 2471 5377 Et
2522 5337 2824 5393 quanquam
2879 5321 2948 5376 de
3004 5321 3107 5373 hoc
3157 5312 3435 5383 superiore

1846 5417 2222 5486 prosecutione
2239 5414 2472 5471 breviter
2494 5429 2659 5483 pauca
2692 5410 3095 5481 perstrinxeris,
3126 5408 3230 5461 lata
3256 5412 3434 5457 tamen

1848 5516 1901 5564 ct
1931 5508 2143 5577 propria
2173 5507 2485 5578 qumstionis
2512 5504 2883 5575 hujuscemodi
2905 5502 3069 5557 debet
3097 5512 3218 5553 esse
3245 5493 3435 5565 proba-

1847 5602 1941 5658 tio.
1966 5601 2133 5667 Quam
2170 5613 2294 5657 tunc
2322 5602 2595 5670 cupiosius
2625 5598 2880 5667 expedire
2908 5592 3160 5659 debebis,
3192 5591 3318 5645 dum
3350 5592 3436 5645 in-

1852 5703 1929 5748 tcr
1955 5702 2005 5749 te
2027 5703 2186 5763 atque
2216 5692 2567 5748 Athanasium
2591 5685 2972 5755 disputationis
3002 5699 3226 5739 examen
3254 5696 3435 5753 cmpe-

1852 5788 1919 5842 rit
1968 5786 2177 5858 agitari.
2229 5786 2296 5840 Et
2337 5785 2589 5854 quoniam
2642 5792 2781 5833 nunc
2827 5780 2910 5847 (ut
2958 5776 3092 5849 dixi)
3138 5776 3433 5833 assertione
