3938 6376
592 326 693 385 187

1923 316 2143 372 \‘lClLli
2185 313 2550 371 TAPSENSIS
3710 337 3776 391 f88

590 445 819 499 νει-ἰδίω
892 444 1109 499 sabellii
1168 452 1251 497 est
1306 441 1523 510 perﬁdia
1577 440 1832 505 refutata,
1889 440 2009 493 lidei
2059 453 2168 492 sua:
2200 436 2245 491 A
2277 435 2452 487 aiebat
2488 454 2498 485 :
2532 432 2666 485 Dala
2686 444 2755 488 est
2780 435 2902 487 mihi
2923 438 3085 491 omnis
3106 446 3325 505 potestas
3352 441 3401 493 in
3431 443 3542 495 caelo
3564 454 3605 496 et
3627 446 3778 503 interni

591 536 846 591 Pbotinus
873 535 1054 597 certis,
1087 535 1131 589 si
1158 534 1314 597 valet,
1341 532 1659 588 testimoniis
1684 531 1845 584 adsit.

660 627 916 681 Photinus
944 626 1073 679 dixit
1102 642 1119 679 :
1152 625 1266 694 Ego
1292 625 1515 679 Domino
1566 632 1751 677 nostro
1787 622 1918 699 =Iesu
1958 622 2176 676 Christo

590 720 797 775 initium
830 720 1027 781 tribuo,
1078 733 1374 786 purumque
1417 717 1689 770 hominem
1734 715 1896 769 fuisse
1942 714 2172 776 affirmo,

593 819 644 865 et
674 828 766 878 per
789 811 957 864 beata:
986 810 1108 863 vita:
1131 808 1643 864 excellentissimum
1670 808 1919 861 meritum
1938 846 1953 871 ,
1984 806 2176 859 divini-

599 905 723 956 tatis
755 890 1009 957 honorem
1054 902 1218 957 fuisse
1267 903 1538 972 adeptum.
1591 902 1722 967 Quis
1768 900 1911 956 enim
1943 900 2177 954 fetuineo

595 1005 842 1065 portatus
865 1007 1017 1050 utero
1042 1010 1137 1066 per
1168 1005 1373 1066 partum
1407 996 1688 1064 egeritur?
1717 994 1846 1060 Quis
1877 994 2176 1063 puerperia:

596 1101 761 1141 cunas
788 1097 1064 1157 expertus,
1114 1098 1168 1142 et
1208 1088 1363 1142 lactei
1399 1086 1573 1156 poculi
1615 1087 1873 1141 alimento
1919 1090 2172 1152 nutritus,

598 1178 859 1231 maternis
880 1189 1116 1247 gestatus
1144 1190 1220 1233 est
1256 1179 1438 1233 ulnis?
1470 1180 1597 1244 Quis
1641 1179 1934 1246 profectum
1974 1183 2177 1247 accepit

597 1266 806 1320 artatis?
835 1268 966 1333 Quis
1014 1268 1295 1322 universas
1343 1284 1614 1337 corporea:
1653 1270 1949 1338 fragilitatis
1994 1272 2179 1323 condi-

596 1357 765 1413 tiones
792 1360 1068 1427 implevit,
1115 1361 1240 1413 dum
1283 1361 1509 1415 esuriem
1542 1364 1759 1428 patitur,
1790 1364 1915 1417 dum
1959 1366 2177 1433 nequis-

596 1447 717 1502 simi
745 1450 965 1518 spiritus
998 1452 1291 1505 tentatione
1320 1454 1659 1520 percellitur,
1703 1454 1826 1508 dum
1870 1457 2177 1511 lassitudine

597 1539 865 1610 fatigatur,
897 1542 1021 1595 dum
1067 1543 1117 1595 in
1162 1558 1379 1596 soumos
1414 1545 1729 1611 resolvitur,
1762 1547 1887 1600 dum
1934 1564 2177 1617 compre-

596 1631 794 1687 hensus
826 1633 1054 1686 nexibus
1077 1635 1345 1703 alligatur,
1372 1636 1496 1689 dum
1526 1637 1748 1705 ﬂagellis
1775 1639 2085 1694 terberatur
2124 1649 2180 1693 et

597 1725 827 1792 palmis,
880 1725 1004 1778 dum
1059 1727 1299 1780 ludibriis
1331 1728 1691 1782 insultantium
1732 1731 1966 1799 agitatur
1992 1772 2007 1795 ,
2050 1732 2174 1785 dum

2282 527 2495 595 (Matth.
2539 543 2725 591 xxvut,
2760 528 2867 597 l8).
2922 529 3072 596 Quod
3124 531 3306 601 utique
3361 536 3403 587 si
3444 545 3557 587 ante
3598 546 3775 607 tempora

2282 618 2422 673 Deus
2449 630 2611 682 esset,
2646 610 2967 688 potestatem
3011 637 3079 677 ex
3131 634 3369 693 tempore
3399 642 3497 681 non
3532 633 3773 698 accepisset,

2279 726 2437 780 quam
2476 712 2631 782 130
2653 728 2866 781 semper
2892 715 3145 770 habuisse
3163 719 3456 773 constabat.
3480 720 3593 785 Sed,
3622 734 3665 776 ut
3682 727 3774 787 diri,

2282 805 2350 857 ob
2380 807 2692 870 praecl-trum
2723 806 3043 860 obedientiae
3075 823 3137 861 ac
3166 810 3426 877 passionis
3456 814 3670 865 meritum
3691 858 3703 880 ,
3724 816 3776 867 di-

2282 897 2404 947 vino
2434 906 2514 949 est
2545 896 2746 950 honore
2774 898 3025 961 ‘donatus,
3053 909 3107 953 et
3142 916 3301 969 super
3340 904 3510 956 omnia
3548 906 3775 965 culmus,

2280 986 2417 1040 sicut
2446 994 2500 1039 et
2530 988 2716 1042 Petrus
2740 991 2969 1057 loquitur
2990 989 3176 1044 dicens
3210 1008 3223 1044 :
3258 991 3392 1045 Deus
3423 1004 3607 1060 patrum
3632 1009 3775 1049 nostro-

2281 1092 2395 1130 rum
2422 1079 2662 1131 exultavit
2689 1094 2913 1148 puerum
2955 1098 3101 1133 suum
3141 1081 3317 1135 Jesttm
3350 1088 3483 1149 (Act.
3528 1102 3596 1149 tu,
3631 1087 3715 1157 15).
3736 1088 3777 1142 Ει

2282 1169 2473 1223 iterum
2506 1187 2516 1221 :
2549 1168 2767 1241 Dextera
2789 1171 2944 1240 igitur
2972 1172 3065 1225 Dei
3093 1176 3342 1227 exaltatus
3373 1177 3504 1243 (Act.
3538 1194 3590 1241 ιι,
3618 1178 3705 1247 55).
3728 1180 3775 1231 At

2281 1277 2466 1316 rursus
2499 1281 2510 1314 :
2546 1260 2851 1326 Certissime,
2886 1266 3076 1335 inquit,
3102 1267 3227 1319 sciat
3261 1269 3422 1319 omnis
3450 1268 3614 1320 domus
3646 1267 3773 1329 Israel,

2279 1357 2402 1421 quia
2428 1363 2473 1407 et
2505 1353 2781 1408 Dominum
2820 1356 2969 1409 illum
3004 1368 3049 1411 et
3088 1358 3347 1411 Christum
3393 1359 3438 1411 D
3468 1377 3523 1412 us
3551 1364 3667 1428 fecit,
3689 1363 3775 1413 hunc

2279 1442 2457 1496 Jesum
2484 1461 2631 1510 quem
2660 1460 2744 1498 ros
2773 1446 3099 1513 cruci/ixistis
3121 1448 3259 1517 (Aet.
3289 1464 3340 1501 tv
3358 1488 3373 1512 ,
3407 1453 3490 1516 t0)
3522 1468 3535 1503 :
3564 1450 3775 1503 ostendens

2282 1535 2600 1595 evidentius.
2638 1547 2856 1605 propter
2900 1540 3201 1606 passionem
3252 1541 3448 1604 crucis,
3494 1556 3554 1595 ex
3604 1552 3776 1608 tempore

2284 1627 2448 1681 Deum
2497 1626 2659 1681 fuisse
2710 1628 2928 1690 laetum,
2979 1644 3083 1682 non
3137 1630 3303 1684 Deum
3343 1640 3467 1685 ante
3494 1641 3692 1700 tempora
3713 1647 3774 1683 na-

2283 1726 2415 1770 tum.
2448 1716 2596 1771 Unde
2627 1727 2681 1771 et
2710 1718 2940 1773 Paulus:
2978 1718 3166 1785 Tanto,
3211 1722 3418 1790 inquit,
3448 1725 3621 1793 angelis
3644 1724 3771 1776 melior

597 1817 774 1870 crucis
796 1816 1033 1884 patibulo
1056 1819 1418 1887 suspenditur,
1452 1830 1504 1873 ct
1532 1822 1719 1875 mortis
1749 1822 2024 1889 dispendia
2050 1839 2169 1891 per-

2283 1810 2466 1875 {actus,
2510 1818 2703 1877 quanto
2747 1810 3075 1865 excellentius
3134 1828 3241 1878 pra:
3286 1814 3391 1866 illis
3435 1830 3603 1867 nomen
3647 1816 3773 1881 accepit

600 1910 798 1977 petitur
829 1928 840 1960 ε
874 1926 1028 1979 quem
1058 1911 1284 1965 humana
1316 1913 1553 1968 conditio
1580 1913 1891 1981 parentibus
1919 1916 2174 1980 subdidit,

598 2002 752 2070 cujus
775 2002 1006 2057 fraterna
1031 2004 1305 2073 utriusque
1327 2020 1486 2058 sexus
1508 2015 1630 2059 sunt
1665 2005 1821 2075 129
1841 2007 2051 2060 nomina
2088 2006 2182 2061 de-

599 2092 827 2162 signata,
858 2093 947 2162 qui
977 2094 1043 2147 de
1085 2095 1321 2148 locorum
1366 2097 1674 2164 cognitione
1720 2097 1947 2164 fallitur,
1998 2099 2087 2165 qui
2114 2099 2180 2152 de

602 2185 725 2238 mali
758 2186 976 2252 spiritus
1004 2187 1219 2239 nomine
1249 2186 1574 2251 sciscitatur,
1607 2190 1695 2257 qui
1723 2188 1909 2257 judicii
1952 2191 2090 2244 diem
2123 2205 2181 2245 se

600 2278 854 2345 ignorare
885 2279 1096 2342 fatetur,
1123 2280 1211 2348 qui
1254 2280 1657 2334 tribuendarum
1692 2281 1896 2335 sedium
1951 2291 2180 2350 potesta-

604 2380 708 2426 tem
741 2388 848 2426 non
872 2388 931 2427 se
962 2372 1161 2428 habere
1194 2384 1440 2440 testatur,
1473 2375 1561 2444 qui
1602 2391 1665 2431 se
1709 2378 1759 2429 in
1800 2391 1958 2432 cruce
1987 2379 2179 2432 dereli-

599 2472 744 2517 ctum
775 2466 1141 2534 conqueritur,
1174 2467 1260 2534 qui
1289 2468 1554 2534 passionis
1586 2468 1872 2522 formidine
1909 2477 1965 2523 et
1991 2471 2179 2525 mortis

599 2564 807 2608 terrore
850 2557 1174 2621 concutitur,
1232 2567 1450 2624 propter
1492 2558 1635 2627 quod
1688 2570 1743 2613 et
1793 2559 2013 2614 calicem
2062 2576 2091 2614 a
2121 2575 2181 2617 se

599 2645 877 2700 transferri
910 2656 1174 2714 precatur,
1205 2656 1260 2701 et
1286 2664 1441 2715 quam
1475 2649 1636 2702 multa
1672 2652 1828 2721 (quae
1850 2667 2182 2706 commemo-

599 2753 722 2793 rare
752 2739 967 2807 longum
1010 2744 1117 2810 est)
1163 2742 1475 2795 humanitati
1525 2742 1895 2796 convenientia
1944 2745 2179 2811 patitur:

598 2832 720 2899 quis
751 2841 855 2886 tam
886 2834 1252 2902 insipiensnest
1274 2843 1330 2888 ut
1357 2836 1470 2889 lunt:
1497 2834 1605 2889 Deo
1630 2850 1925 2904 congruere
1956 2838 2183 2892 arbitre-

601 2924 728 2977 tur?

677 3016 766 3073 ΧΙ.
800 3016 929 3071 Nam
955 3019 1041 3071 illa
1069 3019 1323 3073 virtutum
1352 3018 1620 3072 miracula
1663 3034 1766 3071 non
1815 3021 2025 3088 propria
2062 3034 2184 3088 per-

602 3118 843 3176 petrasse
870 3110 1085 3171 virtute,
1110 3110 1204 3164 sed
1242 3111 1402 3163 Deum
1428 3124 1521 3178 per
1556 3124 1678 3163 eum
1728 3108 1920 3163 fecisse
1957 3109 2181 3165 creden-

2280 1900 2463 1969 (Ilebr.
2501 1917 2537 1967 ι,
2569 1900 2643 1967 4).
2680 1901 2831 1967 Quod
2862 1903 3003 1955 enim
3028 1902 3085 1955 fit
3108 1903 3187 1956 vel
3215 1905 3492 1971 accipitur,
3530 1920 3585 1958 es
3610 1914 3775 1971 tempore

2279 1993 2442 2045 sumit
2482 1992 2717 2045 initium.
2762 1994 2891 2046 Nam
2934 2009 2999 2047 es
3031 1995 3235 2048 semine
3267 1996 3431 2049 David
3461 1995 3655 2063 originis
3683 2009 3773 2046 sum.

2282 2084 2454 2151 psisse
2482 2083 2831 2152 principium,
2874 2084 3053 2138 divina
3099 2087 3297 2154 ubique
3340 2096 3589 2141 testantur
3612 2085 3773 2153 eloquia,

2282 2178 2419 2229 sicut
2453 2175 2588 2227 Deus
2641 2180 2707 2228 ad
2762 2175 2930 2229 David
2987 2176 3241 2245 loquitur,
3297 2178 3481 2231 dicens
3513 2196 3522 2228 :
3554 2176 3688 2228 Filius
3723 2178 3773 2241 qu

2281 2266 2563 2335 egredietur
2586 2267 2647 2318 de
2668 2266 2872 2319 renibus
2893 2268 3015 2331 tuis,
3043 2267 3154 2335 ipse
3186 2270 3461 2337 tertiﬁcubit
3495 2268 3605 2320 mihi
3637 2268 3775 2319 donius

2284 2357 2405 2429 (Ill
2434 2360 2559 2428 Reg.
2591 2376 2703 2426 vttt,
2740 2359 2847 2428 l9).
2884 2361 2948 2414 Et
2977 2362 3169 2415 iterum
3201 2378 3216 2414 :
3247 2362 3329 2416 De
3352 2365 3518 2432 fructu
3558 2361 3706 2414 centris
3731 2361 3773 2410 tsi

2282 2468 2471 2518 ponam
2488 2468 2641 2519 super
2665 2452 2832 2504 sedem
2857 2468 3019 2506 meam
3039 2451 3209 2523 (Psal.
3231 2469 3417 2519 cunt,
3444 2453 3542 2525 ll).
3567 2453 3623 2506 Et
3649 2452 3772 2505 Isaias:

2289 2540 2417 2593 Ecce
2443 2542 2594 2593 radix
2618 2539 2762 2595 Jesse
2782 2552 3016 2611 exsurget
3047 2559 3215 2611 regere
3245 2556 3418 2615 gentes
3446 2545 3492 2614 (I
3500 2548 3583 2598 sai.
3622 2559 3685 2606 st,
3707 2541 3772 2605 lli).

2288 2631 2351 2686 Et
2374 2633 2663 2700 Apostolus
2693 2651 2707 2686 :
2735 2633 2810 2685 De
2832 2631 2990 2699 Filio,
3025 2634 3225 2701 inquit,
3264 2651 3390 2699 suo,
3425 2637 3508 2705 qui
3527 2640 3666 2705 {actus
3684 2632 3773 2685 ιδιά

2283 2737 2345 2773 ex
2368 2723 2556 2774 semine
2587 2722 2749 2774 David
2778 2723 2953 2791 (llam.
2990 2739 3027 2788 ι,
3056 2724 3131 2791 5).
3162 2723 3227 2777 Ει
3260 2726 3452 2779 iterum
3484 2744 3496 2780 :
3531 2724 3689 2776 Memor
3713 2729 3775 2772 nlo

2285 2812 2546 2867 Christum
2572 2814 2603 2866 J
2612 2831 2750 2866 esum
2783 2816 3037 2867 resurrexi
3063 2833 3115 2869 se
3146 2832 3177 2867 a
3227 2818 3441 2871 mortuis
3464 2833 3523 2869 ea:
3547 2816 3697 2870 semine
3713 2808 3773 2861 Da-

2283 2905 2367 2957 vid
2395 2902 2480 2973 (II
2514 2904 2643 2957 Tim.
2675 2921 2733 2967 tt,
2764 2906 2841 2968 8).
2879 2904 2941 2957 Et
2972 2905 3188 2974 angelus
3213 2906 3279 2959 ad
3310 2908 3523 2960 Mariam
3550 2922 3561 2956 :
3588 2900 3774 2956 Dabitilli,

2285 2997 2473 3063 inquit,
2506 2997 2638 3049 Deus
2659 2998 2824 3049 sedem
2858 2994 3021 3048 David
3043 2999 3199 3066 patris
3224 2999 3306 3049 sui
3332 2997 3481 3066 (Luc.
3501 2996 3645 3064 1,32).
3664 2992 3716 3045 Et
3728 2989 3773 3040 illa

2286 3087 2446 3155 igitur
2476 3096 2633 3154 atque
2674 3089 2793 3140 aliis
2838 3100 2997 3155 quam
3035 3088 3277 3155 pluribus
3322 3088 3680 3142 demonstratur
3710 3082 3774 3133 et;-

599 3174 749 3265 δηω,
780 3200 918 3254 sicut
943 3199 1056 3266 ipse
1079 3199 1150 3252 πει
1183 3217 1193 3250 ε
1222 3198 1379 3252 pa”
1404 3174 1455 3251 ξξι
1487 3216 1562 3251 ,ηε
1590 3216 1826 3263 manens,
1866 3200 1990 3269 facit
2030 3217 2185 3269 opem
2211 3178 2257 3238 C
2290 3179 2502 3233 dentius
2551 3193 2655 3232 non
2688 3179 2853 3232 Deum
2895 3190 3018 3232 ante
3048 3179 3239 3233 sarcula
3275 3180 3461 3245 fuisse,
3491 3179 3578 3234 sed
3605 3180 3646 3230 in
3670 3174 3774 3227 Deum

597 3291 783 3360 (Joan.
816 3308 923 3359 xw,
952 3291 1061 3361 10).
1099 3292 1161 3345 Et
1190 3294 1377 3346 iterum
1402 3308 1417 3346 :
1449 3290 1567 3344 Non
1598 3301 1762 3360 potest
1784 3308 1815 3343 a
1835 3307 1886 3344 se
1914 3292 2082 3345 Filius
2104 3294 2184 3362 fa-

596 3402 709 3440 cere
764 3387 1045 3456 quidquam
1096 3383 1276 3457 (Joan.
1312 3400 1366 3450 v,
1411 3383 1520 3453 l9).
1580 3382 1715 3448 Quia
1765 3383 1907 3437 enim
1960 3384 2183 3439 multum

604 3478 714 3533 Deo
744 3487 995 3545 acceptus
1021 3477 1140 3544 fuit,
1175 3476 1429 3546 quidquid
1455 3476 1622 3529 voluit
1651 3475 1985 3530 orationibus
2016 3477 2183 3543 impe-

596 3572 777 3627 travit.
794 3571 923 3623 Nam
958 3570 1002 3623 si
1034 3569 1255 3623 mortuis
1304 3568 1509 3623 reddita
1551 3577 1633 3622 est
1670 3569 1807 3631 vita,
1838 3568 1881 3620 si
1914 3567 2073 3622 caecis
2104 3567 2180 3620 lu-

597 3680 742 3729 men,
771 3666 813 3719 si
845 3665 1104 3720 debilibus
1128 3665 1317 3727 virtus,
1337 3665 1380 3717 si
1404 3663 1631 3732 leprosis
1662 3662 1942 3726 munditia,
1970 3662 2013 3715 si
2038 3676 2185 3716 mare

602 3757 851 3825 ventique
878 3766 1188 3816 cesserunt,
1221 3757 1264 3807 si
1299 3756 1675 3809 alimentorum
1722 3764 1965 3809 creatura
2008 3754 2183 3807 multi-

599 3846 781 3917 plicati
838 3847 1037 3900 fenoris
1104 3836 1277 3901 Sensit
1339 3855 1700 3915 augmentum,
1761 3861 1867 3899 non
1917 3843 2019 3898 nisi
2070 3844 2183 3899 haec

599 3938 778 3991 omnia
803 3937 1060 3992 orationis
1091 3951 1312 3991 munere
1340 3936 1514 3990 elicita
1543 3951 1664 3991 esse
1692 3942 2003 3989 noscuntur.
2030 3932 2183 3989 Simi-

596 4029 738 4098 lique
766 4028 928 4083 modo
954 4027 1184 4097 perfecta
1208 4028 1447 4096 qumdam
1473 4028 1746 4096 prepbetaa
1767 4026 1818 4079 in
1852 4024 1944 4078 Dei
1965 4023 2182 4077 nomine

594 4122 956 4193 perfecerunt.
992 4120 1193 4201 Verum
1232 4121 1354 4189 quia
1397 4119 1485 4173 hic
1533 4120 1586 4172 in
1634 4126 1835 4171 tantum
1868 4131 1928 4171 se
1959 4114 2069 4169 Deo
2099 4114 2195 4195 di-_

593 4230 779 4283 gnum,
812 4214 1185 4282 canioremque
1224 4211 1619 4281 pe:se\'erando
1660 4211 1713 4263 in
1761 4207 2027 4263 mandatis
2066 4206 2180 4276 ejus

593 4304 858 4370 exhibuit,
893 4313 950 4357 ut
983 4305 1094 4371 ipse
1129 4305 1203 4355 ait
1233 4320 1245 4353 :
1281 4302 1389 4372 Ego
1422 4317 1535 4370 qua:
1580 4301 1771 4367 placita
1799 4308 1915 4353 sunt
1957 4300 2003 4352 ei
2047 4299 2180 4367 {acia

594 4412 792 4465 semper
816 4396 994 4464 (Joan.
1020 4410 1134 4456 vnt,
1166 4391 1282 4461 29),
1322 4402 1377 4446 et
1416 4403 1471 4445 ut
1512 4392 1670 4445 Pater
1709 4406 1917 4459 quoque
1963 4390 2027 4442 ad
2056 4404 2176 4443 eum

597 4503 693 4557 per
719 4488 967 4563 θηρῴη)
997 4486 1249 4554 loquitur,
1274 4483 1461 4537 dicens
1492 4483 1652 4555 (sicut
1682 4484 1733 4537 in
1764 4482 2017 4538 Zacharia
2047 4482 2180 4537 scri-

2293 3271 2447 3325 boua:
2475 3270 2703 3325 actionis
2733 3271 2925 3325 metito
2957 3271 3265 3338 profecisse.

2359 3362 2474 3415 Xll.
2502 3360 2704 3415 Probus
2733 3361 2899 3429 judex
2937 3361 3064 3413 dixit
3088 3374 3105 3411 :
3129 3359 3220 3413 lnt'
3243 3361 3411 3414 ntatis
3432 3375 3459 3414 a
3484 3356 3673 3413 Pltotino
3687 3361 3774 3420 quit-

2287 3455 2552 3509 stionibus
2600 3470 2631 3509 e
2674 3455 2888 3509 diverso
2919 3453 3244 3508 venientium
3296 3450 3691 3524 responsionibus
3720 3456 3773 3497 oc-

2296 3557 2560 3600 curratur.

2359 3638 2675 3691 Athanasius
2700 3636 2873 3689 dixit:
2902 3634 2955 3691 Si
2994 3651 3055 3690 ea
3105 3651 3223 3705 qua:
3252 3637 3415 3690 Arius
3457 3644 3621 3691 contra
3652 3622 3773 3683 Sabel’

2288 3729 2415 3783 lium
2462 3738 2774 3797 prosecutus
2821 3736 2905 3781 est
2948 3728 3230 3794 diligenter
3277 3728 3543 3791 advertas,
3593 3722 3650 3776 ibi
3673 3717 3775 3772 etiam

2289 3822 2498 3876 Photini
2526 3821 2804 3891 perfidiam
2839 3822 3037 3889 pariter
3061 3820 3343 3889 cognoscis
3368 3821 3640 3875 exclusam.

2360 3914 2557 3968 Probus
2572 3914 2740 3984 judex
2761 3915 2887 3966 dixit
2920 3930 2937 3966 :
2970 3912 3037 3966 Ut
3068 3913 3228 3981 puta?

2357 4005 2669 4059 Athanasius
2695 4005 2823 4057 dixit
2852 4003 3151 4057 :Sabellius
3196 4018 3357 4058 uuam
3402 3997 3669 4057 confitendo
3704 4003 3776 4060 ρετ·

2286 4110 2498 4161 sonam,
2535 4095 2723 4149 Filium
2757 4104 2881 4148 ante
2911 4104 3221 4148 cunctorum
3253 4094 3512 4164 originem
3542 4086 3773 4145 sucularum

2287 4190 2585 4243 subsistere
2616 4188 2938 4257 denegavit:
2964 4188 3103 4255 quod
3146 4188 3317 4256 ipsum
3350 4201 3552 4257 quoque
3596 4175 3775 4267 Ρίιοίξηῗδ

2288 4281 2465 4351 impiis
2495 4294 2808 4334 asseverare
2830 4278 3149 4333 commentis
3188 4278 3514 4346 aggreditur,
3555 4271 3657 4326 dum
3695 4261 3775 4316 Μ’

2287 4391 2355 4431 ex
2382 4374 2601 4429 humani
2632 4383 2782 4426 ortus
2813 4371 3086 4425 nativitate
3115 4370 3322 4423 initium
3356 4369 3601 4428 tribuens,
3628 4352 3775 4446 omuin

2286 4483 2408 4522 cum
2453 4481 2555 4519 non
2604 4464 2766 4518 fuisse
2816 4472 3055 4515 testatur.
3106 4462 3233 4528 Qum
3292 4460 3543 4527 sacrilega
3588 4447 3775 4520 opinions

595 4540 744 4649 ptum
777 4540 928 4647 eust)':
960 4577 1205 4647 Angelus,
1231 4574 1423 4644 inquit,
1463 4574 1665 4627 Domini
1702 4577 1899 4638 stabat,
1922 4583 1965 4625 et
2006 4581 2176 4626 conte-

2286 4559 2581 4622 scntentia,
2620 4556 2747 4611 Ario
2778 4553 3049 4623 copiosius
3098 4562 3456 4621 prosequente
3502 4552 3676 4602 cassata

591 4670 821 4726 stabatur
847 4668 883 4723 J
887 4685 1029 4723 esum
1058 4684 1074 4722 :
1098 4668 1226 4722 Dtec
1252 4668 1380 4721 dicit
1404 4664 1653 4719 Dominus
1671 4665 1803 4718 Deus
1824 4665 2133 4719 exercituum
2156 4680 2175 4718 :

592 4765 653 4820 Si
676 4765 728 4817 in
750 4764 841 4817 viis
863 4763 982 4818 meis
1005 4761 1372 4828 ambulaveris,
1400 4770 1449 4815 et
1477 4760 1763 4814 custodiam
1802 4775 1969 4813 meam
2009 4766 2177 4812 custo-

590 4855 767 4919 dieris,
799 4864 853 4908 tu
875 4870 1071 4923 quoque
1088 4852 1350 4924 judicabis
1372 4852 1579 4904 domum
1620 4866 1784 4904 meam
1819 4850 2063 4919 (Zacltar.
2093 4865 2171 4914 ltt,

592 4947 687 5014 5),
736 4953 790 5001 et
835 4954 890 4999 ut
930 4954 1159 4999 mortem
1209 4958 1306 5013 pro
1362 4943 1543 4997 mundi
1592 4943 1764 4998 salute
1805 4942 2174 5011 aequanimiter

589 5036 744 5102 tulit;
774 5036 842 5092 ob
872 5035 992 5099 hoc,
1025 5036 1266 5103 inquam,
1294 5034 1434 5103 quod
1466 5048 1524 5087 se
1539 5041 1738 5087 tantum
1757 5048 1819 5088 ac
1839 5033 1995 5087 talem
2018 5031 2170 5087 exhi-

589 5134 725 5199 buit,
774 5131 924 5187 dedit
976 5130 1048 5184 illi
1103 5129 1244 5185 Deus
1295 5127 1663 5182 universorum
1710 5135 2074 5196 potestatem,
2114 5140 2176 5178 ac

586 5228 759 5284 Deum
790 5226 939 5280 illum
964 5225 1125 5279 totius
1153 5232 1413 5278 creaturae
1438 5222 1736 5286 constituit,
1769 5220 1908 5275 sicut
1953 5223 2176 5289 Apostn~

588 5323 671 5377 lus
708 5321 888 5386 docet,
936 5319 1164 5375 dicens:
1191 5316 1497 5371 Humiliavit
1537 5316 1864 5383 semetipsum
1909 5329 2067 5381 usque
2112 5316 2179 5363 ad

587 5425 818 5480 mortem,
843 5423 1060 5467 mortem
1082 5421 1251 5465 autem
1283 5410 1465 5463 crucis.
1508 5406 1728 5476 Propter
1762 5406 1898 5477 quod
1948 5415 1994 5457 et
2037 5402 2177 5457 Deus

588 5507 731 5560 illaut
760 5506 1023 5569 exultavit,
1045 5514 1092 5557 et
1111 5503 1249 5557 dedit
1267 5502 1345 5555 illi
1372 5516 1554 5554 nomen
1584 5500 1719 5568 quod
1750 5507 1822 5551 est
1848 5513 2001 5565 super
2030 5511 2176 5549 omne

593 5614 803 5662 nomen;
826 5607 878 5651 ut
907 5598 960 5651 in
990 5599 1194 5650 nomine
1234 5592 1358 5646 Iesu
1400 5607 1548 5643 omne
1583 5606 1711 5657 genu
1743 5590 1997 5657 ﬂectatur,
2031 5587 2174 5640 ca’le-

594 5697 766 5754 stium,
789 5690 1097 5742 terrestrium
1127 5697 1171 5740 (ι
1195 5686 1514 5751 infernarum
1546 5680 1714 5749 (Phil.
1744 5695 1799 5740 It,
1829 5681 1905 5746 8).
1942 5678 2093 5733 Unde
2120 5686 2175 5731 et

597 5780 711 5851 ipse
741 5790 856 5849 post
884 5783 1204 5848 passionem,
1238 5792 1357 5846 quae
1399 5776 1448 5831 ei
1489 5774 1592 5829 tale
1630 5770 1852 5828 contulit
1900 5770 2168 5833 meritum,

2288 4654 2487 4721 Aperte
2516 4651 2658 4706 enim
2699 4659 2754 4703 et
2799 4646 3026 4702 lucidius
3072 4644 3482 4707 demonstravit,
3531 4638 3688 4694 Filium
3720 4625 3777 4677 Del

2288 4752 2453 4806 Deum
2481 4758 2605 4802 ante
2634 4755 2877 4814 tempora
2909 4742 3236 4799 substitisse.
3711 4815 3718 4823 _

2356 4846 2555 4900 Probus
2598 4843 2752 4905 iudex
2771 4840 2899 4892 dixit
2922 4855 2939 4892 :
2966 4836 3178 4891 Memini
3209 4833 3451 4904 equidem
3488 4828 3620 4899 131
3653 4822 3776 4873 Arium

2285 4944 2353 4999 de
2400 4940 2726 5007 proprietate
2768 4948 3008 5003 persona:
3037 4930 3155 4986 Filii
3184 4924 3520 4983 subsistentis
3552 4925 3699 5007 contra

2282 5006 2502 5090 bellium
2533 5030 2663 5083 satis
2692 5026 2897 5095 egisse;
2923 5024 3016 5078 sed
3044 5020 3420 5088 diSputationis
3455 5014 3577 5069 ordo
3602 5006 3668 5060 vel
3689 5007 3779 5095 ratio

2284 5127 2456 5200 poscit
2510 5133 2566 5177 ut
2616 5092 2824 5177 Pboiini
2890 5131 3103 5187 quoque
3143 5114 3369 5168 assertio
3412 5104 3610 5179 proprio

2289 5189 2475 5278 contra
2513 5216 2792 5273 nitentium
2841 5207 3177 5265 refulationis
3199 5206 3349 5261 obice
3399 5189 3705 5257 submoveri;
3736 5189 3781 5278 ξω

2288 5315 2413 5369 dum
2446 5310 2604 5364 nimis
2633 5304 2879 5360 brevitati
2910 5300 3169 5362 studetis,
3221 5312 3304 5351 res
3347 5286 3650 5347 necessarias
3669 5279 3777 5369 aliut:

2290 5416 2401 5457 tere
2430 5396 2738 5454 videamini.
2783 5393 2898 5448 Non
2930 5391 3072 5446 enim
3122 5402 3336 5457 parvam
3385 5380 3552 5437 intulit
3585 5385 3675 5428 sua:
3700 5359 3780 5457 fit-lt“l

2286 5492 2669 5563 quaestionem,
2714 5486 2899 5541 multis
2946 5479 3303 5537 asseverando
3359 5462 3697 5563 documentis.1

2284 5549 2411 5640 lium
2454 5583 2546 5636 Dei
2591 5549 2668 5635 ex,
2697 5578 2860 5633 Maria
2903 5574 3109 5629 initium
3155 5569 3452 5637 accepisse,
3493 5570 3542 5615 et
3585 5556 3627 5610 in
3668 5549 3783 5601 Deum

2290 5674 2600 5729 clarissimae
2631 5668 2856 5724 actionis
2882 5666 3072 5721 merito
3104 5660 3411 5731 profecisse.
3643 5733 3649 5736 Α
3691 5727 3699 5736 .

2353 5765 2660 5820 Athanasius
2694 5760 2822 5816 dixit
2852 5777 2866 5812 :
2896 5758 3010 5814 Non
3042 5754 3241 5825 pigebit
3272 5761 3356 5806 aut
3388 5762 3487 5811 me,
3518 5746 3598 5794 aut
3630 5732 3781 5788 Αηυιη,
