3938 6376
191 335 293 390 189

184 551 428 606 arguere,
458 542 546 610 qui
573 543 622 597 in
652 554 852 603 tantum
883 556 1125 623 prorupit
1156 556 1403 623 insaniae,
1443 570 1501 615 ιιι
1528 564 1760 632 prophe-

187 626 305 681 ticis
330 637 488 698 atque
509 636 1006 710 apostolicisdietis,
1036 659 1233 699 vesano
1257 648 1451 704 furoris
1476 652 1555 705 aui
1578 654 1759 709 animo

184 732 521 789 repugnans,
548 727 730 780 nescio
759 744 877 797 qua:
907 731 1161 787 vilissima
1195 738 1556 808 derogationis
1575 759 1759 799 exem-

184 810 290 877 pla,
324 827 440 881 qua:
476 814 610 871 Deus
652 834 746 887 pro
788 832 983 879 nostra:
1025 827 1409 898 redemptionis
1446 834 1615 889 salute
1664 852 1759 893 vo-

180 899 416 955 luntario
444 905 603 960 subiit
633 909 823 965 ail'ectu
844 955 859 979 ,
908 913 960 967 in
1004 916 1251 986 injuriam
1282 930 1440 977 tanta:
1475 929 1759 993 protulerit

180 991 500 1057 maiestatis.

252 1081 389 1137 XIII.
425 1086 576 1142 Arius
604 1091 733 1144 dixit
760 1109 780 1147 :
810 1094 1160 1156 Tolerabilius
1207 1104 1515 1162 Judaaorum
1546 1109 1761 1167 Christo

178 1171 550 1232 insultantium
576 1197 757 1250 voces,
789 1199 877 1241 aut
906 1194 1388 1253 crucifixi-latronis
1411 1199 1760 1270 blasphemia)

173 1264 483 1333 audiuntur,
501 1287 659 1338 quam
688 1275 913 1332 nefanda
937 1281 1090 1351 hujus
1110 1285 1326 1342 Photini
1352 1292 1573 1359 perlidia
1596 1294 1760 1349 susti-

176 1367 359 1415 netur.
391 1360 519 1426 Quis
549 1364 689 1418 enim
722 1368 857 1423 ferat
914 1388 1103 1440 purum
1137 1376 1406 1435 hominem
1457 1386 1757 1453 praulicari,

172 1458 265 1499 aut
294 1464 357 1503 ex
388 1451 546 1506 Maria
572 1458 864 1525 sumpsisse
896 1462 1103 1519 initium
1133 1482 1255 1521 eum
1308 1470 1397 1539 qui
1435 1485 1494 1526 se
1524 1472 1592 1527 de
1617 1475 1758 1530 caelo

171 1539 383 1593 venisse
411 1552 464 1596 et
493 1555 615 1599 ante
641 1550 833 1604 sarcula
885 1554 1122 1621 genitum
1174 1571 1497 1627 protestatur
1530 1605 1545 1629 ,
1622 1566 1761 1621 sicut

171 1628 312 1682 idem
343 1631 407 1685 de
434 1634 584 1690 Pa'rc
611 1638 852 1708 loquens,
883 1654 936 1697 et
965 1655 1181 1702 aeternae
1235 1652 1526 1708 nitivitatis
1557 1666 1761 1727 myste-

167 1720 311 1773 rium
342 1726 596 1793 pandens,
626 1730 735 1785 ait:
762 1733 887 1787 Ante
910 1740 1097 1791 siccata
1148 1741 1383 1809 [undavit
1428 1762 1524 1810 me,
1554 1756 1598 1800 et
1643 1760 1760 1802 ante

170 1828 345 1865 omnes
372 1817 523 1871 colles
554 1824 724 1889 genuit
753 1842 847 1878 me.
894 1826 1020 1881 Cum
1074 1846 1279 1898 pararet
1327 1835 1498 1901 cazlos,
1549 1841 1760 1895 aderam
1792 1859 1835 1920 Β

170 1902 246 1920 311⁸
276 1914 285 1920 -
308 1900 345 1920 ῒὶ
629 1912 708 1920 ⁸-⁵
758 1915 785 1920 “
845 1917 856 1920 ·
976 1919 979 1920 ⁷

166 1902 246 1954 illi
273 1900 456 1971 (Prov.
485 1926 597 1975 vni,
622 1912 857 1982 9.3).Scd
890 1928 941 1972 et
973 1919 1131 1975 Pater
1151 1924 1215 1977 ad
1248 1900 1495 1981 eumdem
1529 1931 1764 2001 loquitur

164 1992 356 2049 dicens
398 2014 410 2049 :
447 1997 529 2053 Ex
560 2013 699 2057 utero
746 2017 860 2061 ante
888 2010 1155 2081 luciferum
1179 2018 1332 2084 genui
1371 2030 1418 2072 te
1448 2020 1618 2089 (Psal.
1652 2040 1760 2092 δικ,

164 2081 245 2151 5).
272 2085 400 2151 Quia
434 2092 576 2143 enim
607 2094 775 2149 stella:
806 2098 865 2151 in.
887 2101 1054 2168 signis
1072 2081 1371 2174 temporum
1404 2112 1591 2178 posita:
1614 2124 1758 2182 sunt,

165 2174 507 2233 nativitatem
540 2181 655 2237 Filii
685 2186 765 2239 sui
803 2187 943 2243 Dens
969 2191 1125 2247 Pater
1146 2205 1268 2252 ante
1306 2208 1569 2255 astrorum
1601 2206 1761 2275 origi-

172 2266 382 2333 nem,id
413 2279 493 2323 est
518 2282 640 2327 ante
673 2278 909 2333 omnium
941 2290 1237 2352 temporum
1264 2289 1456 2344 seriem
1488 2295 1761 2351 exstitisse

238 2718 497 2779 Photinus
534 2729 717 2784 dixit:
767 2732 877 2787 Iloc
929 2736 1222 2792 secundum
1280 2742 1762 2809 prmdestinat'onis

157 2812 442 2868 veritatem
468 2818 667 2875 dictum
691 2827 971 2894 accipitur,
1000 2829 1261 2897 Apostolo
1308 2845 1643 2894 iontestante
1675 2852 1757 2896 at-

156 2905 262 2966 que
293 2902 539 2962 dicente:
574 2912 674 2975 Qui
702 2917 1093 2983 prwdestinatus
1122 2932 1192 2973 est
1226 2921 1393 2978 Filius
1426 2925 1522 2980 Dei
1567 2929 1617 2981 in
1653 2934 1757 2984 t-ir-

155 2980 263 3045 ’ute
295 2994 469 3064 (lium.
496 3016 529 3060 ι.
564 3003 640 3071 4).
672 2980 801 3059 Nam
826 3008 903 3062 sic
937 3009 1137 3065 dictum
1166 3022 1247 3066 est
1274 3032 1285 3065 :
1321 3016 1451 3071 Ante
1480 3018 1635 3075 colles
1663 3040 1753 3092 ge-

155 3088 269 3137 nuit
296 3104 372 3142 nie
398 3090 581 3157 (Prov.
615 3111 726 3165 vm,
755 3099 873 3168 25),
909 3102 990 3156 vel
1018 3119 1029 3154 :
1066 3105 1192 3159 Ante
1232 3107 1498 3175 luciferum
1528 3116 1681 3182 genui
1708 3128 1753 3169 te

154 3174 469 3248 tPsat.crx,
503 3184 588 3255 5),
646 3202 766 3243 cum
813 3200 987 3246 tamen
1048 3195 1351 3252 novissimis
1422 3206 1749 3269 temporibus

154 3265 319 3321 fuerit
348 3281 500 3327 natus
532 3316 546 3338 ,
577 3280 844 3345 quomodo
865 3291 918 3335 et
949 3286 1237 3352 Apostolus
1277 3290 1596 3348 electionem
1628 3309 1751 3350 san-

153 3366 365 3413 ctorum
412 3376 534 3419 ante
580 3372 854 3424 exordium
893 3373 1084 3430 factam
1142 3380 1333 3434 assi'rit
1409 3385 1749 3443 saeculorum.

153 3447 259 3512 Qui
283 3467 391 3515 nos,
411 3454 580 3525 inquit
612 3460 760 3531 elegit
781 3472 896 3516 ante
917 3468 1325 3527 constitutionem
1342 3474 1514 3526 mundi
1531 3475 1746 3547 (Ep/tes.

150 3531 189 3601 ³,
221 3539 305 3610 4).
342 3545 493 3616 132
530 3548 589 3601 Et
627 3551 806 3620 utique
835 3568 938 3608 non
981 3565 1103 3610 sunt
1146 3559 1245 3612 nisi
1305 3562 1355 3615 in
1410 3531 1747 3621 Iine‘m'undi

149 3630 332 3686 electi.
361 3634 511 3690 Sicut
535 3655 662 3709 ergo
691 3645 952 3713 apostoli,
978 3648 1065 3715 qui
1097 3657 1220 3703 ante
1241 3652 1435 3706 srecula
1481 3668 1587 3710 non
1616 3656 1746 3712 sub-

154 3723 438 3793 sistebant,
471 3738 645 3786 tameu
679 3734 730 3788 in
762 3737 1230 3805 praedestinatiune
1280 3743 1437 3799 electi
1489 3761 1610 3802 esse
1661 3749 1742 3804 di-

151 3823 387 3879 cuntur;
418 3819 605 3876 eodem
629 3823 997 3895 intelligentiae
1039 3844 1237 3900 genere
1281 3841 1335 3888 et
1383 3834 1450 3891 de
1503 3836 1739 3908 Christo,

149 3905 295 3971 quod
323 3912 652 3966 antesmcula
669 3914 843 3972 dictus
865 3926 946 3972 est
975 3931 1154 3987 natus,
1183 3924 1233 3977 in
1276 3926 1740 3995 prazdestinatione

149 3994 353 4050 dictum
384 4002 660 4070 accipitur.
690 4006 849 4063 Moris
874 4018 956 4065 est
971 4012 1111 4066 enim
1144 4013 1341 4070 divinae
1361 4018 1654 4088 Scriptura:
1683 4024 1737 4080 id

146 4086 294 4151 quod
326 4103 419 4154 pro
446 4101 593 4146 certo
623 4095 855 4152 futurum
878 4109 960 4154 est
980 4116 1042 4156 ac
1071 4102 1114 4156 si
1132 4104 1241 4171 jam
1266 4106 1461 4162 factum
1484 4086 1553 4163 sit
1580 4126 1738 4167 enar-

145 4190 296 4230 rare.
332 4178 481 4239 Unde
506 4193 559 4237 et
584 4188 836 4256 propheta
868 4193 940 4245 ait
972 4210 984 4244 :
1011 4193 1111 4257 Qui
1140 4198 1255 4265 fecit
1276 4215 1389 4263 qua:
1422 4201 1594 4269 futura
1619 4216 1737 4260 sunt

146 4263 309 4335 (Isai.
343 4283 467 4336 xcv,
505 4273 589 4338 il,
618 4292 715 4328 sec.
756 4278 947 4349 LXX),
973 4281 1022 4335 id
1052 4263 1163 4348 esti;
1190 4287 1239 4339 in
1262 4263 1729 4355 prmrlestinatione

144 4358 311 4420 faeta,
346 4360 396 4412 in
425 4377 482 4415 re
512 4375 689 4420 autem
714 4370 936 4424 necdum
967 4373 1265 4430 existentia.
1294 4377 1365 4431 Ita
1393 4388 1448 4433 et
1494 4382 1610 4437 Filii
1641 4400 1735 4439 na-

145 4448 326 4501 tivitas
351 4461 474 4506 ante
502 4458 693 4511 saecula
720 4461 1113 4531 prtedrstinata,
1134 4466 1185 4520 in
1212 4470 1312 4524 ﬁne
1338 4488 1465 4526 vero
1494 4484 1576 4529 cst
1601 4485 1733 4533 tem-

144 4552 335 4604 porum
366 4545 628 4600 veraciter
647 4556 785 4603 orta.

215 4628 420 4686 Probus
435 4636 605 4705 judea:
633 4638 763 4694 dixit
794 4658 810 4694 :
842 4642 931 4697 Illa
983 4661 1099 4713 qua:
1146 4660 1268 4705 ante
1308 4654 1560 4712 mundum
1594 4675 1727 4729 prat-

142 4718 439 4778 deslinatur
470 4726 586 4783 Filii
616 4733 884 4803 nativitas,
912 4751 974 4791 ex
1008 4738 1097 4793 Dei
1130 4739 1302 4797 Patris
1334 4753 1485 4802 utero
1506 4764 1726 4818 proces-

144 4811 279 4869 sisse
305 4813 657 4886 describitur;
694 4832 745 4876 tu
795 4841 924 4881 vero
976 4828 1165 4886 Filium
1196 4848 1258 4888 ex
1311 4835 1471 4892 Maria
1515 4841 1722 4899 initium

142 4906 412 4973 accepisse
448 4912 678 4965 testaris.

210 4993 353 5048 XIV.
393 4996 647 5057 Photinus
667 5002 795 5057 dixit
825 5022 845 5059 :
870 5006 974 5063 Sed
1006 5024 1110 5065 non
1158 5013 1278 5069 ideo
1324 5017 1721 5092 intelligendum

140 5091 219 5137 est
266 5083 537 5142 Christum
566 5091 634 5146 de
679 5092 787 5149 Deo
830 5095 985 5154 Patre
1034 5116 1154 5157 esse
1199 5114 1411 5173 natam,
1468 5083 1587 5181 quia
1638 5126 1730 5173 aut

142 5176 250 5241 ipse
277 5189 339 5231 se
367 5178 433 5231 de
462 5178 617 5236 Patre
641 5186 905 5255 genitum,
929 5201 1019 5246 aut
1043 5193 1201 5249 Pater
1219 5200 1469 5267 genuisse
1486 5176 1720 5262 tutetur.

142 5263 246 5319 IIuc
261 5267 406 5322 enim
432 5269 569 5327 Deus
596 5275 755 5332 Pater
777 5279 844 5335 de
865 5281 1127 5353 adoptatis
1148 5263 1577 5360 velvadoptandis
1597 5296 1725 5353 Iiliis

140 5358 315 5415 dicere
343 5369 817 5434 consuevit,sicut
870 5390 964 5444 per
1014 5378 1200 5434 Isaiam
1254 5382 1489 5438 dicitur:
1549 5386 1719 5444 Filios

140 5456 283 5520 genui
306 5463 356 5508 et
376 5461 595 5515 exaltavi
621 5461 776 5532 (lsai.
807 5481 844 5528 ι,
886 5464 965 5539 2).
1000 5468 1066 5524 Ει
1094 5471 1284 5528 iterum
1304 5491 1318 5531 :
1337 5474 1714 5550 Printogcnitus

140 5542 269 5606 [ilius
299 5561 440 5601 meus
465 5547 630 5606 Israel
659 5553 850 5623 (Exod.
883 5575 955 5624 tv,
983 5560 1099 5631 2‘2).
1135 5564 1201 5618 Et
1220 5565 1453 5623 Joannes
1488 5542 1715 5628 {Omnis

140 5635 220 5697 qui
266 5647 416 5691 natus
456 5649 531 5694 est
554 5684 568 5709 ,
601 5644 769 5715 inquit
794 5689 808 5713 ,
839 5666 901 5703 ex
931 5649 1038 5707 Deo
1060 5697 1074 5717 ,
1118 5672 1218 5709 non
1257 5671 1426 5727 peccat
1457 5660 1509 5733 (1
1555 5662 1709 5719 Joan.

144 5739 187 5789 v,
222 5728 308 5799 18)
342 5747 353 5783 :
385 5743 563 5791 etnon
586 5746 780 5808 potest,
818 5740 1003 5813 inquit,
1037 5762 1279 5815 peccare,
1310 5753 1558 5822 quoniam
1582 5758 1714 5813 nati-

797 344 1069 404 CONTRA
1108 351 1424 422 ARIANOS,
1467 355 1956 432 SABELLIANOS,
2002 368 2176 437 ETC.,
2221 374 2577 441 putocus.
2623 388 2757 446 LIB.
2801 344 2877 448 r.’

187 444 398 499 Pliotini
425 444 746 509 dementiam
789 457 986 514 divina:
1022 462 1311 531 Scriptura:
1357 469 1762 527 auctoritatibus
1791 481 1840 538 Α
1867 478 1992 532 vitas
2026 481 2118 537 Dei

3361 418 3463 473 I90

2145 501 2309 544 servat
2334 494 2499 550 illum.
2533 498 2666 556 Num
2698 505 2855 575 igitur
2876 514 2999 581 quia
3045 518 3076 570 Ir
3100 524 3286 580 iuiines
3329 533 3461 589 Iide-

2716 569 2740 575 ν
2893 569 2907 581 _
3065 569 3074 570 ,
3118 569 3286 580 _-...-..
3329 569 3455 589 ..υν-

1862 569 1939 622 los
1970 570 2036 626 de
2067 574 2178 631 Deo
2207 583 2319 638 nati
2348 601 2465 643 esse
2513 592 2778 663 dicuntur,
2832 602 3029 661 idcirco
3083 612 3161 665 eis
3210 616 3455 677 humana:

1864 662 2154 724 nativitatis
2186 676 2427 735 aufertur
2452 688 2749 755 origoiaut
2797 698 3102 769 priusquam
3154 710 3221 765 de
3276 714 3453 771 homi-

2540 752 2561 755 _
2797 752 2808 763 .
2954 752 3102 769 τη--.
3156 752 3221 765 ..υ
3276 752 3453 771 um...-

1863 752 2017 810 nibus
2056 774 2407 824 nascerentur
2429 785 2553 831 ante
2583 786 2762 839 mundi
2795 792 3133 864 principium,
3169 818 3267 871 per
3311 810 3455 864 divi-

2795 850 2808 857 .
2968 850 2979 863 ι
3084 850 3106 852 γε
3120 850 3133 864 ν
3169 850 3193 871 r
3207 850 3255 858 υ.
3312 850 3361 862 ul
3382 850 3395 862 1
3412 850 3423 864 I
3438 850 3451 852 “

1863 859 1945 897 na:
1968 850 2261 910 nativitatis
2293 875 2855 935 commemorationem
2885 891 3155 948 exstitisse
3198 902 3451 961 credendi

1865 944 1983 961 nunc
2002 937 2027 961 9

1864 937 2027 989 sunt?

1934 1028 2087 1082 Arius
2117 1034 2246 1087 dixit
2280 1054 2299 1091 :
2326 1041 2585 1108 Qu0niam
2618 1060 3063 1124 manifestissima!
3090 1078 3295 1135 veritati
3342 1087 3451 1141 cal-

1934 1118 1968 1141 l-
2001 1120 2091 1141 λΙξλν
2158 1136 2168 1141 -
2217 1131 2246 1141 ν’
2330 1134 2340 1141 ⁵

1863 1406 1987 1451 ante
2014 1400 2066 1454 in
2108 1404 2307 1474 Spiritu
2348 1428 2369 1465 ε

2702 1491 2714 1495 ν
2911 1491 2922 1498 ,
3153 1491 3180 1499 ..
3200 1491 3297 1505 ...υ
3326 1491 3441 1511 .......

1862 1491 2180 1550 smculoruni
2203 1502 2625 1566 substantialiter
2652 1520 2789 1584 apud
2815 1522 3020 1582 Patrem
3048 1491 3210 1591 Deum
3252 1491 3441 1602 Filium

1864 1584 2132 1641 exstitisse
2164 1598 2419 1665 testatur,
2473 1616 2536 1655 ac
2565 1607 2642 1660 sic
2667 1610 2948 1672 I’Iiotinnm
2998 1624 3107 1679 alto
3165 1632 3446 1701 ἱηιςιετίιίτε

1865 1685 2057 1701 ραι-ιιι..-
2084 1678 2195 1701 ειη..Δ
2218 1700 2225 1701 ,
2528 1694 2540 1701 .
2606 1698 2615 1701 _

1862 1685 2059 1742 sopore
2081 1678 2410 1757 demersum,
2444 1702 2498 1747 et
2527 1694 2707 1754 Iethali
2732 1706 2910 1771 quiete
2940 1678 3449 1787 SCplIiIIIIII,'Ci3rIS-

2749 1763 2761 1771 .
2980 1763 3017 1781 κ.
3044 1763 3231 1787 _--.-...-,
3266 1763 3447 1784 ιιιιΙΙδ⁵

1863 1763 2013 1821 siina:
2039 1783 2151 1826 sua:
2174 1779 2317 1833 vocis
2344 1789 2612 1849 praeconio
2640 1796 2857 1865 excitat,
2882 1803 3066 1863 dicens
3099 1827 3111 1864 :
3143 1812 3206 1866 In
3252 1823 3447 1887 princi-

1863 1856 1947 1887 υἱι-
1980 1870 2083 1887 Α--ο
2124 1863 2269 1887 ν-μιμ
2434 1886 2437 1887 ⁷
2476 1876 2517 1887 "
2587 1881 2596 1887 ⁸

1861 1856 1947 1923 pio
1975 1870 2083 1913 erat
2124 1863 2359 1935 Verbum,
2395 1886 2439 1927 et
2476 1876 2695 1935 Verbum
2716 1898 2824 1941 erat
2849 1898 2989 1961 apud
3015 1898 3195 1966 Deum,
3234 1856 3279 1961 elt
3314 1911 3449 1971 De!“

1874 1960 1972 1971 -..-ι
2002 1950 2042 1971 17
2064 1954 2121 1971 μί’
2279 1960 2321 1971 ¹”

2881 1950 2891 1961 υ
3068 1950 3195 1966 ,ηπ-ν
3234 1950 3273 1961 vi
3314 1950 3442 1971 υιιιι

1866 1960 1972 2000 erat
2002 1950 2240 2014 Verbum.
2268 1960 2383 2016 Hoc
2405 1978 2509 2021 erat
2538 1972 2590 2025 in
2612 1977 2862 2050 principio
2890 1990 3030 2055 apud
3075 1991 3235 2048 Deum
3263 1999 3442 2067 (Joan.

1866 2053 1880 2067 Ι
1937 2042 1987 2067 ,λ
2040 2044 2172 2067 ημμ
2218 2051 2254 2067 ί.
2355 2056 2365 2067 .
2394 2058 2405 2067 .
2535 2063 2546 2067 -

1864 2053 1904 2104 ι,
1929 2042 2007 2157 lI).
2038 2044 2179 2149 Ergo
2206 2051 2255 2105 ei
2278 2056 2366 2122 qui
2393 2058 2444 2111 in
2470 2063 2732 2136 principio
2753 2042 2866 2127 erat
2921 2042 3058 2146 apud
3077 2042 3308 2157 Der-iiut

2644 2132 2657 2136 _
2957 2132 2969 2146 ι
3034 2132 3055 2134 _
3102 2132 3288 2157 _-v...u,
3341 2132 3445 2151 ιιυΙΙ

1864 2132 2185 2205 relinquitur
2207 2154 2263 2198 ut
2291 2151 2583 2210 novissimo
2615 2169 2851 2231 tempore
2878 2172 3095 2239 originis
3117 2191 3227 2232 sua:
3250 2184 3446 2249 princi-

1865 2223 2006 2249 n:-n-.-
2034 2229 2093 2249 nl-
2124 2232 2145 2249 ίν
2252 2237 2263 2248 ⁸

1864 2223 2008 2348 pinu:
2030 2229 2097 2283 ab
2121 2232 2336 2293 homine
2365 2251 2671 2313 sumpserit.
2699 2223 2765 2307 έι
2792 2273 2857 2311 ne
2888 2223 2989 2315 hoc

1864 2316 2003 2383 quod
2031 2319 2081 2373 in
2107 2325 2369 2396 principio
2390 2348 2504 2389 erat
2533 2343 2671 2406 apud
2704 2344 2866 2400 Deum
2890 2316 3142 2409 divinai—vi
3156 2316 3444 2421 lunai:

1864 2419 2078 2464 euntem
2106 2416 2375 2475 existimet
2404 2440 2625 2492 sonum,
2670 2432 2743 2485 ait
2771 2452 2782 2485 :
2820 2438 2881 2489 Et
2917 2441 3050 2495 Deus
3080 2460 3187 2499 erat
3229 2450 3445 2509 Verbum

1866 2496 2076 2571 (Ibid).
2111 2506 2262 2570 Quod
2290 2511 2337 2563 si
2368 2514 2467 2567 hoc
2502 2516 2727 2574 Verbum
2780 2524 2920 2583 Deus
2971 2496 3118 2600 erat,
3140 2496 3443 2601 ﬁs—ubsvtavn—iii

1866 2605 2107 2662 manens,
2157 2613 2259 2652 non
2289 2619 2454 2659 sonus
2496 2613 2760 2670 transiens
2802 2631 2938 2675 erat.
2993 2623 3250 2684 Fundata:
3302 2635 3443 2691 enim

1864 2688 2068 2737 natura:
2097 2688 2263 2744 virtus
2281 2698 2597 2763 ostenditur,
2658 2719 2777 2772 qua:
2823 2708 2987 2766 fuisse
3014 2717 3097 2770 vel
3150 2734 3269 2775 esse
3318 2727 3443 2780 suh-

1863 2777 2183 2835 stantialiter
2208 2786 2547 2850 praedicatur.
2576 2794 2637 2847 Et
2658 2801 2908 2864 quoniam
2935 2821 3076 2861 nunc
3100 2826 3311 2881 quoque
3339 2816 3441 2871 Sa-

1861 2865 2077 2924 bellium
2108 2872 2160 2927 in
2192 2874 2294 2933 hoc
2329 2882 2594 2939 auditorio
2623 2890 2896 2949 nobiscum
2921 2907 3097 2954 astare
3140 2908 3436 2979 conspicio,

1862 2962 1911 3015 in
1956 2972 2208 3037 utrosque
2239 2976 2528 3034 testimonii
2578 2984 2735 3053 hujus
2767 2991 2866 3045 tela
2898 2994 3153 3065 vibraho,
3207 3012 3260 3055 ct
3315 3003 3439 3061 inde

1857 3056 2141 3116 Photinum
2188 3066 2377 3123 occido
2442 3076 2581 3130 unde
2628 3080 2913 3139 Sabellium
2967 3056 3191 3157 perimo.
3247 3056 3437 3153 Audiat

1857 3161 1986 3218 ergo
2008 3151 2270 3211 Sabellius
2303 3162 2468 3218 Deum
2499 3170 2637 3237 apud
2669 3172 2834 3229 Deum
2886 3151 3071 3251 fuisse,
3128 3195 3182 3239 et
3227 3151 3437 3245 desinat

2534 3228 2548 3237 _
2758 3228 2761 3229 ν
2810 3228 2833 3229 η
2886 3228 3071 3251 ----ν-,
3130 3228 3182 3239 ν.
3228 3228 3434 3245 ..μνη-υ..

1779 3228 1823 3290 C
1857 3247 1925 3295 an
1956 3246 2157 3303 unitate
2190 3266 2453 3317 personm.
2485 3261 2677 3316 Audiat
2706 3264 2987 3336 Photinus,
3042 3274 3143 3329 hoc
3202 3278 3434 3336 Verbum

1857 3334 2023 3391 Deum
2054 3342 2104 3394 in
2139 3344 2272 3410 print
2296 3347 2401 3415 ipio
2427 3353 2719 3421 exstitisse,
2749 3369 2802 3413 et
2829 3362 3031 3418 desinat
3055 3367 3121 3421 de
3144 3369 3302 3426 Maria
3330 3377 3426 3429 vir-

1853 3428 1976 3494 gine
2005 3429 2213 3487 initium
2242 3439 2497 3496 tribuere.
2526 3442 2662 3513 lloc,
2699 3450 2886 3518 inquit,
2917 3467 3027 3508 erat
3082 3460 3133 3512 in
3182 3466 3433 3535 principio

1850 3522 1992 3589 apud
2015 3521 2197 3580 Deum.
2235 3528 2420 3583 Omnia
2443 3550 2533 3601 per
2554 3537 2720 3605 ipsum
2773 3544 2910 3611 facta
2956 3560 3094 3615 sunt,
3123 3562 3168 3606 et
3182 3521 3296 3608 sine
3323 3521 3433 3626 ipso

1851 3614 2044 3679 factum
2068 3625 2138 3667 est
2162 3619 2293 3672 nihil
2320 3620 2497 3692 (Joan.
2532 3642 2569 3695 ι,
2596 3628 2673 3696 2).
2706 3630 2771 3684 In
2821 3634 2917 3688 hoc
2968 3614 3158 3696 mundo
3204 3614 3353 3713 erat;
3386 3661 3432 3705 et

1848 3706 2071 3761 mundus
2096 3725 2189 3779 per
2234 3713 2399 3783 ipsum
2444 3720 2612 3788 [actus
2663 3736 2737 3779 est
2786 3728 2969 3799 (Ibid.,
3003 3734 3109 3804 I0).
3151 3706 3430 3801 Antecedit

1844 3812 2057 3858 creator
2078 3818 2340 3865 creatura:
2368 3828 2480 3870 suae
2514 3820 2804 3890 Opilicium,
2835 3840 2899 3881 an
2929 3832 3074 3884 non?
3402 3826 3411 3833 ’

1916 3893 2027 3951 XV.
2064 3896 2266 3955 Probus
2285 3904 2453 3972 judex
2478 3909 2609 3963 dixit
2638 3928 2656 3965 .‘
2680 3914 2895 3972 Constat
2920 3925 3098 3990 operis
3127 3929 3208 3981 sui
3259 3928 3423 3986 fabri-

1839 3999 1957 4040 cam
1993 3993 2309 4050 antecedere
2339 4009 2632 4054 creatorem
2669 4018 2683 4066 ;
2716 4020 2886 4076 neque
2915 4013 3057 4066 enim
3119 4028 3291 4084 potest
3322 4023 3425 4077 ulla

1842 4081 2047 4138 ratione
2089 4085 2299 4141 admitti
2356 4100 2413 4144 ut
2474 4102 2655 4161 postea
2691 4097 2743 4165 ip
2772 4113 2803 4153 e
2861 4081 3130 4171 eruperit;
3163 4111 3252 4177 qui
3304 4114 3426 4169 facti

1839 4182 2026 4228 auctor
2053 4180 2280 4233 exstitit.

1908 4266 2062 4319 Arius
2092 4268 2219 4321 dixit
2252 4284 2272 4322 :
2300 4271 2356 4327 Si
2386 4289 2515 4345 ergo
2544 4279 2718 4335 omnia
2744 4297 2839 4352 per
2863 4283 3055 4341 Filium
3095 4276 3232 4345 facta
3272 4304 3418 4361 sunt,

1835 4368 1891 4413 et
1920 4362 2150 4417 mundus
2179 4378 2273 4432 per
2290 4380 2411 4420 eum
2430 4367 2599 4425 factus
2615 4383 2716 4439 est,
2748 4390 2970 4446 apparet
3016 4392 3139 4439 ante
3160 4388 3418 4443 mundum

1834 4452 1916 4507 vel
1948 4463 2071 4509 ante
2101 4458 2277 4510 omnia
2308 4472 2426 4529 qua:
2460 4461 2597 4517 facta
2616 4477 2737 4522 sunt
2762 4469 2951 4527 Filium
2973 4478 3259 4536 exstitisse.

1902 4543 2105 4600 Probus
2134 4549 2303 4618 judex
2340 4552 2471 4608 dixit
2493 4571 2510 4608 :
2533 4556 2670 4613 Nihil
2712 4560 2812 4618 hac
2859 4565 3170 4634 probatione
3192 4573 3415 4629 manife-

1833 4638 1969 4691 stius
1992 4641 2189 4707 poterit
2213 4640 2594 4702 demonstrari.

1902 4729 2057 4784 Arius
2083 4732 2215 4785 dixit
2242 4749 2262 4787 :
2298 4734 2403 4790 Sed
2432 4752 2499 4792 ne
2528 4740 2663 4796 forte
2689 4748 2843 4801 unius
2895 4752 3122 4817 apostoli
3171 4756 3410 4823 probatic

1832 4816 2164 4878 insuﬂiciens
2189 4838 2309 4880 esse
2339 4829 2558 4895 perfidis
2582 4832 2851 4901 videatur,
2907 4816 3033 4908 alia,
3058 4842 3101 4896 si
3138 4848 3409 4917 praecipis,

1833 4914 2156 4981 testimonia,
2205 4916 2394 4973 Filium
2449 4921 2541 4976 Dei
2592 4936 2715 4981 ante
2772 4936 2964 4985 szecula
3032 4914 3411 4996 subsiStentem

1831 5007 2208 5073 contestautia,
2245 5009 2390 5064 brevi
2424 5018 2795 5081 prosecutione
2824 5024 3154 5079 sulmectam.

1903 5095 2105 5152 Probus
2127 5102 2295 5171 judex
2334 5105 2505 5161 dixit:
2533 5108 2678 5165 Licet
2708 5118 2787 5183 (ut
2813 5121 2957 5188 reor)
2987 5120 3167 5179 utilius
3190 5136 3243 5180 et
3281 5126 3412 5180 vali-

1829 5188 1948 5245 dius
1980 5193 2081 5248 ltoc
2105 5197 2411 5253 testimonio
2434 5200 2563 5256 nihil
2591 5206 2896 5279 sit,tamen,
2932 5221 2985 5265 ut
3016 5220 3245 5271 diversis
3275 5234 3406 5286 pro-

1830 5290 2103 5348 bationum
2138 5296 2461 5353 testimoniis
2490 5304 2773 5359 assertioni
2806 5314 2908 5360 tua:
2939 5313 3176 5365 cumules
3222 5312 3404 5378 Iidem,

1828 5399 1997 5454 pauca
2046 5387 2126 5458 (ut
2154 5389 2257 5460 ais)
2304 5392 2707 5466 circumscripta
2741 5400 3001 5456 brevitate
3050 5418 3401 5472 prosequere.

1897 5480 2048 5535 Arius
2075 5484 2203 5537 dixit
2234 5501 2253 5537 :
2285 5486 2488 5543 Domini
2511 5493 2676 5546 nostri
2714 5492 2838 5547 .Iesu
2869 5493 3068 5550 Christi
3123 5513 3221 5552 vox
3246 5507 3327 5554 est
3351 5501 3407 5558 in

1822 5570 2113 5643 Evangelia
2156 5576 2433 5635 dicentis:
2477 5581 2640 5637 Nemo
2667 5586 2893 5639 ascendit
2940 5589 2991 5640 in
3042 5590 3244 5659 (celum,
3304 5595 3403 5649 nisi

1818 5664 1906 5733 qui
1933 5665 1995 5720 de
2021 5667 2145 5721 ('on
2175 5670 2453 5739 descendit,
2480 5670 2527 5722 [η’
2531 5672 2649 5727 ilius
2679 5675 2894 5728 hominis
2933 5680 3021 5747 qui
3073 5689 3145 5732 est
3196 5683 3249 5735 in
3278 5684 3402 5739 cwlo

1821 5755 1996 5826 (Ioan.
2032 5775 2119 5829 ιιι,
2151 5760 2255 5832 I3).
2284 5762 2348 5820 Et
2374 5758 2564 5821 iterum
2596 5781 2608 5821 :
2638 5763 2887 5821 Desccndi
2917 5772 2978 5825 dc
3008 5775 3154 5843 cwlo,
3194 5796 3294 5835 non
3347 5791 3400 5836 ut
