3938 6376
486 390 579 447 191

1806 385 2025 443 VIGILII
2067 384 2433 443 TAPSENSIS

3661 378 3763 434 iiii

482 501 671 570 faciant
702 500 1004 553 voluntate»:
1023 516 1203 565 meam,
1231 502 1320 553 sed
1344 502 1643 554 voluntatem
1668 514 1776 568 ejus
1799 501 1886 567 qui
1926 499 2061 551 misit
2092 502 2135 559 Α
2168 512 2321 561 sero;
2364 498 2481 561 sed,
2516 503 2572 549 ut
2596 494 2725 561 dixi,
2762 494 2917 549 unius
2944 508 3061 549 eam
3091 504 3313 559 naturai,
3341 494 3606 563 uniusque
3636 495 3764 549 sub-

482 608 559 644 me
590 589 761 644 Patris
794 591 973 661 (Jaan.
1004 607 1077 657 vr,
1111 590 1223 661 38).
1260 598 1494 660 Apparet
1524 605 1651 659 ergo
1702 590 1811 658 jam
1879 589 2064 651 fuisse,

481 682 568 749 qui
610 682 679 736 de
706 682 846 737 coelo
872 683 1243 747 descenderat,
1278 694 1336 736 ut
1359 683 1617 737 Photinus
1664 682 1969 745 erubescat,
2016 688 2071 733 et

482 772 647 826 alium
678 787 847 828 essea
874 774 1048 839 Patre,
1083 775 1207 828 dum
1241 790 1348 828 non
1384 789 1495 827 suae
1534 773 1824 827 voluntatis
1846 771 2071 825 arbitrio

482 864 763 932 praesumit
787 865 983 935 aliquid
1016 865 1338 931 faciendum,
1369 868 1460 920 sed
1510 866 1769 919 mittentis
1807 880 1865 918 se
1900 863 2073 917 Patris

484 956 535 1007 iu
562 953 811 1008 omnibus
837 960 1143 1026 exsequitur
1176 959 1332 1029 134
1375 959 1722 1023 voluntatem,
1772 966 1828 1011 ut
1883 956 2072 1011 Sabel-

486 1051 591 1104 lius
622 1060 678 1106 et
705 1052 752 1107 ei
780 1052 982 1107 similes
1013 1055 1395 1105 conticescant.
1456 1050 1586 1104 Item
1623 1069 1635 1102 :
1671 1049 1844 1110 Pater,
1879 1049 2068 1117 inquit,

484 1142 721 1209 glori/ica
746 1158 822 1195 me
843 1126 933 1195 illa
962 1144 1149 1212 gloria,
1173 1159 1325 1211 quam
1352 1142 1504 1194 habui
1526 1143 1665 1209 apud
1706 1151 1752 1194 te
1804 1149 2075 1209 antequam

490 1234 712 1287 mundus
734 1234 874 1302 ﬁeret
902 1232 1081 1299 (Joan.
1114 1250 1243 1295 xvu,
1268 1235 1347 1302 5).
1385 1235 1523 1288 Ecce
1552 1242 1676 1301 ante
1735 1232 1917 1286 mundi
1950 1247 2077 1286 cou-

489 1326 846 1391 stitutionem,
881 1324 1102 1379 honoris
1128 1326 1298 1393 gloria
1330 1327 1607 1394 praeditum
1652 1339 1817 1394 penes
1864 1325 2075 1378 Patrem

488 1433 608 1473 sese
665 1419 829 1474 fuisse
883 1427 1129 1472 testatur.
1179 1418 1373 1472 Audiat
1416 1433 1547 1488 ergo
1594 1418 1859 1473 Sabellius
1914 1419 2075 1471 alium

488 1510 627 1577 apud
652 1510 904 1574 alterum,
929 1509 1112 1563 audiat
1136 1509 1399 1563 Photinus
1448 1509 1670 1579 gloriam
1729 1518 1852 1563 ante
1894 1508 2075 1561 mundi

489 1601 794 1670 possedisse
841 1600 1181 1668 principium.
1227 1601 1354 1655 Item
1427 1601 1716 1669 Apostolus
1753 1603 1805 1654 in
1864 1598 2075 1667 propria

490 1710 612 1749 eum
642 1693 940 1747 divinitatis
969 1692 1137 1745 forma
1190 1693 1355 1746 luisse
1410 1692 1721 1757 ostendens,
1770 1692 2075 1760 priusquam

491 1794 699 1838 natura:
723 1782 935 1836 servilis
968 1782 1191 1835 formam
1224 1782 1542 1849 susciperet,
1573 1782 1649 1834 ait
1681 1800 1694 1835 :
1749 1782 1851 1848 Qui
1880 1798 1994 1834 cum
2022 1782 2077 1833 in

2172 593 2378 644 stantia:
2409 590 2593 644 credo.

2244 683 2391 736 Arius
2422 684 2550 736 dixit
2577 699 2593 734 :
2629 682 2738 753 Ego
2767 683 2904 737 sicut
2928 692 3033 739 tres
3059 696 3321 752 personas
3371 682 3424 735 in
3479 694 3578 735 sua
3636 696 3767 746 pro-

2178 776 2401 842 prietate
2426 785 2705 830 manentes
2729 816 2742 839 ,
2767 775 2837 829 ita
2868 785 2975 829 tres
2996 774 3318 830 substantias
3360 773 3533 827 Patris
3561 781 3618 825 et
3650 772 3767 824 I-‘ilii

2175 880 2228 923 et
2257 870 2485 935 Spiritus
2512 868 2680 922 snncti
2694 868 2976 923 conﬁteor.
3009 868 3123 921 Alia
3149 875 3233 921 est
3257 866 3399 921 enim
3430 862 3524 917 Dei
3558 862 3765 927 Patris,

2176 964 2279 1014 alia
2309 960 2448 1025 Filii,
2475 959 2573 1014 alia
2597 960 2826 1028 Spiritus
2878 961 3048 1014 sancti
3090 958 3408 1021 substantia,
3456 973 3555 1011 nec
3590 967 3765 1024 potest

2177 1054 2286 1106 ullo
2311 1053 2471 1106 modo
2500 1052 2748 1121 ingenitae
2772 1052 3084 1105 substantiae
3108 1050 3279 1104 Patris
3308 1058 3399 1103 aut
3418 1050 3597 1118 genita
3625 1049 3771 1110 Filii,

2176 1153 2266 1195 aut
2288 1154 2465 1196 creata
2496 1144 2727 1211 Spiritus
2756 1143 2923 1195 sancti
2951 1141 3182 1195 conferri
3211 1151 3417 1194 natura.
3464 1140 3625 1195 Unde
3676 1155 3775 1195 nec

2181 1242 2441 1300 potestate
2470 1233 2721 1299 aequales,
2754 1228 2851 1287 nec
2874 1232 3238 1301 magnitudine
3264 1233 3491 1298 similes,
3526 1247 3631 1286 nec
3676 1247 3771 1284 na-

2181 1336 2296 1379 tura
2329 1335 2605 1379 consortes
2635 1340 2665 1378 a
2698 1325 2854 1378 nobis
2885 1324 3025 1378 lideli
3051 1324 3387 1378 confessione
3414 1321 3737 1377 creduntur.

2258 1416 2419 1472 XVII.
2450 1415 2645 1471 Probus
2659 1418 2823 1487 judea:
2845 1418 3013 1471 dixit:
3044 1418 3097 1470 Si
3125 1417 3223 1470 hoc
3243 1425 3409 1469 totum
3449 1423 3554 1479 est,
3584 1416 3640 1468 in
3670 1431 3776 1483 quo

2178 1525 2207 1564 a
2245 1510 2397 1563 vobis
2420 1509 2643 1563 invicem
2671 1507 2956 1563 dissentire
2975 1508 3249 1576 videmini,
3270 1508 3318 1561 id
3343 1516 3445 1570 est,
3464 1506 3607 1577 quod
3638 1522 3776 1559 unus

2182 1602 2447 1665 diversas,
2473 1601 2607 1655 alius
2631 1601 2909 1656 Trinitatis
2941 1617 3100 1655 unam
3158 1600 3299 1654 dicat
3350 1614 3470 1654 esse
3520 1598 3776 1652 substan—

2184 1695 2310 1747 tiam
2338 1710 2352 1758 ;
2376 1694 2425 1747 id
2460 1710 2600 1748 nunc
2628 1694 3002 1761 disputationis
3032 1692 3165 1746 ratio
3190 1694 3379 1761 poscit,
3430 1702 3484 1744 ut
3515 1692 3777 1746 assertio-

2185 1800 2279 1839 nes
2309 1794 2514 1839 vestras
2546 1802 2651 1837 non
2678 1784 2972 1838 subtilitate
3003 1794 3441 1853 argumentorum
3496 1783 3565 1838 de
3622 1785 3778 1837 indu—

490 1878 660 1945 [arma
688 1873 784 1928 Dei
805 1885 952 1942 esset,
1004 1891 1103 1927 non
1152 1875 1387 1944 rapinam
1432 1874 1704 1926 arbitratus
1749 1886 1820 1926 est
1874 1889 1980 1925 esse
2025 1888 2077 1924 se
2108 1870 2151 1929 Β
2182 1876 2309 1930 stiia
2338 1876 2633 1931 dialectica:
2660 1878 2790 1930 artis
2824 1876 3175 1942 venientium,
3197 1877 3287 1929 sed
3322 1877 3469 1944 puris
3490 1884 3547 1930 et
3570 1876 3780 1943 simpli-

489 1969 735 2036 wqualem
766 1964 875 2019 Deo
898 1983 914 2028 ;
943 1966 1032 2019 sed
1054 1965 1373 2033 semetipsum
1404 1965 1699 2031 exinanivit,
1723 1964 1943 2033 formam
1970 1978 2081 2015 ser—

487 2042 536 2111 ~ei
565 2058 818 2125 accipiens
846 2056 1071 2128 (Philip.
1106 2072 1161 2119 ιι,
1188 2057 1267 2124 6).
1290 2053 1407 2109 lam
1441 2056 1600 2124 igitur
1629 2056 1769 2110 Deus
1808 2065 1943 2118 erat,
1992 2057 2081 2123 qui

484 2160 553 2215 ut
585 2151 744 2205 homo
767 2158 932 2213 esset,
979 2148 1069 2203 Dei
1099 2164 1157 2201 se
1209 2147 1435 2202 formam
1484 2147 1787 2203 exinanisse
1840 2147 2080 2203 docetur.

492 2242 622 2297 Item
646 2240 911 2297 Jercmias
945 2241 1110 2294 Deum
1141 2240 1307 2295 fuisse
1335 2240 1639 2309 priusquam
1693 2239 1926 2294 hominis
1976 2240 2085 2293 lor-

496 2349 638 2387 mam
668 2334 978 2404 dignaretur
1007 2348 1304 2397 assumere,
1328 2333 1627 2387 evidentius
1654 2333 1827 2401 aperit
1856 2333 2040 2387 dicens
2069 2349 2081 2385 :

498 2423 605 2477 llic
633 2436 707 2478 est
742 2424 879 2478 Deus
908 2435 1099 2486 noster,
1131 2434 1176 2479 et
1210 2441 1311 2478 non
1337 2426 1662 2493 deputabitur
1689 2425 1815 2479 alter
1843 2428 1910 2477 ad
1926 2441 2041 2478 eum
2067 2441 2084 2477 :

492 2518 578 2582 qui
596 2516 781 2569 invenit
812 2532 1007 2569 omnem
1037 2517 1167 2568 viam
1219 2515 1447 2569 scientiie
1488 2526 1534 2568 et
1585 2516 1724 2568 dedit
1766 2532 1885 2568 eam
1921 2515 2086 2569 Jacob

492 2622 651 2673 puero
680 2622 792 2669 suo,
827 2616 873 2659 et
892 2605 1057 2660 Israel
1073 2609 1225 2660 electo
1257 2624 1370 2660 suo.
1398 2606 1526 2661 Post
1553 2608 1658 2661 lucc
1695 2608 1747 2660 in
1773 2609 1921 2660 terris
1949 2607 2087 2661 visus

492 2711 587 2765 est,
619 2709 666 2753 et
696 2700 828 2753 inter
857 2700 1082 2754 homines
1110 2710 1431 2753 conversatus
1486 2709 1556 2754 est
1589 2700 1841 2771 (Bai-ach,
1874 2716 1951 2768 ttt,
1998 2700 2087 2770 '56)

497 2794 623 2849 Ilaec
651 2804 755 2847 tam
786 2796 935 2848 ﬁrma
967 2835 983 2858 ,
1016 2805 1229 2863 tumque
1256 2795 1624 2849 robustissima
1668 2795 1736 2849 de
1765 2795 1959 2848 divinis
1989 2809 2085 2847 au-

495 2886 843 2941 ctoritatibus
885 2886 1060 2941 elicita
1119 2886 1491 2954 probamenta,
1540 2886 1778 2955 qualibet
1831 2885 2088 2939 Photinus

497 2975 565 3044 (si
595 2976 755 3045 valet)
787 2977 1248 3047 argumentatione
1269 2977 1549 3030 dissolvat.

571 3068 706 3123 XVI.
742 3068 941 3125 Probus
956 3072 1121 3141 judex
1143 3070 1274 3123 dixit
1304 3086 1322 3123 :
1347 3070 1402 3125 Si
1427 3070 1602 3123 adhuc
1643 3079 1750 3122 tam
1784 3068 2087 3125 manifestis

497 3170 713 3231 tamque
738 3160 991 3229 perfectis
1018 3160 1360 3215 documentis
1380 3160 1640 3214 Photinus
1674 3160 1863 3214 obvius
1888 3161 1967 3215 ire
1993 3161 2089 3215 de-

2189 1973 2339 2027 cibns
2368 1971 2566 2025 divina:
2616 1971 2906 2041 Scriptura:
2953 1972 3288 2025 docmnemis
3344 1970 3618 2024 robustius
3684 1970 3778 2024 ful-

2187 2065 2359 2119 ciatis.
2385 2090 2398 2107 ο

2259 2160 2410 2211 Arius
2435 2156 2800 2212 dixit:Credo
2853 2157 2993 2227 quod
3045 2156 3425 2211 memoralibus
3477 2154 3779 2223 prudentia:

2191 2262 2295 2304 tua:
2340 2250 2590 2305 sensibus
2635 2250 2911 2304 Athanasii
2968 2251 3395 2317 prosecutiunem
3441 2262 3778 2316 nequaquam

2189 2343 2455 2398 subtraxit
2485 2343 2709 2409 oblivio,
2750 2358 2853 2412 qua
2884 2342 2935 2397 id
2960 2342 3256 2412 elegantius
3280 2341 3577 2409 peroravit,
3628 2341 3778 2393 illum

2189 2436 2386 2490 debere
2412 2436 2694 2506 pravitatis
2712 2450 2898 2492 errore
2928 2436 3125 2502 notari,
3156 2436 3243 2504 qui
3277 2447 3413 2488 nova
3443 2444 3501 2488 et
3528 2435 3619 2486 inu
3652 2434 3777 2488 itata

2194 2528 2480 2582 verborum
2516 2527 2816 2583 eumm‘enta
2849 2537 3114 2592 sectatur,
3155 2527 3416 2592 adjiciens
3467 2525 3778 2593 apostolicis

2190 2623 2529 2692 dugniatibus
2577 2622 2718 2692 quod
2750 2621 2817 2675 ab
2842 2621 3043 2676 eisdem
3093 2628 3305 2674 constat
3366 2620 3625 2673 traditum
3678 2632 3776 2671 non

2191 2717 2378 2771 fuisse.

2264 2808 2463 2863 Probus
2481 2809 2646 2881 judex
2675 2809 2803 2862 dixit
2830 2823 2851 2861 :
2876 2807 2949 2861 Ita
2980 2805 3221 2861 memini.
3590 2868 3593 2871 δ

2262 2901 2412 2954 Arius
2439 2901 2565 2954 dixit
2594 2917 2611 2954 :
2644 2900 2784 2969 Ergo
2811 2899 3012 2954 Νίσαξηί
3039 2898 3252 2953 decreta
3286 2895 3505 2950 concilii
3555 2895 3779 2950 lectione

2191 2992 2512 3059 pandantur,
2545 3000 2599 3045 et
2624 3004 2886 3058 agnosces
2909 2990 3258 3044 Athanasium
3294 2987 3380 3041 vel
3402 2986 3568 3055 hujus
3597 2996 3778 3040 aucte-

2190 3099 2275 3137 res
2304 3082 2649 3152 apostolicam
2686 3081 2843 3136 ﬁdem
2870 3094 3128 3135 novorum
3159 3080 3465 3149 adjectione
3498 3077 3779 3132 verborum

2191 3184 2415 3228 eatenus
2440 3174 2764 3242 corrupisse,
2792 3182 2847 3227 ut
2893 3182 2948 3227 et
2996 3187 3091 3226 eos
3142 3172 3233 3242 qui
3271 3170 3511 3239 antiquis
3568 3169 3777 3223 Patrum

493 3253 719 3320 siderat,
762 3264 966 3308 certum
993 3262 1077 3309 εει
1102 3268 1225 3307 eum
1260 3252 1518 3307 morbida:
1544 3254 1904 3307 contentionis
1954 3254 2086 3308 νίιίο
2113 3233 2157 3294 C
2194 3266 2458 3321 juhmsere
2481 3233 2766 3331 doct-finis,
2798 3263 3089 3317 ambitione
3119 3233 3262 3333 régia
3312 3261 3415 3324 usi,
3476 3260 3779 3315 censuerim

494 3347 599 3416 agi,
634 3346 721 3416 qui
764 3354 925 3399 tanta:
949 3360 1053 3398 non
1076 3344 1356 3413 subjicitur
1386 3344 1617 3399 veritati.
1664 3344 1772 3399 Sed
1814 3360 1881 3399 ne
1907 3344 2085 3399 studio

493 3438 755 3493 dilatandi
786 3437 1099 3493 certaminis
1130 3437 1399 3492 nebulosae
1457 3438 1700 3492 falsitatis
1759 3438 2085 3508 quaestiones

495 3529 811 3585 intendatet
840 3529 891 3583 in
923 3528 1212 3598 superﬂuis
1260 3528 1423 3583 rebus
1482 3529 1843 3584 necessarium
1878 3539 2088 3598 tempus

495 3622 762 3685 absumat,
787 3621 968 3675 utilem
996 3621 1109 3675 suis
1140 3621 1600 3689 prosecutionibus
1625 3622 1781 3675 linem
1828 3622 2085 3691 imponat.

500 3712 660 3766 Arius
684 3726 813 3766 vero
840 3720 1001 3780 atque
1048 3712 1398 3777 Athanasius,
1446 3714 1536 3782 qui
1580 3712 1774 3766 Filium
1822 3714 1914 3768 Dei
1964 3723 2088 3767 ante

500 3801 686 3857 mundi
717 3809 865 3856 ortus
894 3802 1155 3870 principia
1186 3802 1252 3857 de
1286 3804 1440 3857 Patre
1468 3802 1711 3872 genitum
1765 3805 2090 3860 conﬁtentur

506 3892 671 3961 (quod
694 3891 938 3946 videlicet
967 3891 1233 3946 Sabellius
1290 3894 1487 3959 pariter
1518 3891 1881 3964 Photinusque
1933 3909 2090 3963 nega-

502 3984 675 4053 bant),
707 3983 978 4055 quomodo
1009 3984 1059 4037 in
1091 4000 1191 4038 una
1231 3984 1525 4054 eademque
1550 3988 1813 4049 sententia
1842 3987 2095 4041 ﬁdeidis-

502 4080 693 4135 tidium
734 4079 953 4147 faciant,
985 4094 1279 4150 secumque
1329 4096 1433 4135 non
1482 4081 1824 4143 conveniant,
1880 4080 2091 4137 edicere

499 4187 604 4227 IIOI]
635 4184 931 4229 morentur.

570 4268 878 4322 Athanasius
900 4269 1032 4321 dixit
1065 4284 1082 4322 :
1113 4268 1421 4323 Subsisterc
1471 4278 1595 4322 ante
1646 4268 1841 4322 smcula
1894 4267 2089 4322 Filium

502 4357 765 4411 veraciter
797 4359 955 4412 Arius
980 4360 1282 4426 proﬁtetur.
1315 4359 1467 4424 Quod
1498 4370 1677 4413 autem
1706 4360 1773 4414 de
1799 4359 1957 4414 Patre
1998 4374 2092 4412 na-

503 4458 587 4502 tus
614 4449 704 4515 sit,
739 4463 873 4503 sono
901 4450 1270 4503 tantummodo
1298 4451 1440 4504 vocis
1464 4459 1519 4503 et
1539 4451 1789 4505 simulata
1805 4451 2089 4506 verborum

501 4541 867 4608 confessione,
894 4556 1000 4595 non
1026 4542 1268 4596 veritatis
1292 4543 1624 4612 proprietate
1659 4542 1935 4606 concedit;
1966 4542 2090 4596 dum

2197 3359 2452 3413 feralbus
2482 3357 2798 3428 relegandos
2827 3357 3035 3411 edictis.

2266 3452 2467 3507 Probus
2483 3452 2652 3525 judex
2676 3452 2804 3505 dixit
2834 3467 2854 3506 :
2877 3450 2933 3506 Si
2964 3451 3250 3520 praesentis
3277 3450 3475 3518 negotii
3512 3448 3656 3503 ratio
3696 3461 3779 3516 po-

2191 3544 2357 3599 stulat
2384 3553 2443 3598 ut
2468 3544 2744 3599 decretum
2770 3543 2972 3598 Niczeni
2990 3544 3246 3597 recitetur
3265 3541 3507 3606 concilii,
3530 3540 3639 3594 hoc
3660 3553 3780 3609 quo-

2191 3651 2294 3705 que
2322 3636 2645 3692 Athanasius
2676 3652 2775 3691 sua
2802 3636 3178 3705 prosecutione
3211 3635 3367 3706 136
3409 3633 3702 3703 designet;
3729 3643 3780 3687 ut

2192 3742 2258 3782 ex
2280 3728 2560 3797 utriusque
2589 3728 2879 3782 voluntatis
2908 3740 3129 3781 assensu
3155 3726 3227 3796 (si
3252 3724 3624 3795 quidilludest
3648 3724 3779 3796 quod

2193 3818 2435 3889 oﬂertur)
2464 3822 2801 3875 extrinsecus
2832 3820 3108 3875 recitetur.

2265 3910 2580 3964 Athanasius
2608 3910 2741 3963 dixit
2765 3926 2784 3964 :
2813 3908 3000 3964 Causa:
3029 3909 3277 3979 enngruit
3306 3917 3363 3962 ut
3391 3922 3576 3963 rerum
3615 3914 3781 3978 gesta-

2196 4021 2311 4059 rmn
2348 4004 2589 4059 lectionis
2618 4004 2773 4072 copia
2802 4017 2908 4057 non
2937 4012 3183 4072 negetur.

2263 4097 2446 4152 XVIII.
2480 4094 2858 4167 Probusjudea:
2887 4094 3015 4147 dixit
3069 4109 3087 4147 :
3140 4093 3300 4162 Ergo,
3354 4101 3413 4146 ut
3442 4090 3776 4155 desideratis,

2196 4189 2403 4259 praelati
2428 4188 2631 4243 decreti
2659 4187 2779 4240 ﬁdei
2801 4186 3032 4240 Nicwna:
3057 4185 3219 4241 lectio
3237 4183 3553 4239 ventiletur.

2268 4282 2333 4335 Et
2359 4281 2553 4335 lectum
2583 4289 2666 4335 est
2701 4280 2769 4333 ita
2806 4294 2820 4332 :

2610 4427 2892 4465 EXEIPLAR
2925 4426 3061 4464 FIDEI
3092 4425 3330 4464 ΝΙΕᾸΞΝΔΞ.

2271 4536 2552 4592 Credimus
2590 4537 2639 4589 in
2665 4552 2827 4590 unum
2883 4536 3049 4589 Deum
3102 4534 3333 4597 Patrem.
3360 4530 3783 4599 omnipotentem

503 4650 627 4690 eum
659 4650 687 4687 a
713 4646 952 4704 paterna:
1002 4644 1206 4690 natura:
1253 4635 1552 4691 substantia
1608 4636 1816 4705 longius
1857 4643 2091 4704 separat,
2121 4600 2174 4661 Β
2200 4630 2442 4685 omnium
2474 4628 2765 4682 visibilium
2797 4636 2851 4682 et
2882 4617 3228 4681 invisibilium
3286 4624 3569 4677 factorem.
3616 4621 3692 4675 Et
3739 4626 3784 4673 in

502 4736 560 4780 et
584 4726 894 4782 conditione
923 4736 1130 4782 natura:
1157 4743 1260 4782 non
1284 4726 1702 4797 dispensationis
1740 4725 1947 4780 ratione
1996 4725 2097 4779 Pa-

505 4818 572 4872 tri
604 4818 901 4887 subjectum
927 4818 1178 4875 afﬁrmat.

576 4907 778 4964 Probus
795 4911 959 4979 iudex
978 4912 1108 4964 dixit
1136 4928 1155 4966 :
1187 4911 1556 4966 Clarissimum
1581 4911 1699 4965 ﬁdei
1726 4910 1881 4982 135
1900 4920 2093 4963 vestrae

506 4999 761 5055 iudicium
793 5002 951 5066 date,
996 5012 1052 5058 et
1095 5004 1539 5071 quemadmodum
1594 5004 1826 5058 credatis
1886 5002 2092 5057 recenti

507 5095 883 5163 prosecutione
908 5097 1115 5166 signate
1135 5138 1149 5162 ,
1176 5111 1282 5166 quo
1309 5097 1476 5165 possit
1500 5097 1563 5149 ad
1587 5110 1827 5149 normam
1850 5094 2094 5164 proposi—

506 5198 575 5244 ιω
609 5188 963 5245 confessionis
1012 5189 1387 5259 disputationis
1438 5203 1650 5257 quoque
1693 5188 1920 5242 materia
1963 5201 2092 5241 coa—

507 5283 667 5355 ptari.

477 5377 480 5381 ’
573 5375 882 5430 Athanasius
911 5375 1083 5431 dixit:
1116 5374 1191 5431 Ne
1220 5384 1431 5431 vestros
1459 5388 1674 5444 gravem
1706 5372 1952 5428 oratione
1979 5372 2099 5425 lon-

504 5472 718 5543 gissima
751 5485 964 5536 sensus,
989 5468 1146 5523 ﬁdem
1173 5483 1346 5523 meam
1369 5467 1520 5524 brevi
1538 5480 1789 5521 sermone
1809 5464 2097 5518 concludo.

506 5564 718 5619 Patrem
746 5572 801 5619 et
816 5562 1005 5618 Filium
1037 5570 1092 5617 et
1113 5561 1375 5630 Spiritum
1406 5567 1669 5623 sanctum,
1701 5557 1922 5623 deitate,
1949 5566 2101 5624 pote-

506 5663 662 5719 state,
710 5654 1097 5725 magnitudine,
1162 5660 1372 5719 natura,
1430 5664 1592 5703 unum
1631 5663 1749 5703 esse
1794 5648 2095 5703 conﬁteor:

509 5759 605 5798 nec
637 5744 836 5812 aliquid
867 5748 918 5799 in
952 5746 1050 5800 hac
1094 5744 1358 5800 Trinitate
1410 5758 1628 5807 novum,
1689 5749 2093 5803 cxtranenmvc,

507 5851 567 5890 ac
612 5838 653 5892 si
684 5846 836 5891 antea
861 5854 964 5893 non
997 5836 1183 5907 luerit,
1218 5846 1399 5907 postea
1432 5850 1560 5891 vero
1592 5833 1858 5903 adjvctum
1891 5832 1983 5901 sit,
2015 5846 2097 5885 as-

2202 4737 2362 4774 unum
2395 4720 2677 4774 Dominum
2702 4728 2941 4771 nostrum
2989 4717 3172 4772 Jesum
3231 4712 3531 4778 Christum,
3591 4710 3785 4765 Filium

2202 4813 2316 4879 Dei,
2334 4822 2514 4866 natum
2543 4826 2613 4865 ex
2631 4811 2784 4863 Patre
2808 4808 3162 4877 unigenitum,
3181 4806 3280 4859 hoc
3300 4814 3382 4858 est
3401 4804 3472 4858 de
3492 4800 3786 4856 substantia

2200 4906 2413 4960 Patris:
2457 4904 2622 4957 Deum
2647 4918 2711 4955 ex
2746 4902 2878 4965 Deo,
2907 4901 3083 4953 lumen
3113 4914 3177 4951 ex
3215 4896 3438 4963 lumine,
3473 4895 3637 4949 Deum
3696 4907 3787 4945 ve-

2199 5014 2316 5053 rum
2347 4997 2414 5052 de
2444 4998 2554 5051 Deo
2577 5011 2705 5049 vero
2733 5011 2748 5049 :
2776 5004 2955 5047 natum
3012 5006 3118 5046 non
3174 4990 3370 5043 factum
3404 5006 3415 5040 :
3468 4986 3626 5041 unius
3671 4986 3790 5040 sub-

2199 5088 2413 5144 stantiae
2441 5103 2562 5142 eum
2596 5086 2752 5141 Patre
2776 5127 2790 5153 ,
2824 5084 2963 5154 quod
2992 5081 3167 5137 Graeci
3194 5080 3380 5135 dicunt
3435 5078 3789 5134 bomousion:

2204 5199 2297 5252 per
2323 5197 2482 5253 quem
2521 5182 2659 5236 facta
2688 5186 2813 5233 sunt
2841 5176 3020 5231 omnia
3044 5168 3171 5245 quae
3212 5174 3265 5227 in
3292 5173 3431 5228 cmlo
3475 5182 3530 5226 et
3576 5186 3699 5241 quae
3745 5172 3794 5224 in

2205 5287 2343 5329 terra
2374 5292 2386 5327 :
2413 5274 2500 5343 qui
2530 5282 2750 5343 propter
2781 5278 3017 5323 nostram
3041 5267 3268 5321 salutem
3298 5264 3599 5326 descendit,
3619 5264 3793 5317 incar-

2203 5378 2361 5422 natus
2403 5375 2506 5431 est,
2540 5364 2704 5419 homo
2727 5362 2895 5416 lactus
2925 5369 3027 5426 est,
3061 5372 3249 5429 passus
3275 5364 3381 5422 est,
3410 5366 3465 5410 et
3503 5354 3794 5410 ram-rexit

2209 5460 2364 5515 tertia
2392 5457 2502 5525 die,
2530 5455 2774 5511 ascendit
2805 5454 2860 5508 in
2888 5452 3076 5515 caelos,
3099 5459 3359 5505 venturus
3383 5447 3620 5516 judicare
3645 5446 3797 5500 vivos

2209 5564 2262 5610 et
2292 5563 2550 5607 mortuos.
2577 5551 2641 5607 Et
2668 5550 2720 5604 in
2751 5548 3007 5617 Spiritum
3038 5554 3306 5599 sanctum.
3331 5542 3441 5596 Eos
3473 5549 3649 5594 autem
3710 5535 3796 5605 qui

2209 5648 2389 5701 dicunt
2416 5634 2580 5700 :Erat
2608 5644 2821 5714 quando
2845 5656 2950 5694 non
2981 5646 3115 5703 erat,
3144 5647 3199 5691 et
3228 5644 3515 5703 antequam
3547 5644 3798 5685 nascere-

2211 5752 2292 5792 tur
2317 5755 2418 5792 nou
2443 5748 2579 5802 erat,
2606 5748 2661 5790 et
2684 5732 2824 5804 quod
2848 5733 2914 5785 de
2943 5748 3047 5784 non
3072 5726 3429 5787 exstantibus,
3467 5722 3550 5778 vel
3600 5736 3663 5776 ex
3696 5719 3797 5773 alia

2208 5829 2525 5895 substantia,
2557 5835 2646 5880 aut
2678 5824 2941 5888 essentia;
2973 5822 3208 5877 dicentes
3233 5814 3544 5872 mutabilem
3586 5822 3643 5869 et
3670 5826 3797 5889 coo-
