3938 6376
158 395 261 451 193

943 389 1213 445 CONTRA
1255 387 1569 449 ARIANOS,
1599 386 2096 453 ‘SABELLIANOS,
2142 385 2316 451 ETC.,
2359 383 2485 439 LIB.
2528 384 2569 439 I.

3318 387 3418 445 i9!

155 504 459 561 vertibilem
487 504 673 568 Deum,
695 503 791 557 bos
813 504 1221 559 anathematizat
1247 501 1504 556 catholica
1529 512 1575 554 et
1610 516 1735 569 apo-
1767 509 1811 561 Α
1843 502 2023 554 bulum
2046 503 2348 562 sortiretur,
2384 502 2540 571 138
2566 500 2679 553 sine
2705 500 2939 554 nominis
2962 501 3290 569 proprietate
3314 521 3418 557 mn-

158 598 342 650 stolica
371 596 631 649 Ecclesia.

234 688 376 743 XIX.
404 689 557 740 Arius
582 689 713 741 dixit
739 705 757 741 :
784 689 1056 753 Pervides,
1090 689 1325 742 virorum
1352 689 1553 755 optime
1608 686 1737 740 Pro-

160 780 252 847 be,
280 780 430 833 istius
470 779 685 834 decreta
716 780 927 835 concilii
974 781 1025 833 in
1073 780 1499 848 suggillationem
1522 786 1737 844 apo~tu-

160 870 280 924 lica:
334 869 456 924 ﬁdei
526 884 657 923 ausu
716 870 1016 925 temeraria:
1079 871 1521 938 praesumptionis
1577 868 1743 921 fuisse

160 965 489 1032 conscripta.
528 962 663 1029 Quid
692 962 834 1017 enim
861 976 995 1032 opus
1018 971 1132 1016 erat
1158 976 1351 1016 novum
1382 960 1482 1013 hoc
1521 960 1745 1012 bomou-

161 1056 282 1110 sion
311 1054 626 1108 vocabulum
658 1054 887 1121 antiquis
934 1053 1243 1123 dogmatum
1291 1054 1491 1121 regulis
1541 1050 1745 1103 inseri?

163 1145 412 1214 Nunquid
434 1147 576 1198 enim
608 1145 879 1213 apostolos
908 1146 990 1200 vel
1028 1160 1214 1199 eorum
1264 1143 1556 1211 discipulos
1586 1149 1746 1209 atque

162 1249 357 1291 omnes
389 1248 485 1302 per
511 1235 755 1290 ordinem
795 1249 1157 1299 successores,
1183 1234 1272 1305 qui
1303 1234 1369 1288 ad
1423 1234 1552 1287 illud
1583 1247 1750 1301 usque

164 1341 382 1399 tempus
414 1328 465 1381 in
486 1329 686 1384 Christi
724 1328 1064 1383 confessione
1112 1328 1385 1391 viventes,
1434 1326 1750 1379 homousion

165 1424 489 1480 vocabulum
512 1421 845 1492 ignorabant,
876 1421 1162 1489 impietatis
1182 1418 1521 1488 sacrilegium
1548 1418 1597 1471 in
1627 1416 1753 1470 ﬁdei

161 1517 392 1570 veritate
419 1523 633 1570 secutos
671 1512 832 1567 fuisse
852 1510 1116 1576 dicemus,
1139 1526 1236 1579 pro
1266 1526 1332 1564 eo
1382 1508 1587 1562 scilicet
1610 1506 1751 1576 quod

164 1609 573 1679 bujusnominis
599 1608 816 1663 notione
850 1607 1063 1675 privati,
1123 1606 1239 1660 sine
1284 1604 1450 1673 ipsius
1498 1603 1754 1670 praedica-

164 1702 331 1755 tionis
357 1698 657 1755 assertione
686 1707 1034 1767 perrexerunt
1063 1695 1129 1749 ad
1182 1696 1334 1765 137
1363 1693 1673 1748 Christum?
1696 1690 1751 1747 Si

162 1792 312 1846 enim
339 1807 370 1845 a
393 1791 547 1845 nobis
577 1793 658 1860 (ut
680 1790 765 1845 isti
799 1788 1014 1857 penitus
1063 1782 1430 1853 mentiuntur)
1487 1799 1622 1838 nova
1672 1784 1753 1838 in-

162 1882 552 1937 troducebatur
573 1890 756 1935 contra
788 1880 1153 1950 apostolorum
1180 1887 1376 1933 statuta
1405 1877 1669 1941 doctrina,
1699 1876 1752 1930 id

162 1977 350 2045 utique
377 1976 701 2030 conveniens
717 1983 851 2042 crat,
870 1988 1021 2026 novas
1042 1988 1069 2025 a
1085 1972 1237 2025 nobis
1254 1973 1471 2039 ingesta:
1493 1969 1752 2023 doctrinae

160 2068 403 2137 antiquis
419 2067 782 2137 apostolorum
807 2064 1030 2118 obviare
1068 2061 1348 2125 doctrinis,
1378 2068 1432 2115 et
1462 2062 1751 2114 novitatem

161 2166 431 2212 vetustate
459 2156 814 2225 proscribere,
846 2172 951 2209 non
983 2162 1295 2208 vetustatem
1355 2153 1586 2205 novita:e
1636 2166 1755 2220 per-

161 2259 397 2305 vertere.
423 2249 619 2318 thuid
646 2248 775 2303 mihi
806 2247 908 2302 hoc
936 2262 1128 2301 nomen
1145 2244 1473 2315 sequendum
1498 2245 1754 2312 imponit?

163 2337 367 2407 thuid
391 2354 477 2393 me
504 2338 570 2393 ad
598 2338 904 2407 hujusmodi
934 2336 1227 2390 novitatem
1254 2336 1543 2389 violentius
1567 2334 1755 2387 trahit?

163 2428 368 2496 thuid
427 2427 529 2482 hoc
577 2426 888 2496 apostolicae
939 2425 1060 2479 ﬁdei
1101 2424 1449 2493 superadjicit
1511 2424 1754 2487 verbum,

160 2523 325 2587 cujus
354 2534 423 2573 ne
446 2520 719 2587 propheta:
747 2518 987 2585 quidem,
1035 2531 1133 2569 nec
1184 2514 1410 2582 apostoli
1442 2518 1646 2580 usp‘am
1679 2516 1758 2565 ta«

160 2610 323 2662 ciunt
354 2608 719 2666 mentionem?
758 2607 912 2673 Quod
970 2606 1133 2669 istud,
1166 2619 1370 2673 quasso,
1411 2618 1604 2657 nomen
1654 2614 1756 2669 est,

165 2698 294 2751 sine
316 2713 423 2767 quo
446 2699 577 2753 ﬁdes
608 2700 815 2768 integra
842 2712 962 2753 esse
987 2712 1091 2750 non
1115 2696 1321 2766 possit?
1346 2694 1459 2749 sine
1488 2711 1594 2764 quo
1610 2696 1760 2749 Chri-

167 2789 334 2843 stiani
361 2788 679 2844 Christiana:
706 2790 979 2859 religionis
1000 2789 1312 2843 abdicantur
1330 2788 1568 2843 bunore‘!
1590 2789 1757 2842 Unum

166 2882 318 2936 enim
347 2880 415 2935 de
445 2880 654 2936 duobus
684 2882 735 2935 in
768 2882 867 2935 hac
892 2896 1046 2934 causa
1080 2880 1229 2948 sequi
1278 2893 1499 2933 necesse
1540 2888 1621 2932 e~t
1668 2895 1680 2931 :
1715 2879 1757 2931 si

163 2990 297 3029 vera
328 2983 414 3029 est
455 2974 717 3029 bomousii
768 2974 1028 3036 assertio,
1087 2972 1213 3026 falsa
1262 2980 1345 3026 est
1395 2972 1755 3040 apostolorum

162 3062 502 3132 praedicatio,
545 3079 664 3133 quae
702 3063 819 3118 sine
877 3063 977 3115 hoc.
1026 3065 1241 3117 nomine
1308 3063 1467 3131 longo
1520 3073 1757 3131 tempore

165 3154 379 3209 ﬂoruit.
405 3154 460 3210 Si
488 3169 617 3211 vero
644 3155 934 3224 apostrlica
964 3155 1091 3209 ﬁdes
1123 3154 1277 3223 hujus
1304 3155 1531 3209 nominis
1561 3169 1753 3223 expers

164 3261 299 3302 vera
322 3256 424 3313 est,
452 3248 607 3302 sicuti
632 3256 811 3313 etest,
840 3246 955 3302 hare
982 3248 1097 3301 sine
1124 3247 1289 3300 dubio
1316 3246 1443 3300 falsa
1475 3248 1597 3311 erit,
1634 3264 1753 3315 qua:

162 3337 403 3408 antiqua:
461 3337 586 3392 ﬁdei
627 3339 860 3393 nominis
916 3340 1204 3393 novitatem
1253 3339 1465 3406 adjecit.
1523 3340 1754 3396 Revolve

164 3437 367 3483 cuncta
392 3427 525 3483 Novi
566 3438 621 3483 et
644 3428 852 3483 Veteris
900 3427 1226 3483 Testamenti
1258 3429 1549 3495 volumina,
1582 3439 1756 3484 utrum

167 3518 370 3573 alicubi
430 3519 749 3574 homousion
788 3519 957 3575 sacris
1008 3520 1232 3574 inditum
1298 3522 1502 3590 paginis
1559 3528 1759 3592 poteris

167 3610 437 3666 invenire.

245 3702 363 3757 XX.
397 3702 600 3756 Probus
618 3703 786 3772 judex
816 3704 987 3758 dixit:
1010 3704 1144 3771 Quid
1178 3705 1258 3759 his
1286 3704 1545 3760 refertur?

239 3794 555 3849 Athanasius
578 3796 707 3849 dixit
735 3812 751 3849 :
782 3794 1024 3850 Nominis
1056 3805 1260 3850 tantum
1290 3798 1574 3851 offenderis
1608 3798 1759 3852 novi-

167 3895 305 3952 tate,
352 3904 421 3942 an
444 3890 607 3943 etiam
636 3890 805 3958 ipsius
826 3889 903 3943 rei
927 3894 1174 3945 virtutem
1202 3905 1318 3957 quae
1347 3890 1445 3945 hoc
1467 3901 1549 3945 est
1571 3896 1758 3946 sortita

166 3977 484 4032 vocabulum
513 3978 758 4048 refugis?

246 4070 400 4121 Arius
428 4069 557 4122 dixit
582 4070 763 4136 :‘Quid
796 4070 964 4135 dicas,
990 4086 1095 4124 non
1125 4072 1257 4124 satis
1284 4072 1541 4140 intelligo.

249 4161 556 4213 Athanasius
585 4161 716 4214 dixit
746 4177 764 4213 :
794 4163 1056 4228 Quoniam
1086 4177 1170 4215 res
1200 4164 1411 4231 antiqua
1441 4178 1631 4217 novum
1667 4182 1761 4217 no-

172 4266 303 4306 men
352 4252 580 4318 accepit,
629 4266 733 4305 non
784 4253 1043 4305 vocabulo
1086 4268 1225 4307 novo
1272 4270 1426 4308 n0va:
1469 4255 1545 4307 rei
1595 4256 1764 4309 virts

170 4342 428 4409 accessit,
463 4341 565 4397 hoc
596 4344 778 4411 utique
807 4344 1045 4411 requiro,
1078 4353 1254 4397 utrum
1286 4358 1371 4396 res
1399 4361 1517 4413 qure
1546 4348 1763 4414 antiqua

168 4441 280 4497 est,
305 4432 461 4487 simul
489 4448 519 4487 a
543 4442 594 4488 te
616 4447 737 4487 cum
765 4434 997 4487 nominis
1021 4434 1255 4487 novitate
1282 4434 1562 4489 damnetur
1588 4436 1611 4487 τ’

1841 594 1995 647 nebat
2011 596 2031 645 ?
2049 594 2157 646 lloc
2174 595 2371 646 nullam
2390 595 2517 646 mihi
2539 593 2755 645 rationis
2768 596 3201 663 consequentiam
3222 596 3419 651 habere

1844 685 2072 737 videtur.
3401 748 3424 772 .

1917 776 2230 829 Athanasius
2259 777 2387 828 dixit
2417 792 2434 828 :
2469 776 2556 829 Em
2578 776 2857 830 lcsiastiem
2887 792 3101 845 semper
3138 782 3300 834 moris
3339 791 3421 835 e~t

1843 868 2163 935 disciplina}.
2190 869 2232 921 si
2258 868 2472 935 quando
2500 869 2874 923 hmreticorum
2900 886 3031 924 nova
3056 872 3300 926 duc:r3na
3330 890 3422 927 ex-

1846 966 2050 1026 suvg'tt,
2077 968 2259 1010 contra
2286 959 2579 1012 insolentes
2597 962 2950 1028 quaistionum
2980 965 3239 1019 novitates
3262 966 3422 1020 rebus

1848 1050 2250 1103 immutabiliter
2282 1051 2715 1114 permanentibus
2747 1054 3017 1106 nom‘num
3046 1054 3295 1108 vocabula
3327 1060 3425 1108 im-

1849 1150 2058 1193 mutare
2079 1180 2093 1201 ,
2129 1150 2181 1193 et
2212 1139 2599 1209 signiﬁcantius
2630 1158 2805 1195 rerum
2838 1152 3054 1197 naturas
3089 1149 3424 1214 exprimere;

1850 1248 1967 1301 quae
2017 1240 2192 1285 tamen
2247 1234 2589 1286 existentium
2640 1248 2918 1288 causarum
2969 1238 3251 1290 virtutibus
3295 1256 3425 1292 ron-

1851 1337 2062 1395 gruant,
2104 1336 2157 1379 et
2186 1342 2303 1395 qum
2333 1327 2501 1395 magis
2540 1327 2754 1381 easdem
2794 1330 3085 1397 antiquitus
3129 1331 3289 1387 fuisse
3334 1334 3429 1383 de-

1853 1427 2171 1479 monstrent,
2192 1431 2297 1470 non
2325 1426 2471 1471 ortus
2496 1417 2785 1471 novitatem
2808 1419 3096 1474 insinuent.
3126 1422 3189 1475 Et
3212 1423 3429 1491 utquod

1854 1510 1973 1564 dico
2017 1509 2224 1575 planius
2284 1509 2408 1572 fiat,
2443 1517 2565 1561 utor
2592 1510 2856 1577 exemplo.
2890 1511 2942 1564 In
2973 1512 3087 1577 i,-so
3117 1498 3432 1567 Christianae

1855 1602 2128 1669 religionis
2170 1601 2560 1668 przvdicationis
2590 1602 2740 1655 initio
2763 1644 2775 1665 ,
2808 1618 2997 1657 omnes
3023 1606 3110 1673 qui
3140 1608 3433 1661 credebant

1858 1690 2083 1745 Domino
2128 1700 2312 1743 nostro
2340 1690 2464 1744 .lesu
2494 1690 2731 1755 Christo,
2763 1707 2867 1745 non
2896 1691 3205 1759 Christiani,
3235 1697 3327 1750 sed
3356 1699 3433 1748 di.

1855 1783 2039 1848 scipuli
2085 1782 2453 1835 tantummodo
2510 1782 2940 1837 nominabantur.
3009 1784 3073 1837 Et
3112 1786 3235 1855 quia
3281 1788 3432 1841 multi

1856 1872 2160 1941 dogrnatum
2209 1888 2466 1926 novorum
2512 1884 2757 1929 auctores
2787 1876 3123 1941 exstiterant,
3174 1879 3433 1933 doctrinm

1856 1963 2134 2017 obviantes
2162 1965 2491 2031 apostolicae.
2523 1980 2815 2035 nautasque
2872 1977 3164 2023 rectalores
3194 1986 3233 2023 δ’
3257 1986 3318 2025 os
3349 1973 3435 2024 di-

1857 2053 2092 2121 scipulos
2121 2056 2469 2108 nominabant
2499 2075 2508 2107 :
2542 2071 2636 2109 nec
2660 2067 2773 2111 erat
2800 2059 2900 2110 ulla
2932 2061 3160 2113 nominis
3184 2060 3435 2116 discretio

1858 2144 2000 2199 inter
2026 2160 2183 2199 veros
2205 2145 2475 2214 falsosque
2498 2146 2810 2217 discipulqs,
2843 2149 2952 2202 sive
2977 2150 3065 2219 qui
3089 2150 3435 2218 Christi,sive

1857 2236 1945 2305 qui
1980 2235 2238 2302 Dosithei,
2264 2236 2377 2291 sive
2403 2237 2657 2303 Theodar,
2684 2238 2796 2292 sive
2825 2238 2976 2292 inda:
3005 2242 3301 2309 cujusdam,
3322 2244 3435 2297 sive

1858 2327 2019 2380 etiam
2051 2326 2273 2381 Joannis
2302 2336 2627 2391 sectatores,
2662 2329 2748 2396 qui
2783 2344 2840 2382 se
2866 2329 3081 2383 Christo
3105 2330 3325 2387 credere
3355 2333 3433 2385 fa-

1861 2416 2110 2469 tebantur
2140 2457 2154 2479 ,
2201 2418 2487 2471 noluerunt
2534 2426 2591 2470 ut
2634 2432 2742 2471 uno
2792 2419 3171 2486 discipulorum
3224 2424 3436 2477 nomine

1861 2515 2229 2560 censerentur.
2253 2507 2402 2559 'l'unc
2428 2507 2655 2574 apostoli
2677 2510 3055 2563 convenien'es
3080 2513 3433 2585 Antiochiam,

1862 2600 1999 2652 sicut
2016 2614 2197 2651 eorum
2222 2599 2361 2651 Luca
2386 2607 2631 2652 narrante
2655 2600 2884 2653 indicant
2907 2604 3057 2665 Acta,
3074 2619 3258 2658 omnes
3280 2604 3438 2657 disci-

1867 2691 2017 2755 pulos
2067 2705 2204 2743 novo
2256 2693 2488 2755 nomine,
2536 2691 2585 2744 id
2636 2699 2718 2745 est
2764 2690 3081 2747 Christianos
3128 2696 3437 2763 appellant:

1864 2779 2230 2834 discernentes
2268 2795 2360 2833 eos
2391 2797 2418 2834 a
2456 2782 2727 2835 comnmni
2765 2782 3020 2837 falsorum
3058 2785 3438 2855 di~cipulornm

1864 2872 2119 2925 vocabulo
2144 2912 2156 2935 ,
2198 2882 2255 2926 ut
2280 2881 2333 2926 et
2362 2873 2528 2926 divini
2560 2890 2653 2942 per
2680 2875 2867 2929 lsaiam
2896 2880 3095 2932 oraculi
3126 2895 3303 2933 sermo
3336 2881 3437 2933 itii-

1865 2964 2122 3030 pleretur,
2164 2964 2250 3031 qui
2300 2965 2417 3018 ait:
2462 2965 2801 3020 Servientiutn
2847 2984 2961 3023 vero
3009 2971 3131 3023 mihi
3183 2974 3439 3026 rocabitnr

1862 3071 2040 3108 nomen
2069 3072 2247 3109 novum
2282 3056 2433 3127 (lsai.
2464 3074 2585 3121 ων,
2616 3060 2700 3125 l5,
2732 3076 2831 3113 sec.
2858 3059 3052 3131 LXX).

1935 3148 2072 3202 XXI.
2124 3149 2269 3203 llanc
2310 3166 2438 3217 ergo
2478 3152 2543 3203 ab
2591 3154 2848 3219 apostolis
2898 3154 3142 3209 traditam
3189 3158 3237 3209 in
3287 3160 3439 3211 nov‘s

1861 3241 2059 3295 utendo
2089 3242 2393 3296 nominibus
2427 3244 2651 3297 fortnam
2685 3246 2922 3300 Ecclesia
2957 3250 3213 3314 retinens,
3252 3262 3439 3304 contta

1861 3332 2099 3386 diversos
2132 3334 2413 3386 haereticos
2442 3345 2596 3401 prout
2624 3350 2765 3387 same
2797 3338 2916 3390 litlei
2948 3341 3080 3391 ratio
3112 3342 3437 3409 postulabat,

1861 3422 2102 3479 diversas
2152 3426 2315 3477 edidit
2360 3427 2633 3479 nominum
2684 3430 2965 3481 novitates.
3011 3429 3244 3499 Denique
3296 3432 3438 3485 Patri

1864 3530 2055 3568 novum
2081 3517 2355 3568 innascihil
2386 3519 2506 3569 tatis
2530 3534 2723 3571 nomen
2756 3519 2988 3573 Ecclesia
3019 3522 3287 3589 imposuit.
3307 3523 3439 3575 Cum

1865 3606 2007 3662 enim
2036 3608 2335 3660 Sabelliana
2372 3613 2382 3659 l
2409 3610 2591 3663 mrcsis
2621 3610 2858 3678 genitum
2890 3626 2951 3663 es
2988 3611 3197 3681 Virgine
3230 3612 3438 3666 Patrem

1865 3702 2121 3755 voluisset
2150 3716 2410 3767 asserere,
2444 3704 2731 3773 ingenitum
2760 3717 2943 3759 contra
2973 3707 3108 3760 hanc
3133 3708 3441 3762 conﬁtemlo
3486 3776 3491 3781 l

1865 3793 2099 3849 Ecclesia
2141 3797 2356 3849 tradidit
2398 3796 2628 3851 Patrem.
2678 3799 2741 3852 Et
2774 3801 2951 3867 utique
2995 3802 3044 3853 itt
3076 3799 3271 3854 divinis
3301 3801 3441 3854 Scri-

1862 3888 2035 3956 pturis
2074 3890 2351 3956 ingenitum
2400 3905 2669 3958 nunquam
2713 3891 2724 3942 Ι
2765 3891 2937 3959 gimns
2981 3892 3211 3947 Patrem.
3260 3892 3442 3947 Potest

1770 4027 1781 4038 ,
1862 3994 1991 4047 ergo
2012 3980 2275 4034 Sahcllius
2296 3981 2570 4034 audaciam
2597 3999 2744 4033 suam
2767 3983 2815 4035 in
2845 3982 3001 4051 hujus
3023 3984 3301 4039 calumnia:
3326 4002 3442 4040 ver-

1865 4076 1979 4122 tere
2014 4072 2387 4137 qua-stiOucnt,
2430 4081 2483 4121 et
2521 4072 2702 4132 s'miii,
2748 4084 2799 4124 ut
2831 4081 2907 4133 ttt,
2941 4074 3323 4139 propositionis
3353 4092 3385 4144 g
3420 4107 3443 4118 -

1866 4176 1994 4213 nere
2026 4163 2095 4211 uti
2116 4202 2129 4224 ,
2160 4176 2263 4227 quo
2292 4162 2470 4213 dicat:
2506 4162 2610 4214 Cur
2645 4162 2840 4213 divinis
2868 4162 3157 4229 Scripturis
3188 4166 3303 4218 sine
3335 4168 3445 4219 ul'o

1866 4262 2150 4317 prospectu
2177 4251 2393 4317 pudoris
2418 4252 2723 4303 violentiam
2750 4250 2941 4317 facitis,
2966 4252 3226 4320 profitcnd
3252 4275 3262 4301 ι
3290 4257 3445 4327 139

1868 4342 2235 4395 innasc‘bi'em
2271 4342 2479 4395 Patrem
2500 4382 2515 4403 ,
2548 4342 2687 4410 quod
2720 4342 2976 4410 scriptum
3008 4344 3296 4399 ostendere
3337 4364 3442 4400 non

1867 4437 2093 4491 valetis?
2125 4438 2271 4497 Item,
2306 4437 2426 4505 quia
2459 4453 2577 4489 cum
2626 4453 2729 4489 non
2761 4438 2933 4491 solum
2966 4438 3203 4507 genitum
3228 4481 3241 4503 ,
3272 4442 3364 4495 sed
3391 4452 3444 4497 ct

242 4524 400 4577 Arius
424 4525 556 4577 dixit
584 4539 604 4577 :
633 4524 739 4579 Res
773 4524 1005 4593 loqueris
1036 4533 1335 4591 tortuosos,
1367 4537 1419 4580 et
1445 4526 1591 4579 omni
1634 4528 1770 4585 stnl-
1798 4550 1847 4611 υ
1874 4543 2113 4599 passum,
2160 4528 2322 4595 impio
2368 4527 2615 4595 dogmate
2661 4528 2798 4582 idem
2847 4529 3113 4584 Saliellius
3164 4533 3444 4599 proﬁtetur

168 4617 305 4670 sitia:
343 4616 601 4670 miraculo
650 4615 859 4686 dignas.
906 4615 964 4670 Si
1009 4614 1153 4669 enim
1196 4615 1515 4670 homousion
1557 4633 1751 4672 novom

170 4721 371 4761 nomen
413 4717 529 4771 est,
568 4721 674 4761 non
706 4706 926 4761 dubiant
955 4706 1096 4777 quod
1136 4716 1189 4761 et
1218 4722 1305 4762 res
1336 4723 1469 4761 nova
1499 4708 1568 4762 sit
1594 4725 1755 4779 quam

168 4795 474 4866 signiﬁcare
502 4797 733 4852 videtur.

242 4889 559 4943 Athanasius
587 4889 716 4942 dixit
741 4904 758 4941 :
782 4887 927 4959 Ergo
949 4889 1148 4958 pariter
1172 4903 1284 4945 rem
1309 4905 1607 4960 nomenque
1629 4904 1757 4944 con-

170 4978 437 5034 demnas?

242 5068 397 5124 Arius
426 5069 558 5123 dixit
579 5086 598 5124 :
625 5069 698 5124 ita
725 5069 901 5140 plane.

239 5163 555 5218 Athanasius
600 5165 780 5219 dixit:
820 5164 982 5234 Igitur
1023 5178 1145 5220 cum
1192 5164 1630 5221 demonstravero
1678 5167 1756 5222 rei

172 5255 406 5325 sntiqum
440 5265 493 5311 et
521 5256 588 5310 ab
624 5256 879 5324 apostolis
912 5256 1123 5311 tradita:
1154 5271 1346 5311 nomen
1380 5271 1572 5311 novum
1604 5260 1757 5311 attri-

176 5346 361 5401 butum
389 5346 583 5412 fuisse,
617 5347 815 5402 victum
843 5356 895 5403 te
927 5348 1138 5403 tandem
1170 5348 1424 5403 fateberis
1452 5365 1465 5413 ;
1497 5364 1560 5401 au
1595 5353 1754 5402 etiam

176 5441 253 5493 sic
282 5454 394 5492 rem
424 5441 695 5510 antiquam
727 5441 887 5495 simul
926 5455 1046 5495 cum
1070 5441 1312 5496 nominis
1350 5442 1588 5497 novitate
1628 5457 1755 5497 con-

176 5530 437 5583 demnas?
1090 5520 1119 5547 ⁸

241 5623 395 5674 Arius
422 5622 594 5677 dixit:
627 5622 789 5680 Plane
816 5621 917 5675 hoc
948 5636 1051 5676 non
1084 5606 1345 5679 ostendis.
1373 5622 1438 5677 Et
1468 5639 1587 5693 quze
1618 5626 1752 5679 ratio

177 5727 346 5767 causa:
376 5714 645 5780 ﬂagitabat
694 5721 753 5767 ut
775 5728 860 5768 res
887 5714 1099 5783 antiqua
1125 5729 1324 5768 novum
1357 5717 1621 5783 acciperet
1655 5732 1750 5771 no-

178 5806 333 5859 men?
362 5805 607 5868 Nunqatd
635 5807 776 5861 enim
805 5808 1111 5876 priusquam
1146 5807 1301 5874 hujus
1334 5806 1563 5860 nominis
1590 5823 1747 5861 voca-

1860 4622 2094 4692 episcopi
2114 4636 2174 4674 ve
2206 4621 2270 4672 tri
2286 4619 2483 4672 dudum
2500 4619 2769 4691 Syrmium
2788 4621 3169 4675 convenientes
3190 4623 3237 4675 in
3255 4639 3439 4690 unum,

1861 4718 2000 4771 inter
2029 4722 2251 4769 ca'teias
2294 4712 2422 4766 “dcit
2442 4729 2573 4779 quas
2601 4713 3071 4782 promulgaverunt
3112 4717 3438 4779 sanctiones,

1858 4810 2110 4863 dixerunt
2143 4806 2352 4859 Panem
2395 4806 2776 4871 impassibilem
2818 4822 2937 4860 esse
2970 4823 2985 4861 :
3021 4807 3162 4875 quod
3195 4809 3443 4878 religiose

1858 4911 1951 4953 θος
1989 4903 2277 4961 sancteque
2318 4897 2567 4947 statuisse
2609 4911 2681 4961 pr.
2708 4896 2915 4949 bamus.
2967 4897 3071 4951 Sed
3115 4896 3216 4952 hoc
3257 4898 3441 4953 itidem

1861 4988 1951 5042 ille
1991 4986 2283 5055 proclamat
2311 5003 2321 5036 :
2354 4987 2642 5053 Quousque
2685 5001 2874 5041 νοείτω
2906 4988 3134 5043 licentia:
3161 4990 3440 5045 audaciam

1862 5076 2202 5147 protenditis,
2247 5076 2547 5145 proﬁtendo
2580 5077 2742 5148 (quod
2786 5081 3042 5147 scriptum
3076 5095 3183 5135 non
3214 5081 3440 5151 legistis)
3522 5142 3523 5151 γ

1863 5167 2243 5237 itnpassibilem
2285 5167 2524 5231 Patrem;
2571 5169 2710 5238 quod
2758 5185 2854 5224 nec
2896 5173 3171 5240 propheta:
3209 5172 3444 5227 tradide-

1867 5267 2010 5315 rttnt.
2049 5272 2144 5311 nec
2177 5258 2404 5327 symboli
2438 5259 2725 5312 authentici
2760 5261 2974 5315 tradidn
3004 5264 3312 5326 auctoritas,
3346 5260 3465 5313 sed‘

1866 5359 2039 5404 vestra
2072 5359 2153 5403 est
2190 5350 2490 5404 temeritate
2522 5354 2941 5420 prwsuniptum?
2986 5352 3210 5404 ltursum
3254 5366 3441 5420 prose-

1866 5448 2097 5509 QUIIIIUII'
2126 5437 2282 5491 itdetn
2317 5439 2415 5506 ipsi
2442 5439 2531 5507 qui
2568 5441 2777 5509 Syrmiu
2806 5450 3189 5504 convenerant,
3220 5452 3270 5494 et
3304 5443 3439 5493 hanc

1864 5532 2125 5601 religiosa:
2153 5531 2510 5585 confessionis
2542 5531 2696 5585 fidem
2726 5532 2791 5584 de
2821 5530 2952 5583 Filio
2984 5541 3241 5585 statuunt.
3281 5532 3439 5584 Deum

1862 5624 2106 5693 inquiunt
2136 5626 2197 5676 de
2230 5623 2355 5689 Dco,
2388 5624 2559 5677 lumen
2586 5625 2648 5675 dc
2674 5623 2887 5674 lmnine.
2919 5622 3032 5675 Jam
3069 5622 3152 5676 hic
3184 5622 3434 5689 Photino,

1860 5719 1946 5784 qtti
1990 5732 2053 5770 ex
2104 5716 2348 5768 humana!
2395 5712 2752 5784 generationis
2786 5720 2972 5764 natura
3008 5711 3215 5767 initium
3258 5716 3440 5769 tribuit

1862 5807 2013 5873 Filio,
2064 5816 2256 5875 quanta
2281 5802 2639 5861 calumniandi
2691 5801 2903 5856 ncrasio
2954 5812 3149 5874 pateat,
3198 5808 3308 5877 ipse
3359 5818 3432 5872 tu,
