3938 6376
590 344 692 401 193

1905 354 2123 435 VlClLll
2165 360 2537 420 TAI’SENSIS
3674 396 3742 454 {93

587 475 793 528 qumso,
809 462 1017 519 metire.
1035 465 1143 520 Cur
1157 466 1297 521 enim
1329 482 1432 523 non
1461 469 1662 522 similes
1691 473 2153 538 querimoniarum
2189 478 2243 537 Α
2343 480 2489 532 Arius
2525 481 2653 535 dixit
2674 499 2692 536 :
2718 484 2819 539 Iste
2847 489 3028 543 nescio
3055 504 3157 561 qua
3188 497 3507 569 syll0gisticaa
3535 507 3642 562 artis
3659 525 3740 566 rer-

587 565 775 605 causas
810 555 1090 609 intendat?
1136 556 1240 611 Cur
1284 573 1389 612 non
1427 560 1585 612 simili
1626 560 2005 618 veciferatione
2047 566 2164 633 ipse

586 655 795 709 quoque
818 645 1063 711 insaniat,
1086 648 1269 703 dicens
1297 668 1311 703 :
1336 650 1471 715 Quid
1501 651 1718 705 dicitis?
1742 654 1867 721 quid
1900 659 2164 711 statuitis?

587 733 713 801 quid
751 738 1079 802 sequendum
1124 749 1303 793 vestro
1334 756 1395 793 ex
1422 741 1623 808 judicio
1654 746 1885 810 posteris
1918 747 2165 801 traditis?

589 825 892 881 conﬁtendo
927 827 1116 880 Filiqu
1150 829 1312 882 Deitn
1342 844 1407 883 ex
1454 831 1583 896 Deo,
1620 832 1802 887 lumen
1833 848 1897 887 ex
1927 836 2163 889 lumine?

589 912 865 968 Ostendite
890 916 1019 985 mihi
1051 928 1220 971 utrum
1248 920 1300 972 in
1323 920 1509 973 eadem
1543 921 1661 974 ﬁdei
1699 922 1886 985 forma,
1916 925 1965 977 id
1999 938 2077 979 εει
2109 926 2162 981 in

589 1001 895 1057 authentico
932 1007 1201 1074 symbolo,
1236 1008 1375 1075 quod
1406 1011 1630 1076 apostoli
1664 1012 2031 1080 tradiderunt,
2064 1015 2162 1070 hoc

588 1090 840 1157 scriptum
872 1093 1127 1161 legeritis.
1159 1097 1262 1151 Sed
1294 1108 1578 1152 contentus
1604 1116 1743 1164 sum,
1777 1118 1895 1156 cum
1926 1104 1999 1157 ibi
2029 1106 2163 1159 scri-

590 1186 737 1243 ptum
780 1193 883 1232 non
918 1181 1095 1248 fuerit,
1127 1185 1317 1239 saltem
1352 1188 1478 1238 milii
1521 1187 1587 1242 de
1628 1191 1902 1259 prophetis
1932 1193 2157 1262 legatur,

586 1266 653 1319 de
689 1270 1048 1335 apostolorum
1087 1274 1281 1328 litteris
1311 1277 1642 1331 ostendatur.
1689 1280 1817 1345 Quis
1848 1281 1943 1335 has
1970 1299 2158 1338 vocum

587 1359 775 1412 toleret
815 1363 1120 1415 novitates?
1163 1367 1291 1430 Quis
1321 1366 1429 1419 suis
1469 1370 1754 1426 admittere
1793 1375 2039 1429 sensibus
2070 1394 2162 1446 pa-

584 1451 742 1506 tiatur
768 1455 907 1523 quod
940 1472 1111 1527 neque
1152 1460 1426 1529 propheta:
1456 1478 1628 1531 neque
1657 1467 1886 1533 apostoli
1921 1470 2151 1525 tradide-

582 1544 746 1596 runt?

653 1638 817 1692 ΧΧΙΙ.
850 1640 975 1694 item
1000 1641 1228 1696 similem
1256 1644 1393 1698 Patri
1424 1646 1637 1714 Filium,
1668 1650 1846 1703 multis
1864 1659 1919 1705 et
1945 1652 2155 1707 creber-

581 1726 731 1780 rimis
763 1730 1110 1783 conciliorutn
1144 1742 1439 1788 vestrorum
1471 1737 1700 1791 decretis
1729 1740 2009 1794 statuistis.
2056 1743 2158 1795 Ex-

583 1827 766 1887 surgat
799 1836 934 1872 ntlnt'
969 1822 1279 1890 Eunomius,
1307 1827 1392 1892 qui
1427 1827 1739 1882 dissimilem
1774 1832 2076 1896 conﬁtetur,
2107 1843 2160 1888 et
2190 1836 2235 1896 B
2266 1850 2321 1894 ut
2352 1845 2479 1898 inihi
2509 1848 2735 1916 videtur,

584 1908 726 1962 dicat
767 1926 782 1964 :
833 1910 928 1965 Ubi
980 1913 1080 1967 hoc
1124 1914 1357 1983 legistis?
1404 1918 1489 1971 ubi
1539 1921 1794 1988 scriptum
1844 1923 2157 1989 reperiStis?

587 2010 833 2056 utrutnne
852 2002 1007 2057 Pater
1028 2020 1093 2057 an
1114 2005 1275 2061 Filius
1293 2007 1391 2061 hac
1412 2009 1478 2063 de
1505 2025 1563 2064 se
1587 2027 1713 2065 usus
1730 2024 1811 2067 cst
1827 2016 1994 2069 voce?
2020 2016 2158 2085 Ergo

586 2099 662 2154 tu,
712 2095 834 2159 Ari,
891 2095 978 2161 qui
1022 2111 1106 2149 me
1161 2097 1320 2152 hodie
1361 2099 1450 2152 tali
1494 2104 1813 2172 constringis
1845 2106 2071 2160 articulo
2102 2117 2158 2161 ut

587 2178 902 2236 liomousion
942 2187 1154 2253 proprie
1199 2179 1453 2257 scriptum
1501 2193 1812 2255 ostendam,
1858 2206 1947 2248 aut
1991 2197 2157 2253 fatere

583 2280 767 2323 contra
794 2272 1096 2328 insolentes
1130 2285 1185 2329 et
1229 2278 1452 2334 furtivas
1483 2280 1746 2338 haeretica:
1789 2286 2156 2356 intelligentia:

584 2359 887 2427 pravitates,
914 2364 1155 2432 quaedam
1187 2368 1547 2424 confessionis
1572 2375 1786 2428 nomina
1818 2392 1920 2429 non
1955 2387 2157 2433 temere

586 2464 901 2520 prmsumpta
933 2454 1026 2507 sed
1058 2471 1122 2509 ex
1148 2463 1492 2527 consequenti
1524 2464 1733 2527 ratione
1755 2468 1998 2535 collecta,
2034 2470 2156 2525 ﬁdei

580 2543 979 2596 auctoritatibus
1004 2544 1165 2600 fuisse
1194 2549 1422 2617 inserta;
1458 2553 1526 2605 ita
1555 2567 1609 2607 tit
1640 2567 1715 2609 tot
1746 2573 2003 2613 novorum
2036 2577 2156 2615 ver-

579 2629 762 2683 borum
809 2633 1058 2701 rel'gioso
1108 2636 1375 2692 inte'lectu
1416 2644 1715 2699 exstiterint
1756 2648 2148 2717 absolutiones,

583 2720 738 2790 140
782 2734 909 2790 quot
945 2725 1154 2781 fuerant
1179 2734 1416 2799 quaesita:
1439 2736 1522 2789 vel
1549 2738 1963 2795 subministrata:
1996 2745 2151 2811 perﬁ-

576 2810 677 2862 dia:
704 2816 1031 2869 occa~iones.
1080 2822 1181 2874 Aut
1206 2822 1249 2873 si
1278 2822 1327 2875 id
1358 2825 1513 2878 fateri
1543 2828 1798 2898 nolueris,
1843 2836 1945 2885 tuis
1976 2844 2148 2890 tecum

576 2900 964 2968 objectionibus
987 2921 1160 2974 agam.
1180 2913 1410 2968 Ostende
1436 2918 1563 2970 tnilti
1590 2935 1695 2972 non
1716 2936 1780 2975 ex
1803 2924 2146 2993 conjecturis,

578 3005 683 3044 non
710 3009 772 3045 ex
805 2996 1201 3063 verisimilibus,
1229 3017 1332 3055 non
1366 3021 1428 3057 ex
1463 3008 1668 3064 ratione
1698 3012 1910 3080 vicinis,
1946 3030 2050 3069 non
2082 3018 2147 3070 ad

576 3080 972 3151 intelligendum
1006 3093 1440 3158 provocantibus,
1474 3111 1583 3149 non
1612 3098 1676 3152 ad
1710 3100 1762 3154 id
1794 3104 2142 3170 proﬁtendum

576 3171 771 3235 pietate
796 3174 916 3229 lidei
940 3180 1323 3249 suadentc,sed
1344 3201 1468 3251 pura
1494 3198 1547 3241 et
1564 3191 1699 3244 nuda
1718 3194 1999 3249 verborum
2026 3214 2144 3265 pro-
2172 3188 2214 3248 C

577 3263 799 3328 prietate
827 3268 1080 3336 scriptum
1113 3274 1337 3328 ostende
1358 3315 1371 3337 ,
1402 3276 1695 3346 ingenitum
1727 3294 1817 3337 aut
1845 3286 2145 3354 impossibi-

574 3354 676 3405 lem
708 3354 954 3422 Patrem;
990 3359 1196 3414 Filium
1231 3380 1355 3418 vero
1398 3368 1562 3423 Deum
1591 3388 1652 3425 ex
1683 3374 1813 3442 Deo,
1855 3376 2031 3433 lumen
2072 3396 2142 3435 ex

573 3444 796 3513 lumine,
827 3459 915 3502 aut
942 3450 1084 3505 Patri
1112 3454 1339 3510 similem
1365 3473 1503 3514 es:c.
1534 3460 1661 3516 Nolo
1684 3465 1815 3520 mihi
1839 3466 2011 3533 dicas;
2045 3471 2145 3526 hoc

571 3536 692 3589 lltiCl
724 3539 863 3593 ratio
894 3545 1085 3611 poscit,
1118 3546 1219 3601 hoc
1248 3550 1416 3616 pietas
1455 3552 1633 3619 docet,
1664 3556 1730 3609 ad
1762 3558 1898 3613 hanc
1934 3576 2018 3614 me
2046 3578 2143 3617 no-

575 3627 730 3680 minis
761 3634 1143 3696 prolessionem
1187 3640 1582 3709 Scripturarum
1614 3654 1990 3719 consequentia
2018 3670 2142 3723 pro-

570 3726 743 3770 vocat.
766 3718 920 3785 Nolo,
940 3725 1175 3793 iuquant,
1200 3732 1327 3784 mihi
1357 3734 1476 3786 talia
1500 3718 1941 3810 obtendas;iquia
1970 3718 2031 3797 et
2054 3761 2139 3801 me

568 3806 767 3860 similia
797 3809 863 3863 de
902 3812 1161 3869 homousii
1190 3820 1494 3887 probatione
1526 3830 1732 3892 reSpuis
1762 3832 2134 3898 proferentem.

568 3894 674 3949 Sed
705 3897 839 3953 ferto
870 3901 919 3954 itt
948 3906 1190 3961 manibus
1221 3910 1517 3967 divinorum
1546 3919 1873 3975 voluminum
1902 3926 2133 3989 codices,

561 3995 619 4041 et
645 3991 830 4044 eodem
859 4008 1013 4061 sono,
1047 3998 1229 4052 iisdem
1260 4002 1482 4070 syllabis
1507 4008 1878 4073 praedictorum
1909 4017 2136 4069 vocabu—

560 4077 733 4134 lorum
768 4087 977 4139 nomina
1013 4089 1175 4142 indita
1208 4090 1339 4161 lege.
1368 4098 1471 4148 Aut
1495 4100 1715 4153 ostende
1742 4104 2016 4173 scriptum,
2048 4108 2134 4161 Fi-

559 4170 688 4226 lium
726 4173 863 4231 Patri
902 4179 1151 4249 similem,
1178 4194 1271 4237 aut
1297 4190 1461 4241 latere
1502 4191 1837 4248 dissimilem.
1869 4198 1983 4264 Quo
2010 4199 2135 4256 biuc

558 4276 831 4331 erumpas,
848 4284 1100 4335 quorsum
1129 4275 1323 4329 evadas
1347 4294 1451 4330 non
1476 4283 1719 4337 est.'fuis
1745 4294 1794 4338 te
1816 4287 2129 4355 implicitum

561 4358 940 4422 propOsitionis
970 4364 1192 4417 nexibus
1223 4370 1484 4422 enodandi
1510 4374 1731 4428 facultas
1763 4379 1906 4432 nulla
1937 4398 2132 4451 suppe-

557 4442 715 4497 ditat.
760 4450 862 4501 Aut
899 4454 1134 4507 concede
1174 4458 1303 4509 mihi
1331 4476 1396 4511 ex
1430 4470 1874 4534 consequentibus
1903 4478 2128 4543 probare

560 4532 909 4604 homousion,
964 4543 1011 4593 id
1061 4553 1142 4596 est
1188 4547 1342 4599 unius
1387 4552 1694 4608 sub~tantiae
1733 4558 1922 4625 ﬁdem;
1964 4579 2052 4618 aut
2083 4570 2123 4620 si
2160 4545 2206 4602 ί)

557 4627 855 4684 concedere
892 4634 1157 4701 nolueris,
1188 4641 1424 4707 neganda
1453 4656 1578 4698 sunt
1611 4648 1698 4700 tibi
1732 4651 1979 4708 universa
2012 4673 2128 4725 quae

555 4717 670 4784 ipse
702 4721 902 4788 fateris,
947 4728 1067 4794 quia
1109 4744 1168 4783 ea
1212 4732 1351 4788 nude
1380 4738 1548 4803 posita
1593 4740 1831 4798 invenire
1871 4763 2127 4818 nusquam

553 4808 733 4878 utique
763 4812 984 4879 poteris.

628 4900 811 4957 XXlll.
835 4902 1034 4962 Probus
1045 4912 1213 4979 judea:
1232 4915 1358 4970 dixit
1384 4934 1402 4971 :
1423 4919 1477 4974 Si
1501 4923 1876 4982 ecclesiastica:
1899 4943 2123 4987 consue—

551 4992 751 5048 tudinis
779 5010 895 5050 mos
925 5007 1008 5053 est
1046 5010 1103 5055 ut
1139 5005 1311 5073 aliqua
1346 5010 1629 5067 verborum
1670 5020 1925 5073 vocabula
1965 5037 2120 5078 coer-

546 5086 733 5139 cendis
761 5086 1133 5147 haereticorum
1158 5101 1389 5153 motibus
1413 5105 1462 5155 in
1488 5102 1609 5160 ﬁdei
1639 5112 1954 5168 auctoritate
1979 5118 2117 5171 nuda

508 5226 511 5229 λ
547 5186 833 5245 ponantur,
866 5197 985 5251 qua:
1013 5193 1187 5241 tamen
1218 5193 1421 5247 ratione
1444 5210 1511 5249 ex
1537 5206 1911 5269 consequentia
1935 5223 2114 5264 rerum

543 5268 883 5325 existentium
927 5276 1251 5343 vestiantur;
1293 5281 1416 5336 dum
1462 5301 1647 5341 eorum
1688 5294 1886 5348 veritas
1917 5311 1979 5350 ex
2012 5314 2115 5368 qua

543 5361 799 5430 originem
825 5380 1060 5431 sumunt,
1089 5371 1280 5427 divinis
1310 5378 1573 5433 contineri
1604 5383 1794 5439 litteris
1823 5387 2109 5458 invenitur,

543 5453 665 5514 quid
688 5454 842 5522 dicis,
877 5460 1012 5513 Ari?
1037 5461 1301 5517 Concedis
1342 5466 1653 5525 liomousion
1688 5475 1846 5545 (sicut
1874 5480 2112 5537 Athana-

543 5539 651 5593 sius
674 5544 820 5617 dicit)
844 5550 910 5605 de
936 5552 1128 5607 divinis
1150 5554 1443 5624 Scripturis
1467 5575 1562 5629 per
1584 5539 1961 5628 convenientes
1990 5589 2111 5644 pro-

544 5626 782 5692 fessionis
810 5643 1087 5709 qualitates
1110 5648 1348 5716 probari,
1386 5664 1453 5705 an
1486 5655 1628 5707 non?

2266 571 2401 621 sutia
2435 571 2788 638 objectiunem
2823 594 2994 633 meam
3025 595 3244 638 conatur
3271 590 3493 647 eludere.
3523 595 3614 664 Ego
3637 601 3735 654 enim

2267 658 2368 712 hoc
2395 664 2519 714 milii
2550 667 2755 720 ostendi
2784 668 3028 725 desidero
3051 714 3065 738 ,
3105 686 3277 731 utrum
3320 681 3597 739 liomousion
3622 689 3740 743 domi-

2265 749 2397 803 nicze
2436 754 2504 804 sit
2547 754 2789 810 lectionis
2825 764 3141 820 auctoritate
3176 772 3535 840 conscriptum.
3578 778 3629 831 Et
3659 782 3740 835 ideo

2263 849 2353 893 aut
2401 846 2615 911 proprie
2658 848 2885 915 positum
2928 852 3087 922 legat,
3131 869 3221 913 aut
3260 862 3327 914 ab
3352 865 3459 932 ejus
3482 869 3741 928 confusione

2264 933 2498 985 recedat.

2334 1018 2535 1075 Probus
2547 1026 2715 1093 judea:
2736 1028 2865 1083 dixit
2888 1048 2906 1085 :
2927 1033 3028 1090 Sed
3055 1036 3201 1093 vides
3222 1045 3624 1109 quemadmodum
3641 1062 3739 1107 tuam

2262 1108 2316 1162 in
2348 1120 2399 1165 te
2432 1113 2625 1169 referat
2651 1122 3022 1191 quaestionem,
3044 1138 3097 1182 et
3124 1108 3308 1188 iisdem
3338 1145 3387 1190 te
3429 1141 3598 1207 quibus
3631 1150 3741 1199 utens

2268 1198 2418 1270 141
2452 1208 2778 1275 constringat
2808 1214 3078 1281 articulis,
3111 1198 3458 1287 professionis
3474 1239 3563 1285 tute
3584 1237 3741 1290 manife-

2260 1290 2393 1344 stius
2421 1302 2474 1347 et
2506 1294 2617 1362 ipse
2661 1300 2883 1369 exigens
2929 1306 3326 1381 documentum,
3359 1328 3409 1371 ut
3440 1321 3483 1373 ei
3510 1322 3567 1375 de
3587 1328 3743 1378 canoni-

2259 1381 2337 1435 cis
2378 1386 2518 1440 nude
2555 1391 2780 1455 positum
2813 1395 3007 1453 litteris
3037 1407 3288 1460 ostendas
3330 1410 3740 1477 ittnascibilem.aut

2260 1471 2642 1541 impassibilem
2685 1482 2919 1549 Patrem,
2959 1503 3048 1545 aut
3082 1494 3244 1550 Deum
3272 1514 3335 1552 ex
3370 1501 3492 1571 Deo,
3519 1500 3597 1559 aut
3621 1471 3740 1563 luumei

2260 1580 2327 1619 ex
2362 1567 2688 1636 lumine,aut
2711 1576 2850 1632 Patri
2875 1581 3064 1638 Filium
3092 1588 3322 1645 similem
3349 1596 3605 1663 esse.Qua.-
3621 1604 3740 1656 omnia

2260 1657 2307 1710 si
2337 1666 2550 1730 proprie
2584 1668 2752 1733 posita
2794 1671 3166 1734 demonstrare
3200 1684 3416 1742 minime
3455 1690 3660 1757 vulneris,
3683 1712 3740 1749 ne

2258 1750 2415 1815 gandi
2452 1753 2542 1808 tibi
2576 1760 2863 1816 necessitas
2894 1765 3210 1825 imminebit.
3255 1775 3351 1829 Cui
3390 1750 3738 1847 discriniini'illt,

2764 1856 2873 1908 sola
2904 1860 3036 1914 ratio
3068 1866 3262 1929 poterit
3282 1867 3568 1937 subvenire,
3595 1884 3639 1926 ut
3657 1890 3739 1928 con-

2259 1934 2460 1989 cedatis
2494 1939 2650 1994 vobis
2681 1958 2742 1998 ea
2779 1960 2898 2014 qua:
2936 1950 2989 2003 in
3028 1955 3272 2009 conciliis
3301 1962 3489 2015 vestris
3519 1964 3634 2019 nude
3661 1976 3739 2018 sunt

2260 2026 2455 2091 posita,
2477 2028 2543 2084 de
2564 2030 2957 2102 Scripturarum
2983 2040 3217 2099 fontibus
3241 2063 3528 2106 emanasse.
3554 2054 3655 2107 Nam
3676 2055 3739 2107 hoc

2258 2120 2614 2175 contentionis
2650 2126 2778 2179 vitio
2817 2127 3186 2204 deputabitur,
3213 2148 3270 2191 ut
3296 2139 3635 2197 documentum
3659 2147 3737 2197 nodi

2258 2212 2521 2265 sermonis
2547 2213 2746 2285 eiigas,
2774 2221 2924 2288 cujus
2951 2225 3071 2280 lidei
3098 2241 3316 2286 sensum
3345 2233 3397 2286 in
3421 2234 3738 2303 Scripturisco-

2261 2299 2460 2365 piosius
2509 2310 2727 2363 noveris
2785 2313 3105 2373 redundare.
3161 2323 3389 2378 Sensum
3437 2326 3579 2394 igitur
3617 2342 3737 2396 quem

2258 2390 2395 2444 unde
2429 2392 2583 2458 hujus
2610 2400 2851 2455 vocabuli
2892 2416 3079 2461 natura
3110 2412 3279 2466 traxit
3302 2414 3579 2484 originem;
3604 2426 3736 2470 etcum

2256 2494 2471 2536 sensum
2514 2486 2807 2558 inveneris,
2850 2509 3045 2552 nomen
3082 2507 3137 2555 te
3178 2504 3380 2570 pariter
3416 2507 3645 2565 invenisse
3672 2521 3735 2559 non

2253 2569 2485 2628 dubites.

2328 2661 2511 2718 XXIV.
2554 2669 2862 2727 Athanasius
2892 2676 3058 2732 dixit:
3100 2680 3531 2756 Quantiscunqne
3567 2702 3658 2740 cum
3695 2700 3735 2738 eo

2253 2752 2546 2809 rationibus
2585 2773 2730 2827 agas,
2764 2764 3067 2823 nullatenus
3096 2781 3275 2837 potest
3314 2777 3380 2829 ab
3408 2752 3501 2832 bac
3525 2776 3736 2831 intentione

2252 2846 2507 2898 revocari.
2541 2846 2696 2903 Novit
2739 2853 2881 2908 enim
2912 2860 3211 2916 certissime
3240 2866 3365 2933 quia
3408 2867 3449 2920 si
3490 2868 3548 2921 ad
3582 2869 3659 2921 lioc
3677 2866 3735 2919 de-

2249 2944 2493 3011 scensum
2517 2935 2702 3003 fuerit,
2725 2950 2781 2995 ut
2801 2959 2865 2998 ex
2895 2955 3281 3018 consequentia
3313 2956 3658 3026 Scripturarum
3672 2970 3734 3009 um

2256 3020 2430 3077 Patris
2451 3042 2568 3083 esse
2597 3032 2889 3090 substantia
2917 3050 2968 3092 et
3001 3041 3116 3096 Filii
3152 3045 3319 3114 (quod
3344 3060 3424 3102 est
3453 3050 3732 3112 homoiision).

2247 3112 2521 3184 doceatur,
2553 3120 2798 3180 facillime
2837 3142 2895 3182 se
2934 3145 3087 3197 poise
3132 3112 3405 3203 superari:
3447 3151 3497 3194 et
3522 3140 3623 3195 ideo
3641 3138 3733 3192 dilli.

2248 3201 2443 3259 dentize
2474 3218 2528 3262 et
2554 3211 2758 3268 timoris
2786 3218 3026 3283 periculo
3052 3232 3231 3291 actus,
3272 3230 3396 3283 nudi
3423 3229 3648 3284 sermonis
3674 3230 3735 3279 ﬂa-

2245 3476 2361 3531 Filii
2392 3480 2740 3540 substantiam
2762 3530 2775 3551 ,
2811 3489 2863 3544 id
2892 3500 2974 3547 est
3000 3494 3320 3555 ltomousion
3352 3504 3585 3572 scriptum
3608 3509 3733 3555 osteti~

2242 3567 2392 3634 (iam;
2423 3582 2473 3625 tu
2502 3586 2675 3630 autem
2702 3589 2808 3635 tres
2836 3584 2996 3650 usias,
3028 3586 3077 3640 id
3100 3599 3179 3642 est
3203 3601 3316 3646 tres
3343 3594 3634 3648 substantias
3649 3606 3735 3645 con-

2243 3658 2427 3715 ﬁteris.
2464 3663 2696 3723 Ostende
2724 3671 2882 3740 igitur
2920 3677 3045 3731 mihi
3078 3681 3164 3734 ubi
3192 3681 3370 3751 legisti
3418 3696 3518 3740 tres
3554 3683 3678 3739 usias.
3697 3680 3731 3732 Si

2240 3765 2338 3819 ego
2367 3754 2509 3807 enim
2557 3773 2712 3812 unam
2732 3805 2746 3827 ,
2788 3761 2888 3817 hoc
2915 3776 2997 3821 est
3027 3768 3344 3828 bomousion
3370 3816 3385 3839 ,
3439 3777 3550 3829 ideo
3597 3784 3733 3840 negare

2246 3842 2436 3909 debeo,
2457 3848 2578 3916 quia
2593 3849 2691 3905 hoc
2716 3853 2853 3909 nude
2874 3859 3128 3926 scriptum
3149 3877 3252 3916 non
3272 3864 3520 3930 invenio;
3548 3876 3591 3917 ιιι
3609 3875 3733 3932 quem-

2236 3934 2520 3991 admodum
2552 3941 2712 3995 audes
2748 3954 2853 3998 tres
2882 3949 3024 4000 usias
3075 3952 3316 4019 proﬁteri
3346 3997 3360 4021 ,
3394 3972 3507 4010 cum
3548 3957 3629 4009 ltoc
3645 3951 3733 4005 scri-

2220 4010 2382 4090 ptum
2409 4043 2666 4097 nusquam
2698 4036 2895 4101 poteris
2935 4036 3353 4098 demonstrare?
3384 4076 3389 4080 ι

2312 4114 2509 4172 Probus
2529 4123 2697 4191 judex
2727 4124 2855 4178 dixit
2878 4144 2899 4180 :
2929 4129 2984 4182 Si
3030 4142 3206 4186 exstat
3245 4137 3457 4205 aliquod
3499 4153 3556 4194 ex
3593 4132 3733 4190 divinis

2236 4207 2639 4265 auctoritatibus
2659 4212 3033 4272 documentum
3066 4225 3284 4290 proprie
3313 4237 3367 4280 et
3393 4210 3731 4296 specialiterpo-

2235 4299 2391 4353 situm
2441 4318 2546 4371 quo
2592 4308 2917 4375 approbetur
2965 4312 3169 4378 Patris,
3217 4328 3271 4371 et
3304 4320 3446 4385 Filii,
3477 4330 3526 4373 et
3564 4316 3731 4386 Spiritus

2232 4392 2402 4445 sancti
2436 4404 2541 4447 tres
2572 4398 2713 4451 usias
2745 4408 2959 4469 tresque
2989 4404 3071 4471 (ut
3119 4404 3329 4480 fateris)
3376 4426 3491 4465 esse
3533 4419 3727 4462 naturas.

2236 4483 2534 4550 proferatur
2552 4528 2568 4553 ,
2601 4504 2705 4557 quo
2726 4494 2889 4558 possit
2908 4496 3268 4554 Atlianasiusa
3295 4503 3611 4558 confessione
3624 4500 3730 4551 ιιιιὶιιε

2231 4577 2571 4643 substantiae,
2619 4582 2760 4649 quod
2809 4594 2892 4637 est.
2940 4586 3297 4658 homousion,
3347 4595 3612 4649 declinare.
3638 4588 3729 4641 Cum

2233 4678 2263 4717 c
2290 4665 2378 4718 tim
2429 4669 2650 4724 triusion
2693 4675 2907 4742 proprie
2944 4676 2997 4730 in
3036 4679 3323 4749 Scripturis
3355 4686 3569 4753 positum
3597 4689 3731 4733 osten-

2230 4757 2393 4823 deris,
2432 4764 2708 4829 apparebit
2752 4767 3099 4825 Athanasium
3143 4778 3444 4832 temeritate
3482 4771 3730 4845 pertinari<-

2230 4849 2380 4903 siina:
2424 4854 2801 4912 obstinationis
2847 4860 2900 4915 in
2946 4861 3208 4919 homousii
3246 4868 3567 4923 confessione
3594 4866 3727 4918 harte-

2227 4958 2326 4995 nus
2362 4945 2669 5014 perdurare,
2702 4952 2843 5019 quod
2878 4958 3095 5022 proprie
3127 4960 3353 5026 positum
3379 4956 3646 5029 nequiverit
3664 4952 3728 5005 de-

2226 5047 2545 5107 monstrare.
2577 5038 2632 5092 Si
2666 5056 2796 5097 vero
2843 5044 2997 5115 142
3028 5060 3126 5101 nec
3157 5058 3210 5103 tu
3247 5051 3364 5119 ipse
3394 5063 3498 5105 tres
3523 5050 3643 5103 usias
3663 5042 3727 5096 de-

2224 5136 2521 5182 monstrare
2551 5130 2800 5196 valueris,
2821 5135 2933 5201 pari
2962 5137 3091 5191 mibi
3122 5140 3442 5196 conditionis
3471 5136 3726 5194 necessia!e

2221 5216 2510 5273 obstrictus
2536 5233 2658 5275 esse
2689 5222 2976 5279 videberis.
3398 5242 3403 5245 ‘

2292 5305 2457 5362 XXV.
2499 5310 2810 5366 Athanasius
2838 5316 3002 5369 dixit:
3036 5318 3230 5375 Doceat
3260 5329 3368 5376 tres
3404 5321 3537 5376 usias
3562 5310 3729 5387 proprie

2224 5398 2455 5464 positas,
2494 5409 2547 5453 et
2575 5401 2708 5456 facio
2736 5406 2890 5460 unius
2916 5408 3252 5477 substantias,
3274 5416 3514 5481 quodest
3552 5409 3728 5463 homou-

2220 5488 2335 5541 sion
2352 5528 2367 5551 ,
2400 5491 2715 5546 cessionem.
2874 5504 2903 5533 ο

2288 5581 2441 5634 Arius
2466 5582 2628 5636 dixit:
2660 5584 2851 5663 Si'tres
2879 5600 3025 5655 sunt,
3054 5591 3234 5661 Pater,
3264 5603 3317 5647 et
3360 5592 3535 5655 Filius,
3566 5596 3612 5641 et
3636 5581 3716 5683 Spi-

2218 5669 2349 5725 ritus
2381 5683 2612 5741 sanctus,
2660 5681 2967 5734 necessario
3018 5691 3124 5737 tres
3155 5694 3279 5739 sunt
3323 5682 3644 5744 substantiae,
3687 5674 3725 5724 in
