3938 6376
137 398 230 451 197
899 390 1169 447 CONTRA
1210 382 1526 455 ARIANOS,
1569 391 2058 455 SABELLIAVOS,
2105 391 2283 458 ETC.,
2326 389 2453 445 LIB.
2496 390 2559 444 ll.

3288 399 3387 451 I98

130 511 321 577 quibus
367 524 698 580 unaquaeque
732 526 954 580 persona
987 515 1273 580 separatim
1307 523 1359 566 et
1397 512 1697 565 disnnetins
1727 517 1774 573 Α
1802 511 1946 564 usias
1974 511 2188 578 proprie
2220 510 2423 579 positas
2454 510 2858 563 demonstrare:
2891 518 2942 562 et
2969 524 3088 563 cum
3119 528 3215 566 nos
3258 520 3389 568 utri-

132 605 342 671 proprie
368 605 658 657 subsisere
697 614 1068 673 cognoscatur.

201 693 509 746 Athanasius
548 696 712 746 dixit:
753 695 843 747 llic
892 696 1031 747 nulla
1070 706 1285 761 prosunt
1345 704 1657 763 argumenta
1687 734 1703 759 ,

132 786 216 837 hic
250 785 446 838 veritas
474 802 539 839 es
585 786 935 855 Consequenti
983 786 1189 838 ratione
1217 786 1506 854 colligitur.
1534 785 1704 837 Testi-

129 875 433 929 moniorum
504 877 802 943 proprietas
858 875 1147 943 ﬂagitator.
1206 874 1347 943 Lege
1401 876 1705 945 specialiter

130 969 357 1025 triusion
383 969 609 1035 positum
634 1010 650 1033 ,
683 978 736 1022 et
765 969 872 1023 noli
902 968 1238 1037 conjiciendo
1267 968 1479 1022 dicere:
1508 969 1563 1023 Si
1593 981 1702 1022 tres

126 1069 273 1126 sum,
292 1059 471 1121 Pater,
506 1070 559 1113 et
591 1059 772 1123 Filius,
802 1069 855 1113 et
882 1058 1113 1127 Spiritus
1139 1069 1376 1124 sanctus,
1402 1058 1705 1112 necessario

128 1159 240 1203 tres
265 1159 386 1203 sunt
408 1162 462 1203 et
482 1150 825 1213 substantiae;
856 1151 979 1218 quia
1006 1158 1061 1203 et
1082 1164 1183 1219 ego
1211 1150 1371 1203 simili
1395 1149 1703 1217 conjectura

128 1257 344 1309 possum
388 1244 633 1296 veracius
685 1242 931 1310 opinari:
964 1242 1018 1297 Si
1071 1258 1231 1295 unum
1283 1250 1409 1294 sunt
1433 1240 1620 1307 Pater,
1652 1250 1704 1294 et

127 1334 296 1387 Filius
335 1336 479 1403 (quia
514 1335 625 1400 ipse
652 1334 807 1387 dicit:
848 1334 957 1402 Ego
981 1343 1034 1387 et
1066 1333 1229 1386 Pater
1261 1349 1424 1386 unum
1456 1333 1661 1400 sumus)
1688 1374 1701 1394 ,

124 1425 394 1494 quomodo
425 1441 528 1478 non
551 1434 635 1479 est
675 1441 774 1479 una
809 1425 1143 1479 substantia?
1173 1425 1285 1479 Sed
1307 1424 1707 1492 hancdisputa-

126 1515 288 1567 tionis
311 1515 447 1566 viam
494 1514 696 1583 ingredi
746 1515 954 1581 penitus
982 1514 1220 1579 noluisti,
1244 1514 1369 1568 dum
1410 1529 1437 1566 a
1468 1530 1552 1567 me
1584 1529 1707 1582 spe-

124 1605 333 1658 cialiter
365 1604 594 1673 positum
651 1605 1003 1674 (homousion
1053 1604 1496 1672 demonstrando)
1535 1606 1704 1675 exigis

124 1697 511 1749 testimonium.
547 1694 715 1748 Simili
740 1708 868 1762 ergo
895 1705 950 1748 et
980 1703 1032 1747 tu
1058 1696 1261 1748 ratione
1281 1703 1388 1747 tres
1417 1698 1556 1748 usias
1587 1708 1704 1762 spe-

123 1789 335 1842 cialiter
364 1797 418 1841 et
448 1786 661 1855 proprie
712 1787 912 1855 positas
965 1787 1102 1855 lege.
1160 1786 1216 1841 Si
1263 1787 1404 1840 enim
1436 1786 1557 1838 ideo
1605 1785 1702 1839 ho-

1808 616 1911 670 que
1936 602 2037 655 hoc
2055 603 2284 655 articulo
2311 604 2626 656 SOth‘I’imllS
2654 642 2667 665 ,
2698 603 3085 671 objectionibus
3116 607 3199 660 vel
3222 607 3389 663 inter-

1808 693 2174 761 rogationibus
2208 697 2311 747 tuis
2340 694 2665 747 satisfaciam
2696 708 2918 749 necesse
2960 706 3061 749 est.

1881 784 2068 838 XXVI.
2115 784 2314 837 Probus
2326 786 2494 853 judean
2514 786 2679 839 dixit:
2702 785 2969 852 Quantum
2996 796 3187 841 vestra-
3205 787 3385 856 dispu-

1810 876 2021 928 talionis
2055 875 2280 928 intentio
2332 885 2626 939 monstrat,
2674 892 2772 930 nec
2818 888 2871 930 tu
2907 878 3251 944 Homousion,
3284 894 3384 934 nec

1807 966 1908 1020 iste
1936 966 2185 1019 Triusion
2224 963 2375 1035 15.3
2402 967 2614 1034 preprie
2640 976 2693 1020 ct
2713 968 3011 1036 specialiter
3041 972 3268 1038 positum
3293 985 3385 1021 va-

1806 1056 1926 1110 letis
1956 1057 2261 1111 ostendere.
2300 1057 2449 1110 Unde
2480 1072 2546 1109 ne
2577 1058 2764 1125 puerili
2788 1060 3189 1113 concertatione
3218 1062 3268 1113 in
3292 1076 3381 1115 su-

1808 1149 2024 1217 perfluis
2047 1150 2204 1201 rebus
2236 1147 2438 1199 diutius
2469 1147 2824 1202 immoremini
2848 1190 2861 1212 ,
2893 1151 2960 1202 ab
2993 1151 3088 1204 hac
3114 1152 3227 1219 puri
3259 1167 3384 1205 exa-

1806 1240 1983 1292 ctione
2014 1238 2316 1292 documenli
2350 1237 2561 1290 tandem
2586 1249 2808 1306 uterque
2829 1239 3088 1303 desinite;
3116 1253 3163 1294 et
3189 1255 3383 1295 conse-

1806 1329 1987 1395 quenti
2021 1332 2246 1391 ratione,
2270 1337 2360 1379 aut
2389 1327 2705 1380 homousion
2726 1368 2740 1389 ,
2780 1338 2871 1380 aut
2899 1331 3122 1383 triusion
3152 1332 3217 1385 de
3243 1332 3384 1386 Scri-

1806 1428 2082 1488 pturarunt
2124 1420 2441 1472 auctoritate
2463 1419 2717 1484 colligite.
2747 1421 2861 1472 Non
2901 1421 3042 1474 enim
3075 1421 3161 1475 ἷκεν
3181 1426 3287 1477 erit
3319 1425 3389 1478 de

1807 1513 2037 1566 nominis
2065 1512 2421 1582 appellatione
2452 1511 2696 1565 dubitare
2716 1552 2729 1575 ,
2763 1527 2919 1579 quam
2954 1517 3376 1569 testimoniorum

1805 1606 2021 1674 cepiosa
2045 1607 2317 1673 congestio
2345 1607 2545 1658 firmius
2575 1605 2771 1672 poterit
2800 1605 3072 1659 roborare.

1880 1698 2031 1750 Arius
2060 1698 2221 1750 dixit:
2254 1697 2511 1762 Quoniam
2556 1698 2657 1750 hoc
2690 1706 2775 1749 tua
2816 1697 3055 1751 decrevit
3079 1702 3337 1755 sententia
3364 1745 3383 1766 ,

1806 1789 2006 1843 debere
2036 1803 2131 1841 nos
2163 1790 2423 1841 rationum
2474 1788 2911 1854 persuasionibus
2941 1798 2995 1841 et
3040 1804 3219 1843 rerum
3252 1807 3383 1845 con-

123 1878 367 1931 mousion
394 1892 589 1945 negare
618 1877 811 1942 debeo,
843 1877 963 1945 quia
1011 1879 1109 1930 boe
1133 1878 1389 1944 scriptum
1423 1876 1563 1929 nude
1591 1891 1695 1930 non
1735 1882 1776 1939 Β
1803 1884 2138 1950 sequentium
2172 1881 2350 1932 causis
2373 1920 2386 1943 ,
2438 1878 2809 1947 prtedictorum
2859 1880 3131 1932 nominum
3160 1883 3382 1934 virtutes

122 1970 353 2024 ostendo
378 2010 392 2034 ,
442 1970 750 2025 necessario
783 1968 1005 2023 triusion
1040 1978 1164 2022 tunc
1216 1969 1364 2022 fateri
1415 1968 1586 2022 debeo
1610 2009 1626 2034 ,
1658 1968 1701 2020 si

123 2062 339 2129 proprie
366 2061 590 2127 positum
622 2071 669 2114 te
692 2060 1095 2113 demoustrante
1127 2073 1452 2128 cognovero.

190 2152 348 2204 Arius
376 2151 537 2204 dixit:
567 2150 823 2205 Subsistit
849 2150 1058 2217 preprie
1090 2150 1247 2203 Pater
1267 2190 1280 2211 ,
1315 2163 1379 2201 an
1413 2149 1559 2202 non?

190 2244 505 2297 Athanasius
546 2243 712 2295 dixit:
740 2242 850 2297 Nisi
883 2242 1010 2295 mihi
1044 2251 1150 2295 tres
1176 2241 1319 2294 usias
1362 2241 1575 2309 proprie
1607 2253 1697 2308 po-

121 2336 255 2389 sitas
285 2337 499 2404 legeris,
525 2335 728 2389 nullum
763 2336 865 2388 tuis
895 2332 1404 2402 interrogationibus
1434 2331 1571 2383 dabo
1611 2346 1696 2385 re-

123 2443 410 2496 5p0nsum.
431 2427 559 2493 Quis
576 2426 719 2480 enim
753 2441 855 2478 non
886 2424 1064 2477 videat
1093 2439 1197 2492 quo
1231 2432 1320 2475 tua
1353 2421 1528 2474 tendat
1554 2420 1702 2487 obje-

118 2519 270 2572 ctio?
317 2518 405 2569 Vis
451 2520 592 2571 enim
658 2525 971 2585 argumento
1019 2514 1224 2567 callida:
1274 2512 1705 2579 interrogationis

118 2614 373 2665 diversas
421 2610 715 2678 approbare
758 2609 928 2662 Patris
964 2618 1014 2661 et
1066 2605 1183 2658 Filii
1218 2606 1577 2666 substantias;
1608 2602 1701 2656 sed

116 2700 456 2768 argumentis
488 2700 574 2754 ltic
617 2715 720 2753 non
760 2708 841 2753 est
880 2712 1032 2765 opus,
1067 2696 1151 2749 tibi
1184 2692 1548 2747 manifestiore
1580 2706 1701 2760 pro-

118 2794 368 2863 prietatis
416 2792 753 2854 testimonio,
803 2791 956 2844 trium
1005 2788 1422 2842 substantiarum
1476 2785 1705 2853 exigitur

118 2886 526 2941 documentum.
560 2884 663 2937 Sed
689 2884 729 2935 si
761 2899 787 2934 a
822 2881 1148 2950 proprietate
1182 2876 1607 2931 testimoniorum
1634 2876 1699 2928 ad

120 2994 305 3032 rerum
335 2974 768 3042 consequentiam
799 2974 1029 3026 transire
1061 2969 1365 3031 desideras,
1404 2968 1501 3020 hoc
1529 2969 1699 3033 ipsum

121 3070 355 3137 publica:
386 3066 724 3120 Coti-(tientia:
757 3072 1073 3121 ιιιιιοιρδοιιῐ,
1111 3076 1211 3113 ιιοιι
1248 3069 1296 3112 ι·
1331 3060 1564 3123 potuisse
1598 3068 1703 3111 tres

152 3158 1501 3181 __________________________

1811 1974 2096 2043 colligere;
2130 1988 2196 2027 ne
2227 1974 2277 2026 id
2314 1972 2606 2025 Athanasio
2646 1971 2924 2033 videatur,
2956 1971 3270 2027 difficiiltate
3291 1974 3383 2026 de-

1812 2066 2171 2117 monstranda:
2200 2063 2440 2116 vanitatis
2472 2062 2597 2114 nudi
2642 2077 2727 2115 me
2762 2062 3000 2115 vocabuli
3038 2063 3381 2130 proprietatis

1809 2154 2130 2208 documenta
2184 2155 2474 2221 qumshse,
2510 2153 2577 2204 ita
2626 2152 2811 2205 faciam
2845 2160 2902 2205 ut
2932 2154 3004 2205 tui
3049 2162 3130 2206 est
3180 2154 3321 2208 decr.
3345 2156 3381 2207 ti

1807 2246 2066 2299 sententia
2108 2247 2513 2314 promo‘gatum.
2557 2245 2663 2313 Ego
2700 2246 2840 2297 enim
2874 2245 3134 2312 compend
3160 2260 3192 2298 ο
3215 2248 3383 2315 magis

1810 2336 1883 2388 uti
1916 2336 2197 2394 volebam.
2250 2351 2315 2389 ne
2368 2335 2575 2403 longius
2609 2334 2828 2386 rationis
2877 2334 3097 2388 intentio
3161 2350 3380 2404 evaga‘a

1811 2428 2071 2495 ambiguis
2102 2428 2350 2481 sensibus
2381 2430 2656 2479 Veritatem
2688 2426 2989 2479 obumbret.

1883 2517 2193 2569 Athanasius
2238 2516 2406 2568 dia‘it:
2450 2515 2563 2566 Non
2615 2523 2787 2576 potest
2821 2514 2950 2567 ﬁdes
2982 2515 3165 2567 venire
3206 2515 3256 2568 in
3286 2516 3383 2569 dn-

1811 2605 1979 2669 bium,
2030 2622 2148 2674 quae
2194 2615 2274 2658 est
2326 2604 2567 2658 veritatis
2619 2605 2743 2656 fu’ta
2797 2620 2885 2670 pra
2908 2604 3064 2657 sidio.
3109 2604 3382 2660 Crassiora

1809 2700 2202 2753 mendaciorum
2244 2700 2419 2752 nubila
2463 2699 2673 2767 fulg’dze
2730 2699 2969 2752 veritatis
3010 2699 3185 2753 lumen
3219 2702 3379 2755 dissi-

1810 2799 1917 2857 pat.
1964 2789 2076 2843 Non
2129 2792 2266 2843 enim
2323 2798 2497 2855 potest
2552 2791 2781 2855 propriis
2810 2804 2991 2843 carere
3022 2790 3254 2857 viribus,
3287 2793 3377 2861 qui

1810 2895 1912 2932 non
1948 2890 2064 2949 eget
2103 2881 2433 2934 exrriusccus
2463 2878 2836 2949 suffragiorum
2863 2880 3199 2935 adminiculis
3231 2882 3381 2952 adju-

1810 2987 1939 3023 vari.

1505 3156 3382 3182 ._________________________

1070 3214 1541 3324 LIBER
1617 3214 2442 3328 SECUNDUS.

192 3393 236 3447 l.
280 3390 346 3444 Et
388 3391 491 3443 alia
536 3389 617 3441 die
670 3384 867 3439 Prcbus
891 3383 1056 3447 Ϊυάε-ιε
1098 3380 1263 3432 dixi“
1307 3378 1567 3443 Οοοηίίιῐη
1603 3390 1695 3429 V05
1725 3380 1768 3440 C
1803 3381 2001 3449 Saepius
2040 3382 2104 3436 de
2144 3385 2345 3436 unitate
2398 3383 2712 3437 substantia:
2741 3385 2871 3437 citra
2906 3395 3020 3438 acta
3070 3386 3382 3453 disputave-

123 3488 241 3540 iuiti
301 3482 519 3537 ftederls
570 3489 721 3548 pacta
766 3472 1129 3530 indeclinabili
1182 3470 1448 3523 sententia
1489 3482 1707 3521 servare

122 3592 228 3631 non
262 3572 466 3636 dubito,
497 3571 686 3637 quibus
716 3566 765 3620 id
806 3564 958 3618 vobis
989 3562 1216 3615 invicem
1257 3558 1597 3612 concessisse
1626 3558 1702 3608 vi-

122 3665 348 3725 demini,
383 3671 440 3715 ut
469 3662 623 3713 unius
644 3654 956 3712 substantia:
978 3653 1061 3706 vel
1096 3650 1251 3704 trium
1284 3648 1599 3701 substantiola
1617 3662 1707 3700 uin

124 3756 515 3827 professionem
546 3768 609 3805 ex
632 3750 934 3804 divinarum
966 3738 1344 3811 consequentia
1379 3741 1695 3802 litterarum,

123 3850 401 3905 luculento
425 3843 804 3914 disputationis
832 3838 1077 3894 examine
1098 3833 1458 3903 cornprobetis
1475 3848 1487 3883 :
1505 3831 1704 3884 omissa

122 3942 333 4009 scilicet
355 3939 666 4008 quastione,
697 3935 1076 3987 documentum
1104 3927 1220 3996 puri
1247 3925 1512 3987 vocabuli,
1543 3933 1704 3989 atque

122 4034 347 4104 proprie
380 4031 533 4099 positi
564 4027 857 4096 exigentis;
903 4023 951 4077 id
981 4023 1087 4090 jam
1118 4034 1259 4073 nunc
1306 4016 1471 4084 ipsius
1521 4014 1702 4083 placiti

122 4125 272 4178 ratio
312 4125 482 4189 poscit
512 4131 589 4182 ut,
621 4126 806 4170 cuncta
840 4115 1085 4167 humana:
1113 4105 1592 4177 argumentationis
1618 4119 1706 4157 ca-

119 4216 409 4269 villatione
446 4219 670 4271 semota,
710 4208 777 4261 de
803 4205 970 4258 sacris
1002 4203 1296 4255 divinarum
1330 4197 1705 4249 auctoritatum

134 4303 538 4363 voluminibus,
574 4300 764 4362 Patris,
794 4306 848 4350 et
879 4296 1015 4359 Filii,
1049 4304 1100 4346 et
1128 4292 1358 4358 Spiritus
1397 4286 1588 4349 sancti,
1620 4294 1710 4336 aut

124 4415 315 4461 unam,
336 4405 430 4449 aut
452 4395 691 4447 diversas
706 4389 944 4445 doceatis
956 4401 1073 4439 esse
1086 4383 1437 4438 substantias.
1458 4380 1533 4433 Ad
1552 4393 1707 4446 quam

122 4494 206 4547 rei
247 4488 636 4557 probationem,
673 4498 777 4537 non
832 4489 1035 4534 tantum
1072 4480 1150 4545 (ut
1192 4474 1406 4545 opinor)
1441 4487 1578 4537 mea,
1612 4472 1707 4524 sed

130 4579 292 4652 144,
318 4585 630 4630 cunctorum
661 4588 796 4641 pene
838 4571 1141 4624 mortalium
1186 4582 1335 4621 meus
1367 4569 1437 4619 ita
1468 4572 1551 4618 est
1581 4579 1709 4631 pen-

126 4673 251 4725 dula
284 4667 681 4736 exspectatione
710 4677 969 4731 suspensa
990 4701 1004 4723 ,
1036 4668 1095 4714 ut
1116 4660 1161 4712 si
1194 4657 1322 4710 tanti
1358 4656 1557 4726 negotii
1595 4670 1707 4706 me-

128 4767 227 4819 rita
262 4770 600 4831 paterentur,
631 4759 748 4812 sine
779 4757 941 4810 ullius
971 4754 1074 4808 diei
1122 4749 1701 4818 coanperendiuatione,
1731 4751 1786 4811 D
1813 4724 1858 4779 re

129 4857 208 4911 vel
239 4853 462 4921 alicujus
489 4851 742 4905 momenti
772 4845 1193 4913 intercapedine,
1224 4841 1288 4895 ad
1312 4855 1579 4895 summam
1615 4855 1707 4891 ve-

131 4945 326 5009 ritatis,
351 4952 510 5012 atque
538 4941 738 4996 calcem
784 4936 1237 4991 manifestissimre
1278 4932 1512 4984 notionis
1563 4930 1706 4981 desi-

131 5038 283 5091 deret
314 5034 607 5103 pervenire.
642 5029 795 5085 Unde
841 5043 907 5082 ne
953 5036 1059 5080 tam
1108 5022 1355 5091 religiosa
1391 5020 1622 5073 fidelium
1655 5026 1709 5070 et

134 5127 375 5183 veritatis
418 5124 608 5193 cupida
640 5122 926 5176 frustretur
956 5116 1183 5171 intentio
1207 5157 1220 5179 ,
1253 5112 1399 5168 onmi
1439 5110 1704 5165 lenocinio

138 5219 422 5273 luxuriosa:
442 5212 698 5268 orationis
720 5210 963 5279 exploso.
988 5207 1055 5261 de
1079 5221 1158 5269 re,
1180 5205 1247 5259 de
1268 5218 1448 5267 causa,
1473 5201 1538 5254 de
1563 5214 1708 5252 Conl-

138 5308 461 5377 petentibus,
489 5307 555 5362 de
596 5303 913 5359 necessariis
961 5301 1101 5370 agite
1150 5298 1345 5362 rebus,
1381 5309 1595 5349 omnem
1628 5293 1707 5361 (ut

138 5399 267 5465 disi)
296 5398 581 5453 verborum
621 5394 875 5448 ambitum
899 5400 952 5446 et
978 5390 1164 5459 procul
1194 5406 1223 5443 a
1264 5402 1423 5442 causa
1449 5394 1705 5453 vagantes

139 5490 459 5545 locutionum
495 5487 735 5554 phaleras
777 5484 1124 5553 leporemque
1158 5491 1467 5534 sermonum
1498 5475 1709 5529 cautius

141 5581 429 5635 evitantes:
463 5586 520 5633 ut
557 5575 930 5645 disputationis
959 5581 1152 5627 vestrae
1182 5572 1445 5633 narratio,
1492 5568 1713 5620 veritate

143 5671 305 5739 magis
326 5683 482 5737 quam
513 5669 775 5721 cothurno
805 5664 1059 5719 tumentis
1090 5663 1382 5717 adornetur
1411 5659 1635 5727 eloquii.

212 5764 272 5818 ll.
315 5765 355 5817 Α
382 5764 622 5816 hanasius
670 5762 831 5816 dixit:
876 5760 1017 5814 Licet
1048 5756 1361 5821 jamdudum
1412 5756 1599 5808 crebro
1646 5764 1706 5803 ac

1812 3472 1934 3533 rim,
1986 3486 2237 3539 measque
2286 3460 2677 3538 disputationes
2730 3475 2930 3540 scripto
2979 3475 3337 3529 mandaverint
3366 3518 3381 3539 ,

1810 3562 2006 3631 quibus
2034 3577 2059 3613 a
2093 3579 2176 3616 me
2204 3563 2254 3615 in
2290 3564 2384 3615 huc
2407 3562 2767 3632 disputatione
2789 3563 2983 3631 aliquid
3013 3564 3132 3616 addi
3158 3567 3385 3633 amplius

1812 3668 1914 3705 non
1949 3653 2148 3719 possit;
2182 3663 2357 3707 tamen
2386 3652 2505 3721 quia
2552 3655 2663 3705 Inrc
2691 3653 3024 3707 extrinsecus
3072 3654 3214 3708 nullo
3246 3658 3382 3708 emi-

1811 3761 1911 3797 nus
1933 3743 2251 3797 adversante
2279 3746 2415 3797 olicta
2446 3754 2587 3808 sunt,
2622 3759 2840 3797 necesse
2868 3744 3035 3798 habeo
3058 3744 3173 3799 bmc
3198 3747 3384 3799 eadem

1809 3844 2073 3903 repetere,
2108 3847 2157 3889 et
2192 3836 2241 3888 in
2293 3835 2391 3889 hoc
2421 3835 2647 3904 publica?
2678 3834 2908 3888 act'onis
2954 3850 3176 3888 examen
3228 3852 3310 3889 em
3339 3847 3385 3889 t-

1811 3936 1945 3989 tere,
1975 3942 2079 3995 quo
2116 3923 2321 3995 possint
2360 3928 2430 3979 tui
2461 3927 2643 3993 jndicii
2673 3927 2935 3980 sententia
2972 3928 3238 3981 roborari.

1884 4016 2082 4070 Probus
2103 4019 2267 4086 judea:
2297 4017 2463 4070 dixit:
2501 4019 2553 4071 Si
2605 4033 2707 4069 non
2756 4017 2952 4070 fuerint
2999 4019 3107 4069 Arii
3155 4017 3385 4087 replica-

1812 4109 2045 4161 tionihus
2076 4118 2289 4162 tenuata
2312 4149 2325 4173 ,
2363 4120 2486 4161 tunc
2518 4120 2699 4161 nostra
2748 4118 2996 4177 poterunt
3031 4109 3229 4161 firmari
3263 4125 3386 4161 sen-

1814 4200 1999 4253 lentia.

1882 4269 2033 4319 Arius
2061 4268 2187 4320 dixit
2212 4284 2231 4321 :
2261 4268 2455 4335 l’tquid
2485 4268 2563 4318 Ine
2592 4266 2852 4320 fraudium
2882 4266 3161 4320 tendicnlae
3186 4280 3379 4335 prepo-

1813 4360 2043 4413 nnntur?
2083 4359 2274 4425 thuid
2308 4359 2359 4411 in
2393 4358 2689 4425 patrocinio
2739 4357 2978 4409 nefanda:
3030 4356 3342 4410 assertionis
3368 4398 3381 4417 ,

1807 4450 2003 4517 judicis
2054 4449 2312 4501 sententia
2349 4446 2707 4516 prieoptatur?
2740 4449 2970 4515 Agamus
3020 4447 3191 4513 primo
3238 4448 3378 4513 quod

1813 4542 1964 4595 nobis
2014 4539 2277 4610 agendum
2328 4540 2619 4592 necessTtas
2666 4538 3099 4591 demonstranda:
3144 4538 3382 4591 veritatis

1810 4631 2053 4701 imponit.
2088 4630 2382 4685 luculcetur
2408 4629 2640 4681 lnnnano
2663 4629 2863 4680 auditui
2891 4628 3008 4680 fidei
3042 4639 3237 4681 nostra:
3262 4644 3385 4695 pru-

1863 4726 1992 4777 ssio.
2046 4722 2345 4793 Percipient
2379 4722 2578 4790 judicia
2625 4722 2817 4789 quibus
2864 4721 3031 4773 modis
3080 4722 3383 4789 quibusque

1813 4818 2125 4878 rationibus,
2162 4817 2351 4885 quibus
2407 4814 2639 4883 denique
2687 4814 3022 4865 documentis
3066 4826 3246 4865 nostra
3280 4811 3385 4864 fui-

1811 4909 1981 4964 ciatur
2006 4907 2262 4960 assertio:
2294 4914 2490 4958 ettnnc
2518 4905 2731 4957 demum
2764 4904 3241 4971 protulrgationem
3264 4917 3382 4955 sen-

1814 5002 2015 5067 tentias,
2041 5015 2158 5069 qua:
2187 5014 2249 5051 ex
2281 5007 2465 5050 nostro
2499 4998 2676 5063 utique
2705 5010 3034 5063 nequaquam
3070 4994 3265 5062 pendet
3294 5009 3380 5045 ar-

1813 5095 1972 5148 bitrio
2012 5094 2077 5146 de
2102 5092 2280 5159 judice
2312 5133 2325 5153 ,
2350 5089 2753 5157 postulabimus.
3024 5146 3041 5167 ‘

1888 5186 2087 5239 Probus
2101 5184 2263 5254 judex
2283 5184 2446 5239 dixit:
2480 5182 2809 5236 Prmfationis
2834 5196 2987 5244 metr,
3024 5194 3193 5248 nuper
3215 5179 3264 5230 in
3290 5176 3388 5227 hoc

1816 5278 2039 5331 actionis
2078 5276 2341 5345 principio
2374 5275 2586 5336 habitat,
2617 5283 2669 5327 et
2696 5272 3001 5340 Sponsion’s
3042 5278 3236 5322 vestra:
3282 5266 3386 5316 dn-
3446 5316 3451 5321 ,

1816 5372 1939 5425 dum
1992 5368 2278 5438 prmteritis
2310 5368 2473 5435 gestis
2504 5368 2739 5428 insertas,
2784 5362 3094 5417 meminisse
3141 5365 3389 5423 oportet.

1813 5463 2006 5533 quibus
2038 5464 2086 5515 id
2120 5471 2419 5530 peroratum
2459 5469 2581 5525 est,
2606 5458 2823 5509 omiss’s
2877 5449 3162 5521 superﬂuis
3209 5444 3272 5497 ad
3303 5461 3390 5497 ar-

1816 5571 1929 5608 cem
1961 5554 2156 5622 negotii
2187 5552 2384 5606 debere
2427 5548 2704 5605 descendi.
2743 5544 2893 5612 Quod
2935 5540 3141 5594 debetis
3173 5536 3389 5590 tandem

1817 5646 2104 5715 aliquando
2133 5645 2397 5699 factitare.

1889 5729 2040 5792 Arius
2071 5738 2200 5791 dixit
2224 5752 2242 5788 :
2273 5736 2461 5809 Doceat
2485 5732 2717 5788 Patrem,
2749 5730 2801 5777 et
2830 5721 3115 5784 Filium,et
3140 5718 3394 5788 Spiritum
