3938 6376
587 350 691 407 199

584 473 828 520 sanctum
860 467 1016 523 unius
1046 482 1167 524 esse
1197 471 1539 527 substantiae:
1580 474 1729 546 145
1778 478 1935 533 unius
1982 490 2163 547 potes-

584 556 741 622 tatis,
776 558 931 613 unius
968 561 1263 630 dignitatis,
1310 565 1464 618 unius
1492 566 1699 634 gloriaz,
1728 571 1886 624 unius
1919 572 2173 639 majesta-

583 644 673 709 tis,
699 646 856 702 unius
886 649 1106 705 virtutis
1153 663 1312 722 atque
1344 656 1593 722 honoris;
1623 660 1765 727 quod
1797 662 1930 715 satis
1975 663 2173 731 impro-

590 737 714 791 vida
743 748 797 793 et
819 739 981 795 nimis
1022 742 1232 798 incauta
1259 746 1594 813 professione
1624 751 1763 805 solet
1789 753 1998 821 pepulis
2018 754 2174 823 jaeti-

500 868 507 877 .
585 832 722 882 tare.

655 919 969 975 Athanasius
998 923 1160 977 dixit:
1194 924 1468 981 Proﬁteris
1519 928 1716 1008 Filium
1749 946 1883 987 vere
1916 933 1983 989 de
2013 934 2175 991 Patre

588 1018 796 1077 nalum,
826 1026 891 1063 an
920 1013 1062 1066 non?

656 1101 813 1156 Arius
843 1103 1011 1157 dixit:
1043 1103 1323 1161 Ptoﬁter-is
1351 1109 1466 1174 ipse
1504 1110 1715 1165 Patrem
1748 1113 1978 1183 alicujus
2025 1117 2173 1172 deri-

587 1194 835 1261 vationis,
892 1196 973 1251 vel
1021 1196 1301 1254 dLvisionis
1334 1200 1460 1254 vitio
1493 1202 1775 1271 subjacere
1816 1221 1919 1260 non
1968 1222 2164 1276 posse,

582 1297 649 1336 an
676 1285 816 1339 non?

651 1376 960 1433 Athanasius
989 1380 1162 1433 dixit:
1206 1380 1373 1436 Valde
1423 1384 1700 1450 proﬁteor.

653 1470 807 1523 Arius
839 1470 1012 1524 dixit:
1053 1471 1119 1525 Et
1165 1486 1265 1542 ego
1316 1490 1528 1544 qu--que
1561 1478 1816 1545 proﬁteor
1860 1480 2059 1537 Filium
2094 1497 2168 1539 ex

588 1558 747 1613 Putre
770 1570 951 1615 natum
984 1578 1123 1618 esse.

649 1648 735 1702 Ill.
785 1651 1099 1707 Athanasius
1129 1655 1296 1709 dixit:
1328 1655 1380 1711 ld
1430 1673 1550 1713 esse
1578 1660 1855 1717 arbitraris
1886 1674 2065 1720 natum
2094 1682 2163 1722 ex

582 1740 740 1795 Patre
767 1744 909 1811 quod
939 1754 1019 1799 est
1046 1745 1204 1799 etiam
1232 1757 1411 1802 natum
1441 1749 1509 1804 de
1541 1751 1740 1807 Patre?
2044 1748 2049 1749 ί

648 1832 804 1885 Arius
856 1832 985 1886 dixit
1016 1850 1034 1887 :
1063 1834 1269 1892 Sufficit
1322 1840 1413 1893 tibi
1442 1843 1581 1909 quod
1613 1858 1677 1897 ex
1730 1844 1889 1900 Patre
1932 1847 2161 1903 dixerim
2196 1853 2240 1913 Β

577 1931 759 1976 natum
812 1940 823 1975 :
870 1925 1010 1992 quod
1074 1928 1235 1982 etiam
1287 1930 1537 1986 facillime
1584 1935 1839 2001 scriptum
1912 1940 2161 1995 ostendo.

574 2014 712 2079 Quid
761 2014 965 2070 callidis
1012 2019 1180 2073 uteris
1207 2023 1586 2089 argumentis?
1624 2024 1889 2080 (Steterunt
1943 2028 2012 2083 de
2063 2030 2161 2084 Pa-

577 2112 658 2158 tre
694 2113 874 2160 natum
924 2123 1185 2177 nusquam
1239 2111 1369 2164 mihi
1408 2112 1620 2167 interim
1652 2114 1716 2167 ad
1762 2129 1999 2183 praesens
2030 2122 2165 2174 scri—

574 2204 723 2264 ptum
771 2212 1053 2255 occurrere
1120 2202 1310 2269 potuit.
1367 2204 1446 2258 Es
1499 2205 1653 2260 Patre
1702 2223 1831 2263 vero
1900 2214 2158 2277 scriptum

571 2301 632 2340 es
662 2301 692 2342 e
719 2290 922 2357 recolo,
942 2290 1149 2345 Joanne
1178 2295 1420 2362 apos:olo
1448 2296 1660 2353 dicente
1687 2317 1699 2351 :
1735 2300 1835 2365 Qui
1861 2302 2029 2373 diligit
2054 2303 2160 2358 Pa-

575 2387 726 2443 trem,
756 2380 927 2452 diligit
947 2399 1061 2435 rum
1081 2385 1167 2452 qui
1196 2397 1345 2439 natus
1388 2397 1463 2439 est
1494 2405 1556 2441 ex
1576 2406 1656 2443 eo.

639 2468 949 2524 Athanasius
979 2472 1109 2526 dixit
1137 2489 1153 2525 :
1189 2474 1329 2544 Ergo
1359 2476 1490 2529 nihil
1515 2478 1775 2535 interesse
1804 2491 1956 2550 putas
1977 2494 2153 2539 utrum

565 2572 632 2613 ex
659 2559 799 2629 ipso,
823 2562 908 2617 vel
931 2562 998 2617 de
1022 2563 1135 2631 ipso
1164 2576 1319 2619 natus
1338 2568 1589 2622 dicatur?

636 2652 790 2707 Arius
808 2656 939 2709 dixit
970 2672 989 2710 :
1010 2656 1064 2712 Si
1096 2658 1223 2712 mihi
1256 2660 1625 2716 demonstrare
1665 2664 1895 2719 valueris
1939 2668 2153 2736 proprie

565 2742 825 2811 positum,
859 2745 1050 2799 Filium
1069 2748 1135 2802 de
1161 2748 1315 2803 Patre
1344 2759 1547 2817 uatum,
1574 2762 1697 2807 tunc
1742 2756 1867 2822 quid
1914 2758 2037 2813 inde
2059 2759 2153 2813 de-

564 2833 722 2888 beam
770 2837 971 2891 sentire
1018 2839 1312 2893 aestimabo.
1366 2840 1562 2896 Verum
1603 2846 1724 2913 quia
1774 2848 1824 2900 iu
1884 2850 2152 2918 plerisque

558 2927 949 2996 exemplaribus
976 2931 1124 2984 varie
1172 2932 1399 3000 positum
1431 2948 1551 2989 esse
1604 2953 1707 2989 non
1737 2942 1941 3005 nescio,
1968 2952 2024 2994 ut
2055 2944 2147 2997 iis-

558 3013 680 3069 dcm
710 3014 844 3071 locis
874 3018 1066 3087 quibus
1094 3036 1156 3072 ex
1206 3021 1318 3091 ipso
1359 3022 1572 3091 legitur,
1605 3026 1656 3078 in
1710 3026 1830 3080 aliis
1878 3031 2151 3087 codiCtbus

557 3106 624 3159 de
684 3106 795 3174 ipso
849 3108 1093 3177 legatur;
1147 3112 1240 3166 sed
1299 3123 1476 3167 utrum
1544 3116 1644 3170 hoc
1713 3117 2147 3188 interpelantium

554 3194 764 3263 fraude,
797 3212 863 3251 an
888 3200 1045 3254 unius
1075 3200 1151 3255 rei
1200 3201 1589 3271 signiﬁcatione
1611 3205 1686 3276 (id
1714 3216 1797 3261 est
1840 3218 1898 3263 ut
1942 3212 2042 3265 hoc
2073 3216 2143 3266 sit
2171 3228 2215 3289 ρ

553 3306 617 3344 ex
644 3292 756 3359 ipso
776 3333 789 3357 ,
814 3293 955 3363 quod
987 3305 1069 3349 est
1092 3296 1251 3350 etiam
1281 3298 1345 3350 de
1364 3298 1498 3368 ipso)
1526 3300 1718 3355 factum
1742 3304 1809 3356 sit
1833 3350 1845 3371 ,
1875 3320 1981 3360 non
2014 3310 2142 3362 satis

553 3380 656 3437 hoc
682 3396 876 3437 nostra?
907 3386 1026 3440 ﬁdei
1059 3388 1273 3457 aliquod
1321 3398 1495 3459 potest
1538 3392 1729 3448 afferre
1756 3398 2141 3465 praejudicium.

627 3474 943 3528 Athanasius
964 3478 1095 3529 dixit
1122 3493 1141 3530 :
1169 3478 1224 3531 lu
1249 3478 1357 3549 hac
1391 3489 1475 3534 tua
1511 3486 1879 3550 prosecutione
1898 3488 2137 3556 diligenti

568 3563 852 3619 admodum
877 3580 1022 3621 Certa
1040 3583 1102 3642 ex
1126 3572 1361 3639 apposita
1385 3575 1592 3629 ratione
1614 3577 1838 3631 adverti.
1863 3580 1966 3635 Sed
1991 3585 2135 3651 quod

566 3665 769 3709 tantum
799 3668 993 3712 nostra:
1032 3661 1255 3727 dixeris,
1285 3674 1339 3717 et
1378 3682 1481 3719 non
1512 3677 1864 3741 utrorumque
1887 3674 2136 3743 designa-

550 3749 693 3800 veris
712 3748 830 3802 ﬁdei
855 3766 958 3803 non
980 3766 1135 3819 posse
1156 3756 1520 3823 prmjudicium
1549 3760 1598 3812 in
1632 3762 1714 3815 his
1737 3765 1912 3816 verbis
1932 3766 2107 3820 afferri
2122 3810 2137 3832 ,

552 3838 684 3891 satis
711 3840 934 3894 miratus
962 3858 1112 3907 sum;
1137 3854 1189 3899 et
1211 3847 1438 3901 arbitror
1466 3851 1610 3918 quod
1642 3854 1798 3907 ﬁdem
1844 3866 1985 3910 tuam
2024 3876 2137 3912 ιιιιιο

551 3926 668 3984 nire
723 3928 983 3988 festinans
1014 3933 1086 3987 ita
1142 3939 1514 4005 proposueris;
1545 3955 1765 4009 sperans
1807 3962 1892 4001 me
1939 3949 2136 4005 exinde

546 4018 736 4075 leviter
786 4021 905 4077 sine
952 4024 1133 4094 aliquo
1186 4026 1507 4085 documento
1557 4047 1713 4100 posse
1768 4037 2016 4092 transire.
2080 4039 2131 4091 In

542 4110 836 4182 Evangelio
860 4129 1072 4185 quoque
1088 4116 1153 4172 de
1177 4118 1334 4174 Patre
1384 4121 1548 4177 Filius
1578 4123 1704 4178 dicit
1741 4143 1753 4178 :
1781 4126 2008 4195 Spiritus
2059 4141 2131 4182 rst

541 4200 679 4256 Deus
707 4206 883 4274 (Joan.
910 4222 979 4272 tv,
1004 4206 1120 4278 24).
1154 4208 1221 4263 Et
1267 4219 1328 4264 ut
1357 4226 1417 4266 sc
1459 4212 1525 4267 de
1556 4213 1713 4268 Patre
1737 4225 1918 4271 natum
1950 4228 2132 4273 osten-

542 4293 716 4359 deret,
737 4298 812 4349 ait
840 4313 854 4349 :
890 4296 1040 4361 Quod
1059 4310 1234 4352 natum
1265 4311 1335 4353 est
1358 4304 1422 4356 de
1445 4320 1617 4372 carne,
1649 4323 1770 4359 cara
1800 4317 1893 4372 cst,
1923 4320 1967 4363 et
1990 4315 2128 4379 quod

539 4397 717 4440 natum
772 4399 845 4442 est
891 4391 954 4444 de
983 4390 1199 4460 Spiritu,
1231 4395 1441 4458 spiritus
1496 4407 1565 4450 est
1626 4398 1804 4469 (Joun.
1838 4417 1892 4454 ιιι
1926 4404 2001 4470 6).
2040 4406 2119 4463 lit.

540 4473 653 4545 Ego
683 4478 745 4530 de
779 4477 887 4532 Dea
926 4478 1085 4534 Patre
1115 4483 1246 4535 exivi
1268 4482 1444 4548 (Joun.
1481 4502 1589 4553 xvn,
1622 4489 1737 4557 27).
1768 4491 1903 4545 Ecce
1931 4492 2121 4546 Filium

538 4566 606 4622 de
633 4567 789 4622 Patre
812 4578 1017 4636 natum,
1050 4571 1167 4641 ipso
1203 4574 1333 4628 Filio
1363 4575 1591 4642 dicente,
1626 4581 1857 4633 osmndi.

611 4657 769 4729 146
796 4658 883 4713 ιν.
912 4661 1063 4715 Arius
1091 4664 1220 4717 dixit
1250 4681 1269 4717 :
1301 4667 1443 4720 Satis
1486 4668 1691 4722 callidis
1720 4680 1774 4724 et
1804 4673 2120 4741 suspiciosis

535 4748 702 4801 uteris
726 4747 1198 4818 disputationibus,
1227 4771 1333 4824 quo
1362 4756 1513 4811 dicas
1534 4758 1676 4827 qttnd
1725 4759 1791 4813 ad
1841 4760 1963 4816 ﬁdei
1992 4780 2124 4817 meo

533 4839 886 4896 munitionem
940 4842 1043 4898 hOc
1085 4844 1343 4912 dixerim,
1395 4849 1487 4903 sed
1521 4861 1580 4904 ut
1614 4850 1680 4905 de
1725 4852 1972 4908 sensibus
2023 4858 2125 4911 tuis

532 4932 708 4986 omnis
737 4933 1057 5003 suspicionis
1088 4938 1404 5008 ambiguitas
1449 4940 1758 5009 auferatur;
1793 4950 1851 4997 ut
1877 4948 2121 5016 superius

530 5023 705 5079 fassus
736 5039 883 5094 sum,
914 5036 1264 5099 utrorumque
1310 5032 1453 5099 ﬁdei,
1487 5034 1600 5089 sive
1632 5052 1695 5088 ex
1741 5037 1877 5105 ipso,
1907 5037 2024 5094 sive
2054 5041 2118 5092 de

527 5116 640 5186 ipsa
672 5127 828 5172 natus
869 5118 1105 5186 dicatur,
1134 5122 1339 5177 nullum
1372 5134 1547 5193 potest
1594 5127 1807 5195 penitus
1836 5129 1892 5184 in
1932 5130 2113 5200 aliquo

525 5206 719 5263 aﬁ'erre
742 5209 1130 5278 praajudicium.

593 5304 908 5358 Athanasius
928 5306 1056 5360 dixit
1079 5322 1097 5359 :
1117 5307 1391 5364 Generans
1414 5309 1572 5367 Pater
1596 5326 1665 5368 ex
1686 5313 1864 5383 seipso
1888 5313 2105 5383 Filium,

523 5392 624 5450 hoc
653 5397 834 5466 genuit
858 5400 999 5468 quod
1024 5410 1106 5455 est
1128 5401 1262 5469 ipse,
1288 5418 1355 5457 an
1386 5405 1528 5459 aliud
1558 5406 1803 5477 aliquid?

590 5488 742 5543 Arius
768 5491 895 5544 dixit
930 5506 948 5544 :
982 5492 1092 5546 lion
1119 5495 1300 5563 utique
1329 5496 1470 5564 quod
1493 5497 1610 5567 ipse
1633 5508 1714 5555 est
1734 5501 1940 5571 genuit,
1982 5503 2103 5572 quia

522 5577 661 5634 Dcus
681 5586 861 5650 genuit
900 5585 1089 5651 Deum,
1121 5587 1211 5643 lus
1242 5588 1413 5645 lucem
1453 5593 1653 5661 genuit,
1688 5594 1958 5663 perfectus
1982 5612 2103 5666 per-

519 5668 714 5726 fectum
762 5679 961 5747 genuit,
994 5682 1333 5751 omnipotens
1363 5686 1791 5755 omnipotentem
1826 5693 2025 5758 genuit.

588 5762 896 5822 Athanasius
922 5773 1047 5841 dixit
1076 5815 1092 5830 .
1129 5777 1264 5845 Ergo
1297 5795 1400 5837 non
1431 5782 1670 5839 extrinsc
1707 5798 1786 5849 us,
1820 5799 1992 5849 neque
2025 5798 2091 5840 ex

1908 364 2138 424 VIGILII

2240 368 2554 431 \PSENSIS
3686 406 3753 466 ξοο

2192 486 2244 546 Α
2274 485 2442 539 nihilo
2471 504 2641 552 neque
2676 508 2739 546 ex
2774 495 2945 564 aliqua
2980 501 3314 566 prmee’ente
3360 518 3440 561 aut
3485 513 3753 587 subsequente

2280 578 2525 643 materia,
2564 584 2655 634 sed
2688 598 2751 636 ex
2786 588 2965 654 seipso
3014 593 3228 659 genuit;
3284 607 3335 651 ct
3367 614 3463 653 non
3488 602 3609 659 aliud
3633 578 3751 679 quam

2279 668 2420 734 quod
2452 670 2562 737 ipse
2587 681 2670 726 est
2689 679 2892 743 genuit.

2349 762 2501 814 Arius
2532 763 2661 816 dixit
2693 781 2711 818 :
2751 768 2898 823 Alius
2926 772 3089 827 alium
3120 780 3322 845 genuit.

2352 854 2662 909 Athanasius
2708 858 2888 912 dixit:
2920 861 2985 916 Et
3030 882 3127 921 nos
3182 876 3489 930 conﬁtentur
3525 881 3622 949 quia
3664 886 3753 940 alios

2278 943 2439 998 alium
2463 949 2664 1015 genuit.
2690 950 2796 1005 Sed
2813 953 2857 1007 si
2877 954 2943 1009 de
2970 959 3170 1028 seipsn,
3197 964 3248 1017 id
3277 977 3356 1021 est
3379 970 3442 1024 de
3469 987 3525 1025 eo
3538 943 3657 1043 quod
3679 979 3751 1045 ipse

2278 1047 2377 1103 est,
2408 1042 2624 1108 genuit;
2658 1046 2781 1112 quia
2812 1047 3035 1104 alterius
3063 1054 3392 1124 substantiae,
3420 1064 3493 1117 vel
3521 1042 3751 1139 diversi-ge-

2278 1134 2420 1184 neris
2444 1131 2608 1189 Fdius
2635 1150 2754 1191 esse
2786 1154 2891 1193 non
2915 1145 3118 1209 poterit
3152 1162 3165 1198 :
3194 1161 3258 1203 ac
3300 1151 3375 1207 sic
3405 1154 3543 1211 unius
3566 1131 3752 1227 ejusdein-

2275 1238 2378 1290 que
2409 1240 2529 1280 cum
2566 1228 2721 1285 Patre
2750 1234 3060 1289 substantim
3086 1240 3209 1293 erit.

2346 1315 2497 1371 Arius
2523 1319 2653 1372 dixit
2686 1338 2705 1375 .'
2736 1323 2790 1378 Si
2818 1340 3009 1383 nosses
3040 1332 3092 1384 in
3120 1344 3347 1400 quantos
3375 1340 3587 1406 perﬁdize
3607 1359 3751 1402 errares

2274 1408 2432 1461 unius
2454 1412 2764 1469 substantitn
2791 1418 3054 1485 professio
3085 1436 3286 1495 vergat,
3316 1445 3562 1501 nunquam
3590 1440 3751 1505 proiectu

2274 1500 2413 1555 inter
2444 1502 2654 1560 Patrem
2692 1517 2747 1562 et
2778 1509 2969 1566 Filium
3004 1514 3162 1585 hujus
3190 1524 3419 1579 nominis
3442 1500 3447 1501 ί
3468 1500 3639 1586 faceres
3660 1551 3751 1589 ﬂll‘ﬁ-

2272 1596 2495 1663 tionem,
2527 1614 2626 1655 nec
2668 1602 3086 1672 disputationem
3120 1620 3284 1681 tuam,
3321 1620 3606 1687 quibusdam
3648 1627 3750 1682 inter-

2270 1691 2601 1758 rogationum
2630 1696 2880 1763 gradibus
2918 1700 3169 1769 incisam,
3205 1709 3296 1761 tali
3329 1716 3641 1772 conclusisses
3671 1726 3751 1775 arti-

2268 1784 2412 1850 culo,
2443 1796 2498 1840 ut
2540 1788 2608 1843 ad
2654 1788 2793 1846 hunc
2819 1808 2936 1848 eam
2970 1797 3147 1867 impia:
3179 1802 3513 1869 professionis
3540 1811 3749 1870 deducens

2343 1969 2656 2026 Athanasius
2695 1975 2870 2032 dixit:
2899 1979 3050 2047 Quod
3092 1986 3161 2038 sit
3205 1988 3423 2058 impium
3468 2002 3605 2064 atque
3643 1999 3749 2051 sarri-

2270 2060 2444 2131 legum
2503 2064 2742 2121 diversas
2798 2069 2969 2126 Patris
3020 2085 3073 2128 et
3125 2076 3265 2145 Filii,
3298 2090 3355 2135 et
3407 2060 3611 2151 Spiritus
3642 2089 3749 2141 Sancti

2265 2155 2585 2209 substantias
2622 2162 2890 2227 proﬁteri;
2922 2175 2971 2218 et
3001 2167 3140 2235 quod
3173 2170 3315 2232 pium
3344 2173 3411 2227 sit
3439 2190 3497 2229 ac
3532 2175 3747 2246 religiuuu

2266 2247 2421 2301 unius
2446 2263 2539 2303 cos
2570 2254 2881 2309 substantiae
2934 2258 3177 2323 credere,
3226 2264 3367 2318 scias
3413 2280 3510 2331 me,
3540 2269 3749 2335 Ari,ign0-

2266 2354 2385 2393 rare
2418 2356 2521 2393 non
2541 2356 2728 2410 posse;
2762 2354 2816 2399 et
2847 2346 2948 2402 hoc
2980 2364 3085 2404 non
3139 2353 3374 2409 humana
3405 2359 3626 2427 opinione
3644 2363 3748 2412 culle-

2262 2442 2425 2495 etum,
2446 2424 2541 2487 nec
2566 2436 2889 2504 conjecturis
2903 2449 3061 2510 atque
3082 2450 3413 2513 argumentis
3440 2449 3747 2509 inventum.sed

2262 2524 2497 2577 (celestis
2513 2526 2771 2583 doctrinm
2812 2532 3117 2601 magisterio
3147 2538 3405 2595 traditum
3443 2543 3745 2597 demonstrabo.

2335 2614 2394 2667 Υ.
2429 2614 2629 2672 Probus
2643 2621 2815 2691 judex
2836 2624 2961 2676 dixit
2986 2641 3006 2679 :
3040 2626 3189 2682 Prius
3222 2632 3355 2686 mihi
3384 2633 3482 2687 vim
3508 2634 3746 2704 qualitatem-

2259 2722 2361 2775 que
2416 2715 2684 2764 srrmonis
2740 2714 2979 2783 assigna;
3015 2727 3068 2772 et
3105 2728 3229 2775 tunc
3257 2723 3468 2779 demum
3499 2729 3656 2796 poterit
3692 2729 3745 2780 dc-

2261 2803 2547 2855 lttOltsll‘al‘l
2583 2813 2757 2859 utrum
2792 2806 2933 2861 Patri
2983 2810 3113 2865 Filio
3137 2830 3220 2875 ,uc
3250 2823 3546 2875 conveniat.

2331 2895 2639 2951 Athanasius
2693 2900 2822 2954 dixit
2853 2917 2872 2955 :
2902 2902 3209 2961 Substantia
3258 2914 3470 2979 quidem
3499 2915 3742 2981 dnobusap-

2258 2988 2599 3054 pellaLonum
2652 2993 2940 3057 generibus
2990 2997 3383 3070 distinguitur:
3414 3017 3463 3060 et
3507 3016 3575 3061 est
3600 3008 3742 3077 quidem

2256 3080 2411 3132 uiiitis
2442 3083 2651 3147 generis
2679 3084 2925 3154 qualitas,
2983 3086 3097 3144 hazc
3151 3110 3270 3161 quae
3300 3097 3387 3151 esi
3422 3100 3565 3151 tentis
3608 3109 3742 3151 natura

2253 3174 2543 3224 essentiam
2580 3174 2792 3229 indicet.
2829 3177 2984 3233 Aliud
3016 3195 3145 3237 vero
3183 3196 3268 3240 cst
3308 3193 3596 3245 substantiae
3615 3206 3741 3261 genus.

2249 3277 2355 3330 quo
2383 3262 2468 3320 ille
2496 3267 2581 3335 qtti
2617 3268 2767 3339 147
2808 3267 2966 3327 habet
2988 3273 3054 3328 ab
3091 3274 3172 3329 his
3200 3289 3322 3347 qua:
3350 3280 3503 3337 habet
3528 3286 3740 3339 dirimatur.

2249 3357 2310 3409 Et
2341 3367 2394 3411 ut
2424 3359 2630 3428 planius
2661 3362 2749 3416 ﬁat
2789 3366 2927 3433 quod
2969 3367 3089 3423 dico
3136 3364 3489 3433 manifestiori
3517 3389 3618 3433 utor
3636 3391 3741 3445 expo-

2244 3453 2461 3506 sitione.
2485 3453 2641 3509 Verbi
2696 3462 2865 3527 gratia
2900 3478 2911 3511 :
2948 3459 3120 3517 Homo
3149 3468 3366 3534 generis
3412 3472 3491 3526 sui
3510 3486 3565 3527 ac
3600 3480 3740 3525 natum

2244 3544 2539 3599 substantia
2567 3559 2669 3601 est.
2704 3549 2910 3605 Rursus
2940 3551 3130 3623 siquid
3170 3556 3299 3612 illud
3344 3576 3425 3617 est
3462 3563 3587 3631 quod
3606 3562 3742 3617 extrit-

2241 3651 2417 3704 sccus,
2455 3640 2505 3693 id
2537 3650 2638 3706 est,
2671 3644 2720 3695 in
2750 3646 2971 3699 materia
3014 3650 3127 3702 auri
3156 3652 3238 3705 vel
3268 3656 3476 3723 argenti
3496 3658 3741 3719 aliarumque

2242 3731 2541 3795 specierum
2586 3733 2855 3801 possidet,
2889 3729 3181 3793 substantia
3208 3744 3328 3811 ejus
3353 3748 3555 3803 dicitur.
3596 3749 3645 3803 Et
3663 3759 3740 3798 eum

2241 3823 2478 3888 ejusdem
2505 3829 2748 3882 vocabuli
2783 3845 2884 3885 una
2908 3831 3149 3887 videatur
3169 3840 3603 3907 appellatio,duas
3622 3848 3738 3893 tamen

2242 3930 2328 3969 res
2367 3916 2668 3985 signiﬁcare
2712 3922 2939 3976 videtur.
2977 3923 3081 3978 Sed
3122 3942 3219 3982 nos
3261 3930 3332 3986 de
3379 3932 3467 3987 illo
3508 3928 3739 3988 substantia

2236 4024 2433 4078 genere
2495 4010 2828 4079 disputamus
2900 4031 3007 4084 quo
3071 4033 3408 4092 unaquaeque
3479 4035 3638 4077 natura
3694 4017 3739 4070 ob

2238 4104 2289 4155 id
2342 4103 2482 4171 quod
2515 4112 2597 4158 est
2634 4106 2710 4160 vel
2772 4106 3058 4178 subsistit,
3112 4114 3410 4169 substantia
3462 4120 3736 4181 nuncupatur.

2238 4194 2303 4247 Et
2357 4195 2612 4264 quidquid
2665 4212 2727 4250 ex
2770 4212 2908 4265 sese,
2946 4200 2994 4254 id
3037 4211 3122 4256 est
3150 4203 3217 4258 de
3249 4208 3427 4276 scipsa
3464 4206 3639 4277 genuit,
3670 4214 3738 4254 non

2235 4288 2375 4341 aliud
2425 4304 2544 4344 esse
2597 4298 2768 4358 potest
2799 4307 2953 4361 quam
2997 4294 3048 4347 id
3096 4296 3234 4364 quod
3278 4299 3394 4366 ipsa
3439 4310 3531 4355 est.
3572 4296 3740 4362 licitithc

2235 4381 2395 4436 homo
2446 4392 2594 4449 pater
2650 4398 2914 4452 generans
2960 4387 3160 4452 ﬁlium,
3213 4392 3292 4444 sui
3358 4392 3574 4462 generis,
3615 4387 3654 4441 id
3688 4390 3739 4437 est

2229 4493 2340 4531 sua:
2355 4477 2681 4542 substantiae,
2697 4477 2965 4532 hominem
2977 4490 3217 4549 generat,
3235 4485 3357 4552 quia
3374 4484 3527 4539 homo
3542 4480 3739 4535 hominem

2155 4592 2202 4649 ι)
2229 4581 2465 4640 generat;
2491 4578 2545 4625 et
2569 4580 2713 4624 recte
2736 4570 2893 4624 unius
2919 4572 3232 4628 substantia:
3249 4590 3371 4631 esse
3391 4577 3640 4634 dicuntur,
3659 4567 3739 4638 quia

2234 4664 2427 4717 veritas
2475 4661 2767 4716 nativitatis
2820 4661 3234 4717 substantiarum
3286 4666 3626 4721 diversita'em
3670 4668 3739 4709 Ml

2233 4755 2440 4824 recipit.
2499 4754 2787 4808 Diversitas
2825 4766 3006 4811 autem
3037 4766 3120 4814 est
3172 4757 3501 4824 substantiae,
3534 4765 3583 4811 ut
3608 4762 3740 4845 esetn:

2234 4847 2304 4916 pli
2335 4847 2500 4917 gratia
2553 4847 2802 4914 dixerim,
2830 4851 2873 4904 si
2907 4850 3065 4905 homo
3091 4852 3349 4921 pecudem
3398 4851 3585 4921 gignat,
3613 4842 3677 4897 vel
3710 4842 3740 4889 st

2226 4939 2513 5006 cujuslibet
2543 4943 2756 5009 generis
2794 4956 2953 5009 pecus
2993 4943 3213 4997 alterius
3245 4958 3273 4996 a
3302 4959 3362 4999 se
3404 4941 3602 5013 generis

2221 5031 2342 5086 dem
2385 5043 2605 5100 generet
2643 5050 2655 5097 ;
2691 5033 2741 5087 id
2763 5044 2864 5099 est,
2899 5035 2941 5087 si
2991 5034 3086 5090 bos
3113 5043 3335 5105 generet
3380 5036 3595 5097 asinum,
3624 5024 3738 5080 νθΙεί

2218 5126 2335 5180 ovis
2379 5127 2560 5195 gignat
2604 5140 2842 5195 capram.
2887 5127 3016 5194 Quae
3054 5128 3304 5196 quoniam
3356 5130 3407 5182 in
3440 5123 3737 5181 diversitatem

2224 5218 2437 5287 generis
2459 5219 2652 5289 pergit,
2685 5218 3021 5274 monstruosa
3049 5220 3321 5292 generatio
3350 5220 3473 5285 erit,
3504 5230 3602 5273 sure
3626 5218 3737 5265 natu.

2222 5327 2294 5367 Ι·ιὲ
2324 5313 2699 5383 preprietatem
2727 5314 2947 5369 minime
2968 5329 3207 5371 servans.
3241 5314 3466 5370 Rursum
3494 5314 3541 5368 in
3564 5309 3740 5363 elemen-

2219 5416 2393 5463 torum
2440 5407 2807 5477 qualitatibus,
2862 5423 2981 5478 qute
3029 5411 3100 5463 sit
3155 5407 3561 5463 substantiarum
3598 5398 3737 5452 dive"

2216 5500 2347 5553 sitas
2400 5499 2483 5553 vel
2540 5499 2861 5569 proprietas,
2900 5513 3078 5569 opera:
3109 5500 3339 5568 pretium
3366 5507 3444 5551 est
3492 5492 3735 5547 advertere.

2215 5592 2375 5645 Verbi
2415 5592 2586 5662 gratia
2619 5610 2633 5646 :
2668 5591 3100 5661 Uniuscujusqne
3147 5592 3281 5660 ignis
3310 5588 3397 5644 vel
3447 5581 3639 5640 luminis
3671 5586 3736 5626 n3-

2212 5694 2347 5750 tura,
2379 5685 2428 5740 id
2469 5699 2532 5740 es
2560 5700 2619 5740 se
2646 5685 2787 5753 quod
2821 5687 2930 5755 ipsa
2979 5692 3063 5739 est
3111 5682 3411 5738 ministrare
3459 5667 3737 5771 vide-tntilli:t

2210 5785 2293 5838 lux
2324 5782 2605 5851 fulgorem,
2628 5791 2681 5835 ut
2713 5783 2853 5853 ignis
2882 5780 3204 5836 incendium.
3237 5776 3299 5830 Et
3323 5774 3374 5830 in
3394 5773 3491 5829 hoc
3517 5765 3655 5824 ofﬁcu
3676 5765 3735 5809 st"
