3938 6376
156 368 255 428 σεδ]

967 366 1247 427 CONTRA
1287 363 1599 432 ARIANOS,
1642 360 2129 426 SABELLIANOS,
2167 357 2349 427 E'l'C.,
2393 358 2518 414 LIB.
2562 356 2621 413 Π.

3308 358 3414 414 209

164 486 681 556 generesubsistens,
708 483 1514 539 substantiaesumintemeratam
1533 480 1739 535 videtur
1763 484 1812 542 Α
1842 477 1892 532 id
1921 486 2000 533 est
2035 492 2099 533 ex
2144 477 2434 531 substantia
2483 488 2577 528 sua
2608 471 2806 527 Filium
2852 485 3109 540 generare
3168 487 3272 527 non
3321 490 3411 540 po-

166 590 383 631 servare
429 584 693 629 naturam.
724 574 816 628 Sin
846 583 1023 627 autem
1055 574 1141 627 lus
1174 588 1239 627 ex
1280 586 1339 626 se
1376 571 1625 625 tenebras
1651 571 1728 639 gi-

164 676 306 734 gnat,
340 663 620 719 mutationi
648 664 876 719 obnoxia
908 665 1034 731 erit,
1084 664 1305 718 alterius
1346 678 1375 717 a
1421 676 1481 717 se
1520 661 1731 731 generis

160 759 442 813 materiam
472 757 885 826 tribuens;quia
911 756 964 810 in
990 756 1092 811 hoc
1140 753 1575 810 immutabilitatis
1621 768 1732 834 suae

173 847 421 903 ilibatam
462 846 652 917 poterit
694 862 911 903 servare
956 847 1329 912 substantiam,
1360 847 1404 899 si
1450 845 1551 899 hoc
1590 841 1731 913 quod

173 953 275 1008 psa
303 948 404 1006 est,
458 938 726 994 ministret
764 953 833 993 ex
861 952 1000 994 sese.
1047 938 1310 993 Cmterum
1348 935 1415 1000 si,
1449 944 1502 989 ut
1523 934 1651 998 dixi,
1680 933 1735 988 id

168 1030 303 1098 ,ιιιοά
333 1045 401 1085 ex
426 1044 486 1085 se
528 1030 711 1085 tribuit
734 1029 878 1085 aliud
898 1030 1007 1085 erit
1030 1042 1188 1098 quam
1215 1028 1329 1097 ipsa
1368 1040 1487 1096 quae
1524 1025 1731 1093 tribuit,

155 1129 293 1175 tunc
319 1120 537 1176 alterius
577 1120 889 1176 substantiae
938 1120 1041 1175 dici
1091 1117 1475 1189 poterit;quod
1517 1117 1733 1172 omnino

157 1219 472 1264 naturarum
499 1210 732 1264 omnium
771 1209 1018 1279 qualitas,
1051 1209 1135 1265 vel
1166 1208 1320 1274 ordo,
1352 1208 1434 1263 vel
1464 1208 1601 1263 ratio
1624 1218 1733 1267 non

161 1300 413 1354 admittit.
442 1300 553 1370 Age
577 1314 735 1366 nunc,
759 1300 863 1368 jam
898 1300 941 1353 si
964 1299 1193 1362 videtur,
1222 1314 1251 1353 a
1274 1297 1501 1353 terrenis
1528 1313 1591 1353 ac
1612 1298 1735 1352 visi-

152 1391 356 1446 zbilibus
400 1393 451 1446 in
477 1394 751 1461 superiora
792 1394 986 1447 mentis
1021 1391 1234 1446 oculum
1267 1391 1555 1460 erigamus,
1584 1399 1638 1446 et
1669 1405 1735 1446 es

162 1481 247 1534 his
294 1495 417 1551 qua
465 1480 604 1536 facta
660 1489 805 1542 sunt.
861 1480 1071 1535 infecta:
1136 1479 1345 1533 virtutis
1382 1480 1735 1534 substantiam

147 1584 584 1640 cognoscamus,
640 1570 948 1639 apostolicae
999 1570 1342 1624 auctoritatis
1393 1567 1566 1623 edocti
1620 1582 1733 1622 ma-

156 1661 419 1729 gisterio,
485 1675 592 1729 quo
647 1661 779 1715 dicit
838 1659 1161 1716 invisibilem
1227 1658 1383 1730 148
1432 1659 1735 1714 Divinitatis

154 1751 412 1823 virtutem
476 1765 541 1805 ex
590 1751 671 1805 his
735 1766 854 1820 qua:
918 1751 1053 1806 facta
1090 1758 1225 1805 sunt
1259 1751 1455 1805 debere
1502 1748 1733 1817 intelligi

1833 567 2020 623 tuisse.
2059 568 2171 636 Ego
2207 569 2349 622 enim
2382 567 2432 621 id
2460 564 2741 630 astruo,id
2771 564 3066 619 clarissima
3094 567 3245 619 vocis
3290 580 3411 635 pro-

1834 657 2064 713 fessione
2102 672 2375 723 assevero,
2405 658 2546 726 quod
2576 658 2714 713 sicut
2753 656 2896 711 Deus
2942 656 3310 724 impassibilis,
3338 658 3409 712 ita

1826 757 1889 802 et
1914 748 2251 816 omnipotens
2292 757 2391 803 est.
2427 747 2603 803 Credo
2630 747 2697 801 de
2723 760 2818 802 sua
2841 748 3074 815 potuisse
3113 746 3411 802 substantia

1831 851 2109 906 generare,
2137 852 2236 891 nec
2264 846 2440 891 tamen
2491 837 2715 906 alicujus
2755 837 3016 905 passionis
3054 837 3183 892 vitio
3228 837 3411 907 subje-

1834 938 1976 983 ctum
2019 926 2200 983 luisse.
2233 928 2494 993 Quoniam
2526 928 2737 993 divisio,
2769 928 3059 992 deritatio,
3087 928 3408 995 contractio,

1833 1021 2088 1087 accessio,
2125 1019 2319 1084 ﬂuxus,
2341 1020 2423 1074 vel
2454 1020 2499 1074 si
2546 1036 2648 1089 qua
2689 1020 2989 1090 hujusmodi
3034 1036 3156 1077 esse
3186 1034 3411 1091 possunt

1833 1123 2029 1179 genera
2053 1109 2380 1177 passionum,
2398 1111 2670 1178 corporeis
2689 1123 2742 1166 et
2757 1112 3236 1167 contrectabilihus
3250 1124 3411 1183 atque

1835 1215 1901 1254 ex
1955 1201 2264 1255 diversitate
2313 1202 2625 1269 compositis
2672 1204 2997 1257 conveniunt
3046 1204 3225 1260 rebus.
3272 1204 3412 1260 Deus

1836 1305 1983 1359 vero,
2007 1291 2094 1359 qui
2118 1291 2275 1345 nullis
2296 1292 2571 1359 corporeis
2592 1291 2924 1348 schematum
2954 1296 3411 1352 circumscribitur

1836 1382 2024 1451 signis,
2052 1396 2151 1436 nec
2180 1381 2444 1450 aliquibus
2470 1382 2813 1451 distinguitur
2856 1384 3216 1440 membrorum
3247 1386 3415 1443 linea-

1837 1476 2049 1539 mentis,
2081 1475 2207 1529 vitio
2225 1476 2503 1545 subjacere
2533 1490 2639 1530 non
2666 1484 2843 1545 potest
2865 1480 3148 1546 passionis.
3177 1482 3239 1536 Et
3267 1492 3415 1537 recte

1838 1566 1889 1619 in
1919 1580 1985 1622 eo
2010 1568 2409 1634 generationem
2465 1567 2741 1637 proﬁteor,
2771 1569 2892 1637 quia
2922 1573 3104 1639 genuit
3131 1591 3142 1625 :
3168 1582 3227 1628 et
3265 1586 3414 1629 recte

1835 1658 2234 1728 impassibiliter
2287 1660 2634 1718 nihilominus
2657 1661 2935 1727 conﬁteor,
2958 1665 3089 1733 quia
3148 1667 3412 1734 passibi'is

1836 1764 2106 1819 nunquam
2131 1749 2249 1804 fuit.

148 1842 178 1911 -(
204 1840 352 1895 Rom.
379 1857 416 1907 t,
461 1840 594 1911 20).
638 1842 776 1896 Dicit
822 1856 951 1912 ergo
1002 1840 1192 1905 Arius,
1259 1839 1450 1895 Filium
1500 1855 1566 1895 ex
1628 1840 1730 1894 Pa-
1763 1830 1811 1891 Β
1910 1840 2015 1895 VII.
2042 1840 2196 1895 Arius
2238 1841 2572 1897 dixit:Num
2602 1843 2763 1913 igitur
2789 1845 2913 1914 quia
2940 1846 2993 1901 in
3022 1846 3133 1902 Deo
3159 1828 3411 1915 omnipo-

145 1941 241 1985 -tre
288 1942 467 1985 natum
521 1946 682 1996 esse,
732 1942 785 1987 et
832 1932 995 1986 Deum
1047 1931 1213 1987 Deum
1256 1931 1521 2001 genuisse,
1559 1930 1735 1987 lucem

155 2021 354 2077 lucem.
389 2022 444 2076 lu
473 2036 573 2091 qua
610 2021 947 2091 professione
978 2038 1141 2077 unum
1184 2022 1290 2077 erit
1315 2036 1346 2075 e
1374 2021 1580 2077 duobus
1615 2036 1738 2090 pro-

152 2111 412 2167 culdubio
440 2112 796 2167 retinendum.
828 2113 934 2167 Aut
979 2113 1121 2169 enim
1143 2127 1207 2168 ex
1239 2114 1419 2182 seipso
1449 2127 1732 2184 generum,

153 2201 205 2256 id
237 2201 379 2271 quod
413 2204 525 2271 ipse
564 2210 646 2257 est
663 2204 875 2270 genuit,
899 2212 954 2257 et
982 2205 1050 2258 ob
1098 2207 1199 2259 hoc
1243 2204 1409 2259 Filius
1432 2220 1553 2260 cura
1572 2204 1736 2260 Patre

151 2294 312 2348 unius
357 2294 669 2349 substantiae
693 2295 817 2349 erit.
849 2296 952 2348 Aut
980 2296 1027 2350 si
1059 2296 1281 2353 alterius
1317 2311 1348 2351 a
1405 2312 1466 2352 se
1523 2298 1737 2367 generis

140 2384 324 2440 «Deum
354 2387 557 2455 genuit,
582 2401 707 2441 vera
756 2387 1008 2441 nativitas
1058 2386 1162 2441 dici
1205 2403 1310 2443 non
1367 2388 1585 2456 poterit,
1614 2401 1734 2457 qua

150 2476 539 2543 proprietatem
569 2474 883 2530 substantia:
904 2476 1117 2544 generis
1145 2491 1360 2532 servare
1390 2493 1497 2531 non
1528 2478 1697 2546 potuit
1721 2496 1735 2531 :

149 2572 209 2619 et
241 2579 307 2620 eo
348 2565 727 2634 disputationis
776 2568 913 2620 ratio
960 2566 1259 2632 deducitur,
1290 2576 1348 2621 ut
1388 2577 1481 2621 aut
1516 2569 1739 2623 omnino

148 2663 314 2709 natus
332 2670 450 2708 non
498 2657 590 2719 sit,
635 2665 726 2709 aut
778 2653 1133 2725 degeneratus
1158 2656 1244 2711 sit.
1274 2656 1427 2723 Quod
1458 2664 1739 2726 utrumque

134 2742 311 2800 lateri
336 2746 623 2801 absurdum
650 2755 705 2802 et
744 2747 964 2817 impium
989 2762 1109 2803 esse
1151 2748 1439 2805 videbitur.

225 2835 311 2888 Vl.
355 2833 552 2889 Probus
582 2835 750 2905 judea:
798 2836 931 2890 dixit
971 2836 1070 2891 :Si
1101 2839 1225 2907 quid
1275 2839 1377 2892 sibi
1406 2848 1589 2893 contra
1626 2840 1737 2896 haec

147 2925 312 2979 Arius
336 2936 638 2995 competere
665 2926 831 2993 novit,
861 2927 1076 2985 edicere
1108 2944 1211 2984 non
1238 2938 1495 2985 moretur.

219 3017 376 3071 Arius
398 3018 527 3071 dixit
550 3034 570 3072 :
592 3018 857 3087 Simplicis
884 3035 945 3074 ac
966 3021 1307 3075 immutabilis
1330 3032 1532 3078 natura:
1565 3024 1731 3080 Deum

132 3121 295 3173 esse,
331 3122 432 3161 non
455 3123 576 3162 reor
603 3110 947 3167 Athanasium
976 3110 1240 3181 ignorare.
1270 3111 1369 3181 Qui
1404 3113 1471 3180 si,
1504 3122 1561 3169 ut
1589 3114 1730 3171 idem

143 3198 399 3262 asseruit,
426 3198 494 3254 de
538 3212 633 3253 sua
665 3200 961 3256 sub5tantia
992 3173 1285 3272 generavit,
1310 3205 1575 3259 mutabilis
1606 3221 1729 3283 pro-
1757 3173 1803 3237 Ο

141 3288 401 3343 culdubio
437 3289 556 3344 erit.
602 3288 830 3347 Necesse
870 3302 954 3347 est
994 3294 1160 3358 enim,
1184 3308 1249 3347 ex
1280 3309 1399 3349 sese
1428 3295 1566 3365 quod
1614 3297 1729 3364 ipse

130 3388 231 3434 eest
275 3381 599 3449 generando,
624 3394 714 3437 aut
756 3393 969 3452 partem
1013 3386 1326 3439 substantia:
1366 3400 1463 3455 per
1518 3385 1730 3440 deriva-

142 3471 313 3524 tionis
338 3475 733 3540 generationem
767 3474 1088 3543 perdidisse,
1109 3485 1199 3528 aut
1227 3475 1503 3530 divisionis
1546 3477 1729 3530 vitium

130 3565 354 3631 perpeti
404 3564 660 3632 potuisse.
719 3567 827 3634 Ego
854 3566 997 3621 enim
1030 3566 1121 3621 Dei
1151 3567 1324 3621 Patris
1350 3568 1729 3635 substantiam,

138 3666 325 3721 neque
368 3668 434 3707 es
479 3668 599 3709 sese
635 3655 837 3726 aliquid
880 3657 1131 3722 edidisse,
1178 3672 1347 3727 neque
1402 3658 1453 3711 in
1504 3660 1730 3728 partium

140 3742 433 3810 qualitates
482 3744 771 3800 derivatam
828 3745 1011 3813 fuisse,
1059 3762 1231 3817 neque
1281 3749 1600 3804 accessionis
1639 3762 1733 3808 aut

151 3834 543 3901 detractionis,
586 3838 667 3892 vel
713 3838 910 3907 aliquid
957 3839 1292 3906 huiusmodi,
1322 3840 1460 3908 quod
1509 3842 1576 3895 sit
1607 3856 1729 3911 pas-

138 3928 286 3981 sioni
319 3928 608 3984 obnoxium
636 3932 870 3987 sensisse
894 3974 909 3998 ,
952 3932 1037 3986 vel
1084 3932 1283 3986 sentire
1331 3932 1564 4002 potuisse
1598 3947 1729 3988 con-

138 4016 334 4071 fiteor.

214 4107 530 4160 Athanasius
577 4108 882 4163 dixit:Sed
937 4124 1109 4179 neque
1166 4125 1263 4164 nos
1313 4111 1397 4165 his
1428 4112 1733 4179 passionum

120 4197 548 4252 conditionibus
576 4198 807 4252 divinam
835 4200 1103 4255 credimus
1151 4199 1429 4269 subiacere
1458 4211 1730 4268 naturam;

132 4292 245 4347 sed
276 4290 327 4344 in
361 4290 440 4345 his
474 4292 851 4360 impassibilem
884 4292 1120 4357 Patrem,
1152 4292 1551 4362 impassibiliter
1577 4309 1642 4348 ex
1671 4309 1732 4350 se

132 4385 290 4454 ipso,
309 4381 360 4435 id
376 4382 533 4437 estde
551 4398 614 4438 eo
631 4384 771 4452 quod
790 4383 903 4452 ipse
919 4391 1022 4449 est,
1042 4383 1230 4438 Filium
1252 4384 1501 4454 genuisse
1514 4385 1738 4441 fideliter

132 4470 493 4527 confitemur.
526 4471 634 4526 Nec
664 4487 760 4527 nos
787 4472 1106 4527 divisionum
1140 4474 1223 4527 vel
1255 4473 1639 4529 derivationum
1669 4490 1733 4530 ac

135 4562 401 4634 partium,
423 4572 841 4632 cunctarumque
892 4578 1072 4618 rerum
1108 4563 1371 4633 passionis
1394 4578 1590 4633 genera
1616 4580 1735 4634 quae

136 4652 298 4706 inani
329 4653 697 4707 sollicitudinis
743 4653 934 4708 timore
973 4663 1123 4709 actus
1173 4655 1410 4725 objicere
1436 4655 1670 4720 voluisti,
1700 4670 1731 4711 a

134 4740 502 4810 professionis
552 4742 776 4796 veritate
830 4742 1156 4809 deflectunt;
1186 4753 1244 4797 ut
1291 4758 1542 4812 negemus
1567 4743 1732 4799 Deum

134 4846 204 4886 ex
242 4833 428 4902 seipso
455 4833 524 4886 ob
553 4832 652 4887 hoc
682 4848 937 4902 generare
968 4850 1074 4888 non
1106 4836 1361 4903 potuisse,
1397 4851 1464 4890 ne
1494 4835 1734 4891 videatur

136 4923 226 4977 his
274 4922 623 4991 passionibus
674 4922 972 4992 sulijacerc.
1025 4923 1159 4990 Quid
1199 4924 1357 4993 igitur
1401 4925 1727 4994 religiosius,

133 5013 343 5080 quidve
375 5015 610 5067 sanctius
660 5027 723 5067 ac
772 5012 1040 5066 Divinitati
1074 5014 1454 5083 congruentius
1482 5015 1731 5085 (obsecio

134 5118 257 5169 vos,
285 5116 320 5155 ο
364 5100 683 5172 auditores.)
720 5101 905 5170 juilicii
936 5117 1086 5171 aequa
1138 5105 1289 5157 lance
1344 5113 1583 5172 pensate.
1614 5105 1733 5159 Eri-

136 5193 250 5261 gite
304 5192 502 5247 mentis
549 5191 767 5259 oculos,
808 5201 861 5245 et
908 5193 1197 5247 terriﬁcum
1256 5193 1418 5247 futuri
1470 5196 1763 5261 examinis

135 5287 287 5341 diem
341 5294 660 5365 metuentes,
704 5284 828 5353 quid
860 5286 1025 5355 magis
1072 5286 1353 5340 catholicm
1402 5294 1563 5354 atque
1593 5301 1724 5355 apo-

132 5376 348 5430 stolica:
378 5385 633 5444 congruat
662 5376 893 5441 veritati,
919 5376 1169 5444 religiosa
1202 5374 1398 5430 mentis
1432 5376 1729 5432 intentione

140 5464 310 5537 149
341 5466 653 5533 perspicitc;
688 5475 862 5520 utrum
912 5465 1061 5521 fateri
1110 5466 1525 5535 omnipotentem
1566 5466 1730 5527 Deum

122 5555 549 5626 impassibiliter
591 5570 656 5610 ex
695 5558 869 5625 seipso
914 5555 1111 5611 Filium
1161 5569 1469 5624 generasse,
1502 5570 1570 5609 an
1602 5556 1730 5610 illud

136 5649 322 5715 potius
335 5647 564 5714 opinari,
589 5662 654 5701 ne
667 5648 927 5716 passionis
943 5650 1072 5705 vitio
1097 5648 1420 5719 subjaceret,
1444 5662 1507 5703 ex
1525 5648 1724 5719 seipso,

437 5739 698 5797 ParnoL.
751 5739 935 5799 LXII.

1838 1932 2004 1988 tentia
2041 1932 2295 2003 denegari
2336 1949 2442 1989 non
2490 1944 2685 2004 potest,
2708 1936 2916 1991 idcirco
2941 1951 3003 1992 ea
3032 1953 3164 1993 eum
3206 1941 3414 2008 perpeti

1839 2038 1945 2080 non
1966 2037 2127 2092 posse
2152 2024 2422 2080 fatendum
2452 2035 2553 2093 est,
2577 2040 2695 2095 quae
2715 2027 2935 2081 omnino
2958 2027 3261 2095 incorrupta
3291 2028 3412 2097 ejus

1836 2115 2133 2172 divinitatis
2162 2117 2457 2172 substantia
2485 2132 2589 2172 non
2620 2119 2829 2187 recipit.
2864 2117 3026 2174 Unde
3068 2118 3225 2174 valde
3252 2119 3411 2174 inho-

1838 2214 2048 2261 nestum
2076 2214 2130 2261 et
2155 2207 2287 2261 satis
2328 2206 2601 2275 impietate
2642 2206 2857 2275 plenum
2895 2206 3184 2273 videbitur,
3216 2216 3273 2262 ut
3313 2221 3411 2276 per

1838 2298 1996 2352 unius
2023 2296 2416 2366 professionem
2456 2297 2789 2361 substantias,
2824 2312 2924 2353 nec
2948 2297 3164 2353 Patrem
3198 2298 3412 2368 preprie

1840 2388 2154 2453 subsistere,
2187 2401 2285 2442 nec
2308 2388 2507 2442 Filium
2538 2389 2591 2442 in
2619 2401 2713 2442 sua
2744 2389 3069 2457 proprietate
3114 2398 3258 2445 stare
3295 2405 3411 2445 cre-

1841 2476 2049 2531 damus.
2076 2476 2202 2531 llluc
2234 2477 2374 2531 enim
2403 2477 2642 2546 perfidia:
2665 2477 2780 2547 ejus
2810 2478 2982 2546 pergit
3010 2478 3254 2543 intentio,
3285 2494 3410 2548 per-

1841 2565 2045 2632 mistis,
2078 2576 2132 2621 et
2161 2567 2213 2636 i_n
2251 2568 2409 2621 unius
2440 2566 2514 2621 rei
2557 2566 2925 2636 coagulatione
2950 2582 3017 2622 ex
3057 2568 3283 2623 diversis
3302 2570 3412 2624 col-

1840 2659 1991 2713 lectis
2012 2632 2193 2726 atque‘
2209 2658 2443 2712 confusis
2469 2658 2642 2712 ratiis
2661 2632 2721 2711 ζει
2752 2656 2869 2713 Filii
2897 2659 3163 2727 personis,
3205 2658 3258 2713 in
3289 2673 3409 2726 sua,

1839 2759 1897 2803 ut
1923 2749 2052 2813 disi,
2081 2748 2424 2817 proprietatis
2460 2749 2831 2818 singularitate
2860 2749 3081 2803 minime
3106 2749 3411 2805 subsistere

1836 2839 2067 2893 valeant.
2099 2838 2228 2892 Illud
2249 2839 2408 2892 etiam
2440 2839 2598 2893 nimis
2625 2837 2973 2903 horrendum,
2997 2847 3051 2894 et
3076 2839 3259 2909 procul
3287 2854 3317 2893 a
3345 2841 3411 2894 li-

1836 2927 2030 2983 delium
2062 2929 2331 2983 mentibus
2362 2928 2769 2995 removendum,
2810 2928 2864 2983 in
2913 2929 3013 2984 hac
3061 2940 3166 2985 tua:
3206 2929 3411 2999 profes-

1835 3020 2003 3075 sionis
2034 3020 2251 3088 perﬁdia
2287 3021 2611 3086 continetur,
2660 3020 3024 3075 inviolabilem
3066 3020 3300 3085 Patrem,
3339 3024 3408 3077 dc

1835 3126 1929 3169 sua
1950 3112 2244 3169 substantia
2284 3114 2592 3183 generando
2630 3112 2992 3183 corruptionis
3029 3126 3093 3169 ac
3118 3112 3402 3169 divisionis

1836 3205 2023 3261 vitium
2046 3206 2322 3261 declinare
2351 3206 2572 3261 minime
2595 3205 2859 3275 potuisse.

1906 3296 2217 3349 Athanasius
2240 3296 2370 3350 dixit
2394 3311 2412 3348 :
2442 3290 2679 3351 Veritate
2700 3294 3298 3364 divinaegeneratiouic,
3323 3312 3412 3351 vc-

1832 3387 1911 3441 lut
1936 3384 2088 3440 nodis
2131 3384 2505 3439 insolubilibus
2532 3384 2732 3439 arctius
2760 3384 3047 3454 obligatus,
3087 3400 3179 3454 per
3221 3389 3404 3441 nescio

1835 3494 1954 3551 quae
1980 3478 2223 3533 nefandae
2260 3477 2569 3532 intentionis
2616 3477 2912 3541 molimina,
2942 3479 3136 3545 quibus
3174 3478 3409 3534 divinam

1834 3578 2038 3625 certum
2056 3579 2145 3623 εει
2166 3580 2351 3622 carere
2381 3572 2645 3631 naturam,
2668 3565 2926 3621 evadendi
2950 3565 3234 3636 suiiugium
3261 3583 3409 3635 qua:-

1835 3661 2024 3725 ritans,
2058 3657 2457 3727 corruptionem
2490 3657 2817 3725 incorrupto,
2863 3658 3168 3725 passionem
3200 3658 3424 3733 impas-i

1832 3748 1993 3815 sibili,
2027 3749 2389 3819 impotentiam
2422 3746 2613 3817 objicis
2642 3748 3002 3817 omnipotenti
3038 3765 3051 3800 :
3078 3757 3131 3803 et
3162 3749 3261 3803 hoc
3289 3763 3409 3804 cre-

1834 3840 1933 3895 bro
1974 3854 2038 3895 ac
2082 3839 2276 3908 saepius
2322 3848 2572 3907 repetens
2614 3836 2757 3891 nulla
2798 3846 2849 3892 te
2868 3836 3069 3892 divinae
3110 3837 3406 3905 majestatis

1832 3930 2128 3986 reverentia
2156 3943 2184 3983 a
2208 3939 2314 3983 tam
2348 3928 2588 3983 nefandis
2605 3928 2999 3997 objectionibus
3032 3929 3189 3997 150
3215 3942 3404 3983 arcere

1814 4024 2111 4091 -(quantum
2134 4020 2311 4089 video)
2326 4008 2501 4088 potest
2522 4020 2648 4082 ;scd
2670 4020 2786 4071 sine
2812 4018 2921 4071 ullo
2949 4018 3165 4084 pudoris
3189 4018 3404 4084 intuitu,

1835 4111 1886 4165 in
1916 4109 2165 4178 injuriam
2186 4107 2503 4163 venerandae
2519 4106 2646 4160 Filii
2675 4107 2970 4161 natiiitatis
3005 4105 3192 4159 obvius
3216 4116 3409 4175 prope-

1834 4212 1954 4254 rare
1976 4196 2270 4252 contendis.
2293 4196 2399 4251 Sed
2420 4204 2471 4251 te
2490 4195 2799 4251 effrenatius
2821 4199 3160 4264 evagantem,
3183 4206 3237 4251 et
3261 4195 3411 4251 velut

1834 4287 2023 4343 undosi
2047 4288 2275 4358 :equoris
2292 4286 2521 4358 gurgite,
2547 4286 2773 4341 naturali
2794 4286 3021 4357 quadam
3045 4287 3257 4344 licentia
3287 4288 3411 4344 ﬁui-

1836 4387 2058 4441 tantem,
2106 4377 2299 4432 divinae
2333 4377 2668 4432 auctoritatis
2716 4376 3017 4432 testimonia
3057 4379 3403 4444 co’ercebunt,

1840 4468 2038 4523 etintra
2065 4476 2237 4523 certos
2261 4468 2454 4523 divina:
2475 4466 2818 4537 professionis
2842 4467 3037 4523 limites
3052 4479 3402 4539 coarctatum,

1840 4559 2087 4631 legalium
2114 4559 2547 4614 constitutionum
2574 4570 2743 4614 metas
2763 4560 2941 4630 egredi
2974 4576 3076 4615 non
3097 4560 3295 4616 sinent.
3323 4561 3407 4615 ln-

1838 4650 2012 4705 culcat
2050 4648 2209 4720 igitur
2239 4650 2488 4703 humanis
2516 4650 2786 4715 sensibus,
2813 4665 2968 4705 sacro
3001 4651 3091 4706 illo
3118 4651 3403 4721 professio-

1841 4742 1923 4796 nis
1966 4754 2075 4795 suaa
2104 4739 2322 4794 oraculo
2368 4738 2548 4793 divina
2582 4740 2853 4809 majestas,
2882 4756 2987 4810 quo
3024 4756 3085 4797 se
3119 4741 3307 4797 Filium
3339 4744 3409 4798 de

1839 4832 2063 4887 occultis
2092 4830 2403 4886 substantia:
2423 4846 2535 4886 suae
2561 4834 2771 4888 arcanis
2793 4833 3132 4889 ineffabiliter
3159 4836 3408 4905 genuisse

1842 4931 2065 4978 testatur
2089 4935 2139 4978 et
2180 4924 2347 4978 dicit:
2399 4921 2482 4977 Ex
2510 4933 2653 4979 utero
2698 4936 2814 4979 ante
2849 4926 3145 4995 Luciferum
3172 4929 3322 4998 genui
3361 4938 3408 4980 te

1840 5015 2009 5085 (Psal.
2040 5030 2146 5076 cur,
2167 5015 2242 5085 5).
2277 5014 2450 5070 Unum
2483 5027 2564 5072 est
2600 5033 2726 5087 ergo
2755 5018 2806 5073 in
2837 5019 2935 5073 hac
2973 5019 3169 5074 divinae
3197 5019 3405 5089 profes-

1839 5105 2006 5160 sionis
2052 5106 2439 5161 contestatione
2486 5108 2844 5163 retinendum.
2898 5111 3000 5165 Aut
3024 5110 3165 5165 enim
3198 5110 3266 5165 de
3314 5124 3408 5163 sua

1836 5197 2089 5252 ineffabili
2118 5198 2412 5251 substantia
2443 5197 2636 5255 Filium
2679 5200 3161 5270 incorruptibiliter
3197 5202 3407 5269 genuit,

1836 5299 1928 5342 aut
1974 5304 2041 5343 ne
2070 5298 2511 5359 corrumperetur
2540 5292 2759 5348 omnino
2785 5306 2890 5345 non
2933 5295 3136 5361 genuit.
3174 5290 3279 5345 Sed
3309 5304 3408 5356 ego

1839 5379 1974 5434 hanc
2004 5380 2225 5449 integrat
2254 5379 2375 5435 ﬁdei
2410 5391 2616 5449 partem
2641 5380 2801 5451 eligo,
2826 5396 2945 5449 qua:
2963 5382 3265 5449 religiosius
3281 5395 3409 5434 cou-

1792 5484 1803 5491 '
1839 5470 2051 5524 testanti
2081 5470 2147 5525 de
2176 5484 2234 5525 se
2265 5470 2374 5525 Dco
2406 5470 2596 5525 suadet
2626 5469 2988 5524 famulandum
3017 5485 3032 5522 :
3066 5483 3165 5522 nec
3194 5482 3280 5523 me
3304 5470 3409 5523 ufla

1838 5558 2080 5615 humana:
2110 5559 2371 5630 passionis
2401 5559 2700 5623 obstacula,
2733 5573 2798 5613 ex
2823 5557 3161 5611 inﬁdelitatis
3187 5560 3411 5617 sacrile-

1832 5650 1921 5717 gio
1943 5649 2317 5707 descendentia
2341 5652 2606 5719 ullatenus
2632 5655 2878 5718 poterunt
2909 5652 3184 5715 revocare,
3212 5660 3270 5705 ut
3297 5666 3403 5708 me«

3097 5740 3135 5797 7
