3938 6376
495 402 600 458 9.03

1810 401 2033 458 VICILII
2075 402 2447 459 TAPSENSIS

3664 404 3779 462 ξω

497 522 601 576 rito
631 533 736 573 non
784 518 997 572 credam
1039 517 1206 571 Deum
1256 530 1511 586 generare
1566 517 1821 585 potuisse,
1871 531 1938 570 ne
1973 518 2072 571 hu-
2107 521 2157 579 Α
2187 527 2438 570 utrumne
2480 530 2599 584 ego,
2648 518 2736 585 qui
2780 516 2848 571 ob
2872 517 2971 571 hoc
3026 518 3182 571 unius
3226 517 3540 572 substantiae
3574 518 3777 575 Filium

501 624 673 667 mana:
710 608 1111 663 consuetudinis
1142 620 1290 663 more
1310 607 1636 674 corruptioni
1673 608 1907 675 pomerit
1944 608 2073 659 sub-

499 700 706 763 iacere;
746 715 868 754 cum
904 698 1005 753 hoc
1035 698 1161 752 mihi
1202 699 1330 751 sat's
1357 710 1606 751 essenon
1636 696 1872 751 dubitem
1912 696 2071 767 proﬁ-

521 792 741 856 endum,
766 790 835 847 de
862 790 961 847 .Dei
992 788 1283 844 substantia
1315 797 1497 841 natum
1520 801 1641 842 esse
1670 802 1828 856 quem
1862 802 1891 843 c
1914 796 2073 841 instat

512 884 568 939 ie
600 883 770 937 Patris
800 892 951 937 utero
979 881 1328 950 processisse.

575 973 705 1029 VIII.
732 975 882 1027 Arius
919 973 1047 1026 dixit
1088 987 1106 1025 :
1136 972 1401 1039 Quantum
1437 980 1538 1023 tuae
1572 970 1963 1039 prosecutionis
1994 972 2071 1024 in-

500 1065 666 1120 tentio
713 1071 990 1129 monstrat,
1038 1061 1395 1131 compositum
1441 1060 1597 1115 nobis
1640 1070 1694 1115 et
1740 1060 2070 1130 corruptioni

498 1155 785 1209 obnoxium
839 1153 920 1207 vis
969 1153 1310 1207 introducere
1361 1152 1551 1218 Deum,
1594 1152 1683 1221 qui
1714 1152 1873 1207 etiam
1921 1153 1972 1206 in
2005 1168 2071 1207 eo

497 1244 841 1314 corporalem
862 1242 998 1297 uteri
1022 1240 1437 1312 appellationem
1465 1241 1709 1309 accipere
1729 1255 1832 1295 non
1856 1241 2067 1296 metuis.

495 1336 724 1393 Necesse
747 1351 874 1405 ergo
897 1337 999 1389 erit
1021 1345 1080 1389 ut
1122 1343 1211 1387 aut
1241 1333 1496 1389 membris
1516 1334 1842 1402 compositus
1881 1334 1974 1399 sit,
2026 1334 2069 1387 si

494 1436 702 1481 uterum
727 1426 920 1490 habet;
953 1435 1041 1479 aut
1069 1424 1400 1493 corruptioni
1434 1426 1515 1495 (ut
1545 1424 1682 1494 dixi)
1710 1423 1993 1487 obnoxius,
2025 1427 2067 1479 si

494 1519 561 1573 de
588 1518 885 1573 substantia
912 1530 1007 1571 sua
1031 1516 1324 1587 generavit.

566 1610 881 1663 Athanasius
904 1608 1076 1663 dixit:
1110 1610 1274 1663 Recte
1319 1623 1403 1665 me
1434 1609 1485 1664 id
1529 1611 1764 1665 sensisse
1794 1625 2064 1681 argueres,

492 1700 541 1755 si
560 1715 661 1770 ego
681 1700 849 1755 Deum
875 1708 1083 1754 uterum
1115 1698 1334 1765 habere,
1355 1701 1565 1769 propria
1590 1700 1904 1755 temeritatis
1933 1715 2067 1770 pra:-

493 1794 824 1861 sumptione,
863 1793 983 1847 sine
1012 1792 1121 1847 ullo
1166 1792 1365 1847 divinae
1396 1794 1529 1863 legis
1577 1795 1885 1849 testimonio
1922 1793 2062 1847 affir-

2175 622 2295 662 cum
2326 607 2483 662 Patre
2512 622 2631 662 esse
2672 610 2950 677 proliteor,
2981 608 3122 677 quod
3151 609 3400 664 videlicet
3434 624 3502 665 ex
3536 610 3685 679 ipso,
3718 622 3777 666 et

2175 713 2282 752 non
2306 697 2519 752 aliunde
2544 697 2876 767 dignoscitur
2903 706 3093 752 natus:
3127 707 3182 753 et
3200 699 3269 753 ob
3298 699 3399 754 hoc
3433 714 3651 753 rursum
3686 700 3775 753 in-

2171 786 2592 857 corruptibiliter
2606 790 2852 857 genuisse
2874 790 3149 859 proﬁteor,
3170 790 3291 858 quia
3311 790 3775 845 excellentissima

2172 877 2368 932 divinae
2398 878 2691 946 maiestatis
2710 877 3004 933 substantia
3032 893 3126 947 per
3147 878 3228 933 sui
3253 878 3578 934 ineffabilem
3609 880 3777 950 152

2176 967 2466 1035 potentiam
2498 967 2831 1036 corruptioni
2863 967 3143 1036 subjacere
3180 983 3287 1022 non
3324 977 3519 1036 potest.
3548 970 3638 1024 An
3670 971 3778 1024 iste

2172 1057 2342 1124 quiin
2373 1064 2520 1111 tanto
2562 1057 2810 1125 ancipitis
2851 1058 3227 1126 intelligentia:
3257 1058 3577 1114 discrimine
3626 1062 3777 1129 posi-

2173 1156 2259 1204 tus
2282 1157 2385 1214 est,
2421 1157 2479 1203 ut
2498 1164 2605 1219 quo
2629 1150 2750 1205 fidei
2779 1165 2890 1205 sure
2916 1150 3103 1220 pedem
3128 1160 3293 1220 ponat
3315 1152 3541 1207 nesciat.
3559 1151 3777 1207 Nolens

2172 1239 2315 1294 enim
2346 1238 2593 1295 conﬁteri
2622 1240 2789 1296 Deum
2821 1240 2890 1295 de
2923 1256 3019 1295 sua
3047 1242 3342 1296 substantia
3377 1243 3776 1314 incorruptibi-

2173 1330 2297 1386 liter
2321 1331 2595 1400 genuisse,
2646 1332 2698 1386 in
2731 1344 2849 1387 eam
2877 1332 3233 1388 confessionis
3265 1336 3652 1389 necessitatem
3695 1347 3775 1388 at-

2172 1423 2422 1489 trahitur,
2456 1431 2513 1477 ut
2543 1433 2697 1491 neget
2729 1423 3052 1478 omnimodis
3085 1425 3360 1493 genuisse.
3386 1425 3497 1480 Sed
3531 1428 3643 1481 hoc
3691 1429 3776 1494 ip-

2170 1531 2290 1571 sum
2321 1530 2537 1587 negare,
2564 1516 2907 1571 obviantibus
2938 1516 3174 1586 undique
3214 1528 3266 1571 et
3310 1518 3453 1572 clara
3497 1520 3775 1574 vocifera-

2175 1606 2318 1661 tione
2342 1605 2793 1673 exclamantibus,
2849 1606 2961 1661 sive
3013 1607 3357 1675 propheticis,
3390 1609 3503 1663 sive
3546 1620 3775 1679 θροειυ

2174 1697 2291 1753 licis
2318 1697 2543 1752 vocibus
2570 1712 2842 1767 nunquam
2872 1699 2990 1753 sine
3012 1698 3173 1752 dubio
3198 1701 3413 1768 poterit.

2241 1786 2309 1841 Χ.
2350 1786 2547 1841 Probus
2575 1787 2743 1857 judex
2783 1790 2909 1841 dixit
2951 1804 2967 1841 :
3004 1788 3271 1858 Quidquid
3300 1789 3353 1843 in
3387 1789 3486 1843 hac
3515 1804 3774 1858 prosecu-

486 1899 750 1940 lmas-em.
788 1887 857 1939 At
892 1899 1011 1939 cum
1044 1886 1159 1954 ipse
1195 1884 1336 1939 Deus
1365 1885 1429 1939 ad
1461 1885 1805 1941 refellendam
1846 1886 2065 1941 credere
2098 1888 2141 1947 Β
2172 1877 2371 1932 tionum
2413 1888 2713 1933 vestrarum
2743 1880 3040 1935 assertione
3077 1896 3405 1951 cognoscere
3434 1882 3610 1950 potui,
3645 1884 3771 1936 ulti-

490 1975 791 2030 nolentium
846 1975 1131 2043 insaniam,
1179 1975 1282 2031 hoc
1311 1977 1377 2031 de
1408 1977 1586 2047 seipso
1619 1978 1964 2047 pronuntiare
1994 1977 2073 2032 di-

496 2078 691 2138 gnatus
713 2077 815 2134 est,
846 2083 954 2139 quo
979 2068 1280 2124 evidentius
1302 2084 1398 2138 per
1424 2071 1559 2124 uteri
1592 2070 2068 2139 nuncupationem,

498 2176 606 2218 non
628 2162 986 2227 etttrinsecus,
1022 2177 1128 2215 non
1169 2162 1413 2228 aliunde;
1451 2163 1543 2217 sed
1570 2161 1638 2216 de
1668 2162 1867 2231 seipso,
1903 2162 1952 2216 id
1993 2173 2074 2216 est

498 2256 566 2310 de
587 2268 681 2309 sua
700 2254 991 2310 substantia
1012 2253 1215 2309 Filium
1237 2268 1525 2323 generasse
1546 2254 1791 2319 doceret;
1832 2270 1927 2309 cur
1946 2255 2073 2308 mihi

486 2347 710 2401 vitiosa:
738 2346 1093 2402 credulitatis
1137 2354 1291 2399 notas
1332 2345 1529 2415 infigis,
1582 2362 1702 2401 cum
1752 2348 1851 2400 hoc
1901 2348 2074 2415 potius

500 2440 612 2495 Deo
649 2438 828 2494 dicere
873 2439 1083 2508 possis:
1118 2438 1174 2493 Si
1207 2438 1373 2493 habes
1404 2449 1639 2504 uterum,
1677 2438 1827 2509 151
1856 2453 2075 2507 compo-

496 2529 634 2585 situs
676 2531 802 2586 eris.
838 2529 893 2586 Si
925 2530 992 2584 de
1025 2539 1075 2585 te
1104 2530 1222 2599 ipso
1252 2529 1505 2600 genuisti,
1537 2531 1867 2598 corruptioni
1900 2531 2071 2583 obno-

496 2625 615 2678 xius
647 2624 774 2679 eris.
809 2623 941 2678 Nam
986 2621 1058 2677 ita
1102 2623 1155 2677 in
1193 2623 1305 2678 Deo
1338 2633 1521 2677 uterus
1556 2623 1671 2677 sine
1701 2623 1877 2688 aliqua
1908 2638 2075 2677 mem-

496 2715 712 2769 brorum
736 2714 1127 2783 compositione
1144 2713 1426 2782 accipitur,
1458 2713 1592 2767 sicut
1646 2713 1786 2767 oculi
1819 2722 1869 2767 et
1891 2728 2071 2777 aures,

494 2814 550 2859 et
571 2818 758 2859 manus
775 2812 830 2857 et
858 2803 1038 2873 pedes,
1058 2803 1175 2859 sine
1203 2804 1328 2859 ullis
1354 2803 1755 2859 distinctionum
1783 2804 2076 2858 lineamen-

502 2896 571 2951 tis
598 2895 775 2973 iuesse
796 2895 1121 2950 referuntur.
1174 2895 1326 2952 Sicut
1354 2911 1481 2965 ergo
1512 2897 1715 2962 oculos,
1746 2897 1867 2965 quia
1897 2896 2074 2949 omnia

497 2988 663 3055 videt,
714 3002 871 3043 aures
913 2988 1035 3058 quia
1075 2987 1255 3042 omnia
1299 2987 1466 3053 audit,
1501 3002 1690 3041 manus
1720 2988 1841 3057 quia
1884 2998 2074 3042 cuncta

489 3075 771 3150 operatur,
805 3078 968 3149 pedes
993 3079 1117 3147 quia
1147 3078 1344 3148 ubique
1365 3086 1481 3142 est;
1510 3080 1581 3134 ita
1615 3080 1981 3150 uterum,qttia
2008 3080 2075 3135 de

497 3171 677 3239 seipse
699 3169 1037 3225 inetiabiliter
1059 3168 1263 3239 genuit,
1286 3169 1531 3240 accipere
1560 3170 1745 3225 debes.

2178 1985 2263 2024 ma
2290 1971 2550 2025 examinis
2579 1970 2749 2024 nostri
2778 1972 3044 2027 sententia
3070 1973 3347 2028 retinebit.
3378 1974 3533 2029 Nunc
3560 1990 3703 2029 vero
3734 1976 3774 2029 εἰ

2176 2078 2279 2133 qua
2309 2063 2464 2117 vobis
2504 2062 2680 2118 adhuc
2717 2064 2783 2118 de
2819 2064 3012 2119 divinis
3061 2064 3360 2135 Scripturis
3402 2066 3527 2120 fidei
3572 2076 3774 2121 vestrm

2180 2156 2533 2223 congruentia
2580 2170 2862 2225 superesse
2893 2156 3109 2224 putatis,
3153 2156 3391 2225 proferre
3431 2156 3768 2226 dignamini,

2177 2261 2285 2316 quo
2318 2246 2577 2301 facillime
2606 2262 2868 2315 queamus
2906 2262 3159 2317 processu
3196 2248 3597 2317 disputationis,
3648 2250 3773 2319 quid

2178 2338 2291 2392 veri
2315 2339 2451 2391 ratio
2475 2339 2745 2391 contineat
2773 2339 3046 2407 indagare.

2248 2431 2402 2483 Arius
2432 2431 2593 2483 dixit:
2616 2429 2767 2495 Quod
2800 2437 2903 2483 tam
2932 2428 3185 2484 brevibus
3205 2438 3257 2484 et
3279 2431 3486 2500 exiguis
3512 2430 3771 2501 quaestio-

2178 2525 2332 2580 nibus
2357 2524 2503 2578 omni
2552 2524 2639 2577 illa
2668 2523 3040 2592 disputationis
3087 2539 3221 2577 meae
3270 2526 3589 2578 narratione
3632 2539 3765 2579 usus

2177 2634 2317 2684 sum,
2341 2618 2629 2673 Christiani
2657 2619 2873 2688 pudoris
2895 2633 2955 2673 ac
2983 2618 3316 2673 verecundiae
3347 2617 3465 2684 fuit,
3498 2629 3559 2671 ut
3586 2618 3769 2686 dispw

2179 2710 2393 2763 tationis
2440 2718 2635 2763 nostra:
2674 2717 2873 2763 trames
2930 2709 3133 2763 levibus
3181 2707 3525 2762 inchoaretur
3578 2708 3765 2761 initiis.

2176 2803 2281 2857 Sed
2312 2801 2435 2871 quia
2469 2800 2623 2854 viduo
2669 2800 3018 2854 Athanasium
3066 2800 3363 2868 perspicua:
3393 2800 3644 2854 veritatis
3691 2815 3767 2853 ro.

2178 2893 2541 2947 bustissimam
2566 2892 2869 2947 firmitatem
2900 2891 3216 2961 quibusdam
3249 2892 3597 2945 arietantium
3621 2907 3765 2961 quae-

2179 2984 2412 3036 stionum
2446 2981 2861 3051 inrpnlsionibus
2883 2991 3127 3051 quatere,
3174 2985 3354 3035 acrius
3384 2991 3577 3035 contra
3619 2996 3762 3045 eum,

2178 3086 2227 3128 et
2268 3073 2495 3127 validius
2524 3075 2715 3140 Opinor
2753 3072 3132 3127 dimicandum.
3192 3070 3329 3126 Dicit
3386 3088 3518 3143 ergo
3549 3071 3763 3127 Patrem

2177 3172 2231 3219 et
2255 3164 2446 3219 Filium
2475 3165 2628 3218 unius
2661 3179 2781 3219 esse
2810 3163 3143 3231 substantiae,
3190 3164 3283 3217 sed
3312 3163 3401 3217 illa
3436 3164 3763 3218 intemerata

534 3312 535 3315 η
572 3257 664 3317 IX.
690 3262 800 3317 Nec
849 3271 899 3315 te
926 3270 1143 3330 oportet
1189 3260 1477 3319 infideliter
1520 3262 1752 3331 opinari,
1785 3262 1907 3332 quia
1939 3264 1979 3316 si
2009 3263 2075 3318 de
2106 3254 2151 3318 C
2187 3254 2578 3323 ineil‘abilisque
2600 3256 2852 3323 eSsentia,
2877 3270 2996 3324 qum
3014 3254 3171 3308 Pater
3200 3263 3304 3319 est,
3329 3268 3427 3308 nec
3459 3255 3766 3308 redundans

498 3369 555 3409 se
586 3355 702 3424 ipso
722 3352 921 3423 genuit,
957 3353 1226 3423 corrumpi
1256 3352 1437 3422 utique
1466 3355 1668 3423 potuit;
1696 3368 1851 3423 quem
1885 3363 1940 3408 ut
1962 3369 2073 3408 om-

499 3446 828 3515 nipotentem
871 3454 926 3499 et
964 3443 1443 3514 incorruptibiliter
1491 3459 1752 3514 generare
1812 3446 2073 3513 potuerit,

498 3550 600 3592 nec
624 3536 722 3591 hac
749 3536 859 3606 ipsa
884 3536 1232 3605 generatione
1255 3536 1522 3606 corrumpi
1557 3536 1814 3605 potuerit,
1846 3536 2075 3591 fideliter

496 3629 747 3683 convenit
793 3628 1054 3696 proliteri.
1106 3626 1238 3681 Nam
1275 3627 1320 3681 si
1369 3627 1687 3682 mirabiliter
1738 3642 1804 3682 ex
1853 3627 2076 3698 Virgine

499 3730 685 3773 contra
756 3734 933 3772 rerum
1015 3728 1259 3773 naturam
1312 3719 1788 3788 incorruptibiliter
1840 3720 2077 3774 creditur

501 3819 681 3876 natus,
711 3796 913 3877 quanto
960 3809 1126 3887 magis
1157 3824 1224 3862 ex
1262 3808 1416 3863 Patre
1440 3809 1740 3864 credendus
1782 3819 1863 3865 est
1900 3811 2077 3866 incor-

501 3900 825 3971 ruptibiliter
873 3900 1121 3969 genitus?
1169 3900 1223 3956 Si
1278 3902 1419 3954 enim
1468 3902 1837 3956 substantialis
1886 3912 2075 3957 natura

499 3993 753 4063 Virginis,
794 4007 914 4062 qua:
962 4007 1024 4046 ex
1067 3991 1181 4061 ipsa
1230 3992 1413 4062 utique
1450 3991 1817 4060 corruptibilis
1871 4002 2077 4046 natura

500 4086 834 4151 conditione,
867 4082 1102 4154 passioni
1146 4091 1199 4137 et
1222 4082 1550 4151 corruptioni
1581 4083 1750 4152 potuit
1775 4082 2073 4154 suhjacere,

499 4181 814 4233 intemerata
860 4175 1078 4245 pudoris
1110 4174 1439 4245 integritate,
1484 4182 1539 4228 et
1566 4173 1805 4229 infractis
1847 4175 2077 4244 virgina-

500 4271 639 4325 libus
676 4268 945 4335 claustris,
988 4267 1247 4321 mirabilis
1302 4266 1719 4337 incorruptionis
1770 4265 2078 4335 integritate

499 4361 665 4416 filium
697 4358 996 4428 generavit;
1042 4371 1135 4409 cur
1186 4372 1293 4409 non
1326 4358 1494 4425 magis
1527 4358 1605 4423 (ut
1635 4356 1767 4426 dixi)
1800 4358 2080 4423 incorrup-

501 4448 703 4503 tibilem
746 4448 934 4510 Deum,
967 4445 1147 4514 genito
1178 4460 1241 4498 ex
1285 4460 1342 4499 se
1386 4445 1867 4514 incorruptibiliter
1920 4444 2074 4506 Filio,

501 4538 770 4607 corrumpi
794 4552 897 4591 non
922 4536 1157 4606 potuisse
1178 4535 1496 4589 credamus?
1522 4534 1563 4588 Ο
1586 4550 1781 4589 novum
1810 4545 1970 4606 atque
1998 4536 2080 4589 in-

2179 3363 2409 3417 unquim
2435 3347 2486 3401 in
2510 3360 2568 3401 se
2598 3346 2712 3415 ipsa
2742 3347 2856 3412 fuit,
2889 3356 2947 3400 ut
2970 3347 3163 3401 merito
3189 3344 3342 3415 quasi
3372 3346 3767 3400 exuberatione

2177 3438 2425 3508 quadam,
2475 3439 2591 3493 sine
2622 3438 2819 3492 damno
2860 3439 2969 3504 sui,
3010 3438 3059 3490 in
3092 3436 3279 3492 eadem
3323 3435 3643 3491 substantia
3682 3453 3766 3507 ge-

2176 3531 2351 3586 nuerit
2390 3528 2604 3596 Filium,
2634 3545 2751 3584 cum
2780 3529 2894 3599 ejus
2924 3530 3174 3583 essentia:
3202 3544 3318 3598 quae
3350 3529 3473 3582 aliis
3517 3529 3765 3584 omnibus

2178 3620 2382 3675 inﬁnita
2424 3630 2583 3689 atque
2620 3620 2880 3674 immensa
2908 3620 2997 3685 sit,
3031 3628 3084 3673 et
3110 3619 3443 3688 incorporea,
3479 3620 3616 3673 nihil
3657 3634 3765 3674 esse

2178 3712 2346 3781 possit
2366 3712 2687 3766 exuberans.
2716 3710 2990 3779 Siquidem
3022 3710 3509 3765 determinaturum
3534 3712 3606 3765 sit
3635 3727 3762 3765 exuo

2180 3804 2393 3871 berare,
2429 3802 2567 3872 quod
2601 3812 2683 3856 est
2724 3801 2874 3869 quasi
2906 3808 3051 3853 rxtra
3092 3815 3150 3854 se
3195 3799 3378 3854 fluere.
3416 3801 3562 3855 Deus
3595 3815 3765 3854 antem

2177 3896 2266 3964 qui
2301 3896 2544 3948 universa
2590 3892 2983 3959 complectitur,
3018 3891 3256 3961 nihilque
3287 3900 3446 3946 extra
3479 3907 3541 3947 se
3585 3893 3763 3953 habet,

2179 3996 2268 4038 aut
2300 4000 2404 4054 quo
2428 3985 2672 4041 diffluere
2705 3996 2901 4053 potest,
2935 3996 3025 4041 aut
3055 3986 3290 4040 infinitus
3312 4002 3420 4055 quo
3452 3990 3657 4056 poterit
3683 4003 3763 4042 re-

2181 4075 2452 4140 dundare;
2498 4076 2621 4131 dum
2647 4076 2893 4132 difﬂuere
2926 4092 3110 4131 eorum
3150 4089 3231 4133 est
3262 4078 3349 4147 qui
3383 4080 3659 4148 accipiunt
3688 4081 3767 4133 ius

2180 4168 2492 4221 crementa?
2525 4169 2623 4233 Qui
2677 4168 2719 4221 si
2752 4168 2953 4235 accepit
2994 4168 3298 4237 aliquando,
3331 4183 3561 4223 necesse
3591 4180 3673 4223 est
3715 4178 3764 4221 ut

2182 4273 2393 4326 semper
2433 4259 2681 4328 accipiat,
2733 4267 2787 4313 et
2834 4259 3179 4313 nihilominus
3220 4258 3329 4327 pari
3378 4260 3766 4315 exuberatione

2182 4358 2457 4417 semperet
2479 4361 2718 4419 generet.
2742 4351 2834 4405 Sin
2858 4363 3038 4406 autem
3062 4352 3390 4405 incrementa
3415 4366 3527 4405 non
3546 4351 3763 4419 accepit,

2184 4440 2323 4508 quod
2360 4440 2458 4507 ipsi
2507 4443 2667 4494 etiam
2718 4441 2967 4505 fatemur,
3013 4457 3111 4496 nec
3153 4441 3287 4504 ﬂuit,
3329 4456 3433 4496 nec
3480 4442 3765 4497 redundat.

2184 4531 2334 4596 Quod
2370 4533 2471 4586 tale
2514 4548 2633 4586 cum
2667 4534 2823 4588 Patre
2871 4548 2990 4588 esse
3021 4533 3248 4599 dicatur,
3285 4548 3408 4587 cum
3446 4534 3643 4589 Filium
3679 4549 3767 4605 ge.

502 4629 719 4684 fandum
776 4639 1129 4683 monstruosa:
1158 4626 1425 4695 opinionis
1474 4626 1833 4681 damnabilem
1879 4638 2075 4682 metum
2111 4617 2302 4676 Dnuit
2348 4638 2411 4675 ex
2461 4638 2600 4689 sese,
2645 4625 2998 4678 substantiam
3041 4639 3189 4678 suam
3243 4626 3424 4694 utique
3485 4625 3670 4680 divisit
3718 4626 3767 4679 in

502 4721 657 4775 fateri
693 4720 961 4791 Virginem
1002 4728 1152 4788 partu
1186 4733 1291 4773 non
1318 4732 1475 4788 posse
1502 4720 1792 4786 corrumpi,
1819 4728 1871 4772 et
1897 4718 2080 4773 fortui-

501 4813 631 4867 dare
675 4812 863 4877 Deum,
900 4825 966 4864 ne
1000 4810 1356 4880 corruptionis
1401 4808 1528 4862 vitia
1572 4808 1896 4876 subiaceret,
1929 4810 1969 4862 si
2014 4809 2081 4863 de

500 4917 600 4959 sua
647 4901 943 4957 substantia
978 4915 1233 4969 generare
1274 4899 1569 4968 potuisset!
1628 4898 1851 4953 Volente
1922 4899 2081 4969 igitur

502 4996 638 5059 Deo,
682 4991 1052 5063 corruptibilis
1094 5002 1296 5045 natura:
1348 4989 1509 5061 Virgo
1559 4991 1676 5045 sine
1719 4992 1825 5045 ullo
1855 5006 2079 5060 corrup-

501 5088 661 5143 tionis
704 5086 833 5140 vitio
877 5087 1188 5155 generavit:
1223 5093 1278 5138 et
1326 5085 1438 5155 ipse
1479 5085 1567 5155 qui
1621 5085 2078 5155 incorruptibilior

499 5179 707 5234 cunctis
734 5177 937 5232 naturis
978 5175 1453 5246 incorruptibiliter
1504 5177 1746 5245 prazstitit
1793 5194 2073 5247 generare,

500 5271 603 5327 hoc
623 5269 725 5325 sibi
750 5277 1006 5339 praestare
1028 5281 1131 5321 non
1158 5267 1350 5336 potuit,
1378 5280 1437 5321 ut
1456 5268 1523 5321 de
1549 5282 1640 5321 sua
1665 5268 1957 5323 substantia
1989 5268 2079 5322 Fi-

498 5363 628 5417 lium
658 5356 1129 5429 incorruptibiliter
1166 5372 1426 5428 generare
1473 5357 1742 5428 potuerit?
1772 5357 1911 5426 Ergo
1953 5358 2075 5427 quia

499 5455 671 5511 Deum
704 5454 772 5509 de
793 5452 970 5523 seipso
996 5450 1186 5505 Filium
1209 5463 1496 5519 generasse
1528 5444 1901 5504 et‘d.vinarum
1928 5449 2076 5504 Scri-
2122 5510 2127 5513 ν

506 5558 777 5615 pturarum
809 5555 1069 5603 testantur
1090 5544 1321 5614 eloquia,
1369 5558 1421 5599 et
1443 5544 1495 5599 in
1524 5558 1618 5598 sua
1652 5543 1705 5597 id
1734 5542 1891 5597 Arius
1921 5557 2078 5612 supe-

501 5642 645 5696 riore
668 5641 1037 5709 prosecutiono
1062 5638 1232 5693 fassus
1259 5645 1359 5703 est,
1380 5635 1556 5707 judica
1587 5637 1848 5707 (virorum
1878 5636 2078 5704 optime

506 5729 698 5797 Probe)
724 5732 839 5799 quis
862 5732 1029 5801 magis
1059 5745 1178 5787 cum
1218 5728 1411 5785 divinis
1439 5730 1725 5785 conveniat
1762 5728 2076 5797 Scripturis,

2194 4710 2347 4786 153
2380 4714 2607 4779 Filium;
2649 4725 2699 4769 et
2743 4728 3014 4785 paternam
3058 4716 3429 4770 tantummodo
3468 4730 3598 4772 ante
3644 4720 3766 4771 sub-

2188 4807 2455 4875 stantiam,
2474 4822 2569 4876 pro
2588 4819 2699 4861 rata
2723 4819 2869 4877 parte
2894 4819 3152 4862 secretam
3176 4824 3202 4861 a
3224 4822 3364 4872 sese,
3394 4824 3457 4862 ac
3481 4819 3766 4873 resectam,

2191 4899 2381 4953 Filium
2429 4900 2725 4953 nominavit
2770 4918 2781 4951 ε
2833 4908 3146 4969 tantumque
3192 4900 3291 4954 sibi
3323 4900 3560 4955 detraxit
3590 4902 3770 4963 Pater,

2189 5000 2444 5059 quantum
2476 4989 2526 5042 in
2557 4987 2749 5042 Filium
2784 4990 3024 5043 contulit.
3049 4991 3164 5055 Quo
3193 4999 3367 5045 tamen
3410 4991 3586 5060 ipsum
3617 4989 3769 5059 quid-

2185 5080 2309 5149 quid
2339 5090 2421 5133 est
2470 5078 2653 5144 Filius,
2689 5088 2780 5133 aut
2808 5079 2967 5134 hodie
3007 5089 3155 5134 caret
3187 5079 3364 5145 Pater,
3408 5094 3463 5136 et
3493 5079 3770 5150 perfectus

2186 5192 2290 5229 non
2321 5183 2432 5230 est:
2463 5182 2553 5227 aut
2574 5188 2639 5228 eo
2668 5174 2711 5227 si
2739 5189 2842 5229 non
2874 5174 3099 5243 lndiget,
3121 5174 3271 5243 quasi
3299 5174 3576 5244 superﬂuo
3597 5174 3774 5229 abun-

2184 5272 2350 5328 davit.
2381 5271 2533 5338 Quod
2567 5282 2849 5341 utrumque
2878 5273 2927 5327 in
2954 5272 3121 5327 Deum
3150 5287 3253 5327 non
3284 5273 3450 5339 cadit,
3482 5288 3603 5327 cum
3632 5282 3695 5328 et
3724 5273 3776 5327 in

2189 5361 2289 5417 hoc
2320 5362 2436 5432 ipso
2466 5361 2678 5431 quidem
2710 5361 2883 5415 Patris
2912 5371 2965 5416 et
2994 5363 3113 5418 Filii
3139 5378 3335 5418 nomen
3366 5344 3487 5419 asse
3514 5378 3618 5420 non
3644 5377 3773 5433 pos-

2184 5454 2275 5519 sit,
2303 5455 2391 5508 ubi
2425 5468 2530 5508 non
2582 5454 2759 5507 habita
2790 5456 3065 5524 generatio
3108 5464 3211 5522 est,
3259 5454 3355 5510 sed
3401 5455 3581 5524 potius
3626 5453 3771 5508 facta

2186 5544 2432 5599 discissio
2477 5562 2488 5596 :
2544 5553 2653 5597 tum
2684 5544 2827 5613 quod
2854 5560 3074 5600 necesse
3101 5554 3203 5610 est,
3233 5559 3395 5601 omne
3425 5545 3571 5612 quod
3598 5543 3773 5599 dividi

2187 5646 2381 5706 potest,
2406 5652 2562 5705 posse
2582 5637 2875 5707 corrumpi.
2909 5638 3044 5705 Qua:
3064 5637 3130 5703 si,
3154 5646 3211 5693 ut
3239 5639 3635 5694 manifestatum
3659 5645 3771 5701 est,

2188 5731 2243 5786 in
2266 5731 2374 5787 Deo
2395 5743 2516 5787 esse
2547 5745 2650 5786 non
2681 5742 2924 5801 possunt,
2953 5746 3048 5788 cur
3072 5746 3176 5787 non
3208 5731 3384 5798 potius
3405 5730 3696 5787 voluntatis
3718 5738 3776 5785 et
