3938 6376
90 403 189 460 205

874 402 1144 460 CONTRA
1184 403 1498 471 ARIANOS,
1540 404 2029 472 SABELLIANOS,
2076 403 2255 470 ETC.,
2297 402 2425 458 LIB.
2471 402 2528 456 II.

3227 407 3331 465 206

90 513 322 568 caritatis
342 524 463 569 esse
493 511 682 567 Filium
705 514 1057 568 conlltemur?
1088 515 1217 579 Qua:
1239 514 1449 584 quidem
1475 516 1658 569 volun-
1690 524 1732 579 Α
1765 526 1902 579 acta,
1930 516 2177 568 iinalibus
2201 523 2361 581 queat
2390 514 2562 567 modis
2591 515 2788 577 arceri;
2825 517 3075 584 quoniam
3106 518 3221 588 ejus
3251 531 3334 574 εει

93 612 192 667 tas,
226 617 294 656 ne
323 605 376 656 in
423 603 729 659 hominibus
764 603 979 672 quidem
1028 604 1191 658 libera
1220 616 1301 659 est
1334 607 1529 671 minus,
1561 622 1657 661 nc-

92 695 216 747 dum
245 694 299 747 in
343 693 452 747 Deo
482 693 660 762 aliqua
690 694 805 763 lege
830 702 1098 749 teneatur.
1130 696 1229 761 Qui
1262 698 1307 749 si
1338 711 1442 750 non
1474 706 1555 751 est
1578 697 1660 751 Fi-

94 784 193 838 lius
216 783 523 847 voluntatis,
548 795 792 853 superest
824 796 878 837 ut
903 794 1118 839 coactus
1142 785 1281 839 Deus
1310 790 1459 855 quasi
1488 782 1664 855 aliqua

95 875 209 945 lege
234 883 438 930 naturae
469 875 660 929 Filium
684 874 914 931 edidisse
935 877 1198 932 videatur.
1231 877 1286 931 In
1318 892 1420 947 qua
1450 878 1663 946 quidem

30 997 43 1007 ο
96 966 457 1035 generatione,
514 967 559 1020 si
608 967 659 1021 id
705 968 944 1035 genitum
990 976 1095 1034 est,
1146 968 1290 1037 quod
1335 978 1455 1024 erat
1490 969 1663 1033 Pater,

97 1055 339 1123 quaedam
379 1054 550 1110 Patris
580 1070 703 1125 pars
740 1055 905 1110 Filius
938 1057 1274 1120 nominatur;
1303 1057 1668 1125 incertumque

97 1151 179 1196 est
205 1142 331 1211 quid
355 1142 533 1207 Pater,
557 1143 683 1212 quid
717 1144 883 1197 Filius
914 1144 1105 1198 debeat
1136 1145 1427 1212 nominari,
1454 1160 1577 1200 cum
1613 1147 1666 1199 in

94 1230 231 1287 duas
257 1240 434 1300 partes
466 1232 686 1300 adaque
711 1238 779 1287 sit
798 1233 969 1287 divisa
992 1233 1305 1288 substantia.

168 1321 262 1376 XI.
298 1322 428 1376 Illud
459 1337 585 1377 vero
614 1325 753 1392 quod
778 1325 932 1394 quasi
980 1324 1045 1378 ad
1094 1327 1475 1393 proprietatem
1519 1337 1671 1381 natu-

98 1413 235 1469 ralis
261 1413 572 1468 substantiae
601 1415 1099 1484 demonstrandam,
1124 1419 1330 1483 paterni
1361 1420 1560 1472 oraculi
1593 1427 1669 1473 te-

96 1503 410 1559 stimonium
447 1506 692 1573 protulit,
738 1516 796 1559 ut
843 1506 1038 1561 merito
1077 1507 1282 1561 Patrem
1325 1522 1390 1562 ex
1437 1523 1502 1562 eo
1530 1508 1670 1576 quod

96 1594 217 1665 ipse
245 1604 348 1663 est,
382 1595 571 1650 Filium
601 1598 851 1666 genuisse
876 1598 1178 1663 credamus,
1219 1600 1342 1667 quia
1364 1600 1495 1653 dixit
1536 1616 1549 1652 :
1594 1599 1673 1653 Ea:

104 1700 251 1743 utero
276 1698 390 1742 ante
414 1687 713 1757 Luciferum
734 1692 885 1759 genui
908 1700 954 1743 ιε
983 1690 1151 1751 (Ptol.
1179 1705 1287 1756 cu,
1309 1690 1367 1759 5)
1392 1707 1405 1753 ;
1434 1705 1590 1759 quam
1620 1690 1672 1744 id

102 1778 395 1834 absurdum
418 1792 683 1848 quamque
714 1779 949 1848 ineptum
978 1780 1048 1833 sit
1093 1780 1427 1848 apertissime
1453 1780 1673 1835 demon-

1764 605 2160 659 exuberationis
2187 606 2336 672 copia
2374 604 2690 668 redundare,
2723 620 2840 673 qua:
2886 618 3057 669 certo,
3103 617 3158 660 ιιι
3196 608 3334 662 (Μὶ-

1765 708 1900 757 ηιιιε,
1951 694 2283 746 concluditur
2325 692 2486 762 line):
2523 708 2619 747 nec.
2672 709 2859 748 rursus
2883 696 3028 749 velut
3069 698 3330 765 integram

1765 794 1823 840 et
1870 786 2239 839 intemeratam
2289 786 2548 852 portionis
2577 785 2927 841 defectionem
2954 790 3182 856 aliquam
3215 804 3335 858 per-

1766 875 1970 929 tulisse.
2002 873 2108 929 Sed
2139 874 2252 927 btec
2280 876 2457 929 omnia
2483 876 2745 945 passionis
2774 892 2996 946 genera,
3022 878 3218 933 divina:
3244 896 3337 932 na-

1766 975 1900 1021 tura:
1928 980 2031 1017 noti
2061 964 2430 1018 convenientia
2451 1005 2467 1031 ,
2496 966 2605 1033 jam
2660 968 2907 1035 superius
2954 968 3335 1021 calumniosius

1769 1054 1939 1122 magis
1969 1067 2127 1122 quam
2158 1053 2338 1107 verius
2382 1055 2723 1121 cognoscitur
2772 1057 3083 1111 intentasse.
3134 1058 3338 1125 Quibus

1770 1158 1870 1196 nos
1923 1145 2183 1212 religiosae
2234 1143 2356 1197 tidei
2401 1144 2675 1200 intellectu
2715 1158 3085 1216 competenter
3128 1158 3340 1203 constat

1770 1233 1982 1287 dedisse
2012 1246 2345 1301 responsum.

1846 1322 1985 1377 XIII.
2014 1322 2196 1391 Neque
2237 1323 2380 1376 enim
2428 1324 2864 1379 esuberationem
2909 1328 3217 1381 substantias
3256 1342 3341 1381 re-

1775 1413 2066 1467 dundantis
2092 1416 2247 1485 155
2276 1414 2462 1468 Filium
2492 1414 2735 1479 dicimus,
2770 1431 2943 1485 neque
2975 1433 3158 1474 rursus
3186 1421 3342 1474 desc-

1770 1513 1876 1557 ctce
1897 1514 2100 1556 naturae
2130 1504 2520 1571 portiunculam
2540 1505 2913 1568 nominamus;
2932 1507 3025 1559 sed
3050 1508 3343 1574 perfectum

1774 1593 2009 1654 Patrem.
2042 1592 2333 1659 perfectum
2358 1593 2570 1659 Filium,
2597 1610 2702 1648 non
2732 1610 2795 1649 ex
2822 1595 2885 1649 iis
2912 1612 3032 1662 qua:
3071 1598 3122 1651 in
3153 1613 3219 1652 eo
3250 1615 3344 1652 su-

1774 1684 1995 1753 perﬂuis
2037 1684 2510 1738 esuberationibus
2556 1685 2923 1740 redundabant
2964 1688 3149 1756 (quod
3194 1690 3342 1744 dictu

1777 1772 1928 1827 nefas
1957 1773 2088 1843 est),
2120 1772 2211 1827 sed
2248 1788 2311 1828 ex
2344 1777 2542 1843 seipse,
2575 1776 2625 1828 id
2655 1785 2736 1828 est
2763 1791 2830 1829 ex
2860 1791 2925 1829 eo
2947 1777 3087 1845 quod
3113 1779 3346 1845 ipsecst,

109 1870 315 1925 strabo.
348 1869 617 1939 Siquidem
651 1886 757 1925 non
789 1871 963 1926 solum
991 1871 1262 1941 aliquanta
1303 1874 1355 1925 ln
1385 1872 1572 1926 ordine
1593 1886 1675 1925 ra-
1705 1879 1751 1938 Β
1781 1864 2202 1933 impassibiliter,
2252 1866 2641 1921 indivisibiliter
2664 1908 2677 1932 ,
2734 1869 3140 1937 incorporaliter
3163 1912 3179 1936 ,
3230 1872 3348 1927 sine

111 1960 449 2016 tionabilium
479 1972 842 2015 creaturarum
872 1962 1247 2027 consistentia;
1278 1962 1371 2017 sed
1398 1972 1452 2017 et
1480 1963 1532 2015 in
1555 1976 1677 2016 sen-

104 2049 258 2105 sibili
287 2050 674 2105 elementorum
704 2052 957 2120 qualitate
990 2051 1351 2116 subsistentia,
1376 2052 1441 2106 de
1476 2052 1564 2105 Dei
1598 2052 1676 2106 le-

107 2140 287 2208 gimus
316 2148 468 2195 utero
498 2142 841 2209 processisse.
881 2142 971 2194 Ait
998 2142 1141 2195 enim
1186 2158 1197 2191 :
1233 2140 1357 2207 Quis
1386 2150 1459 2194 est
1497 2141 1680 2209 pluvia:

100 2238 273 2298 pater,
292 2232 369 2285 uel
388 2231 452 2285 de
470 2232 617 2299 cujus
641 2242 779 2284 utero
802 2231 1023 2301 procedit
1044 2232 1135 2283 uia:
1151 2229 1291 2300 (Job,
1309 2246 1533 2298 xxxvttt,
1550 2231 1680 2301 28)?

106 2319 247 2373 Num
286 2319 447 2390 igitur
486 2321 607 2389 quia
653 2320 767 2374 lucc
818 2320 1039 2389 rigentis
1095 2329 1151 2374 et
1196 2318 1385 2388 torpidi
1432 2321 1678 2374 elementi

108 2411 337 2478 qualitas
360 2412 537 2465 divino
560 2411 751 2480 legitur
779 2420 929 2465 utero
960 2410 1271 2479 procedere,
1304 2409 1503 2464 idcirco
1527 2411 1682 2464 unius

102 2500 463 2569 e,’usdemque
491 2514 609 2554 cunt
636 2500 747 2555 Deo
773 2501 1011 2554 creditur
1052 2514 1173 2553 8:88
1197 2501 1541 2555 substantia-1'
1582 2502 1685 2552 Aut

104 2582 235 2657 quia
266 2605 454 2643 rursus
484 2590 726 2644 homines
750 2591 915 2645 Deum
949 2592 1170 2658 legimus
1203 2591 1450 2660 genuisse
1473 2592 1554 2658 (ut
1577 2591 1687 2657 ipse

103 2679 225 2732 ait:
255 2676 424 2732 Filios
453 2679 606 2748 genui
633 2688 677 2731 et
707 2680 923 2732 cxaltavi
945 2678 1098 2749 [Isai.
1148 2696 1182 2745 t,
1223 2680 1305 2749 Ἡ,
1348 2688 1403 2733 et
1448 2682 1635 2732 iterum
1670 2696 1681 2728 :

107 2767 282 2822 Filius
330 2785 470 2823 meus
513 2769 879 2841 primogenitus
926 2770 1089 2823 Israel
1123 2771 1311 2841 [Exod
1360 2787 1432 2835 tv,
1467 2769 1579 2839 2‘2],
1624 2784 1686 2823 ac

108 2874 345 2914 rursus:
392 2860 570 2914 Omnis
628 2862 717 2929 qui
771 2872 918 2915 natus
966 2871 1040 2914 est
1086 2878 1148 2915 ex
1191 2862 1317 2922 Deo,
1373 2878 1472 2914 non
1516 2870 1685 2928 peccat

123 2949 174 3021 [1
198 2950 359 3006 Joan.
392 2965 470 3015 tu,
501 2949 603 3019 9]),
639 2952 836 3007 idcirco
869 2954 1066 3007 rectius
1088 2952 1421 3020 opinabimur
1444 2952 1493 3006 ιιι
1517 2954 1685 3006 mines

112 3058 241 3100 cum
276 3044 383 3098 Deo
412 3044 567 3096 unius
588 3057 706 3098 esse
733 3043 1086 3097 subSIantize?
1116 3043 1270 3114 155l
1292 3042 1532 3111 Autquia
1557 3045 1680 3095 item

117 3136 435 3205 Apostolus,
482 3138 647 3191 totius
692 3146 952 3192 creaturze
1003 3139 1404 3193 universitatem
1444 3136 1678 3206 generali

1780 1958 2154 2024 diminutione,
2187 1958 2304 2012 sine
2347 1958 2683 2024 discissione,
2730 1961 2845 2014 sine
2874 1961 3141 2016 afﬂuentia
3181 1964 3349 2032 copiae

1784 2045 2195 2114 redundatione,
2228 2048 2345 2100 sine
2396 2048 2505 2102 ullo
2552 2049 2774 2102 omnino
2821 2052 3078 2116 passionis
3126 2067 3347 2120 genere,

1784 2134 2123 2190 inell'abiliter
2156 2136 2425 2193 credimus
2455 2149 2657 2192 natum.
2691 2139 2758 2191 Et
2788 2140 2985 2195 idcirco
3024 2143 3185 2195 unius
3216 2142 3350 2197 fate-

1784 2242 1904 2280 mur
1939 2241 2061 2281 esse
2098 2228 2432 2292 substantia,
2478 2229 2597 2297 quia
2631 2244 2736 2283 non
2767 2231 3004 2296 aliunde,
3026 2247 3135 2287 non
3164 2249 3229 2287 ex
3258 2234 3346 2287 ni-

1788 2317 1918 2381 hilo,
1952 2334 2055 2371 non
2080 2333 2147 2372 ex
2174 2319 2571 2387 subjacentibus
2597 2322 2678 2376 vel
2726 2324 3150 2390 praecedentibus
3183 2335 3349 2381 mate-

1788 2406 1983 2459 riarum
2010 2406 2387 2475 qualitatibus;
2414 2410 2507 2461 sed
2549 2412 2759 2477 proprie
2792 2412 2954 2466 Deum
2977 2414 3043 2466 de
3090 2414 3221 2479 Deo,
3272 2416 3349 2468 Iu-

1788 2510 1910 2548 men
1934 2495 2001 2549 de
2029 2496 2249 2559 lumine,
2283 2498 2534 2551 virtutem
2564 2500 2633 2553 de
2673 2501 2886 2561 virtute,
2932 2503 3245 2570 sapientiam
3286 2507 3354 2559 de

1787 2584 2049 2651 sapientia
2084 2584 2308 2638 ﬁdeliter
2331 2588 2598 2642 exstitisse
2624 2587 2867 2642 fatemur.
2903 2590 3032 2644 Nam
3056 2593 3099 2645 si
3124 2593 3347 2647 alterius

1789 2689 1853 2728 ac
1875 2674 2101 2728 diversa:
2140 2674 2451 2729 substantia:
2502 2677 2581 2747 (ut
2630 2677 2788 2731 Arius
2832 2680 3145 2749 arbitratur)
3186 2682 3352 2736 Filius

1787 2779 1951 2831 esset,
1987 2782 2089 2818 nun
2117 2765 2323 2821 diceret
2352 2788 2364 2821 :
2393 2768 2535 2821 Sicut
2570 2769 2718 2822 Imm
2746 2769 2899 2823 Pater
2922 2773 3073 2824 vitam
3104 2774 3156 2824 in
3177 2785 3355 2827 semet-

1787 2857 1915 2921 ipso,
1964 2858 2037 2908 sic
2085 2858 2224 2909 dedit
2275 2867 2320 2910 et
2375 2855 2515 2912 Filio
2563 2860 2714 2911 vitam
2758 2860 2941 2915 habere
2989 2864 3039 2914 in
3090 2866 3357 2932 semetipso

1785 2946 1967 3016 (Joau.
2002 2962 2054 3011 v,
2078 2948 2201 3013 26);
2232 2956 2286 3002 et
2313 2948 2502 3002 iterum
2538 2964 2551 3001 :
2584 2949 2727 3004 Sicut
2784 2950 2936 3003 Pater
2978 2953 3113 3005 novit
3162 2968 3260 3015 me,
3307 2963 3355 3004 et

1785 3055 1878 3108 ego
1908 3039 2022 3091 novi
2054 3037 2260 3093 Patrem
2294 3038 2470 3109 (Joan.
2506 3056 2558 3104 ι,
2595 3042 2707 3108 15).
2732 3042 2867 3109 Quid
2896 3054 2978 3098 est
3020 3059 3168 3114 ergo,
3210 3045 3357 3099 Sicut

1786 3130 1929 3185 habet
1949 3129 2099 3184 Pater
2117 3132 2267 3187 vitam
2286 3133 2337 3184 in
2352 3134 2634 3199 semetipso,
2647 3136 2720 3188 sic
2738 3135 2878 3188 dedit
2894 3146 2940 3190 et
2956 3134 3093 3190 Filio
3109 3139 3259 3191 vitam
3272 3140 3357 3191 Ita-

112 3227 551 3296 pronuntiatione
579 3228 1063 3298 comprehenderis,
1087 3245 1150 3283 ex
1182 3230 1290 3285 Deo
1331 3233 1519 3284 asserit
1565 3244 1681 3282 esse
1710 3236 1755 3297 ρ
1788 3225 2274 3293 bereinsemetipso,
2294 3226 2594 3289 nisi,Sicnti
2610 3236 2692 3280 est
2710 3224 2888 3291 Pater,
2907 3228 2978 3282 ita
2992 3238 3072 3283 est
3089 3238 3142 3283 et
3157 3231 3356 3284 Filius?

107 3318 343 3373 dicens:
371 3318 622 3383 Quoniam
672 3334 735 3373 ea:
772 3319 909 3387 ipso,
949 3330 993 3373 rt
1026 3337 1115 3387 per
1161 3321 1346 3389 ipsum,
1390 3331 1436 3373 et
1477 3321 1527 3373 in
1578 3323 1685 3389 ipso

114 3418 234 3462 sunt
261 3410 432 3464 omnia
460 3410 638 3480 (Rom.
669 3425 746 3473 st,
778 3412 899 3480 36);
929 3412 998 3465 ob
1036 3413 1133 3465 hoc
1174 3412 1485 3481 prudentius
1522 3412 1687 3481 conji-

107 3503 347 3564 ciemus,
378 3502 773 3557 universitatem
795 3514 1053 3557 creaturm
1084 3505 1183 3556 ltoc
1204 3518 1323 3557 esse
1354 3502 1493 3571 ψεού
1515 3502 1652 3556 Deus
1668 3544 1682 3566 ,

116 3602 209 3644 aut
240 3592 399 3646 unius
428 3608 547 3647 cum
570 3608 635 3649 eo
665 3609 783 3649 esse
817 3595 1159 3657 substantias;
1192 3596 1329 3662 quod
1355 3594 1604 3648 videlicet
1624 3610 1687 3646 ex

116 3680 236 3749 ipso
264 3682 459 3750 legitur
487 3684 823 3740 substitisse?
856 3684 942 3740 Sic
987 3698 1115 3753 ergo
1143 3693 1195 3738 et
1243 3683 1433 3737 Filium
1465 3699 1584 3737 cum
1624 3684 1688 3736 de

122 3770 217 3825 Dei
246 3770 421 3825 Patris
452 3782 602 3827 utero
637 3774 960 3840 processisse
1001 3772 1246 3835 fatemur,
1292 3789 1396 3826 non
1438 3773 1502 3825 ad
1550 3773 1687 3825 indi-

115 3860 263 3915 cium
299 3862 453 3915 unius
488 3872 719 3925 naturas;
766 3863 858 3915 Sed
890 3865 951 3916 ad
986 3863 1429 3931 investigabilium
1458 3870 1689 3916 secreto-

116 3968 242 4008 rum
276 3966 467 4007 arcana
493 3953 693 4007 dictum
723 3965 1085 4021 competenter
1110 3954 1367 4009 debemus
1390 3953 1649 4021 accipere.

194 4044 315 4100 XII.
339 4044 645 4098 Athanasius
691 4047 818 4099 dixit
867 4062 883 4097 :
935 4045 991 4099 In
1033 4046 1170 4101 ludis
1217 4045 1587 4105 theatralibus,
1639 4044 1692 4096 hi

116 4134 218 4203 qui
246 4134 532 4201 ﬁgurarum
558 4133 812 4188 varietate
836 4142 1124 4197 mutantur,
1154 4134 1349 4188 diversi
1375 4133 1586 4203 quidem
1608 4142 1695 4184 at»

114 4238 231 4292 que
261 4222 351 4274 alii
382 4231 641 4289 apparent
670 4224 839 4276 oculis
866 4224 1205 4277 intuentium.
1233 4224 1363 4277 Nam
1398 4224 1538 4277 idem
1580 4223 1694 4291 ipse

120 4319 229 4383 qvi
252 4320 448 4381 aptata:
477 4311 721 4381 imaginis
751 4316 927 4381 specie
964 4313 1161 4381 rigidus
1206 4313 1476 4383 quondam
1522 4314 1698 4366 inces-

125 4411 305 4466 serat,
358 4402 546 4455 iterum
595 4401 739 4454 vultu
777 4403 829 4455 in
869 4402 968 4455 hoc
1016 4403 1186 4469 ipsum
1232 4411 1432 4469 aptato,
1481 4400 1696 4455 alternis

122 4487 497 4543 membrorum
520 4486 752 4542 motibus
780 4488 988 4552 ludens,
1016 4488 1068 4541 in
1102 4488 1376 4542 ntollitiem
1416 4487 1699 4542 resolvitur

1790 3316 1912 3370 Etsi
1933 3315 2069 3370 idem
2087 3316 2432 3383 habentesse,
2449 3316 2601 3371 unius
2619 3327 2743 3374 sunt
2763 3320 3107 3386 proculdubio
3120 3322 3357 3375 Slibslall-

1790 3407 1897 3461 tite.
1922 3408 2103 3477 Neque
2125 3410 2268 3463 enim
2300 3410 2439 3463 aliud
2465 3421 2545 3465 est
2575 3426 2694 3465 esse
2723 3411 2891 3466 Patris
2911 3423 2963 3467 et
2990 3414 3131 3467 aliud
3155 3416 3354 3479 vivere,

1790 3498 1883 3552 sed
1917 3498 2017 3552 hoc
2045 3507 2127 3553 est
2154 3500 2331 3554 vivere
2353 3500 2491 3567 quod
2518 3510 2600 3554 est
2626 3510 2854 3565 etesse;
2888 3503 2936 3555 id
2969 3512 3047 3556 est
3078 3520 3182 3556 non
3215 3506 3358 3558 aliud

1792 3599 1876 3643 est
1906 3590 2061 3643 Pater
2093 3590 2205 3657 ipse
2227 3601 2282 3645 et
2303 3590 2444 3643 aliud
2473 3591 2576 3645 vita
2604 3589 2745 3659 ejus,
2770 3594 2861 3645 sed
2900 3595 3001 3647 vita
3026 3596 3279 3657 essentia,
3306 3605 3359 3647 et

1794 3681 2023 3733 essentia
2045 3681 2170 3732 vita.
2193 3679 2437 3745 Alioquin
2461 3682 3160 3747 compositusvidebitur,ex
3186 3684 3360 3737 diver-

1794 3769 1949 3822 sitate
1979 3768 2296 3834 subsistvns,
2326 3770 2368 3822 si
2400 3771 2540 3825 aliud
2574 3772 2700 3839 ipse,
2728 3772 2865 3824 aliud
2900 3773 3006 3826 vita
3047 3776 3163 3840 ejus
3198 3776 3360 3843 signi-

1795 3859 1957 3914 ﬁcare
2011 3859 2237 3914 videtur.
2286 3860 2423 3925 Quia
2464 3876 2592 3929 ergo
2636 3870 2855 3929 apparet
2883 3866 2987 3915 vita
3047 3864 3217 3916 Patris
3260 3868 3360 3917 line

1794 3964 1914 4005 esse
1933 3951 2073 4019 quod
2104 3950 2216 4019 ipse
2245 3962 2361 4015 est;
2394 3952 2527 4006 sicut
2560 3953 2716 4007 habet
2747 3956 2902 4007 vitam
2932 3956 2982 4006 in
3011 3962 3086 4016 se‘,
3122 3956 3196 4008 sic
3217 3957 3361 4009 dedit
3390 3944 3393 3947 λ

1799 4043 1935 4097 Filio
1966 4042 2163 4096 habere
2198 4044 2391 4103 vitam;
2434 4043 2483 4095 id
2512 4054 2613 4105 est,
2648 4045 2723 4095 sic
2766 4055 2847 4095 est
2890 4058 3012 4096 esse
3055 4044 3195 4109 Filii,
3228 4048 3362 4099 sicut

1798 4146 1917 4186 esse
1949 4131 2150 4192 Patris;
2181 4144 2284 4181 non
2308 4130 2524 4183 dubium
2555 4141 2635 4183 Cal
2668 4130 2878 4183 Patrem
2910 4140 2964 4183 et
2988 4130 3175 4184 Filium
3210 4138 3362 4187 unius

1800 4223 2068 4280 essentia),
2103 4228 2260 4285 atque
2288 4218 2442 4271 unius
2463 4233 2582 4272 esse
2611 4229 2830 4272 naturas.

1874 4307 2009 4360 XIV.
2035 4306 2164 4359 Nam
2194 4316 2248 4360 et
2272 4308 2411 4374 quod
2440 4308 2513 4360 ait
2548 4325 2559 4357 :
2596 4308 2740 4362 Sicut
2792 4310 2923 4362 norit
2974 4327 3048 4364 me
3102 4310 3274 4377 Pater,
3318 4324 3365 4366 ct

1802 4414 1895 4467 ego
1924 4398 2037 4450 novi
2065 4395 2273 4451 Patrem
2304 4395 2479 4467 (Joan.
2516 4414 2569 4463 ι,
2608 4398 2715 4468 lii),
2741 4401 2992 4453 unitatem
3022 4400 3368 4467 proculdubio

1805 4488 2225 4542 voluitindicare
2249 4488 2589 4552 substantiae;
2634 4489 2754 4556 quia
2794 4488 3083 4543 secundum
3126 4494 3367 4559 superio-

126 4581 470 4635 Ieminarum.
507 4578 579 4633 Ita
612 4593 752 4632 nunc
781 4579 987 4632 videtur
1012 4579 1139 4632 mibi
1165 4580 1319 4632 Arius
1347 4578 1696 4647 qumsﬁonum
1730 4570 1779 4631 D
1805 4580 1878 4632 ris
1907 4578 2286 4648 disputationis
2326 4578 2624 4649 intelligent
2645 4595 2753 4643 am,
2787 4596 2888 4634 non
2929 4581 3071 4634 aliud
3101 4592 3182 4634 est
3210 4598 3369 4637 nosse

134 4670 453 4738 imaginibus
484 4667 799 4732 immutatis,
833 4669 977 4722 velut
1004 4669 1210 4724 diversa
1256 4668 1573 4738 conjiciens,
1625 4671 1696 4723 si-

132 4759 452 4813 militudinis
480 4760 733 4813 varietate
761 4759 1001 4813 formari.
1034 4758 1163 4813 Nam
1198 4760 1297 4814 Itoc
1326 4761 1465 4827 quod
1495 4760 1694 4814 dudum

131 4847 360 4919 comptis
381 4858 435 4902 et
481 4848 816 4902 brevissimis
857 4848 1272 4917 disputationum
1306 4849 1698 4916 objectionibus

136 4943 512 5002 intentaverat,
566 4940 666 4993 sub
696 4939 919 4994 alterius
942 4948 1197 5007 praetextu
1229 4940 1474 5008 imaginis
1502 4943 1695 4994 iterum

132 5049 190 5086 ac
228 5032 431 5102 sapius
461 5039 729 5099 repetens,
761 5045 788 5083 a
816 5030 1141 5099 proprietate
1182 5032 1495 5099 quaestionis
1543 5033 1700 5085 illata:

134 5121 459 5176 omnimodis
481 5136 583 5174 non
608 5121 828 5175 recedit.
861 5119 1042 5188 Neque
1069 5120 1210 5174 enim
1239 5122 1359 5189 quia
1386 5136 1524 5174 nunc
1547 5122 1699 5175 latins

135 5223 185 5266 et
209 5214 454 5268 diil'usius
485 5213 736 5282 perplexa
769 5214 1046 5267 verborum
1083 5214 1325 5281 ambage,
1358 5214 1550 5267 seriem
1578 5228 1699 5281 pro-

138 5306 417 5370 positionis
455 5305 713 5369 extendit,
755 5305 874 5359 ideo
920 5305 1062 5360 aliud
1090 5304 1266 5373 egisse
1305 5304 1562 5359 videndus
1590 5313 1694 5370 est,

138 5412 286 5463 quant
312 5396 455 5465 quod
478 5396 723 5465 superius
737 5396 1071 5451 convincitur
1087 5398 1355 5453 actitasse:
1376 5396 1515 5449 Dixit
1533 5395 1693 5461 enim,

139 5489 202 5542 ob
228 5488 330 5544 hoc
360 5489 571 5542 Patrem
592 5497 647 5542 et
678 5488 868 5542 Filium
897 5488 1053 5542 unius
1083 5503 1186 5541 non
1210 5502 1367 5556 posse
1408 5502 1529 5543 esse
1569 5488 1699 5541 snb-

140 5579 363 5641 stantiw,
395 5578 537 5646 quod
567 5577 754 5632 eadem
784 5586 999 5646 paterna
1022 5579 1339 5641 substantia,
1372 5592 1470 5631 nec
1498 5577 1700 5630 exube-

140 5668 337 5723 ratione
364 5668 711 5736 amplissima:
735 5666 1082 5722 derivationis
1110 5667 1161 5720 in
1190 5670 1461 5736 augmenti
1490 5668 1698 5735 copiam

139 5754 346 5813 eiduere
377 5760 542 5827 possit
564 5758 641 5828 (ut
672 5767 792 5827 pote
817 5773 933 5827 quae
981 5759 1142 5813 nullis
1171 5767 1424 5814 metarum
1463 5759 1702 5813 terminis

1802 4668 1994 4734 Patris,
2023 4678 2076 4721 et
2100 4668 2245 4721 aliud
2269 4684 2407 4723 esse.
2430 4670 2537 4723 lloc
2568 4672 2738 4738 ipsum
2761 4672 2903 4723 cnim
2930 4670 3069 4740 quod
3094 4681 3178 4725 est
3202 4673 3364 4737 novit,

1801 4760 2015 4829 etquod
2041 4762 2187 4814 novit
2208 4772 2321 4823 est;
2349 4762 2473 4830 quia
2505 4776 2608 4815 non
2640 4762 2795 4814 aliter
2828 4764 2992 4827 novit,
3022 4762 3246 4817 etaliter
3264 4776 3364 4819 est.

1802 4848 2007 4915 thuia
2039 4849 2114 4902 sic
2146 4848 2309 4902 Filius
2338 4849 2483 4902 novit
2512 4850 2744 4911 Patrem,
2783 4851 2918 4904 sicut
2940 4866 3062 4903 eum
3094 4851 3249 4907 Pater
3280 4868 3371 4905 no»

1804 4937 1895 5002 vit,
1924 4938 2192 4992 notionem
2222 4953 2350 4992 vero
2381 4938 2430 4991 in
2465 4939 2572 4991 Deo
2619 4942 2903 4993 essentiam
2955 4954 3074 4993 esse
3118 4941 3367 5007 diximus,

1811 5044 1915 5083 non
1951 5028 2105 5098 156
2130 5029 2348 5083 dubittm
2375 5028 2515 5096 quod
2546 5030 2701 5083 sicuti
2730 5041 2813 5084 est
2852 5029 3030 5097 Pater,
3076 5032 3146 5085 ita
3187 5043 3272 5086 est
3319 5047 3370 5087 et

1810 5120 2009 5181 Filius;
2038 5136 2101 5174 ac
2125 5121 2201 5173 sic
2231 5120 2593 5174 diversitatem
2624 5122 2869 5175 essentia:
2886 5138 2989 5175 non
3015 5123 3246 5176 admittit
3264 5139 3369 5184 res,

1807 5227 1925 5279 qua:
1949 5225 2054 5264 uno
2076 5226 2135 5264 ac
2168 5208 2327 5265 simili
2364 5211 2522 5265 modo
2551 5212 2812 5267 subsistit.
2870 5212 3106 5282 Denique
3152 5222 3210 5267 ut
3236 5214 3369 5265 lianc

1811 5302 1982 5356 Patris
2021 5315 2075 5357 et
2116 5303 2231 5358 Filii
2282 5305 2499 5359 unitatis
2529 5305 2878 5358 substantiam
2928 5305 3134 5374 plenius
3177 5318 3356 5357 nosce-
3390 5356 3401 5368 ,

1810 5408 2009 5458 remus,
2040 5394 2280 5462 quaedam
2312 5394 2465 5448 nobis
2494 5394 2686 5448 divinae
2715 5394 3006 5460 Scriptura:
3036 5407 3213 5448 rerum
3246 5392 3351 5443 visi-

1804 5484 1986 5539 bilium
2018 5486 2262 5553 exempla
2290 5496 2602 5553 posuerunt,
2633 5486 2825 5554 quibus
2872 5498 2970 5537 nos
3015 5484 3080 5535 ad
3126 5482 3379 5535 invisibi-.

1804 5574 1932 5627 lium
1990 5572 2386 5642 intelligentiam
2452 5574 2752 5642 religiosius
2812 5580 3177 5640 provocarent.
3237 5570 3368 5626 Nam

1807 5668 2009 5737 paterni
2036 5667 2252 5723 luminis
2278 5668 2640 5738 splendorem,
2664 5675 2718 5719 et
2746 5663 2995 5717 bonitatis
3025 5663 3143 5730 ejus
3179 5662 3369 5734 imagi-

1809 5774 1926 5813 nem
1961 5758 2147 5813 Filium
2179 5773 2434 5829 posuere;
2467 5772 2569 5813 non
2595 5753 2738 5823 quod
2772 5751 2836 5805 ad
2870 5766 2956 5806 res
3002 5753 3208 5810 divinas
3253 5772 3369 5812 tne-
