3938 6376
531 361 634 415 907

1848 358 2069 415 VlGlLH
2112 357 2487 419 'I'APSENSIS

3688 366 3796 422 208

533 473 737 528 tiendas
764 472 1124 538 corporalium
1149 472 1476 529 satisfaciant
1496 473 1738 542 exempla
1766 474 2063 541 specierum
2088 490 2101 537 ;
2136 480 2182 535 Α
2211 474 2474 542 proferam
2502 474 2900 528 documentum.
2925 472 3159 545 Angelus
3183 472 3249 528 ad
3276 471 3495 528 Mariam
3523 473 3598 529 ita
3622 476 3798 544 loqui-

532 567 623 619 sed
645 563 764 633 quia
797 562 1082 619 iuell‘abilis
1132 566 1220 618 illa
1272 573 1456 618 natura
1504 560 1728 632 exprimi
1772 579 1877 617 non
1906 562 2101 631 potuit,

534 656 772 724 qumdam
800 670 862 708 ex
895 654 977 707 his
1000 668 1117 723 qua:
1162 652 1409 708 videntur
1432 652 1798 707 similitudinis
1821 655 2108 721 proterun-

536 760 619 803 tur
648 746 861 801 indicia.
895 746 965 801 Ut
990 746 1126 800 sicut
1152 746 1427 815 splendor,
1460 756 1515 800 et
1545 746 1681 815 ignis
1724 746 1959 799 diversa:
1998 758 2104 797 non

536 839 1007 901 suntsubslantiie;
1028 836 1106 890 vel
1129 838 1265 891 sicut
1282 839 1455 905 imago
1471 838 1537 891 ab
1557 851 1620 890 eo
1634 836 1785 901 cuius
1798 824 1885 890 est
1906 836 2101 905 imago,

537 930 589 982 in
616 931 790 998 aliquo
821 928 1033 983 dill'erre
1063 943 1167 983 non
1192 937 1368 998 potest
1397 930 1488 997 (ne
1518 929 1595 982 sic
1625 927 1824 996 aliquid
1854 927 1906 981 in
1932 941 1991 981 se
2018 928 2105 980 di-

535 1034 748 1073 versum
773 1020 1027 1087 retinens,
1059 1018 1287 1086 perfecta
1316 1029 1367 1073 et
1407 1033 1530 1074 vera
1562 1033 1689 1073 esse
1730 1034 1833 1072 non
1879 1017 2104 1089 possit);

536 1110 605 1162 ita
636 1109 792 1162 Pater
818 1118 871 1163 et
900 1107 1065 1163 Filius
1093 1122 1196 1163 non
1227 1109 1472 1173 diversae,
1503 1108 1599 1164 sed
1627 1111 1784 1163 unius
1812 1109 2102 1164 credantur

535 1213 654 1254 esse
691 1199 1015 1255 substantiae.
1064 1201 1130 1253 Et
1175 1201 1295 1269 quia
1342 1201 1593 1253 nonnulla
1647 1201 1875 1269 exempli
1924 1201 2102 1269 gratia

536 1294 754 1361 protulit
782 1294 1102 1359 testimonia,
1129 1293 1320 1363 quibus
1349 1302 1633 1370 astrueret,
1667 1293 1741 1347 ita
1771 1309 1893 1348 esse
1914 1294 2103 1347 omnia

533 1403 597 1442 ex
628 1387 756 1450 Deo,
783 1396 839 1442 ut
866 1404 969 1441 non
1002 1397 1179 1442 tamen
1209 1388 1276 1443 de
1308 1389 1425 1454 ejus
1454 1388 1739 1442 credantur
1770 1389 2108 1457 processisse

533 1479 855 1543 substantia;
891 1480 1161 1550 interrogo
1207 1490 1380 1533 utrum
1411 1482 1487 1534 sic
1520 1480 1713 1535 Filium
1738 1496 1803 1535 ex
1832 1481 1986 1537 Patre
2016 1495 2104 1536 as-

533 1571 988 1635 seritexstitisse,
1014 1573 1150 1625 sicut
1176 1572 1419 1626 universa
1445 1586 1515 1626 ex
1540 1573 1655 1639 ipso
1676 1573 1952 1627 exstitisse
1980 1588 2101 1627 nar-

535 1670 738 1717 rantur.
764 1662 900 1729 Quid
930 1677 1058 1730 ergo
1085 1662 1251 1717 dicis?
1297 1663 1384 1717 Sic
1426 1662 1682 1717 debemus
1729 1663 1971 1733 accipere
2017 1664 2108 1717 Fi-

536 1754 660 1807 lium
687 1753 755 1808 de
782 1753 951 1807 Patris
976 1761 1126 1807 utero
1156 1753 1502 1820 processisse,
1560 1754 1641 1807 vel
1672 1768 1736 1807 ex
1769 1753 1924 1808 Patre
1957 1754 2106 1822 geni-

2211 574 2317 627 tur,
2348 563 2533 617 dicens
2559 580 2575 617 :
2605 563 2830 632 Spiritus
2857 575 3062 617 sanctus
3089 566 3397 634 superveniet
3427 565 3479 617 in
3511 575 3577 629 te,
3614 575 3664 619 et
3686 569 3795 618 vir-

2210 660 2290 705 tus
2315 652 2561 706 Altissimi
2584 653 2897 706 obumbrabit
2920 654 3026 706 tibi.
3062 652 3287 723 Ideoque
3313 663 3360 706 et
3387 654 3527 723 quod
3548 664 3793 707 nascetur

2208 758 2271 797 ex
2298 753 2345 797 te
2371 756 2622 810 sanctum,
2665 745 2924 799 vocabitur
2952 743 3121 800 Filius
3152 745 3247 800 Dei
3274 746 3439 817 (Luc.
3476 764 3527 816 ι,
3562 748 3682 817 55).
3732 750 3797 804 Et

2208 833 2400 887 iterum
2430 834 2719 900 Apostolus
2744 852 2756 886 :
2787 832 2917 888 Cum
2945 845 3114 890 autem
3138 838 3267 891 venit
3297 839 3561 907 plenitudo
3592 849 3794 906 teinpo-

2208 920 2300 986 ris,
2322 922 2455 974 misit
2481 920 2619 975 Deus
2649 920 2698 973 Ε
2702 922 2846 976 ilium
2868 939 3016 977 suum
3037 934 3212 978 natum
3234 941 3298 980 ex
3324 928 3558 995 muliere,
3599 931 3796 998 factum

2206 1010 2297 1063 sub
2326 1009 2434 1080 lege
2475 1009 2617 1082 (Gal.
2666 1026 2754 1078 tv,
2797 1010 2877 1082 ι).
2927 1012 3061 1067 Num
3093 1014 3251 1083 igitur
3278 1014 3400 1084 quia
3429 1016 3661 1085 angelus
3688 1018 3797 1071 ιιι.

2208 1108 2341 1160 riam
2368 1105 2445 1160 sic
2469 1105 2659 1160 allatus
2686 1115 2795 1169 est,
2829 1116 2886 1161 ut
2918 1121 3025 1161 non
3050 1106 3116 1162 de
3150 1108 3298 1177 ipsa,
3322 1108 3418 1162 sed
3458 1123 3527 1162 ex
3560 1110 3684 1179 ipsa
3712 1111 3795 1177 gi-

2208 1197 2474 1266 gnendum
2506 1198 2711 1253 diceret
2738 1198 2963 1265 Filium;
2995 1201 3116 1270 quia
3148 1202 3432 1270 Apostolus
3462 1217 3531 1256 ex
3562 1203 3796 1257 mul‘ere

2209 1296 2390 1342 natum
2424 1288 2653 1343 asseruit
2673 1288 2899 1355 Filium;
2928 1290 2998 1344 ob
3027 1290 3128 1344 hoc
3154 1292 3207 1343 in
3229 1287 3442 1345 Christo
3470 1291 3584 1345 veri
3619 1291 3795 1344 homi-

2209 1380 2291 1433 nis
2321 1379 2655 1433 nativitatem
2677 1394 3009 1449 nequaquam
3033 1380 3433 1449 prolitebimur;
3465 1390 3560 1434 aut
3586 1382 3796 1436 extrin-

2208 1482 2385 1534 secus,
2408 1478 2467 1524 et
2489 1483 2594 1524 non
2625 1471 2839 1539 proprie
2873 1472 3112 1541 virginali
3160 1472 3429 1527 credimus
3464 1482 3629 1526 utero
3674 1487 3795 1540 pio-

2210 1560 2480 1614 cessisse?
2504 1552 2692 1614 Cernis
2713 1560 2892 1629 igitur,
2923 1561 3190 1631 superflue
3216 1571 3268 1617 te
3300 1564 3351 1615 in
3392 1562 3592 1616 divina:
3640 1563 3798 1633 158

2208 1649 2577 1717 generationis
2605 1652 2879 1706 nativitate
2906 1651 3190 1705 visibilium
3211 1661 3580 1706 creaturarum
3614 1668 3797 1708 exerit.

2210 1740 2295 1809 pla
2342 1739 2676 1810 protulisse?
2726 1755 2847 1795 cum
2895 1741 3311 1797 evidentioribus
3357 1744 3796 1799 testimoniorum

532 1852 645 1895 tum
676 1856 814 1904 esse,
846 1841 987 1896 sicut
1018 1842 1262 1896 homines
1291 1857 1355 1897 ex
1401 1841 1512 1896 Deo
1534 1852 1707 1909 natos,
1738 1843 1818 1896 vel
1849 1842 1985 1896 sicut
2013 1843 2103 1897 nix
2137 1828 2184 1889 Β
2208 1831 2544 1889 άοειιῐηθηιίε
2572 1843 2848 1903 appareat.
2881 1834 2933 1889 id
2959 1850 3081 1891 esse
3103 1851 3166 1891 ex
3189 1835 3326 1905 ipsa,
3353 1837 3497 1906 quod
3524 1850 3611 1893 est
3632 1841 3797 1893 etiam

533 1947 601 1988 cx
630 1932 745 2000 ejus
776 1940 926 1987 utero
946 1932 1134 2000 legitur
1163 1932 1475 2001 procedere,
1499 1947 1565 1985 an
1592 1932 1746 2002 longe
1772 1932 1967 1986 aliter?
2000 1932 2109 1987 Sed

516 2038 716 2092 .quaeso
767 2032 823 2077 ut
872 2040 1033 2078 unum
1080 2038 1111 2078 e
1160 2024 1368 2079 duobus
1401 2024 1776 2093 respondeas;
1805 2024 1857 2079 id
1890 2033 1993 2091 est,
2022 2031 2113 2079 aut

535 2115 798 2179 similiter,
825 2123 917 2169 aut
937 2130 1040 2169 non
1062 2114 1308 2169 similiter
1334 2114 1504 2168 dicas.

606 2206 721 2261 XV.
750 2206 901 2260 Arius
928 2206 1105 2259 dixit:
1134 2204 1251 2258 Non
1296 2205 1547 2259 similiter
1594 2204 1844 2259 universa
1886 2218 1951 2259 ex
2000 2202 2110 2259 Deo

538 2296 878 2361 exstiterunt,
911 2295 993 2349 vel
1022 2295 1201 2363 genita
1225 2306 1348 2349 sunt
1377 2295 1514 2350 sicut
1549 2293 1736 2349 Filius.
1770 2294 1939 2349 Aliter
1967 2295 2109 2349 enim

520 2385 727 2450 .Filius,
756 2385 913 2440 aliter
940 2385 1150 2441 exstitit
1179 2395 1442 2440 creatura.
1816 2442 1823 2447 ,

583 2475 911 2530 Athanasius
971 2476 1097 2529 dixit
1144 2490 1164 2529 :
1204 2475 1263 2531 Si
1314 2476 1506 2530 Filium
1561 2475 1717 2545 longe
1761 2476 1916 2532 aliter
1952 2491 2108 2547 quam

529 2577 829 2622 creaturam
876 2569 1146 2623 exstitisse
1188 2566 1371 2622 fateris
1392 2609 1407 2637 ,
1440 2582 1537 2623 cur
1570 2568 1623 2623 in
1654 2568 1768 2638 ejus
1816 2554 2108 2625 nativitatis

530 2658 896 2726 generatione,
927 2673 1108 2712 rerum
1132 2656 1391 2713 factarum
1421 2658 1672 2728 exempla
1698 2659 2003 2727 protulisti?
2043 2659 2105 2713 lli

532 2751 675 2803 enim
703 2748 796 2817 qui
819 2748 1122 2816 disparibus
1144 2747 1316 2801 modis
1338 2752 1567 2817 propria:
1586 2749 1808 2818 originis
1828 2764 2107 2817 sumpsere

529 2839 817 2907 principia,
834 2853 939 2893 non
966 2852 1122 2907 aequo
1147 2839 1512 2907 intelligentiae
1533 2854 1691 2894 sensu
1713 2842 2010 2910 comparari
2030 2843 2105 2895 vi-

529 2930 743 2982 dentur.
775 2928 892 2996 Quo
918 2929 1039 2997 quia
1070 2931 1456 2998 prosecutionis
1488 2940 1591 2984 tuac
1638 2931 1865 2986 intentio
1896 2933 2099 3002 vergit,

534 3030 826 3091 apparette
856 3022 1069 3076 Photini
1107 3021 1399 3092 dogmatis,
1434 3022 1819 3093 quod’dudum
1854 3026 2103 3093 repudia-

536 3113 651 3172 bas.
683 3126 919 3167 errorem
945 3112 1261 3182 sacrilegum
1289 3112 1587 3168 defensare.
1615 3114 1744 3168 Nam
1769 3124 1822 3171 et
1847 3116 1959 3184 ipse
1980 3131 2100 3170 cum

2213 1924 2280 1978 de
2307 1924 2422 1993 ipso
2450 1926 2718 1994 generari.
2770 1924 2923 1981 Unde
2952 1926 3134 1980 mirari
3167 1942 3252 1981 me
3279 1926 3471 1993 fateor,
3518 1932 3797 1999 quomodo

2211 2028 2331 2069 cum
2353 2024 2611 2070 creaturae
2628 2030 2821 2071 nomen
2841 2017 2892 2070 in
2911 2016 3050 2071 Filio
3066 2016 3152 2070 ref
3150 2017 3327 2086 ugias;
3354 2027 3409 2071 et
3431 2033 3539 2072 non
3564 2018 3791 2082 factum.

2211 2105 2306 2161 sed
2332 2120 2458 2161 vere
2488 2105 2685 2177 (sicuti
2711 2116 2795 2161 est
2822 2107 3207 2177 proﬁtendum)
3247 2122 3312 2161 ex
3355 2108 3516 2163 Patre
3552 2116 3793 2177 genitum

2212 2195 2401 2251 credas
2432 2197 2644 2251 Photini
2672 2198 3085 2267 quodammodo,
3113 2198 3216 2252 etsi
3269 2213 3374 2252 non
3418 2198 3672 2268 integris,
3707 2215 3794 2251 ve.

2212 2297 2511 2343 rumtamen
2540 2288 2804 2344 similibus
2846 2291 3275 2357 prosecutiouum
3322 2292 3636 2358 sententiis,
3681 2294 3793 2362 ejus

2206 2377 2377 2434 fueris
2407 2380 2695 2449 impietatis
2720 2379 2913 2448 dogma
2943 2382 3199 2435 imitatus.

2288 2472 2441 2524 Arius
2458 2471 2585 2525 dixit
2607 2470 2771 2536 :Quis
2790 2471 2965 2538 potius
2984 2470 3192 2525 Photini
3214 2480 3457 2527 sectatur
3482 2474 3789 2542 perﬁdiam,

2214 2571 2462 2616 utrumne
2484 2576 2604 2631 ego,
2649 2561 2740 2631 qui
2770 2574 2833 2615 ea
2861 2575 2982 2630 quae
3009 2560 3175 2615 Filius
3202 2561 3267 2616 ad
3312 2563 3788 2617 demonstrandam

2209 2653 2500 2709 divinitatis
2528 2668 2638 2706 sua:
2668 2653 2827 2721 longe
2849 2651 3181 2719 inferiorem,
3223 2662 3277 2707 et
3317 2668 3424 2707 non
3454 2656 3508 2706 in
3538 2655 3789 2708 omnibus

2209 2744 2435 2799 similem
2454 2752 2696 2797 naturam
2716 2743 2919 2798 locutus
2933 2751 3035 2809 est,
3051 2743 3342 2797 secundum
3363 2743 3625 2799 deitatem
3641 2758 3791 2798 suam

2210 2841 2406 2896 dictum
2434 2839 2668 2908 accipio;
2696 2853 2763 2892 an
2791 2840 2907 2908 ipse
2937 2847 2991 2893 tu
3012 2838 3102 2908 qui
3140 2853 3277 2907 pene
3314 2849 3509 2894 cuncta
3542 2838 3790 2893 humani-

2211 2933 2333 2988 tatis
2358 2932 2624 3002 exempla,
2651 2946 2756 2985 non
2783 2930 2971 2987 fucatis
2993 2930 3186 2993 verbis,
3210 2946 3312 2986 nec
3333 2931 3586 2987 simulata
3611 2936 3790 3001 aperis

2207 3021 2489 3078 efﬁcientia
2521 3032 2731 3091 peracta
2776 3021 2977 3076 homini
3015 3031 3230 3090 reputas
3256 3023 3583 3092 assumpto?
3628 3023 3788 3079 Nam-

2208 3129 2313 3183 que
2339 3126 2397 3167 ut
2426 3128 2529 3167 non
2560 3112 2733 3166 solum
2764 3111 3025 3177 alterum,
3058 3126 3246 3165 verum
3279 3112 3443 3165 etiam
3474 3112 3789 3169 inferiorem

537 3202 729 3257 Filium
755 3203 845 3257 Dei
882 3205 1031 3274 157
1059 3204 1126 3258 de
1147 3181 1573 3273 Patregenitum
1601 3181 1911 3276 abnegaret,
1944 3215 2104 3277 atque
2135 3181 2180 3245 (ἶ
2211 3181 2241 3257 a
2272 3204 2429 3258 Patre
2460 3202 2793 3267 ostenderet,
2821 3202 2895 3256 ait
2927 3219 2939 3255 :
2975 3200 3133 3255 Pater
3161 3205 3329 3273 major
3356 3218 3438 3255 me
3471 3214 3549 3256 est
3594 3203 3786 3274 (locu.

536 3293 730 3347 talibus
762 3292 1186 3348 testimoniorum
1217 3293 1548 3349 documentis
1574 3304 1957 3361 coarctaretur,
1984 3297 2104 3365 qui-

534 3386 632 3438 bus
654 3386 768 3439 luce
788 3382 982 3437 clarius
1004 3383 1421 3451 demonstratur,
1438 3376 1631 3438 Filium
1660 3384 1753 3439 Dei
1781 3385 1946 3439 Deum
1975 3400 2105 3443 vero

531 3482 587 3529 et
608 3474 821 3543 proprie
845 3473 912 3527 de
944 3472 1115 3527 Patris
1141 3474 1437 3528 substantia
1462 3474 1727 3543 genitum;
1763 3475 1886 3531 illuc
1916 3474 2107 3544 impie-

534 3568 659 3622 tatis
681 3581 791 3621 sum
817 3565 1091 3620 molimina
1124 3566 1300 3632 vertit,
1351 3573 1408 3620 ut
1449 3565 1649 3620 eisdem
1679 3566 1852 3622 modis
1881 3568 2104 3623 eoden-

531 3672 634 3725 que
656 3656 875 3710 rationis
897 3655 1107 3721 ordine,
1136 3655 1326 3711 Filium
1346 3655 1413 3711 de
1435 3656 1591 3711 Patre
1610 3667 1876 3712 assereret
1897 3667 2103 3723 natum,

533 3747 670 3799 sicut
698 3745 937 3800 homines
968 3760 1062 3814 per
1092 3745 1393 3813 adoptionis
1418 3746 1663 3814 gratiam,
1706 3747 1758 3799 in
1784 3747 1978 3801 divina:
2007 3763 2104 3817 ge-

532 3834 831 3890 nerationis
888 3835 1091 3903 prolem
1142 3834 1366 3903 legimus
1415 3844 1782 3890 consecratos.
1834 3837 1989 3904 Quod
2047 3848 2103 3893 tu

520 3940 768 3994 quoque,
800 3925 923 3981 licet
951 3925 1071 3978 aliis
1098 3923 1302 3979 viarum
1327 3923 1533 3978 indiciis
1558 3926 1829 3994 gradiens,
1857 3927 1923 3980 ad
1954 3941 2103 3982 eum-

529 4018 653 4073 dem
686 4029 862 4073 tamen
895 4017 1219 4073 inﬁdelitatis
1248 4017 1541 4087 compitum
1588 4020 1879 4087 pervenisti
1913 4037 1924 4072 :
1958 4034 2104 4076 asse-

529 4126 653 4167 rens
680 4125 785 4165 non
808 4110 878 4166 ob
903 4111 1004 4166 hoc
1031 4102 1107 4166 de
1138 4110 1223 4165 illa
1257 4108 1511 4165 ineffabili
1562 4109 1734 4165 Patris
1781 4110 2102 4178 substantia,

527 4200 692 4254 lilium
721 4209 903 4255 natum
932 4200 1130 4256 debere
1160 4200 1406 4270 intelligi,
1453 4201 1593 4270 quod
1633 4216 1703 4257 ex
1735 4201 1842 4257 Deo
1871 4204 2101 4272 genitus,

528 4291 606 4343 vel
634 4304 699 4344 ex
726 4290 897 4344 Patris
926 4299 1081 4345 utero
1115 4290 1307 4360 legitur
1334 4291 1669 4359 processisse
1701 4308 1715 4345 :
1743 4307 1865 4347 cum
1896 4294 2105 4348 ratione

527 4378 793 4432 consimili
833 4393 942 4431 non
985 4380 1157 4432 solum
1201 4379 1446 4434 homines
1482 4396 1544 4434 ex
1576 4382 1687 4436 Deo
1709 4391 1881 4451 natos,
1917 4398 2103 4438 verum

528 4471 689 4522 etiam
723 4466 1112 4522 insensibilium
1153 4467 1537 4523 elementorum
1575 4472 1861 4540 qualitates
1897 4474 2101 4542 paterni

2210 3311 2316 3361 xiv,
2347 3295 2465 3363 28).
2525 3295 2637 3361 Qua
2671 3291 3001 3362 professione
3026 3292 3323 3347 evidentius
3356 3292 3671 3350 declaratur
3697 3295 3791 3349 Pa—

2210 3388 2306 3442 tris
2331 3396 2384 3440 et
2408 3386 2530 3441 Filii
2559 3386 2795 3440 diversas
2822 3399 2944 3440 esse
2972 3385 3314 3441 substantias.

2278 3476 2441 3531 XVII.
2458 3476 2769 3531 Athanasius
2785 3477 2913 3530 dixit
2934 3476 3239 3532 :Proliteris
3261 3477 3451 3532 Filium
3478 3479 3576 3535 Dei
3592 3480 3788 3545 Deum,

2209 3568 2459 3623 servilem
2484 3568 2657 3623 nostri
2686 3569 2900 3638 generis
2930 3568 3153 3623 formam
3175 3569 3424 3635 subiisse,
3457 3586 3525 3624 an
3558 3574 3708 3627 non?

2281 3660 2434 3712 Arius
2463 3660 2593 3713 dixit
2624 3675 2642 3711 :
2673 3659 2805 3726 Quis
2834 3659 2935 3714 hoc
2955 3660 3155 3729 impius
3185 3662 3481 3729 negaverit,
3510 3662 3791 3718 Christum

2166 3766 2171 3767 ί
2209 3751 2410 3806 scilicet
2434 3751 2627 3815 Deum,
2685 3752 2756 3807 ita
2800 3767 3017 3822 quoque
3065 3744 3251 3807 verum
3294 3754 3571 3810 hominem
3621 3758 3789 3812 conﬁ-

2211 3842 2431 3895 tendum
2456 3842 2478 3893 ?

2282 3930 2585 3985 Athanasius
2615 3932 2742 3986 dixit
2766 3948 2785 3986 :
2812 3924 3072 3987 Debemus
3092 3933 3257 4003 igitur
3279 3948 3466 3989 eorum
3487 3950 3621 4004 quae
3642 3937 3792 3992 Chri—

2210 4029 2326 4077 stus
2356 4022 2564 4076 locutus
2584 4031 2687 4086 est,
2731 4023 3003 4093 aliquanta
3046 4022 3333 4087 divinitati,
3374 4024 3662 4092 aliquanta
3692 4026 3791 4079 ha-

2213 4110 2452 4165 manitati
2482 4110 2782 4175 ascribere;
2838 4126 2903 4165 an
2944 4112 3061 4166 sine
3107 4112 3215 4166 ullo
3255 4112 3557 4179 partitionis
3596 4114 3791 4170 discri-

2210 4202 2374 4268 mine,
2399 4203 2646 4257 universa
2674 4212 2765 4257 aut
2796 4203 2925 4268 Deo,
2953 4213 3045 4258 aut
3066 4204 3265 4258 homini
3295 4205 3617 4274 ass‘gnare?

2281 4293 2436 4347 Arius
2462 4293 2633 4346 dixit:
2665 4293 2774 4349 Hoc
2816 4309 2923 4349 non
2956 4295 3126 4349 solum
3157 4295 3537 4366 irreligiosum,
3593 4300 3698 4355 sed
3742 4309 3792 4354 et

2210 4397 2434 4438 summa:
2460 4383 2733 4452 putabitur
2751 4397 2871 4439 esse
2896 4384 3200 4452 dement’aa,
3254 4395 3311 4439 ut
3336 4386 3513 4440 omnia
3534 4403 3677 4444 eum
3707 4398 3794 4443 aut

2211 4477 2503 4532 secundum
2530 4477 2884 4543 divinitatem,
2932 4485 3027 4532 aut
3072 4476 3361 4533 secundum
3393 4476 3795 4537 humanitatem

527 4558 661 4612 uteri
702 4557 1045 4627 generatione
1075 4559 1402 4629 processisse
1434 4559 1698 4630 legantur.
1730 4562 1795 4615 Et
1834 4562 1959 4617 licet
1993 4565 2098 4631 jam
2127 4545 2180 4607 θ
2208 4570 2441 4624 locutum
2473 4569 2634 4623 fuisse
2661 4576 2927 4637 putemus.

527 4648 688 4702 totius
719 4647 1106 4715 prosecutionis
1137 4656 1239 4701 tuae
1270 4649 1630 4704 narrationem
1655 4650 1809 4704 unius
1835 4654 2101 4707 sermonis

526 4737 958 4803 pronuntiatione
987 4737 1320 4804 dissolveris,
1352 4752 1462 4807 quo
1504 4738 1686 4793 dixisti
1739 4741 1894 4809 longe
1945 4742 2105 4797 aliter

522 4831 713 4885 Filium
742 4845 899 4900 quam
949 4839 1248 4885 creaturam
1297 4830 1549 4885 divinitus
1578 4832 1854 4887 exstitisse
1882 4850 1893 4885 :
1927 4842 2103 4889 tamen

524 4922 646 4992 quia
675 4921 935 4977 brevitate
964 4922 1228 4977 sermonis
1256 4922 1536 4977 obscurius
1567 4932 1619 4977 et
1641 4923 1956 4992 perplexius
1984 4940 2105 4992 pro-

522 5014 638 5077 lati,
672 5014 1019 5071 intentionem
1062 5012 1349 5081 legentium
1389 5015 1541 5069 tetris
1570 5014 1896 5082 quibusdam
1934 5018 2099 5070 nebu-

521 5105 587 5161 lis
614 5103 882 5160 obnubisti
917 5122 929 5156 :
964 5104 1160 5159 idcirco
1187 5119 1327 5158 nunc
1356 5117 1457 5173 ego
1488 5104 1713 5159 lucidius
1757 5116 1810 5160 et
1856 5107 2090 5176 planius,

520 5213 642 5269 qua:
668 5199 892 5254 obscura
915 5207 1039 5253 sunt
1064 5206 1119 5252 et
1151 5198 1430 5251 veritatem
1459 5197 1805 5264 obumbrant,
1838 5198 1893 5252 in
1930 5199 2098 5252 mani-

520 5294 860 5350 festatimiem
886 5293 1194 5348 clarissima:
1227 5292 1488 5360 proferam
1519 5292 1778 5345 notionis.

591 5386 730 5442 XVI.
771 5385 1057 5441 Ostendam
1097 5385 1270 5454 igitur,
1308 5391 1565 5453 quantum
1602 5381 1668 5436 ad
1709 5381 2090 5451 proprietatem

519 5479 708 5534 divina:
734 5477 1089 5549 gvnerationis
1117 5474 1366 5545 pertinet,
1398 5472 1500 5527 hoc
1523 5485 1644 5527 esse
1671 5486 1741 5526 ex
1769 5471 1877 5527 Deo
1916 5472 2090 5540 nasci,

521 5569 658 5637 quod
687 5578 767 5625 est
790 5570 857 5623 de
894 5569 1011 5639 ipso
1035 5566 1297 5636 generari.
1351 5563 1419 5617 Et
1445 5572 1503 5617 ut
1531 5560 1982 5617 manifestioribus
2012 5561 2093 5613 di-

523 5664 760 5718 vinarum
788 5662 1183 5732 Scripturarum
1212 5654 1531 5713 testimoniis
1560 5660 1695 5721 utar,
1722 5650 2091 5725 evangelicum

2278 4660 2588 4715 Athanasius
2618 4659 2746 4713 dixit
2778 4674 2797 4713 :
2827 4658 2883 4713 Si
2923 4672 3053 4728 ergo
3099 4658 3391 4714 secundum
3432 4660 3800 4729 professionis

2209 4759 2313 4805 tua:
2340 4750 2683 4816 sententiam,
2725 4749 2995 4819 aliquanta
3030 4749 3326 4813 divinitati,
3368 4751 3636 4804 nonnulla
3666 4768 3797 4806 vero

2210 4840 2525 4895 humanitati
2548 4837 2861 4895 ascribenda
2894 4846 3037 4902 sunt,
3075 4852 3171 4893 cur
3212 4852 3317 4892 non
3359 4838 3458 4892 hoc
3499 4841 3655 4905 quod
3705 4844 3802 4905 ait,

2212 4933 2369 4987 Pater
2402 4933 2571 5001 major
2600 4946 2677 4983 me
2708 4939 2779 4983 est
2811 4926 3024 4999 (Ibid.),
3054 4928 3404 4993 humanitati;
3433 4937 3489 4982 et
3517 4931 3676 4995 quod
3702 4934 3801 4992 ait,

2213 5020 2325 5093 Ego
2351 5030 2397 5075 et
2428 5019 2582 5073 Pater
2619 5035 2774 5072 unum
2821 5034 2994 5071 sumus
3035 5015 3223 5088 (Joan.
3279 5033 3317 5083 ι,
3362 5017 3476 5086 50),
3517 5018 3807 5075 divinitati

2181 5111 2561 5182 ‘reputemus?
2598 5109 2839 5178 Namque
2866 5118 2921 5164 ut
2946 5110 3178 5174 noveris,
3208 5109 3499 5164 secundum
3537 5109 3597 5163 id
3656 5114 3809 5181 quod

2213 5204 2373 5257 homo
2402 5211 2536 5270 erat,
2568 5215 2690 5256 eum
2712 5199 2945 5263 dixisse,
2982 5203 3149 5270 major
3178 5216 3258 5254 me
3289 5210 3391 5264 est,
3422 5201 3530 5255 ait:
3565 5201 3642 5257 Si
3671 5205 3808 5259 dili-

2208 5294 2387 5365 geretis
2415 5309 2491 5345 me
2513 5291 2803 5361 gauderetis
2832 5290 3024 5359 utique,
3039 5291 3158 5357 quia
3179 5288 3307 5343 uado
3331 5291 3399 5343 ad
3423 5289 3811 5362 Patrem,quia

2210 5382 2370 5437 Pater
2417 5383 2589 5452 major
2637 5376 2715 5435 me
2759 5390 2834 5435 est
2873 5378 3063 5449 (Joan.
3104 5395 3213 5446 xiv,
3252 5381 3372 5451 28).
3417 5381 3562 5451 Rogo
3610 5385 3813 5453 itaque

2206 5490 2325 5530 cum
2350 5474 2516 5529 Filius
2546 5471 2842 5528 secundum
2864 5471 3162 5527 divinitatis
3177 5486 3289 5526 sua:
3311 5473 3605 5542 potentiam
3641 5476 3815 5545 159

2207 5566 2453 5623 universa
2482 5564 2718 5635 impleat,
2747 5578 2847 5618 nec
2874 5563 2944 5617 sit
2967 5563 3158 5631 aliquis
3198 5564 3348 5620 locus
3374 5564 3562 5621 eadem
3592 5566 3816 5623 divini-

2207 5665 2315 5715 tate
2343 5670 2539 5714 vacuus
2563 5658 2787 5727 (utpote
2816 5656 2904 5727 qui
2929 5655 3145 5721 ctelum,
3169 5666 3221 5712 et
3253 5664 3455 5713 terram
3476 5699 3491 5724 ,
3523 5667 3700 5729 atque
3731 5662 3819 5715 in-
