3938 6376
138 410 230 465 809

924 402 1191 459 CONTRA
1233 400 1542 465 ARIANOS,
1582 399 2062 469 SABELLIANOS,
2102 397 2275 467 ETC.,
2317 397 2441 455 LIB.
2484 398 2542 453 ll.

3261 391 3361 447 .‘JO

139 524 271 578 lerna
302 518 414 588 pari
438 516 815 587 omnipotentis
843 515 1110 585 impleat);
1141 512 1407 585 quomodo
1429 515 1520 572 ait,
1550 506 1693 564 Vada
1724 519 1771 571 A
1799 513 2010 567 dicens:
2040 511 2298 566 Eructavit
2320 528 2407 566 cor
2422 524 2585 564 meum
2608 507 2805 563 verbum
2821 502 3205 581 bonumlPsal.
3226 521 3361 566 ων.

138 614 199 671 ad
212 612 435 675 Patrem,
455 623 574 664 cum
596 615 1144 678 quoetscmpererat,
1164 614 1218 659 et
1241 620 1269 658 a
1300 620 1404 673 quo
1425 617 1693 672 nunquam
1796 603 1874 672 2).
1903 603 2139 658 Joannes
2167 618 2378 672 quoque
2407 601 2751 669 evangelista,
2780 596 2954 653 sciens
2980 595 3117 666 apud
3151 595 3364 649 Patrem

138 710 422 762 recesserat
451 700 590 771 (ejus
615 707 700 755 est
721 700 861 755 enim
894 698 973 752 ire
996 707 1048 752 et
1082 698 1290 763 venire,
1318 695 1406 764 qui
1436 693 1696 763 aliquibus

140 801 364 853 locorum
389 793 633 849 terminis
653 789 1135 853 circumscribitur;
1163 795 1220 841 ut
1233 801 1355 841 eum
1383 786 1434 839 in
1458 800 1563 854 quo
1583 792 1697 839 erat

138 892 384 943 deserens
410 886 614 948 locum,
652 884 719 937 ad
750 882 909 936 alium
939 880 1025 936 ubi
1059 894 1162 934 non
1196 887 1313 935 erat
1340 876 1551 943 veniat)
1597 875 1696 930 nisi

89 1039 92 1042 ,
139 977 249 1048 quia
282 976 463 1042 utique
492 976 557 1029 de
588 974 678 1027 illo
703 987 861 1042 quem
891 978 1252 1038 assumpserat
1279 967 1493 1022 homine
1520 966 1697 1035 loque-

141 1068 307 1130 batur,
336 1064 475 1133 quod
506 1062 618 1132 ipse
639 1069 754 1117 erat
775 1062 942 1115 iturus
967 1059 1030 1113 ad
1051 1059 1284 1121 Patrem,
1304 1072 1331 1110 a
1361 1069 1468 1125 quo
1492 1063 1546 1109 et
1568 1067 1697 1109 ven-

140 1169 280 1213 turus
316 1166 396 1211 est
426 1155 663 1223 judicare
700 1152 850 1207 vivos
897 1161 951 1207 et
991 1149 1262 1205 mortuos?
1306 1148 1570 1202 Caeterum
1608 1146 1695 1200 ubi

140 1247 403 1313 divinitas,
432 1260 571 1315 quae,
598 1254 653 1300 ut
677 1244 926 1309 diximus,
969 1243 1216 1296 universa
1256 1240 1499 1307 itnplens,
1542 1238 1698 1292 nullis

139 1344 373 1397 locorum
398 1340 583 1408 spatiis
599 1340 930 1400 terminatur,
954 1337 1093 1392 sicut
1120 1335 1247 1390 nihil
1269 1342 1350 1389 est
1372 1331 1509 1387 unde
1528 1332 1701 1387 disce~

141 1433 243 1498 dat,
268 1433 346 1485 ita
379 1430 505 1485 nihil
536 1438 619 1485 est
646 1430 734 1484 ubi
761 1428 958 1484 veniat.

203 1514 391 1574 XVIII.
435 1520 499 1573 Et
533 1519 632 1574 hoc
668 1519 828 1573 modo
870 1527 1112 1587 apparet,
1157 1515 1449 1571 secundum
1480 1513 1531 1569 id
1562 1512 1703 1584 quod

141 1612 298 1664 homo
321 1619 424 1676 est,
448 1623 551 1664 non
573 1608 745 1663 solum
769 1607 948 1673 Patre,
980 1622 1161 1661 verum
1181 1607 1342 1661 etiam
1364 1605 1565 1675 angelis
1586 1618 1706 1681 βεδε

140 1698 421 1753 minorem.
451 1696 581 1751 Nam
612 1696 655 1750 si
685 1695 975 1751 secundum
999 1695 1052 1749 id
1084 1696 1224 1765 quod
1258 1696 1396 1750 Deus
1429 1703 1529 1757 est,
1582 1707 1704 1749 eum

142 1789 402 1842 minorem
424 1784 662 1855 accipere
687 1786 940 1850 volueris,
976 1785 1084 1854 pari
1114 1784 1433 1839 conditionis
1464 1782 1706 1838 necessi-

1804 693 2056 756 Verbum,
2090 692 2139 747 id
2164 701 2248 748 est
2269 692 2460 747 Filium
2483 707 2513 748 a
2536 691 2796 760 principio
2823 687 2963 759 apud
2990 687 3200 743 Patrem
3223 699 3364 749 esse;

1800 794 1851 839 et
1891 800 1921 838 a
1962 784 2119 838 Patre
2154 784 2387 839 Verbum
2426 798 2695 851 nunquam
2735 790 3034 849 separatum
3074 778 3272 841 luisse;
3315 776 3368 829 in

1800 874 2063 942 principio
2092 873 2386 943 Evangelii,
2424 874 2473 927 id
2497 884 2580 928 est
2611 872 3027 927 annuntiationis
3054 883 3164 924 suae
3197 867 3371 936 posuit

1802 963 1987 1018 dicens
2013 979 2025 1016 :
2050 962 2117 1015 In
2139 963 2387 1033 principio
2411 972 2517 1015 erat
2538 962 2781 1025 Verbum,
2805 972 2848 1015 et
2868 961 3084 1015 Verbunt
3103 968 3213 1013 erat
3230 960 3371 1024 apud

1805 1056 2060 1124 Deumget
2094 1055 2230 1110 Deus
2259 1066 2366 1121 erat
2404 1055 2624 1109 Verbum
2681 1056 2861 1126 (Joan.
2894 1072 2933 1121 ι,
2966 1055 3041 1125 l).
3082 1053 3148 1109 Et
3177 1053 3369 1108 iterum

1801 1147 1908 1201 alio
1961 1147 2079 1202 loco
2120 1136 2393 1215 Scriptura
2446 1146 2665 1201 tradidit
2697 1147 2880 1201 dicens
2912 1164 2925 1201 :
2960 1145 3176 1200 Initium
3205 1145 3372 1213 operis

1810 1238 2031 1293 Verbum
2066 1237 2252 1305 (Eccli.
2301 1252 2505 1299 xxxv",
2550 1235 2666 1305 20).
2709 1237 2823 1292 Non
2854 1238 2996 1307 quod
3023 1238 3076 1290 in
3106 1236 3374 1290 creatione

1806 1329 2000 1396 Verbi,
2040 1329 2091 1384 id
2117 1339 2201 1385 est
2226 1343 2255 1383 a
2280 1328 2401 1384 Filii
2429 1329 2703 1383 creatione
2741 1337 2963 1383 crateras
3001 1328 3163 1397 cmpit
3201 1327 3375 1381 lacere

1806 1429 2114 1476 creaturas:
2139 1420 2232 1476 sed
2259 1421 2383 1491 quia
2410 1435 2504 1491 per
2533 1419 2765 1475 Verbum
2793 1420 2909 1485 Dei,
2959 1420 3011 1474 id
3043 1430 3126 1475 est
3166 1435 3260 1489 per
3292 1417 3378 1473 Fi-

1816 1512 1945 1566 lium
1973 1510 2152 1565 omnia
2183 1520 2360 1566 creata
2390 1518 2701 1565 noscuntur.
2753 1508 2905 1565 Unde
2927 1509 3092 1565 David
3122 1510 3378 1579 prapheta

1809 1603 1953 1663 canit
1978 1613 2033 1659 et
2059 1604 2227 1658 dicit:
2266 1603 2426 1657 Verbo
2458 1602 2666 1657 Domini
2686 1603 2799 1657 ειτιὶ
2829 1602 3019 1671 ﬁrmati
3044 1611 3161 1657 sunt
3200 1601 3375 1671 (Psal.

1810 1711 1977 1762 χχιιι,
2008 1694 2085 1764 6).
2128 1694 2193 1749 Ει
2222 1703 2278 1749 ut
2308 1694 2562 1763 Spiritum
2603 1702 2845 1749 sanctum
2886 1692 3047 1761 hujus
3077 1693 3256 1762 operis
3285 1707 3375 1745 so-

1810 1788 1950 1842 cium
1982 1801 2103 1842 esse
2123 1786 2455 1853 ostenderet,
2497 1794 2711 1843 secutus
2735 1795 2816 1841 est
2842 1785 3026 1840 dicens
3053 1802 3068 1839 :
3101 1794 3147 1839 et
3178 1785 3379 1851 Spiritu

145 1889 272 1945 tate,
304 1879 462 1933 etiam
491 1878 696 1947 angelis
724 1876 1013 1932 secundum
1037 1875 1328 1929 divinitatis
1351 1884 1591 1928 naturam
1616 1873 1714 1927 mi-
1745 1872 1792 1932 Β
1818 1880 1921 1932 m’s
1951 1880 2061 1949 ejus
2089 1880 2251 1933 omnis
2272 1879 2429 1932 virtus
2458 1894 2651 1933 eorum.
2694 1878 2871 1932 Multte
2906 1887 3029 1931 sunt
3065 1876 3292 1944 denique
3315 1875 3383 1929 de

142 1984 239 2024 nor
258 1984 381 2025 esse
411 1968 692 2024 videbitur.
722 1967 959 2037 Denique
982 1966 1269 2035 Apostolus
1298 1966 1372 2021 ait
1398 1984 1407 2017 :
1438 1964 1711 2018 Minorasti

139 2077 254 2114 eum
285 2060 441 2130 paulo
470 2060 638 2112 minus
655 2060 715 2111 ab
738 2058 932 2129 angelis
963 2056 1147 2125 (Hebr.
1168 2072 1224 2121 ll,
1245 2056 1321 2126 7).
1350 2056 1402 2109 Si
1425 2070 1553 2123 ergo
1573 2053 1711 2107 nulla

141 2152 349 2207 ratione
392 2151 688 2206 admittitur
736 2159 790 2203 ut
838 2150 1126 2203 secundum
1170 2148 1219 2202 id
1264 2147 1403 2217 quod
1452 2147 1590 2201 Deus
1633 2154 1714 2200 est

142 2243 319 2296 minor
367 2241 571 2311 angelis
618 2240 898 2306 habeatur,
955 2249 1175 2309 apparet
1206 2239 1305 2294 hoc
1350 2238 1715 2293 minorationis

142 2332 377 2387 ollicium
422 2347 529 2387 non
588 2332 698 2387 Deo
733 2332 926 2397 Verbo,
976 2331 1067 2387 sed
1115 2330 1317 2386 homini
1363 2328 1715 2401 reputandum

143 2432 443 2494 assumpto.

221 2516 424 2570 Probus
458 2518 621 2587 judea:
671 2516 798 2571 dixit
838 2532 856 2570 :
904 2516 971 2571 Ut
1001 2524 1089 2571 tua
1120 2515 1172 2569 in
1202 2514 1448 2571 omnibus
1478 2513 1722 2568 lulciatur

145 2606 380 2661 assertio
400 2608 647 2674 veritate,
677 2607 927 2662 convenit
955 2623 983 2660 a
1016 2610 1122 2660 tuis
1146 2605 1402 2673 partibus,
1435 2605 1650 2659 Patrem
1671 2611 1725 2657 et

144 2695 350 2751 Filium
379 2706 433 2751 et
461 2697 717 2767 Spiritum
751 2707 1014 2765 sanctum,
1058 2696 1359 2751 divinorum
1389 2695 1721 2751 testimonio-

146 2802 270 2841 rum
299 2786 548 2853 lectione,
583 2788 734 2841 unius
762 2787 1056 2856 approbare
1080 2786 1411 2841 substantia}.

223 2876 542 2931 Athanasius
564 2878 692 2930 dixit
716 2892 736 2931 :
757 2878 1014 2944 Quoniam
1036 2876 1404 2931 excellentiam
1438 2884 1579 2930 tuam
1607 2889 1723 2942 per-

146 2966 340 3036 spicio,
375 2966 498 3021 huic
541 2967 615 3021 rei
648 2966 1028 3022 instantissime
1055 2981 1118 3021 ac
1145 2965 1373 3021 ﬁdeliter
1420 2967 1719 3033 imminere,

150 3064 212 3109 ut
240 3055 450 3111 Patrem
481 3066 534 3111 et
561 3056 750 3111 Filium
778 3067 830 3112 et
851 3057 1102 3126 Spiritum
1134 3068 1374 3111 sanctum
1408 3056 1563 3111 unius
1603 3071 1723 3111 esse

148 3146 466 3201 substantiae
492 3146 955 3213 demonstremus,
1008 3156 1165 3217 atque
1212 3147 1405 3202 Filium
1446 3146 1511 3203 de
1552 3147 1723 3201 Patris

1814 1969 1950 2025 Filio
1974 1970 2265 2039 Scriptura:
2287 1968 2482 2027 divina:
2511 1967 2852 2038 perhibentes
2881 1966 3384 2032 testimonium,quo

1814 2060 1881 2115 de
1909 2060 2207 2118 substantia
2235 2060 2428 2127 Patris,
2454 2059 2504 2113 id
2532 2067 2609 2114 est
2634 2058 2703 2113 de
2734 2074 2801 2114 eo
2821 2060 2960 2127 quod
2985 2060 3104 2127 ipse
3125 2066 3206 2110 est
3234 2056 3385 2124 geni-

1816 2160 1902 2205 tus
1924 2150 2382 2206 demonstraretur
2417 2167 2429 2202 :
2472 2149 2551 2205 de
2568 2164 2668 2219 qua
2699 2149 2994 2203 substantia
3034 2162 3137 2201 non
3181 2154 3387 2200 tantum

1816 2242 2005 2298 similis
2032 2242 2175 2296 Patri
2202 2240 2370 2296 Filius
2400 2241 2797 2310 comprobatur.
2826 2240 2949 2294 llrec
2976 2238 3107 2293 lides
3129 2248 3386 2307 estquam

1817 2333 2063 2390 Christus
2101 2334 2356 2402 apostolis
2396 2333 2645 2397 tradidit,
2684 2340 2739 2389 et
2787 2332 2853 2386 ab
2890 2331 3148 2399 apostolis
3186 2330 3250 2383 ad
3283 2343 3390 2405 nos

1820 2441 1988 2495 usque
2014 2426 2275 2495 pervenit.
2319 2424 2425 2479 Nec
2451 2438 2733 2493 possumus
2763 2437 2881 2478 eam
2912 2424 2964 2475 in
2988 2423 3167 2492 aliquo
3191 2422 3381 2475 immu-

1824 2525 1960 2579 tare,
1990 2530 2146 2585 quam
2174 2523 2382 2569 constat
2421 2529 2517 2569 nos
2565 2514 2759 2569 debere
2790 2511 3015 2568 ﬁdeliter
3040 2512 3107 2567 ab
3134 2511 3305 2578 initio,
3334 2521 3391 2565 ut

1824 2606 1943 2660 data
1975 2614 2077 2673 cst,
2118 2620 2460 2661 conservare.
2636 2610 2640 2614 ‘

1899 2698 2049 2769 161
2075 2696 2190 2752 XX.
2224 2696 2421 2751 Probus
2442 2699 2605 2769 judex
2632 2698 2803 2753 dixit:
2831 2696 2978 2752 Licet
3004 2710 3240 2767 congruo
3272 2695 3354 2749 dis
3375 2722 3391 2735 -

1826 2791 2113 2860 putationis
2138 2789 2327 2845 ordine
2379 2805 2474 2858 per
2504 2791 2644 2844 varia
2676 2792 3026 2860 quaestionum
3056 2789 3389 2853 diverticula,

1825 2880 2083 2935 orationis
2110 2891 2301 2934 vestra;
2325 2885 2525 2933 feratur
2554 2880 2800 2939 intentio.
2820 2890 2874 2934 et
2894 2880 3038 2935 velut
3064 2894 3092 2933 a
3123 2880 3393 2949 proposita

1826 2970 2163 3025 rectitudinis
2195 2971 2331 3025 linea
2380 2971 2652 3040 paululum
2707 2972 3009 3027 necessario
3055 2970 3297 3036 devians,
3343 2970 3395 3021 in

1826 3061 2099 3129 obliquum
2132 3060 2358 3114 tortuosi
2390 3060 2622 3115 tramitis
2649 3070 2832 3129 pergat
2854 3059 3172 3126 anfractum,
3201 3058 3269 3111 ob
3297 3057 3398 3112 hoc

1826 3151 2031 3224 scilicet
2079 3152 2200 3207 avia
2243 3166 2468 3221 quisque
2520 3151 2867 3219 perlustrans,
2910 3158 2969 3205 ut
3009 3151 3145 3204 nihil
3188 3149 3399 3219 penitus

149 3238 451 3293 substantia
465 3246 643 3291 natum
661 3253 723 3293 ex
748 3238 941 3294 divinis
958 3238 1314 3294 voluminibus
1330 3240 1721 3309 approbemus;
1753 3236 1799 3299 C
1833 3240 2243 3311 inexploratum,
2276 3240 2411 3294 nihil
2442 3240 2711 3310 relinquat
2736 3242 2989 3297 intactum
3019 3257 3033 3305 ;
3063 3248 3240 3294 tamen
3268 3255 3399 3309 quo-

149 3340 455 3396 qnanquam
483 3328 719 3382 omnium
747 3328 1173 3396 prosecutionum
1203 3345 1439 3384 mearum
1457 3331 1723 3386 sententia

150 3415 225 3467 ita
256 3430 318 3470 se
350 3414 548 3471 habere
575 3424 924 3482 monstratur,
952 3427 1011 3472 ut
1038 3420 1178 3473 sicut
1217 3420 1485 3474 hominum
1520 3420 1605 3475 vel
1632 3434 1725 3475 cu-

150 3502 370 3571 jus!ibet
399 3505 706 3560 animalium
736 3520 903 3575 genus
931 3521 1041 3562 sua:
1066 3509 1378 3563 substantia:
1407 3510 1609 3565 similes
1649 3511 1725 3580 gi-

151 3602 305 3660 gnat,
337 3603 394 3648 et
420 3608 517 3649 nec
536 3594 696 3649 homo
716 3596 927 3661 bovem,
958 3613 1056 3653 nec
1078 3598 1174 3654 bos
1196 3600 1461 3654 hominem
1476 3610 1724 3669 generet;

152 3682 251 3737 sed
283 3683 348 3737 ad
391 3698 543 3739 suam
579 3685 1006 3749 similitudinem.
1057 3688 1107 3743 id
1142 3697 1224 3744 est
1252 3705 1361 3744 sua:
1392 3692 1726 3757 substantia}.

154 3790 493 3846 unaquaeque
517 3790 607 3831 res
638 3787 917 3843 procreet;
970 3780 1152 3835 mirari
1182 3783 1367 3851 utique
1410 3798 1515 3838 non
1559 3783 1729 3839 debeo

156 3865 330 3920 Deum
355 3867 592 3935 potuisse
612 3867 679 3923 de
698 3883 795 3923 sua
818 3869 1114 3925 substantia
1142 3872 1331 3926 Filium
1356 3875 1728 3940 generare,cui

155 3967 333 4013 totum
357 3974 516 4029 posse
538 3961 835 4031 subjectum
866 3972 966 4018 est.
1001 3963 1109 4019 Sed
1143 3976 1197 4018 ιιι
1227 3980 1401 4035 neque
1429 3964 1731 4034 Scriptura-

152 4064 280 4104 rum
312 4053 616 4107 testimonio
647 4068 765 4107 mea
796 4055 965 4109 oratio
992 4066 1326 4127 pervagetur,
1368 4058 1523 4129 160
1551 4072 1734 4129 aggre-

152 4139 284 4192 dior
315 4140 481 4207 ipsius
510 4141 861 4208 opitulatione
891 4146 1159 4212 munitus,
1209 4147 1402 4201 Filium
1446 4149 1513 4203 de
1562 4148 1735 4204 Patris

155 4227 467 4281 substantia
490 4229 827 4284 inellabiliter
848 4243 1050 4301 natum,
1073 4252 1141 4290 ex
1162 4236 1355 4291 divinis
1378 4238 1609 4293 oraculis
1642 4254 1737 4308 ap-

1831 3331 1972 3385 niam
2006 3330 2116 3384 Arii
2145 3331 2465 3398 prosecutio,
2498 3344 2654 3399 quam
2683 3329 2882 3383 dudum
2908 3329 3227 3383 arctioribus
3254 3342 3401 3397 qua:-

1827 3420 2063 3474 stionum
2096 3418 2249 3474 nodis
2281 3418 2600 3488 illigaverat,
2620 3420 2916 3487 {ancipitem
2942 3419 3082 3473 hunc
3112 3419 3401 3473 dubietatis

1830 3525 2045 3565 sensum
2074 3509 2403 3563 auditoribus
2432 3509 2786 3578 derelinquit;
2815 3509 2940 3562 dum
2963 3524 3068 3562 non
3093 3508 3401 3573 omnia,sed

1830 3610 1975 3656 certa
2008 3614 2233 3669 qumque
2262 3600 2583 3668 objectionis
2614 3594 2867 3668 capitula,
2909 3599 3188 3654 Athanasii
3218 3599 3401 3653 viden-

1834 3702 1919 3748 tur
1964 3691 2404 3761 responsionibus
2450 3691 2731 3755 dissoluta,
2762 3706 3097 3762 consequens
3128 3693 3255 3747 mihi
3285 3707 3405 3746 esse

1833 3785 2063 3849 videtur,
2096 3783 2162 3838 ad
2192 3783 2394 3852 reliqua
2425 3784 2540 3851 ejus
2573 3782 2907 3851 expedienda
2958 3782 3013 3837 in
3056 3784 3252 3853 quibus
3292 3797 3406 3837 ma-

1835 3877 1980 3931 xime
2006 3875 2309 3930 auditorum
2344 3874 2512 3929 hmret
2545 3875 2790 3941 intentio,
2826 3875 3172 3932 Athanasium
3211 3872 3408 3930 debere

1835 3967 2091 4022 orationis
2115 3982 2227 4021 suae
2247 3966 2521 4021 reﬂectere
2543 3982 2782 4021 cursum.
2798 3966 3077 4035 Siquidem
3107 3967 3231 4020 illud
3256 3967 3409 4020 nobis

1838 4059 2097 4127 majorem
2129 4059 2483 4117 haesitationis
2512 4058 2816 4125 scrupulum
2847 4066 3051 4121 movet,
3087 4059 3227 4127 quod
3268 4057 3408 4112 idem

1842 4145 1999 4200 A‘rius
2023 4146 2415 4212 dixit,Patrem
2442 4161 2547 4200 non
2580 4147 2894 4201 naturaliter
2922 4146 3114 4200 Filium
3137 4148 3408 4216 genuisse,
3434 4210 3437 4217 η

1843 4250 1910 4289 ne
1939 4236 2148 4290 scilicet
2185 4235 2516 4290 naturalibus
2547 4230 2792 4290 tiideatur
2820 4236 3188 4291 conditionum
3224 4252 3411 4291 neces-

156 4314 431 4383 probnre;
461 4324 521 4371 ut
543 4316 668 4373 dum
700 4319 969 4376 luculento
990 4324 1360 4393 disputationis
1385 4328 1617 4398 tramite,
1636 4344 1743 4383 non
1844 4325 2092 4381 sitatibus
2145 4326 2455 4395 subiacere;
2488 4327 2581 4382 sed
2609 4326 2906 4382 voluntario
2939 4328 3178 4383 caritatis
3222 4327 3414 4386 all‘ectu

156 4423 224 4461 ex
259 4416 578 4475 argumento
623 4407 1009 4478 pbiIOSOphicae
1036 4414 1166 4469 artis
1197 4416 1478 4481 veniente;
1520 4417 1638 4485 sed,
1686 4430 1745 4474 ut
1845 4417 2101 4483 edidisse,
2149 4433 2255 4489 quo
2285 4433 2379 4487 per
2411 4417 2525 4474 haec
2553 4418 2607 4473 iri
2638 4418 2749 4473 Deo
2780 4420 2965 4474 liberte
3015 4419 3292 4489 potestatis
3323 4420 3416 4474 de-

159 4495 298 4560 dixi,
348 4510 413 4551 es
460 4497 653 4552 divinis
681 4508 1050 4555 monstravero
1075 4504 1426 4575 documentis,
1490 4519 1614 4565 tunc
1641 4509 1739 4564 d’e-

1846 4519 2174 4565 monstretur
2200 4510 2483 4576 indicium;
2516 4519 2676 4582 atque
2703 4513 2775 4566 ita
2811 4512 3147 4568 extrinsecus
3170 4512 3341 4583 magis
3362 4523 3419 4568 et

160 4600 317 4639 mum
348 4586 505 4642 Arius
524 4589 885 4655 Obmutescat,
910 4605 1027 4645 cum
1056 4578 1248 4647 Filium
1282 4595 1349 4651 de
1377 4606 1595 4665 paterna
1614 4600 1741 4656 sub-
1766 4594 1819 4656 D
1844 4600 2080 4667 aliunde,
2114 4615 2271 4670 quam
2298 4601 2365 4656 de
2393 4616 2452 4656 se
2480 4578 2602 4672 ipso
2642 4602 2971 4671 intelligatur
3006 4578 3330 4673 generasse:
3364 4613 3419 4659 et

161 4674 365 4729 stantia
395 4678 651 4747 genitum,
691 4679 951 4751 legalibus
980 4682 1229 4753 eloquiis,
1274 4701 1359 4742 me
1388 4687 1616 4746 docente
1645 4706 1739 4748 co-

161 4765 436 4833 gttoverit.

235 4856 386 4911 XIX.
428 4858 624 4915 Paulus
650 4862 921 4930 apostolus
960 4864 1028 4921 de
1071 4865 1209 4922 Filio
1242 4868 1306 4922 ad
1331 4868 1583 4929 Hebraeos
1609 4874 1742 4929 scri-

162 4946 322 5015 bens,
358 4948 432 5003 ait
462 4967 473 5002 :
509 4949 638 5003 Cum
667 4952 752 5018 sit,
785 4952 979 5023 inquit,
1025 4957 1193 5027 imago
1229 4959 1494 5016 invisibilis
1526 4962 1655 5030 Dei,
1695 4975 1742 5018 et

119 5109 126 5115 ⁸
163 5039 390 5109 ﬁguram
417 5040 712 5097 substantia:
737 5045 846 5113 ejus
874 5063 1050 5115 gerens
1080 5048 1097 5114 ζ
1112 5047 1237 5102 Heb.
1259 5066 1298 5117 ι,
1320 5051 1381 5114 3;
1412 5052 1521 5107 Col.
1545 5070 1583 5118 ι.
1612 5056 1735 5124 15);

164 5129 432 5186 Jeremias
458 5146 665 5202 quoque
682 5134 1125 5203 prudentissimus
1149 5141 1549 5211 prophetarum,
1567 5144 1631 5199 de
1644 5145 1741 5201 Dei

168 5220 346 5275 Patris
376 5236 601 5290 persona
631 5225 998 5293 concionatur,
1028 5238 1083 5284 et
1121 5229 1251 5285 dicit
1276 5247 1290 5284 :
1325 5232 1385 5285 Si
1413 5233 1659 5287 stetissent
1689 5235 1743 5288 in

168 5309 454 5365 substantia
480 5328 610 5379 mea,
643 5323 689 5367 et
711 5316 967 5371 audissent
991 5320 1193 5373 uerbum
1229 5337 1413 5386 meum,
1470 5333 1745 5378 auerterent

168 5417 250 5455 eos
277 5418 309 5455 a
334 5403 517 5456 studiis
544 5405 649 5458 suis
674 5408 905 5475 pessimis
932 5406 1067 5477 (Jer.
1099 5426 1251 5478 nm,
1283 5412 1376 5478 2‘2,
1406 5429 1506 5467 sec.
1536 5413 1739 5483 LXX):

167 5500 222 5544 et
251 5501 309 5545 ut
339 5507 462 5546 eum
499 5494 570 5548 de
599 5494 733 5549 Filio
760 5497 958 5555 dixisse
989 5502 1268 5570 probaret,
1302 5504 1572 5574 subjungit
1599 5506 1741 5561 idem

170 5584 433 5651 propheta
456 5593 511 5639 et
540 5585 669 5640 dicit
696 5604 709 5640 :
732 5588 857 5655 Quis
886 5593 1020 5644 stetit
1048 5593 1098 5645 in
1120 5593 1404 5649 substantia
1434 5612 1564 5663 mea,
1599 5608 1643 5651 et
1670 5599 1744 5650 vi-

172 5671 243 5721 dit
271 5672 477 5725 verbum
507 5690 669 5728 meum
698 5675 1041 5749 (Ibid.,18)?
1075 5681 1302 5737 Verbum
1331 5684 1470 5739 enim
1505 5701 1627 5740 esse
1660 5686 1744 5740 Fi-

175 5760 330 5832 lium,
365 5763 526 5820 David
557 5766 813 5836 prOpIteta
840 5768 904 5826 de
940 5770 1111 5828 Patris
1143 5787 1367 5842 persona
1396 5784 1742 5847 protestatur,

1839 4690 1985 4760 jure,
2014 4701 2251 4760 paternae
2294 4693 2585 4747 voluntatis
2628 4693 2841 4759 allecto,
2881 4704 2936 4749 et
2978 4696 3213 4751 caritatis
3243 4697 3419 4766 potius

1844 4799 2002 4852 quam
2033 4794 2236 4838 natura:
2276 4784 2472 4839 Filium
2513 4800 2633 4839 esse
2660 4785 3020 4851 credendum;
3047 4802 3203 4855 quem
3236 4788 3419 4859 (utdi-

1846 4884 1986 4930 ctum
2016 4876 2118 4945 est)
2151 4877 2455 4942 voluntate,
2474 4884 2529 4931 et
2556 4892 2662 4931 non
2697 4877 2925 4934 naturali
2949 4879 3067 4948 lege
3091 4878 3421 4949 dignoscitur

1848 4967 2106 5025 edidisse.
2140 4968 2272 5023 Cum
2300 4983 2431 5038 ergo
2461 4969 2617 5035 hanc,
2647 4978 2706 5023 ut
2732 4970 2867 5039 dixi,
2900 4986 3005 5026 non
3034 4972 3249 5027 nodosae
3275 4988 3420 5043 qum-

1849 5055 2038 5109 stioriis
2082 5056 2401 5111 solutionem
2432 5057 2635 5127 (utrum
2664 5060 2933 5117 oblivione
2976 5076 3043 5117 an
3081 5062 3419 5132 difﬁcultate)

1850 5147 2199 5203 Athanasium
2226 5150 2425 5218 liqueat
2466 5153 2747 5215 omisisse;
2780 5169 2940 5221 nunc,
2969 5156 3013 5209 si
3042 5157 3270 5223 videtur,
3293 5171 3423 5210 eou-

1852 5247 1929 5291 tra
1961 5253 2023 5294 ea
2053 5254 2172 5309 quae
2199 5242 2495 5297 orationem
2520 5244 2658 5313 ejus,
2679 5246 2749 5300 ob
2772 5245 2854 5300 sui
2882 5246 3235 5315 prolixitatem
3267 5248 3423 5301 lorsi-

1853 5336 1941 5381 tan
1970 5328 2293 5401 ellugerunt,
2334 5334 2704 5403 responsionis
2736 5336 2850 5405 ejus
2885 5335 3112 5392 intentio
3141 5336 3416 5404 dirigatur.

1922 5419 2062 5475 XXI.
2096 5424 2250 5478 Arius
2276 5426 2406 5479 dixit
2435 5442 2453 5479 :
2482 5426 2625 5484 Bene
2654 5428 3004 5483 solertissima
3035 5428 3230 5484 mentis
3250 5429 3423 5481 inten-

1849 5508 2016 5575 tione,
2054 5522 2112 5565 ut
2145 5523 2271 5581 p0te
2310 5515 2755 5585 vigilantissimus
2792 5519 3052 5586 cognitor,
3096 5516 3420 5571 cautioribus

1849 5601 2014 5653 uteris
2065 5604 2483 5669 provisionibus.
2531 5606 2664 5661 Nam
2711 5607 2837 5659 mihi
2893 5620 2923 5659 c
2981 5609 3236 5663 memoria
3287 5624 3423 5676 perte

1848 5688 2084 5758 elapsum
2120 5691 2293 5749 luerat
2323 5696 2424 5751 hoc
2454 5695 3087 5761 articulumqurestionis.
3122 5697 3301 5754 I‘Idicat
3328 5702 3421 5769 igi-

1852 5790 1937 5834 tur
1963 5782 2283 5841 Athanasius
2307 5785 2595 5856 quomodo,
2620 5786 2664 5838 si
2690 5783 3001 5840 naturaliter
3026 5790 3205 5858 genuit
3232 5790 3420 5845 Filium
