3938 6376
591 363 691 418 9η

1890 368 2109 424 vtctLtt
2150 368 2523 427 TAPSENSIS’
3539 388 3549 406 ι
3673 390 3746 448 ειε

574 469 768 537 'Pater,
800 481 1005 529 natura:
1044 476 1454 532 necessitatibus
1508 492 1611 533 non
1664 485 1905 533 teneatur
1956 479 2157 533 obstri-
2188 484 2241 541 Α
2269 481 2406 537 Deus
2432 493 2515 537 est
2544 485 2910 552 immutabilis,
2944 502 3043 544 nec
3064 488 3235 545 bonus
3264 505 3357 548 nec
3394 494 3547 549 malus
3571 499 3664 554 sine
3678 502 3745 555 du-

588 571 737 628 ctus;
766 562 855 617 ubi
887 578 994 618 non
1020 564 1288 631 voluntas,
1323 567 1416 621 sed
1454 568 1533 621 vis
1578 576 1779 622 natura:
1815 570 2024 636 copiam
2057 571 2157 622 tri-

587 654 705 710 buit
730 655 1039 724 generandi.
1061 655 1290 712 Necesse
1312 667 1392 711 est
1415 658 1555 712 enim
1574 672 1657 724 ea,
1686 673 1806 727 qua:
1831 659 2158 713 naturalibus

588 755 817 813 aguntur
858 745 1119 809 motibus,
1162 746 1335 800 libera
1373 761 1491 801 esse
1535 762 1647 802 non
1687 762 1864 817 posse,
1906 757 2158 817 tantoque

588 835 803 890 Patrem
851 836 903 889 in
951 850 1063 891 suae
1112 837 1395 891 voluntatis
1440 838 1635 892 affectu
1685 840 1861 893 minus
1908 839 2156 906 liberum,

587 935 788 992 quanto
811 935 864 979 et
886 936 1088 979 natura:
1115 927 1265 996 162
1290 942 1400 979 suae
1426 928 1548 995 jura
1578 930 1942 982 dominantur.

640 1014 948 1068 Athanasius
960 1016 1088 1069 dixit
1102 1032 1120 1070 :
1135 1017 1250 1070 Istis
1266 1032 1383 1085 quas
1396 1018 1555 1072 Arius
1578 1018 1883 1087 garrulatur
1908 1028 2154 1087 tanquam

585 1107 983 1177 inexpugnabili
1012 1110 1327 1177 quaestione,
1363 1109 1493 1163 nihil
1527 1109 1783 1178 ineptius,
1808 1109 1936 1163 nihil
1971 1109 2154 1164 absur-

584 1198 707 1253 dius
722 1212 949 1265 unquam
964 1199 1161 1265 poterit
1181 1200 1439 1263 inveniri;
1459 1200 1591 1253 etoh
1606 1200 1706 1255 hoc
1721 1215 1781 1254 ea
1807 1202 2155 1271 responsione

583 1302 796 1358 quoque
817 1289 1315 1358 pulsareindignum
1344 1290 1703 1356 credideram,
1727 1292 2152 1362 quandoquidem

581 1380 726 1434 solet
762 1380 1031 1435 interdum
1081 1381 1321 1436 stultitim
1368 1392 1547 1437 notam
1596 1385 1887 1447 incurrere,
1919 1386 2155 1453 quisquis

580 1472 780 1525 mavult
808 1471 1121 1527 stultissime
1142 1471 1281 1527 dicta
1309 1473 1571 1529 refellere.
1593 1476 1723 1540 Quia
1745 1489 1870 1546 ergo
1892 1477 1947 1529 in
1967 1476 2150 1530 eadem

577 1562 877 1628 qumstione
906 1563 1198 1631 pluritnum
1242 1564 1345 1619 sibi
1376 1566 1738 1635 opitulationis
1784 1571 1963 1625 inesse
1990 1572 2152 1626 conﬁ-

577 1653 674 1716 dit,
706 1668 864 1722 quam
909 1655 1054 1710 velut
1090 1656 1395 1712 inevitabile
1427 1658 1769 1728 syllogistica:
1811 1662 1939 1715 artis
1971 1663 2141 1716 tendi-

577 1744 781 1811 culum,
811 1746 1099 1814 petulantis
1126 1747 1254 1801 satis
1282 1747 1555 1816 iactantia:
1581 1751 1868 1818 supercilio
1900 1753 2147 1821 infligen~

2265 571 2355 626 bio
2383 576 2850 644 cstproﬁtendus;
2881 580 3001 647 quia
3048 596 3208 636 omne
3248 584 3383 651 quod
3423 588 3670 644 secundum
3692 602 3743 656 te,

2263 664 2589 717 naturalibus
2612 666 2777 721 fertur
2807 669 3058 735 motibus,
3090 670 3347 725 libertatis
3374 684 3510 728 caret
3555 677 3740 745 arbitrio,

2259 766 2414 818 quem
2443 752 2612 808 ﬁnalis
2644 766 2845 810 natura:
2875 759 3129 813 terminus
3148 760 3284 813 intra
3307 772 3468 817 metas
3491 767 3747 825 conditionis

2262 849 2405 894 tenet
2434 842 2693 899 inclusum
2716 864 2729 899 :
2754 846 2960 915 eritque
3007 848 3147 903 sicut
3188 867 3347 906 unum
3385 855 3627 921 quodlibet
3658 859 3737 913 ele-

2260 942 2577 1001 mentorum,
2606 935 2741 989 sicut
2768 952 2901 1005 aqtta
2932 938 3011 992 vel
3046 947 3212 1007 terra,
3244 956 3357 1009 qua:
3380 942 3500 997 nihil
3520 946 3638 1000 aliud
3657 962 3742 1003 esse

2258 1029 2430 1088 potest
2454 1038 2611 1090 quam
2642 1025 2693 1078 id
2714 1026 2853 1094 quod
2871 1038 2979 1092 est;
3010 1029 3133 1082 dum
3169 1046 3338 1098 neque
3380 1032 3656 1087 melioribus
3676 1051 3741 1090 atto

2256 1114 2367 1182 geri
2400 1115 2745 1182 profectibus,
2781 1134 2952 1187 neque
2982 1120 3031 1173 in
3056 1120 3291 1175 deterius
3315 1123 3470 1177 relabi
3509 1125 3743 1180 arcentibus

2258 1209 2459 1257 natura:
2482 1202 2689 1273 legibus
2710 1216 2907 1274 potest.

2326 1291 2512 1347 XXIII.
2541 1294 2675 1361 Quia
2703 1311 2829 1351 vero
2864 1298 3026 1351 Denm
3060 1300 3328 1353 voluntate
3352 1301 3515 1368 potius
3533 1316 3659 1370 quam
3680 1317 3740 1355 na-

2256 1390 2372 1435 tura
2402 1386 2594 1439 asserit
2624 1388 2998 1454 proﬁtendum,
3036 1389 3161 1443 dum
3199 1390 3387 1444 Filium
3427 1393 3659 1446 voluntate
3680 1408 3740 1460 pa-

2256 1472 2392 1525 terni
2409 1472 2624 1529 aIfectus
2650 1484 2808 1544 atque
2825 1479 3233 1544 necessitudine,
3260 1494 3362 1532 non
3382 1480 3586 1533 naturali
3604 1482 3740 1534 virtute

2252 1563 2488 1631 genitum
2513 1566 2701 1632 credit,
2734 1567 2912 1621 audiat
2939 1584 3096 1635 quam
3130 1569 3341 1623 absurdi
3373 1585 3549 1625 sensus
3574 1571 3734 1624 ratioii-

2255 1646 2400 1707 naﬁo
2430 1654 2581 1709 istius
2609 1655 2958 1725 professionis
3002 1657 3402 1727 intelligentiam
3437 1670 3737 1728 consequatur.

2253 1741 2483 1799 Necesse
2518 1760 2645 1814 ergo
2670 1747 2769 1799 erit
2804 1746 2968 1801 Deum
3008 1748 3243 1816 profettu
3276 1752 3507 1805 melioris
3532 1735 3737 1805 electionis

576 1834 699 1888 dam
735 1838 957 1902 putavit,
977 1838 1297 1907 respondeat
1329 1848 1506 1895 utrum
1537 1842 1847 1898 mutabilem
1864 1845 2052 1910 Deum,
2077 1861 2132 1899 an

2249 1836 2453 1904 augeri,
2493 1836 2618 1890 dum
2652 1837 2790 1891 bona
2822 1854 2996 1892 rerum
3034 1839 3322 1905 electione,
3363 1842 3738 1909 perfectarutnque

576 1924 960 1983 immutabilem
989 1930 1294 1998 profitetur.

656 2016 801 2070 Arius
830 2018 1002 2073 dixit:
1032 2018 1422 2074 Immutahilem
1456 2021 1731 2089 proﬁteor.

647 2105 957 2161 Athanasius
986 2109 1114 2161 dixit
1139 2124 1156 2162 :
1186 2110 1389 2164 Bonum
1430 2110 1588 2180 igitur
1634 2126 1777 2176 eum,
1827 2112 2142 2183 sapientem,

573 2197 796 2266 justum,
827 2199 1253 2267 omnipotentem
1281 2200 1577 2264 conﬁteris,
1608 2209 1766 2270 atque
1794 2201 2107 2271 perfectum.

645 2288 798 2342 Arius
821 2290 949 2343 dixit
974 2306 991 2343 :
1022 2291 1217 2346 Etiam.

642 2378 952 2434 Athanasius
980 2380 1153 2435 dixit:
1185 2380 1477 2437 Voluntate
1519 2382 1898 2450 immutabilis,
1920 2399 2014 2462 θη
2054 2400 2145 2440 na-

573 2479 691 2525 tura
722 2482 997 2540 permanet
1025 2472 1382 2528 invertibilis?

641 2564 795 2616 Arius
814 2563 944 2617 dixit
966 2578 984 2616 :
1008 2564 1142 2631 Quid
1164 2565 1313 2619 dicas
1342 2580 1448 2620 non
1471 2567 1601 2621 satis
1629 2567 1894 2637 intelligo.

638 2652 803 2707 XXN.
839 2651 1035 2708 Probus
1051 2655 1215 2724 judea:
1234 2656 1363 2709 dixit
1388 2670 1406 2708 :
1432 2657 1685 2725 Apertum
1712 2658 1869 2712 valde
1898 2666 1982 2713 est
2001 2660 2143 2728 quod

568 2744 823 2814 inquirit,
840 2754 893 2799 et
922 2744 1074 2799 nullo
1102 2744 1445 2801 obscuritatis
1478 2748 1708 2816 tegmine
1739 2748 2039 2802 ohvelatur.
2064 2749 2142 2802 In-

568 2841 807 2904 terrogat
828 2832 971 2889 enim
1002 2842 1177 2889 utrum
1210 2835 1478 2891 voluntate
1511 2837 1699 2902 Deum,
1728 2854 1793 2891 an
1827 2838 2141 2893 naturaliter

569 2924 951 2979 immutabilem
980 2925 1144 2981 dicas.
1180 2925 1235 2981 Id
1265 2936 1372 2994 est,
1422 2927 1525 2982 hoc
1574 2927 1746 2996 ipsum
1802 2928 1941 2996 quod
1972 2928 2139 2984 bonus

567 3022 622 3068 et
652 3014 864 3081 sapiens
885 3014 1119 3071 creditur
1154 3014 1317 3082 Deus,
1350 3016 1624 3071 voluntate
1656 3016 1778 3071 talis
1810 3028 1915 3084 e5t,
1947 3034 2013 3073 an
2041 3020 2141 3088 pri-

568 3104 771 3174 vilegio
795 3104 1111 3174 majestatis,
1135 3114 1190 3161 et
1219 3106 1448 3175 quodam
1474 3106 1596 3176 jure
1632 3116 1834 3164 natura:
1856 3109 1937 3165 his
1968 3111 2133 3165 virtu-

566 3203 677 3247 tum
707 3192 987 3249 affectibus
1016 3193 1214 3263 pollet?

634 3284 988 3342 Ariusdixit:
1020 3284 1159 3339 Nihil
1211 3283 1400 3340 horum
1447 3293 1648 3342 temere
1687 3288 1858 3344 audeo
1890 3304 2130 3359 pronun-

563 3378 716 3435 tiare.

632 3466 838 3523 Probus
862 3467 1033 3541 judea:
1058 3467 1186 3521 dixit
1213 3482 1233 3521 :
1256 3466 1499 3523 Delibera
1545 3468 1704 3537 igitur
1752 3471 1891 3538 quod
1935 3472 2131 3530 debeas

562 3556 693 3611 dare
738 3571 1074 3628 responsum.
1129 3558 1186 3612 Si
1232 3568 1517 3628 utrumque
1566 3558 1830 3625 dilﬁteris,
1882 3570 2128 3619 neutrum

562 3658 718 3701 tenes
746 3664 762 3699 :
793 3662 855 3703 ac
884 3648 961 3703 sic
983 3648 1089 3703 eris
1132 3664 1163 3702 a
1200 3648 1393 3703 divina:
1424 3649 1773 3718 professionis
1814 3652 2009 3720 pietate
2037 3669 2131 3709 ex-

562 3740 747 3805 torris,
796 3740 841 3793 si
884 3740 1082 3794 nullam
1124 3740 1191 3795 de
1236 3741 1344 3795 Deo
1384 3741 1644 3810 religiosa:
1672 3742 1794 3798 ﬁdei
1824 3744 2129 3812 opinionem

561 3834 826 3881 retentas.
849 3827 953 3881 Aut
973 3828 1017 3881 si
1040 3843 1203 3882 unum
1234 3829 1388 3898 eligis
1411 3845 1441 3884 e
1461 3829 1690 3897 duobus,
1712 3846 1779 3886 ne
1809 3832 1986 3886 divina
2011 3848 2131 3902 pro-

559 3918 796 3974 fessione
818 3932 1016 3974 vacuus
1040 3918 1307 3985 habearis,
1334 3920 1420 3976 dic
1450 3932 1625 3978 utrum
1650 3924 1922 3981 voluntate
1947 3939 2013 3980 an
2037 3941 2129 3981 na-

560 4017 679 4063 tura
709 4006 851 4065 Deus
876 4012 947 4065 sit
974 4010 1320 4065 immutabilis
1352 4012 1703 4079 preﬁtendus.

627 4100 937 4155 Athanasius
985 4101 1157 4156 dixit:
1204 4102 1406 4170 Quibus
1456 4104 1820 4173 responsionis
1872 4107 2125 4174 astibus,

556 4192 720 4247 tantis
740 4200 1045 4247 coarctatus
1080 4194 1340 4261 angustiis
1380 4193 1632 4263 agitetur,
1674 4195 2008 4252 manifestius
2033 4213 2129 4252 au-

553 4283 787 4338 ditorum
816 4284 1063 4338 sensibus
1092 4294 1261 4353 patet.
1290 4285 1583 4340 Pervidens
1611 4288 1757 4342 enim
1788 4303 1849 4345 se
1871 4290 2125 4345 inenoda-

550 4376 750 4430 bilihus
791 4376 1167 4429 sciscitationis
1212 4391 1345 4430 mea:
1385 4378 1590 4444 laqueis
1634 4379 1920 4446 irretitum,
1952 4396 2124 4449 neque

552 4466 829 4520 voluntate
869 4463 1061 4532 Deum,
1108 4478 1280 4532 neque
1326 4474 1514 4519 natura
1542 4467 1926 4524 immutabilem
1956 4471 2123 4525 voluit

2253 1928 2453 1982 ratione
2504 1930 2793 1993 virtutum,
2847 1933 3184 2000 prosperiore
3229 1946 3474 1989 successu
3525 1934 3663 1987 tendit
3695 1933 3737 1983 ad

2254 2032 2457 2072 summa
2472 2036 2487 2079 ;
2504 2034 2729 2088 esseque
2750 2020 2978 2089 aliquem
2999 2036 3064 2075 eo
3082 2023 3431 2090 superiorem,
3449 2023 3523 2075 cui
3543 2036 3618 2091 per
3633 2020 3736 2075 bona

2250 2110 2537 2166 voluntatis
2576 2111 2827 2167 effectum
2874 2114 3083 2181 placere
3134 2115 3440 2169 contendat.
3479 2119 3520 2168 tr
3554 2128 3639 2179 quo
3664 2128 3736 2166 tne-

2250 2201 2502 2256 tuendum
2536 2213 2635 2269 est,
2681 2218 2749 2257 ne
2784 2203 2962 2271 alique
3002 2205 3292 2270 desciscat,
3336 2206 3385 2260 si
3430 2206 3623 2259 forsitan
3653 2218 3735 2258 eum

2250 2290 2400 2345 bona:
2421 2291 2711 2347 voluntatis
2742 2292 2969 2347 intentio
3000 2293 3248 2359 deserat;
3273 2295 3657 2365 quandoquidem
3676 2307 3733 2346 ne-

2248 2394 2402 2435 cesse
2429 2389 2532 2449 est,
2570 2391 2629 2435 ut
2656 2396 2776 2438 eum
2808 2384 2896 2451 qni
2938 2384 3083 2438 nullo
3112 2384 3340 2439 subsidii
3366 2384 3601 2439 naturalis
3621 2382 3737 2435 admio

2255 2472 2432 2526 niculo
2468 2473 2683 2539 fruitur,
2728 2474 2956 2527 sinistrm
2990 2474 3253 2529 interdum
3295 2476 3563 2530 voluntatis
3586 2472 3735 2528 affectio

2248 2564 2570 2631 interpellet.
2596 2564 2719 2618 Haec
2749 2573 3001 2633 quantum
3035 2566 3382 2633 irreligiosius
3402 2567 3465 2621 de
3492 2566 3584 2620 Deo
3607 2565 3732 2617 dicun-

2248 2662 2352 2717 tur,
2385 2662 2531 2707 tanto
2565 2654 2788 2722 nequius
2809 2654 3127 2723 cogitantur.
3157 2655 3407 2711 Pervides
3434 2670 3550 2725 ergo
3567 2653 3727 2724 (optime

2242 2744 2503 2814 judicum)
2530 2760 2749 2800 summa:
2777 2744 3003 2815 quodam
3028 2746 3314 2815 impietatis
3331 2744 3732 2812 instinctu,divina

2238 2834 2355 2901 jura
2390 2844 2611 2899 naturae,
2646 2834 2960 2903 virtutisque
2990 2835 3196 2889 infecta:
3225 2836 3578 2898 substantiam,
3610 2844 3729 2886 rerum

2242 2922 2497 2978 factarum
2523 2923 2727 2977 naturis
2747 2924 2981 2978 voluisse
3006 2924 3191 2978 Arium
3222 2939 3551 2993 comparare;
3578 2931 3621 2974 ιιι
3637 2919 3731 2973 scili-

2241 3022 2323 3068 cet
2352 3014 2421 3069 ob
2452 3015 2552 3069 hoc
2592 3030 2695 3069 non
2730 3024 2918 3068 natura
2950 3014 3125 3080 Pater,
3171 3014 3267 3069 sed
3318 3016 3568 3071 voluntate
3600 3010 3727 3065 Filium

2238 3105 2591 3173 generaverit,
2631 3121 2696 3161 ne
2722 3116 3083 3160 creaturarum
3113 3108 3224 3160 sive
3256 3104 3633 3165 rationabilium,
3655 3098 3731 3152 site

2166 3183 2210 3247 C
2242 3197 2448 3252 ratione
2482 3197 2776 3252 carentium
2808 3197 2989 3260 modo,
3020 3197 3352 3251 naturalibus
3382 3196 3596 3251 videatur
3627 3185 3731 3261 165

2238 3288 2644 3343 necessitatibus
2672 3287 2971 3357 suhjacere.
3004 3288 3109 3343 Sed
3146 3287 3365 3353 habeat,
3407 3283 3616 3356 q'uisquis
3648 3278 3727 3332 talia

2234 3381 2415 3446 sentit,
2445 3379 2767 3447 opinationis
2787 3393 2899 3433 sua:
2918 3378 3221 3443 arbitrium,
3252 3393 3289 3431 a
3311 3377 3569 3446 majestate
3586 3372 3725 3425 laturus

2238 3470 2741 3539 poenalejudicium,
2758 3480 2861 3524 tam
2881 3472 3079 3540 inepta,
3098 3479 3202 3525 tatn
3227 3458 3729 3539 sacrilegajudicando.

2233 3558 2340 3614 Nos
2371 3575 2500 3615 vero
2538 3561 2838 3615 divinarum
2882 3560 3074 3615 eruditi
3126 3559 3435 3627 magisterio
3482 3558 3725 3611 litterarum.

2234 3654 2369 3706 hanc
2398 3651 2463 3705 de
2488 3649 2617 3717 Deo,
2646 3650 2905 3717 religiosae
2944 3649 3211 3718 opinionis
3248 3650 3555 3705 sententiam
3588 3642 3725 3698 reline-

2233 3757 2374 3805 mus,
2407 3748 2465 3793 ut
2497 3754 2602 3792 non
2644 3739 2789 3793 aliud
2822 3740 2939 3806 ejus
2965 3738 3317 3807 voluntatem,
3353 3738 3489 3793 aliud
3517 3732 3727 3791 credamus

2231 3846 2352 3885 οδεε
2373 3843 2637 3884 naturam.

2304 3921 2491 3975 XXIV.
2524 3920 2759 3988 Namque
2785 3918 2924 3988 quod
2952 3934 3073 3971 eum
3103 3918 3422 3985 sapientem,
3446 3920 3630 3971 bonum,
3648 3918 3722 3958 nm-

2231 4012 2582 4081 nipotentem,
2617 4008 3019 4079 perfectumque
3044 4006 3294 4073 fatemur,
3330 4022 3432 4059 non
3461 4012 3661 4069 tanquam
3681 4006 3722 4088 et

2229 4102 2538 4156 diversitate
2584 4100 2839 4153 virtutum
2888 4098 3293 4161 subsistentem,
3325 4106 3382 4152 et
3430 4094 3721 4149 distinctam

2228 4189 2458 4258 alicujus
2479 4189 2734 4258 qualitate
2759 4186 3114 4254 compositum
3135 4187 3432 4242 asserimus
3456 4186 3622 4239 Deum;
3642 4172 3721 4243 (luia

2236 4297 2342 4336 non
2385 4280 2537 4334 aliter
2564 4277 2798 4347 sapiens,
2833 4277 2933 4332 nisi
2967 4278 3089 4348 quia
3138 4278 3494 4347 omnipotens,
3534 4270 3615 4326 nisi
3638 4263 3720 4362 qui}t

2228 4369 2497 4441 perfectus
2528 4370 2784 4432 habetur;
2820 4368 2870 4422 id
2898 4377 3002 4433 est,
3033 4383 3138 4421 non
3169 4368 3314 4422 aliud
3346 4368 3396 4421 in
3428 4380 3488 4421 eo
3522 4372 3591 4418 est
3615 4358 3719 4412 boni-

2230 4473 2335 4531 tas,
2366 4463 2507 4518 aliud
2549 4461 2840 4531 saplentia,
2870 4475 2974 4514 non
3013 4460 3152 4513 aliud
3200 4456 3719 4526 omttipotentia,ttualn

549 4554 826 4626 proﬁteri;
850 4554 945 4610 sed
975 4554 1044 4609 de
1075 4562 1304 4623 utroque
1331 4553 1658 4609 industrioso
1684 4566 1803 4611 astu
1836 4557 2004 4624 siluit,
2032 4562 2122 4628 qui
2153 4542 2205 4601 Β
2230 4556 2370 4624 quod
2402 4553 2659 4623 perfectio
2684 4568 2699 4606 :
2729 4550 2821 4605 sed
2853 4551 3031 4606 omnia
3069 4552 3185 4604 iure
3218 4551 3271 4603 in
3317 4550 3425 4604 Deo
3446 4560 3542 4602 uno
3567 4540 3721 4596 eodem'

544 4658 608 4701 se
635 4645 688 4699 in
712 4654 938 4716 utroque
966 4645 1288 4712 capiendum
1305 4645 1543 4715 agnovit.
1570 4645 1674 4701 Sed
1700 4649 1973 4704 videamus
1993 4666 2124 4719 quo-

548 4734 713 4789 modo
758 4734 805 4789 is
845 4734 934 4805 qui
973 4735 1075 4789 sibi
1113 4736 1452 4804 arrogantius
1476 4735 1746 4806 loquendo
1770 4740 2119 4809 praescripsit,

543 4814 843 4881 consultius
893 4822 1169 4880 reticendo
1219 4825 1576 4895 prospexerit.
1615 4828 1768 4898 163
1812 4828 1953 4882 Dixit
1977 4830 2117 4883 enim

545 4915 760 4969 I‘atrem
814 4928 1149 4986 nequaquam
1195 4925 1404 4980 natura,
1455 4915 1548 4970 sed
1602 4918 1873 4971 voluntate
1927 4917 2115 4973 Filium

542 5019 856 5072 generasse,
891 5019 957 5059 ne
984 5004 1192 5060 scilicet
1213 5005 1477 5073 aliquibus
1511 5006 1760 5061 videatur
1792 5018 2119 5065 naturane-

540 5095 881 5151 cessitatibus
921 5093 1228 5164 subjaeere.
1265 5095 1309 5149 A
1333 5111 1440 5163 quo
1469 5096 1933 5167 dum.quaererem
1964 5100 2119 5155 obni-

540 5186 658 5241 xius
682 5194 859 5242 utrum
883 5187 1157 5241 voluntate
1188 5187 1354 5242 Deum
1383 5202 1449 5241 an
1483 5200 1671 5243 natura
1690 5190 1894 5245 diceret
1923 5192 2112 5245 immu-

538 5277 776 5345 tabilem,
822 5278 892 5332 ob
934 5276 986 5331 id
1028 5277 1096 5332 de
1144 5287 1373 5347 utroque
1412 5279 1645 5333 reticuit.
1676 5280 1810 5345 Quia
1836 5281 1881 5335 si
1910 5280 2113 5336 diceret

537 5376 723 5421 natura
755 5366 1177 5432 immutabilem;
1210 5381 1423 5422 omnem
1468 5382 1640 5435 suam,
1680 5383 1839 5438 quam
1883 5370 2113 5423 intenta-

539 5465 705 5522 verat,
731 5457 968 5513 funditus
982 5457 1324 5516 subverteret
1352 5459 1738 5527 qumstionem;
1768 5467 1860 5512 aut
1884 5467 2030 5514 certe
2058 5464 2110 5515 in

536 5560 652 5600 eam
679 5548 823 5603 velut
849 5549 901 5603 in
947 5548 1218 5618 quoddam
1253 5546 1460 5602 altioris
1488 5547 1767 5616 prmcipitii
1795 5548 2110 5602 barathrum

538 5636 846 5703 accidisset;
888 5653 1108 5695 necesse
1159 5646 1273 5693 erat
1320 5652 1415 5693 sua
1471 5652 1569 5693 nos
1624 5637 1677 5692 in
1726 5651 1850 5693 cum
1905 5638 2109 5706 Spicula

540 5728 845 5796 quaestionis
876 5739 1216 5800 retorquere,
1249 5731 1499 5803 illicoque
1531 5731 1738 5787 referre
1779 5750 1789 5785 :
1823 5733 1877 5787 Si
1922 5742 2108 5788 natura

2231 4661 2335 4713 que
2362 4644 2520 4698 modo
2539 4643 2827 4707 habentur;
2854 4641 2945 4697 sed
2981 4640 3230 4710 singulari
3265 4639 3421 4693 modo
3445 4630 3719 4723 difﬁnitinott

2229 4745 2471 4806 possunt.
2495 4735 2726 4789 Observa
2757 4742 2957 4799 tamen,
2992 4747 3077 4794 ne,
3110 4732 3232 4799 quia
3263 4733 3314 4785 in
3347 4731 3454 4785 Deo
3474 4724 3650 4782 modum
3668 4715 3720 4768 di-

2230 4828 2406 4883 ximus
2450 4824 2762 4896 quibusdam
2820 4823 3061 4877 terminis
3103 4822 3459 4876 modiﬁcatum
3503 4812 3716 4877 intelligas,

2226 4922 2317 4993 qui
2341 4934 2452 4973 sum
2477 4916 2685 4971 virtutis
2711 4914 3065 4969 immensitate
3096 4913 3346 4967 universa
3375 4907 3588 4966 excedit.
3615 4899 3720 4954 Sicut

2222 5011 2365 5065 enim
2410 5022 2531 5062 cum
2582 5008 2904 5059 immensum
2933 5003 3182 5067 dicimus,
3226 5018 3331 5056 non
3382 4996 3718 5055 immoderatum

2222 5102 2469 5154 volumus
2516 5095 2763 5164 intelligi,
2807 5095 2886 5149 vel
2931 5109 3051 5149 cum
3085 5092 3376 5160 perfectum
3415 5086 3717 5159 pratdicamus.

2221 5206 2328 5245 non
2356 5188 2720 5259 proﬁcientem
2754 5185 3088 5249 inducimus;
3122 5184 3171 5237 id
3193 5192 3295 5246 est,
3328 5198 3430 5236 non
3457 5196 3541 5249 per
3566 5173 3717 5238 aliquas

2222 5281 2475 5333 virtutum
2499 5276 2812 5331 efﬁcientias
2830 5276 3080 5342 paulatim
3099 5273 3426 5342 experiendo
3438 5266 3718 5341 gradientem.

2222 5369 2285 5423 ad
2309 5381 2515 5422 summa
2546 5364 2890 5434 perfectionis
2910 5363 3112 5433 fastigia
3131 5365 3422 5417 asserimus
3446 5349 3717 5429 pervenisse:

2225 5463 2294 5515 ita
2322 5462 2481 5515 etiam
2508 5458 2608 5511 hoc
2637 5457 2836 5511 dictum
2870 5455 3035 5509 debes
3065 5455 3333 5523 accipere.
3359 5451 3458 5508 Sed
3484 5446 3544 5501 ad
3560 5446 3717 5537 Δριόξθθθ

2222 5551 2381 5604 situm
2417 5546 2722 5603 redeamus.
2755 5546 2897 5615 Ergo
2928 5545 3117 5608 Deum,
3148 5544 3237 5612 qui
3277 5534 3603 5612 proculdubio
3625 5534 3719 5615 siut-

2222 5640 2341 5709 plex
2384 5648 2485 5701 est,
2509 5636 2626 5692 \ide
2647 5636 2859 5706 quantis
2882 5634 3258 5690 vocabulorum
3282 5628 3567 5687 nominibus

2223 5706 2423 5785 lamus:
2455 5728 2772 5797 sapientem.
2810 5727 3030 5791 bonum,
3050 5724 3480 5793 omnipotentem,
3501 5706 3717 5785 protidu'“
