3938 6376
195 338 303 393 213

936 328 1203 387 CONTRA
1243 327 1552 398 ARIANOS,
1594 326 2075 393 SABELLIANOS,
2120 327 2297 394 ETC.,
2338 324 2463 381 LIB.
2507 326 2568 380 ll.

3331 329 3435 382 ΞΗ

192 460 357 521 atque
379 449 689 519 perfectum.
720 444 784 501 Et
814 445 927 501 hate
954 445 1167 513 quidem
1186 443 1248 496 ad
1277 444 1532 511 seipsum.
1563 439 1641 493 Ad
1664 454 1760 492 nos
1790 449 1837 505 Α
1858 418 2043 496 inesse
2084 440 2435 505 demonstrat,
2486 447 2541 492 ut
2567 445 2619 493 et
2656 452 2867 507 semper
2891 440 2943 493 in
2983 439 3141 496 Patre
3171 439 3349 505 fuerit,
3380 451 3436 496 et

192 555 347 605 vero,
376 538 797 599 misericordem,
834 536 996 604 pium,
1015 535 1216 603 justum
1243 542 1402 601 atque
1428 530 1716 600 benignum
1745 547 1756 581 :

192 645 299 685 nec
329 639 504 684 tamen
535 630 783 681 virtutum
811 625 1085 694 multiplici
1119 623 1376 692 qualitate
1404 621 1758 689 compositum

192 724 479 792 quisquam
496 720 709 774 audebit
735 732 975 773 asserere
998 730 1144 780 eum,
1169 715 1256 782 qui
1280 712 1533 781 singulari
1553 710 1761 764 virtutis

192 812 580 880 omnipotentia
606 809 924 871 subsistens,
958 821 1101 874 purze
1140 819 1202 859 ac
1241 803 1496 871 simplicis
1527 800 1763 853 creditur

192 918 321 959 esse
368 911 592 957 uatum.
642 900 745 955 Sed
800 899 934 952 hanc
980 912 1135 950 unam
1179 895 1531 962 eamdemque
1563 900 1762 945 naturas

189 997 471 1059 virtutem,
501 994 746 1047 humana:
775 989 1097 1044 conditionis
1129 986 1477 1055 intelligentia
1498 1023 1511 1046 ,
1547 991 1763 1035 natura-

188 1087 339 1143 libus
377 1083 654 1155 imperitite
684 1082 972 1137 obstaculis
1001 1079 1312 1148 prmpedita,
1355 1092 1462 1130 uno
1492 1073 1758 1141 explicare

186 1192 445 1234 sermone
494 1191 598 1231 non
644 1174 833 1243 potuit.
866 1174 931 1227 Et
960 1173 1080 1227 ideo
1104 1172 1265 1225 variis
1296 1177 1350 1224 et
1378 1166 1761 1235 multiplicibus

186 1269 469 1322 nominum
494 1265 935 1335 appellationibus
957 1264 1150 1326 utitur;
1175 1272 1232 1315 ut
1255 1261 1377 1314 hinc
1399 1258 1569 1328 qualis
1596 1270 1761 1325 quan-

186 1370 311 1416 tave
359 1360 429 1414 sit
472 1359 664 1413 divina:
704 1357 916 1411 virtutis
958 1365 1143 1409 natura
1176 1353 1384 1407 facilius
1421 1348 1758 1417 conjiciatur.

183 1451 322 1517 Quae
369 1464 489 1505 cum
526 1463 629 1504 una
679 1448 769 1515 sit,
814 1446 1108 1516 eademque
1149 1444 1394 1512 simplex,
1438 1456 1544 1496 uno
1582 1448 1758 1493 tamen

183 1540 359 1597 verbo
386 1555 491 1595 non
523 1541 736 1610 penitus
766 1539 1093 1609 explicatur.
1124 1536 1255 1591 Nam
1285 1537 1351 1599 si,
1387 1534 1535 1588 verbi
1561 1531 1748 1601 gratia,

181 1644 282 1699 per
309 1629 552 1685 diversas
580 1630 774 1684 divina:
802 1628 954 1700 165
976 1626 1299 1696 operationis
1320 1623 1529 1694 species
1545 1636 1762 1691 percur-

181 1737 393 1786 ramus,
432 1730 486 1777 et
521 1722 848 1791 inquiramus
886 1736 988 1790 qua
1032 1719 1226 1773 virtute
1269 1730 1563 1772 convexum
1602 1720 1750 1767 tanta

1867 530 2041 583 etlitns
2072 545 2339 598 nunquam
2369 544 2397 583 a
2429 530 2583 585 Patre
2614 532 2936 585 recesserit:
2968 532 3107 585 sicut
3137 530 3433 599 sapientem

1865 620 2123 688 sapientia
2173 636 2277 675 non
2306 622 2528 690 deserit,
2569 620 2708 676 sicut
2751 620 2940 675 fortem
2971 635 3065 674 sua
3108 621 3275 678 virtus
3328 637 3433 677 non
3497 669 3500 673 .

1870 710 2139 778 relinquit,
2164 711 2303 765 sicut
2347 712 2599 781 splendor
2630 726 2747 768 sese
2774 726 2802 765 a
2831 712 3029 766 lumine
3069 713 3283 781 prOprio
3327 727 3431 767 non

1866 811 2116 853 secernit.

1936 889 2123 944 XXVI.
2161 891 2313 944 Arius
2344 891 2473 943 dixit
2499 908 2515 943 :
2545 891 2820 947 lntentatze
2845 907 2873 946 a
2904 908 2986 945 me
3009 892 3318 961 qumstionis
3337 906 3429 945 no-

1863 980 1988 1035 dum
2033 998 2323 1053 nunquam,
2376 994 2432 1037 ut
2480 984 2605 1039 mihi
2662 987 2890 1049 videtur,
2933 986 3079 1039 vales
3121 986 3419 1040 exsolvere.

1865 1071 1992 1126 Nam
2025 1075 2289 1141 superius,
2340 1083 2393 1128 ut
2433 1075 2532 1129 hoc
2572 1076 2641 1129 ita
2681 1087 2939 1143 repetam,
2971 1075 3172 1129 dixisse
3204 1090 3288 1129 me
3316 1090 3400 1128 me

1866 1164 2015 1226 mini,
2037 1163 2199 1217 Deum
2222 1164 2308 1232 qui
2334 1164 2579 1218 universa
2603 1166 2997 1235 complectitur,
3022 1164 3259 1234 nihilque
3279 1174 3428 1219 extra

1865 1268 1923 1308 se
1955 1254 2132 1319 habet,
2164 1268 2422 1324 nusquam
2456 1270 2549 1323 per
2574 1257 2932 1324 generationis
2963 1266 3301 1325 augmentum
3330 1257 3423 1311 de-

1864 1344 2027 1398 tinere
2070 1359 2246 1413 posse,
2290 1355 2345 1400 et
2394 1346 2653 1401 infinitum
2707 1346 2923 1401 minime
2967 1348 3285 1413 redundare,
3339 1357 3430 1403 aut

1864 1443 2009 1489 certe
2039 1437 2388 1491 substantiam
2421 1452 2568 1492 suam
2594 1438 2840 1493 divisisse
2886 1440 2939 1493 in
2985 1439 3207 1504 Filium;
3246 1452 3298 1493 et
3330 1454 3425 1509 pa-

1866 1536 2068 1582 ternam
2093 1529 2457 1583 tantummodo
2484 1538 2606 1585 ante
2636 1530 2987 1585 substantiam
3012 1546 3108 1600 pro
3140 1542 3250 1586 rata
3276 1540 3427 1601 parte

1870 1628 2130 1674 secretam
2148 1636 2174 1672 a
2196 1635 2252 1674 se
2269 1636 2329 1674 ac
2346 1630 2602 1676 resectam
2615 1621 2824 1685 ,Fiiium
2845 1620 3177 1690 nominasse;
3194 1628 3423 1677 tantum-

1862 1726 1963 1779 que
1988 1710 2089 1764 sibi
2118 1711 2441 1777 detraxisse,
2480 1721 2734 1782 quantum
2786 1715 2839 1766 in
2886 1712 3074 1766 Filium
3126 1714 3422 1769 contulisse

180 1812 517 1868 sublimitate
552 1813 749 1867 ctelnm
790 1811 1110 1871 extenderit.
1158 1818 1459 1876 terramque
1496 1802 1753 1858 immobili
1788 1800 1833 1861 Β
1868 1800 2093 1855 videtur.
2142 1802 2223 1857 Ad
2270 1803 2384 1857 hinc
2440 1803 2639 1857 nullum
2701 1813 2751 1858 t'e
2805 1813 3015 1859 constat
3056 1804 3268 1860 dedisse
3307 1819 3422 1861 res-

179 1903 476 1959 stabilitate
518 1902 844 1967 fundaverit,
896 1912 1053 1970 atque
1103 1914 1314 1969 requora
1359 1913 1456 1967 per
1496 1894 1749 1952 solubiles

178 2006 495 2061 camporum
527 1992 712 2047 latices
744 1991 956 2055 fuderit,
987 2004 1089 2059 qua
1118 1989 1333 2058 sapiens
1363 2003 1429 2041 an
1460 2000 1559 2055 qua
1586 1983 1756 2039 omni-

177 2088 417 2149 potens;
462 2082 689 2136 refertur
729 2081 968 2149 proiecto
996 2094 1099 2150 qua
1137 2080 1349 2149 sapiens
1375 2086 1430 2131 et
1458 2092 1558 2146 qua
1586 2073 1757 2130 omni-

176 2180 393 2242 potens.
426 2171 492 2226 Ει
518 2170 756 2242 nunquid
796 2172 1103 2225 diversitate
1138 2170 1389 2223 virtutum
1420 2166 1745 2234 compositus

176 2263 325 2319 erit?
350 2263 716 2333 Nequaquam,
745 2263 838 2319 sed
862 2264 1016 2318 unius
1038 2264 1250 2317 virtutis
1273 2261 1452 2315 multa:
1484 2259 1751 2330 signiﬁca-

178 2354 389 2409 tionum
415 2354 645 2423 species,
676 2354 802 2423 quia
840 2369 947 2407 non
982 2353 1125 2407 aliud
1155 2353 1205 2406 in
1248 2368 1312 2407 eo
1340 2352 1449 2421 agit
1474 2349 1756 2419 sapientia,

175 2444 333 2499 aliud
362 2446 770 2514 omnipotentia,
799 2444 943 2499 aliud
975 2444 1330 2513 providentia.

254 2535 425 2589 XXV.
460 2536 699 2605 Denique
746 2538 1000 2601 scripturn
1032 2546 1115 2590 est
1150 2554 1161 2586 :
1197 2533 1336 2587 Deus
1377 2534 1627 2603 sapientia
1666 2548 1761 2586 sua

178 2629 424 2699 fundavit
451 2638 656 2693 terram,
673 2629 909 2683 stabilivit
928 2638 1095 2687 autem
1118 2629 1266 2681 cattas
1303 2626 1594 2695 prudentia,
1614 2640 1762 2678 sensu

174 2724 295 2793 ejus
323 2720 493 2789 abyssi
527 2718 853 2774 dissiluerunt
883 2717 1069 2791 (Prov.
1111 2734 1170 2783 tt,
1206 2716 1318 2788 i9).
1347 2715 1483 2770 Num
1515 2715 1672 2785 igitur
1694 2728 1758 2767 eo

175 2824 354 2879 usque
380 2810 711 2880 desipiemus
756 2819 812 2864 ut
851 2809 1092 2865 dicamus
1132 2808 1272 2877 quod
1318 2806 1514 2862 caelum
1544 2805 1756 2874 quidem

176 2914 286 2954 una
315 2898 533 2968 virtute,
563 2898 616 2953 id
644 2907 729 2954 est
752 2898 1057 2968 prudentia,
1109 2908 1249 2952 terra
1280 2911 1412 2952 vero
1438 2897 1564 2962 alia,
1597 2895 1648 2951 id
1678 2906 1760 2950 est

178 2990 464 3059 sapientia,
492 2990 818 3054 substiterit;
845 2989 947 3043 alia
976 3002 1187 3059 quoque
1214 2988 1303 3041 Dei
1344 2988 1560 3054 virtute,
1594 2986 1644 3039 id
1674 2995 1757 3040 est

178 3094 347 3134 sensu
373 3080 507 3149 ejus,
532 3080 711 3149 abyssi
736 3078 1098 3135 dissiluerinti
1130 3078 1234 3133 Sed
1266 3076 1385 3132 vide
1412 3077 1757 3146 quemadmo-

178 3171 314 3226 dum
361 3148 539 3226 divina
582 3169 877 3239 Scriptura,
920 3178 978 3224 ut
1024 3168 1177 3223 istius
1219 3168 1465 3224 absurdae
1492 3168 1756 3236 Opinionis
1782 3148 1829 3211 ο

178 3261 461 3317 abdicaret
504 3274 774 3325 errorem,
821 3258 870 3312 id
916 3258 1059 3328 quod
1106 3272 1201 3326 per
1237 3258 1444 3327 species
1479 3256 1752 3310 nominum

179 3352 376 3421 partita
408 3350 602 3416 fuerat,
633 3352 685 3403 in
718 3363 876 3403 unam
923 3348 1115 3402 iterum
1170 3347 1453 3416 recolligit,
1485 3355 1540 3401 et
1568 3354 1746 3399 coun‘tt

180 3439 557 3510 appellationis
585 3440 861 3502 virtutem,
901 3438 1089 3492 dicens
1123 3453 1139 3489 :
1175 3435 1359 3489 Omnia
1408 3436 1462 3489 in
1506 3436 1758 3503 sapientia

181 3531 349 3600 fecisti
378 3529 549 3599 (Psal.
582 3543 698 3595 cur,
728 3526 841 3598 24).
875 3527 939 3581 Et
967 3527 1198 3582 iterum:
1228 3525 1413 3580 Omnia
1440 3524 1547 3579 Itwc
1577 3540 1757 3577 manus

181 3637 298 3675 mea
328 3622 443 3690 fecit
475 3620 613 3690 (Act.
641 3634 734 3685 vn,
763 3618 877 3689 60).
914 3617 1074 3673 Vides
1094 3633 1225 3688 ergo
1253 3619 1307 3672 in
1341 3619 1447 3674 Deo
1481 3618 1634 3687 cujus
1664 3633 1759 3670 na-

180 3721 305 3767 tura
324 3713 545 3782 simplex
576 3722 677 3777 est,
705 3713 820 3768 sive
844 3726 1081 3775 manum,
1112 3711 1225 3766 sive
1264 3711 1603 3781 sapientiam,
1633 3710 1745 3765 sive

183 3802 550 3870 prudentiam,
582 3803 695 3859 sive
718 3815 956 3867 sensum,
998 3816 1103 3857 non
1144 3816 1321 3856 rerum
1367 3799 1756 3864 diversitatem,

181 3891 284 3947 sed
318 3906 476 3947 unam
507 3890 749 3947 iudicare
763 3892 1033 3947 virtutem.
1056 3890 1206 3959 Quod
1227 3905 1346 3945 cum
1378 3891 1449 3944 ita
1478 3890 1565 3957 sit,
1586 3890 1758 3944 nullus

182 3982 292 4052 jam
325 3983 596 4038 intentata:
614 3981 926 4051 quaestionis
953 3982 1269 4051 relinquitur
1298 3981 1447 4037 locus
1482 3996 1584 4050 qua
1607 3996 1758 4049 qua:-

182 4073 328 4127 ritur
354 4081 531 4127 utrum
570 4073 843 4128 voluntate
874 4073 1015 4127 Deus
1044 4074 1223 4140 Pater,
1254 4087 1322 4127 an
1349 4084 1537 4127 natura
1566 4072 1756 4126 Filium

185 4162 553 4229 generaverit;
586 4176 707 4216 cum
731 4162 783 4215 in
812 4161 921 4216 Deo
953 4162 1034 4231 (ut
1055 4162 1453 4231 perdocuimus)
1480 4176 1584 4215 non
1615 4162 1757 4215 aliud

185 4251 261 4304 sit
284 4250 527 4306 voluntas
553 4266 710 4320 quam
724 4252 1007 4321 sapientia,
1028 4266 1125 4306 nec
1146 4251 1286 4305 aliud
1316 4252 1577 4319 sapientia
1600 4266 1758 4321 quam

185 4350 400 4405 natura,
443 4356 562 4411 qua:
597 4341 769 4396 virtus
807 4340 969 4395 etiam
1007 4340 1325 4411 appellatur.
1372 4341 1440 4397 Et
1484 4356 1606 4396 cum
1646 4344 1760 4398 haec

184 4433 368 4487 omnia
394 4430 641 4487 Christus
666 4432 757 4500 sit,
799 4431 938 4487 sicut
984 4432 1060 4486 ait
1095 4430 1379 4501 Apostolus
1404 4447 1419 4485 :
1448 4430 1562 4486 Nos
1589 4442 1758 4487 autem

1860 1908 2105 1961 punsum.

1927 1987 2235 2042 Athanasius
2256 1989 2419 2043 dixit:
2446 1988 2573 2045 Vide
2595 1991 2645 2043 in
2667 2000 2921 2059 quantum
2940 1988 3134 2049 laberis
3158 1988 3423 2054 amentizn,

1857 2088 1914 2132 ut
1938 2077 2135 2133 divina:
2167 2080 2456 2134 nativitatis
2486 2096 2734 2135 arcanum
2754 2121 2768 2144 ,
2812 2096 2909 2136 nec
2940 2079 3186 2149 supernis
3210 2079 3424 2146 quidem

1860 2170 2145 2226 virtutibus
2160 2172 2453 2241 cognitum,
2470 2172 2855 2241 plliittSOplliClS
2874 2173 3168 2227 rationibus
3182 2171 3426 2239 vestigari

1859 2262 2024 2331 magis
2052 2277 2211 2331 quam
2238 2261 2361 2317 fidei
2391 2264 2733 2318 veneratione
2755 2277 2909 2333 posse
2939 2261 3173 2330 conspici
3205 2260 3425 2315 arbitra-

1859 2351 2023 2414 reris;
2055 2360 2108 2404 et
2136 2351 2236 2405 soli
2271 2351 2405 2405 Filio
2431 2352 2677 2420 Patrique
2707 2362 2760 2406 et
2788 2352 3004 2419 Spiritui
3032 2359 3214 2405 sancto
3232 2365 3325 2418 pro
3346 2351 3427 2407 sui

1872 2440 2112 2495 miraculi
2143 2442 2401 2511 dignitate
2440 2442 2773 2497 solummodo
2807 2442 3097 2510 cognitum,
3146 2442 3280 2493 intra
3330 2441 3427 2493 hu-

1864 2529 2006 2582 mani
2037 2544 2226 2584 scusus
2257 2530 2515 2585 rationem
2548 2531 2845 2597 concludis,
2888 2538 2941 2585 et
2981 2544 3044 2584 ac
3086 2530 3127 2583 si
3166 2530 3429 2596 vulgatam

1866 2628 1921 2673 et
1950 2619 2144 2673 nullius
2170 2621 2362 2674 secreti
2386 2636 2497 2674 rem
2524 2621 2708 2675 audaci
2731 2619 3103 2687 disputationis
3124 2634 3281 2673 manu
3304 2634 3429 2672 con~

1868 2718 2085 2765 trectas.
2121 2710 2185 2765 Et
2216 2726 2334 2765 cum
2370 2728 2438 2766 ne
2474 2712 2540 2767 de
2580 2714 2841 2767 creaturis
2890 2712 3122 2781 quidem,
3171 2727 3288 2779 qua:
3333 2714 3432 2765 sub

1874 2801 2089 2856 humani
2118 2815 2437 2872 conspectus
2455 2804 2643 2857 intuitu
2666 2804 2780 2859 sita:
2802 2814 2948 2872 sunt,
2973 2804 3107 2859 ratio
3138 2794 3285 2857 reddi
3310 2817 3431 2872 pos-

1862 2891 1931 2945 sit
1960 2890 2231 2961 (quoniam
2258 2895 2618 2963 investigabili
2647 2896 3021 2950 miraculorum
3061 2910 3220 2965 opere
3250 2893 3429 2949 subsi-

1863 2982 2062 3051 stunt);
2092 2991 2143 3039 tu
2174 2993 2470 3039 creatorem
2499 3000 2682 3041 eorum
2713 2988 2800 3055 qui
2833 2986 2914 3041 his
2942 2986 3106 3039 multo
3136 2984 3430 3039 mirabilius

1862 3084 2103 3143 prmstat,
2122 3078 2416 3147 quastione
2432 3078 2675 3147 discutis,
2688 3078 3078 3135 circumscribis
3091 3086 3429 3143 argumento,

1863 3164 2094 3235 indignis
2123 3175 2177 3222 et
2206 3168 2444 3236 profanis
2467 3169 2761 3223 rationibus
2792 3172 2993 3239 vu’gas.
3030 3168 3135 3225 Sed
3164 3168 3288 3224 dum
3318 3183 3424 3222 non

1863 3259 1943 3313 vis
1972 3258 2093 3314 fidei
2118 3260 2410 3335 deservire,
2440 3260 2565 3314 dum
2598 3260 2901 3331 dedignaris
2933 3261 3081 3315 miris
3110 3269 3164 3316 et
3192 3260 3429 3315 ineﬂabi~

1862 3350 2002 3405 libus
2025 3352 2214 3420 subjici
2239 3352 2417 3416 rebus,
2441 3352 2563 3406 dum
2588 3354 2931 3421 impatientia:
2952 3352 3172 3407 testibus
3193 3351 3439 3421 agitaris,‘

1862 3450 1918 3493 ut
1947 3442 2204 3497 immensa
2234 3451 2397 3512 atque
2412 3442 2620 3511 infinita
2651 3444 2879 3508 metiris,
2901 3458 2966 3498 eo
2991 3442 3296 3497 intentionis
3328 3451 3431 3496 tua:

1864 3533 2112 3598 perducis
2142 3533 2450 3599 articulum,
2482 3544 2537 3587 ut
2565 3535 2703 3589 Deus
2739 3543 2830 3587 aut
2859 3536 3080 3588 omnino
3107 3548 3211 3587 non
3234 3547 3432 3601 genue-

1864 3626 1954 3689 rit,
1987 3630 2079 3678 aut
2105 3623 2148 3677 si
2170 3624 2376 3691 genuit,
2403 3624 2653 3679 omnibus
2678 3638 2708 3677 a
2736 3633 2787 3679 te
2821 3623 3046 3694 objectis
3068 3622 3431 3677 conditionum

1864 3713 2272 3769 necessitatibus
2301 3713 2648 3783 subjacuerit.

1936 3804 2145 3861 XXVII.
2168 3803 2273 3860 Sed
2299 3804 2387 3873 qui
2416 3804 2547 3861 tales
2569 3818 2733 3875 nugas
2760 3818 2857 3860 ore
2878 3804 3136 3872 sacrilego
3160 3802 3349 3872 garris,
3382 3812 3432 3855 et

1862 3898 2004 3952 mole
2034 3910 2295 3967 corporea
2324 3896 2702 3952 subsistentem
2734 3898 2814 3949 vis
2850 3893 3191 3949 introducere
3218 3892 3383 3947 Deum
3413 3909 3423 3941 :

1860 3988 1985 4059 quia
2015 4002 2131 4057 qum
2152 4002 2181 4040 a
2213 3997 2264 4041 te
2298 3987 2449 4056 167
2480 3987 2826 4055 objiciuntur,
2855 4000 2962 4040 non
3003 3983 3104 4038 nisi
3138 3982 3433 4037 visibilibus

1864 4087 1921 4133 et
1967 4077 2213 4147 palpabili
2253 4076 2471 4131 materia
2516 4076 2853 4129 exstantibus
2888 4074 3213 4129 conveniunt
3252 4073 3431 4127 rebus.

1866 4167 1999 4221 Dum
2044 4165 2186 4220 enim
2215 4163 2433 4218 conaris
2463 4162 2750 4217 ostendere
2787 4163 2976 4217 Filium
3014 4162 3345 4216 extrinsecus
3380 4171 3433 4214 et

1866 4272 1971 4311 non
2000 4254 2069 4310 de
2093 4254 2266 4308 Patris
2288 4252 2584 4309 substantia
2613 4252 2959 4323 genitum,ad
2992 4252 3166 4306 inanis
3197 4252 3431 4321 philoso-

1868 4347 2036 4415 phica:
2056 4348 2184 4400 artis
2200 4343 2523 4413 quaestiones
2550 4344 2732 4399 relicta
2756 4344 2873 4398 ﬁdei
2900 4343 3238 4411 simplicitate
3260 4352 3432 4397 trans-
3482 4352 3487 4359 '

1865 4437 1984 4502 isti;
2016 4446 2072 4492 ut
2100 4438 2220 4505 quia
2249 4435 2435 4491 divina
2456 4448 2639 4490 natura
2668 4451 2736 4490 ex
2768 4436 2850 4491 sui
2882 4434 3143 4489 inﬁnitate
3177 4434 3427 4491 decidere

186 4522 521 4592 praedicamus
550 4521 809 4576 Christum
842 4522 937 4576 Dei
966 4523 1222 4587 virtutem,
1248 4531 1297 4577 et
1330 4521 1427 4577 Dei
1454 4523 1757 4594 sapientiam
1787 4506 1839 4567 Ι)
1863 4541 1967 4580 non
2009 4534 2202 4595 potest,
2248 4539 2347 4579 nec
2390 4538 2483 4594 per
2521 4524 2747 4579 ﬂuentes
2777 4523 3219 4578 exuberationum
3248 4524 3435 4589 conias

186 4610 242 4680 (Ι
261 4610 383 4667 Cor.
403 4612 494 4677 25,
524 4610 640 4681 24),
664 4622 883 4680 apparet
908 4627 1030 4667 eum
1062 4611 1229 4667 libera
1254 4614 1512 4669 naturalis
1538 4615 1752 4671 virtutis

191 4703 584 4773 omnipotentis
603 4718 672 4759 ex
692 4703 848 4759 Patre
862 4704 1099 4774 genitum
1121 4719 1271 4770 esse;
1302 4705 1553 4774 quoniam
1572 4715 1758 4762 natura

190 4793 240 4846 in
270 4792 400 4857 Deo,
441 4807 549 4847 non
588 4801 648 4847 ut
677 4793 834 4847 Arius
864 4793 1089 4848 ridicule
1114 4794 1389 4863 opinatur,
1422 4797 1759 4851 necessitatis

188 4882 498 4938 conditione
524 4891 739 4953 putatur
759 4884 851 4951 (ne
885 4893 941 4938 et
964 4882 1080 4952 ipse
1110 4883 1290 4953 Pater,
1324 4885 1415 4953 qui
1444 4886 1761 4942 naturaliter

188 4972 449 5038 subsistit,
472 4987 537 5029 ex
560 4974 875 5028 necessitate
900 4973 1193 5028 subsistere
1221 4973 1519 5043 videatur);
1540 4976 1634 5031 sed
1667 4983 1749 5031 est

188 5058 369 5117 libera:
400 5063 701 5131 potestatis,
733 5071 788 5117 et
816 5062 979 5117 nullis
1008 5063 1185 5117 vincta
1216 5066 1624 5120 necessitatibus
1653 5067 1760 5120 vir-

191 5157 303 5217 tus;
331 5167 454 5223 qua:
483 5152 607 5222 quia
637 5167 742 5207 non
769 5152 983 5207 aliunde
1012 5153 1221 5221 accepit
1257 5163 1313 5207 ut
1354 5163 1523 5221 esset,
1559 5156 1759 5210 idcirco

191 5250 370 5297 natura
398 5243 590 5296 dicitur
621 5250 870 5311 tanquam
906 5242 1024 5297 fons
1058 5254 1113 5298 et
1152 5244 1305 5314 origo
1334 5254 1670 5299 cunctorum.
1702 5245 1758 5299 in

193 5328 285 5386 hac
311 5347 443 5403 ergo
470 5340 655 5388 natura
689 5332 852 5388 Filius
874 5342 980 5397 est,
1032 5344 1086 5390 ct
1127 5334 1181 5388 in
1231 5335 1332 5389 hoc
1361 5336 1582 5404 originis
1613 5336 1759 5391 fonte

194 5423 484 5480 subsistens
513 5425 769 5493 processit
800 5433 1048 5495 tanquam
1093 5441 1159 5482 ex
1185 5426 1425 5495 sapiente
1475 5428 1629 5498 166
1671 5444 1759 5483 sa-

195 5514 402 5582 pientia,
445 5530 513 5571 ex
547 5516 671 5571 forti
699 5516 888 5583 virtus,
932 5533 998 5573 ex
1049 5518 1249 5573 lumine
1308 5521 1583 5588 splendor.
1630 5520 1760 5587 Qua:

196 5609 447 5673 professio
476 5610 555 5665 vel
588 5609 833 5667 nativitas
863 5610 939 5679 (id
968 5621 1051 5666 est
1083 5612 1270 5681 Filius)
1302 5614 1351 5668 id
1377 5614 1427 5669 in
1454 5628 1513 5670 se
1540 5613 1749 5669 virtutis

1862 4619 2087 4687 amplius
2113 4617 2437 4685 redundare,
2463 4617 2670 4672 stolida:
2696 4626 2856 4685 atque
2881 4614 3162 4670 crassioris
3190 4615 3431 4670 materia:

1861 4709 2129 4764 simillima
2156 4708 2445 4777 judicetur,
2489 4722 2611 4776 quae
2656 4705 2775 4761 sine
2821 4704 2902 4761 sui
2949 4706 3149 4759 damno
3193 4719 3259 4760 ex
3309 4720 3431 4760 sese

1861 4802 2146 4872 quidquam
2170 4801 2405 4857 tribuere
2432 4815 2537 4854 non
2567 4807 2759 4869 potest.
2780 4799 2917 4870 Ergo
2943 4800 3062 4869 quia
3088 4809 3431 4868 augmentum

1862 4904 1953 4945 res
1977 4906 2231 4959 corporea
2261 4890 2443 4954 sumit,
2481 4891 2858 4945 detrimentum
2890 4905 2977 4945 res
3003 4892 3161 4946 morti
3192 4891 3429 4946 obnoxia

1858 4980 2041 5045 sentit,
2058 4980 2333 5035 videamus
2353 4988 2527 5035 utrum
2556 4980 2717 5045 Deus,
2740 4981 2829 5050 qui
2849 4980 2901 5034 in
2935 4980 3081 5034 nullo
3104 4989 3186 5035 est
3212 4980 3427 5043 horum,

1861 5083 1927 5123 ex
1958 5068 2139 5138 seipso
2166 5068 2357 5122 Filium
2401 5072 2732 5137 generando,
2770 5084 2869 5125 nec
2896 5069 3245 5124 substantiam
3278 5082 3432 5123 suam

1860 5171 1955 5226 pro
1985 5168 2099 5212 rata
2130 5168 2278 5227 parte
2304 5157 2566 5224 diviserit,
2609 5168 2666 5213 ut
2702 5160 2861 5215 Arius
2902 5159 3051 5214 inani
3091 5168 3235 5213 metu
3261 5168 3315 5212 et
3341 5171 3430 5209 su-

1862 5248 2062 5316 perﬂua
2094 5249 2300 5304 timoris
2341 5250 2622 5305 formidine
2649 5250 2927 5319 opinatur;
2972 5265 3071 5305 nec
3100 5249 3199 5304 sibi
3230 5247 3430 5315 aliquid

1862 5338 2175 5404 detraxerit,
2206 5339 2345 5408 quod
2367 5340 2638 5396 conferret
2667 5340 2719 5394 in
2744 5339 2962 5407 Filium,
2994 5349 3047 5393 ut
3077 5339 3176 5392 hoc
3202 5338 3319 5405 ipso
3340 5344 3430 5389 aut

1864 5431 2020 5485 hodie
2048 5442 2248 5497 careat,
2283 5442 2337 5487 et
2368 5432 2634 5501 perfectus
2666 5446 2769 5485 non
2797 5432 2885 5495 sit,
2925 5440 3016 5484 aut
3038 5444 3107 5484 eo
3136 5429 3181 5483 si
3213 5442 3317 5481 non
3349 5428 3429 5484 in-

1864 5522 2059 5590 digeat,
2094 5523 2335 5579 videatur
2362 5526 2628 5591 superflue
2657 5522 2948 5577 abundare.
2982 5522 3159 5575 Primo
3187 5536 3314 5591 ergo
3345 5536 3427 5576 re-

1862 5612 2112 5670 cedentes
2152 5616 2219 5669 ab
2263 5617 2406 5671 omni
2446 5616 2803 5682 corporalium
2840 5616 3148 5678 passionum
3196 5616 3399 5682 perscri
