3938 6376
521 355 583 409 SI
593 355 626 408 5
1844 350 2061 408 VlGlLll

2162 349 2468 409 lPSENSIS
3640 350 3717 409 9ft

478 483 491 507 ε
523 470 729 538 ptionc,
754 473 808 522 et
829 468 1039 531 cunctis
1053 466 1341 522 visibilium
1361 475 1665 522 naturarum
1688 468 2081 524 conditionibus
2119 476 2167 532 Λ
2196 482 2335 527 tatur
2374 473 2424 527 in
2453 470 2791 542 profundum.
2842 468 2973 523 Dum
3005 468 3147 525 enim
3190 469 3302 524 vult
3343 466 3618 523 facundiam
3655 472 3725 526 sui

522 558 812 623 derelictis,
842 558 911 614 de
932 559 1193 627 spirituali
1224 559 1495 614 nativitate
1535 560 1885 630 spiritualiter
1911 562 2091 631 dispu-
2194 564 2457 618 sermonis
2506 561 2818 625 ostendere,
2872 561 3083 614 nescius
3137 561 3191 614 in
3238 560 3459 615 crimine
3499 571 3716 628 versatur,

526 658 719 712 temus,
756 662 856 703 nec
884 648 1173 717 quidquam
1205 649 1271 703 d'e
1300 664 1360 703 ea
1388 663 1576 704 sensus
1613 652 1776 705 nosui
1809 651 2092 720 opinemur
2195 653 2485 722 Scriptura:
2522 652 2714 706 divinas
2752 651 2979 706 dicendo
3018 646 3349 723 esse,'quod
3391 651 3442 705 in
3470 653 3717 707 substantia

529 738 970 806 prmsumptione.
1007 735 1281 804 Scriptura
1313 739 1489 807 itaque
1527 738 1730 805 divina,
1764 748 1821 794 ut
1849 740 2095 808 impassi-
2195 745 2289 799 Dei
2324 752 2568 811 comquet
2594 742 2783 796 Filium
2821 742 3082 811 genitori;
3126 756 3245 797 cum
3284 740 3399 809 ipse
3426 741 3577 796 Filius
3595 742 3653 808 de
3675 757 3719 797 se

528 831 792 885 bilitatem
820 840 1056 899 paterna)
1080 829 1437 898 generationis
1476 831 1805 894 ostenderet,
1852 843 2091 895 sensum,
2197 841 2445 896 testetur,
2473 841 2525 886 et
2548 830 2717 885 dicat:
2756 827 2907 883 Pater
2927 832 3093 900 major
3115 845 3192 883 me
3216 837 3288 882 est
3306 827 3481 899 (Joan.
3505 829 3717 893 καθὼς

527 922 866 991 sapientiam,
896 921 1143 976 virtutem
1162 963 1176 985 ,
1222 922 1464 989 verbum,
1495 922 1697 988 lumen,
1741 922 1932 977 Filium
1976 936 2097 977 esse
2198 927 2433 999 tat-169
2456 926 2555 991 Qui
2576 941 2653 979 me
2677 924 2832 992 misit,
2858 914 3155 976 mandatum
3176 922 3314 976 dedit
3338 921 3510 993 (Joan;
3532 922 3716 986 xtt,l9);

529 1014 789 1069 narravit.
839 1013 1065 1068 Sensum
1111 1013 1339 1080 scilicet,
1384 1028 1490 1083 quo
1532 1023 1721 1068 cuncta
1759 1014 2094 1083 cogitantur;
2199 1027 2252 1072 et
2283 1016 2403 1069 Non
2432 1032 2524 1086 ego
2545 1014 2675 1079 ueni,
2706 1012 2794 1067 sed
2816 1013 2901 1065 ille
2939 1028 3018 1066 me
3044 1012 3181 1071 misit
3211 1011 3390 1082 (toan.
3421 1025 3528 1073 vut,
3550 1010 3659 1079 42);
3683 1019 3722 1062 et

528 1104 869 1171 sapieﬂliam,
901 1117 1001 1171 qua
1027 1103 1255 1173 οοεῖιὲῑθ
1283 1102 1673 1171 disponuntur;
1703 1102 1975 1167 νίΐιυιθίη.
1995 1116 2097 1171 qua
2202 1109 2325 1163 Non
2349 1109 2459 1162 veni
2485 1109 2649 1177 facere
2677 1105 2984 1159 voluntatem
3005 1119 3187 1169 meam,
3216 1103 3307 1157 sed
3335 1102 3617 1155 volantum
3639 1104 3729 1171 ejus

527 1194 785 1264 disposita
818 1194 1192 1264 perficiuntur;
1227 1191 1447 1248 verbum
1473 1208 1579 1263 quo
1602 1193 1831 1262 perfecta
1855 1196 2101 1247 nuntian-
2200 1200 2288 1270 qui
2317 1214 2396 1251 me
2422 1198 2556 1251 misit
2577 1196 2756 1268 (Joan.
2789 1211 2862 1258 vt,
2885 1194 3008 1263 58);
3041 1203 3094 1249 et
3125 1195 3269 1249 Sicut
3294 1194 3425 1246 dixit
3452 1192 3566 1244 mihi
3584 1190 3721 1256 Pater,

528 1295 648 1350 tur;
681 1285 881 1352 lumen,
922 1298 1027 1355 quo
1067 1284 1309 1339 nuntiata
1333 1283 1658 1338 clarescunt.
1688 1282 1752 1337 Et
1797 1282 1882 1337 has
1911 1297 2101 1338 omnes
2200 1292 2275 1345 sic
2304 1290 2484 1356 loquor
2505 1287 2682 1361 (Joan.
2709 1301 2803 1350 xu,
2826 1286 2947 1354 50);
2978 1293 3033 1339 et
3060 1283 3210 1351 Quod
3239 1283 3381 1336 dedit
3412 1282 3548 1345 mihi,
3572 1282 3722 1334 terrori

528 1375 802 1430 nominum
844 1375 1075 1443 species,
1111 1388 1219 1429 non
1246 1374 1498 1438 diversas,
1531 1374 1625 1428 sed
1655 1387 1757 1427 una
1796 1382 1880 1428 est
1908 1374 2097 1427 virtus.
2205 1378 2382 1451 (10a...
2412 1394 2538 1445 ινιι,
2566 1378 2653 1446 12)
2674 1394 2688 1442 ;
2712 1388 2765 1431 et
2789 1376 2975 1429 Omnia
2994 1391 3107 1445 qua:
3125 1375 3263 1427 dedit
3288 1372 3411 1426 mihi
3434 1372 3597 1433 Pater,
3615 1386 3730 1424 uento

598 1465 838 1521 XXVIII.
912 1465 1058 1533 Quia
1078 1466 1221 1520 enim
1257 1464 1414 1520 unius
1442 1464 1707 1520 sermonis
1743 1463 2103 1519 enuntiatione
2203 1473 2370 1541 aufert
2395 1487 2427 1524 a
2456 1486 2534 1525 me
2564 1469 2742 1541 (Joan.
2762 1483 2836 1533 vr,
2856 1466 2975 1536 39);
3008 1475 3061 1521 et
3087 1466 3294 1535 Rogabo
3321 1480 3435 1519 eum
3458 1473 3503 1517 et
3526 1462 3723 1517 exhiberi!

527 1556 835 1626 magnitudo
865 1555 981 1625 ejus
1013 1555 1161 1609 nosci
1204 1569 1310 1608 non
1347 1554 1553 1623 potuit,
1595 1554 1792 1609 idcirco
1826 1551 2104 1621 multiplici
2204 1563 2329 1617 mihi
2358 1562 2473 1631 ριιιε
2500 1576 2650 1629 quam
2686 1558 2957 1612 duodecim
2983 1558 3203 1628 legiones
3232 1556 3526 1625 angelorum
3552 1553 3718 1623 (Matth.

528 1646 911 1702 vocabulorum
944 1644 1299 1714 appellatione
1337 1644 1698 1714 distinguitur,
1732 1651 1797 1696 ut
1825 1657 1904 1697 ex.
1930 1641 2080 1697 diver

2205 1669 2352 1720 xxvi,
2374 1653 2496 1722 55);
2524 1660 2579 1707 et
2607 1651 2654 1705 Η
2660 1652 2705 1703 ic
2729 1650 2864 1703 calix
2885 1651 2930 1703 si
2953 1665 3056 1702 non
3079 1656 3249 1719 potest
3268 1647 3481 1700 transire
3505 1646 3592 1699 nisi
3615 1644 3724 1697 illum

529 1742 685 1793 s‘tate
730 1736 818 1791 vel
866 1736 1122 1805 qualitate
1170 1733 1399 1789 nominis
1424 1774 1439 1799 ,
1494 1735 1845 1804 quantitatem
1892 1731 2105 1786 virtutis
2208 1747 2395 1811 “tam,
2427 1741 2778 1812 βαιιυοιηηιαε
2804 1748 2890 1793 tua
2933 1739 3120 1807 (11nd,,
3148 1737 3264 1807 ea);
3296 1745 3352 1791 et
3381 1736 3723 1789 Tmuseatattte

530 1842 906 1899 agnoscamus.
930 1827 1067 1895 Quia
1096 1842 1224 1897 ergo
1250 1826 1528 1883 consilium
1557 1827 1623 1882 ab
1643 1840 1729 1894 eo,
1751 1825 1901 1895 cujus
1928 1824 2085 1879 consi-

2169 1835 2343 1894 lculix
2372 1838 2481 1890 iste.
2514 1833 2631 1888 Non
2663 1835 2792 1887 sicut
2817 1848 2908 1901 ego
2933 1830 3065 1895 volo,
3096 1830 3183 1884 sed
3207 1830 3344 1883 sicut
3370 1838 3422 1881 tu
3452 1824 3724 1897 (Ibid.,39):

529 1919 662 1974 lium
687 1928 794 1984 est,
817 1932 921 1973 non
950 1926 1253 1987 separatur,
1279 1919 1401 1987 quia
1423 1918 1590 1972 virtus
1617 1912 1646 1971 a
1678 1916 1800 1971 forti
1828 1932 1931 1970 non
1961 1915 2084 1971 scina

2201 1938 2255 1986 et
2278 1928 2404 1994 Qum
2425 1926 2606 1980 sunt'ei
2629 1923 2930 1992 placitaego
2951 1921 3083 1991 facio
3106 1935 3304 1986 semper
3324 1918 3498 1988 (Joan.
3519 1931 3615 1980 vm,
3631 1915 3720 1982 S9);

529 2009 695 2075 ditur,
721 2008 846 2076 quia
871 2008 1129 2079 sapientia
1159 2024 1189 2062 a
1213 2008 1451 2077 sapiente
1476 2022 1581 2063 non
1606 2008 1945 2075 discernitur,
1974 2007 2084 2076 qui:

2202 2032 2264 2080 ει·
2284 2022 2474 2077 Sedere
2503 2020 2569 2071 ad
2599 2018 2861 2070 dexteram
2883 2029 3045 2066 meam
3073 2013 3149 2067 vel
3178 2012 3245 2064 ad
3274 2011 3548 2073 sinistram,
3570 2022 3653 2061 non
3673 2020 3721 2058 cst

529 2113 724 2154 sensus
758 2114 788 2154 a
817 2082 1031 2156 sensato
1062 2115 1167 2155 non
1206 2100 1505 2169 divellitur,
1537 2101 1659 2169 quia
1690 2099 1919 2154 Verbum
1949 2113 1979 2153 a
2008 2113 2084 2166 par

2203 2128 2369 2167 meum
2397 2111 2529 2163 dare
2551 2106 2685 2160 vobis
2713 2104 2922 2175 (Matth.
2956 2117 3048 2166 xx,
3073 2100 3196 2170 95);
3231 2108 3287 2155 et
3319 2099 3467 2152 Dedit
3492 2099 3562 2151 illi
3587 2110 3721 2148 nomen

530 2198 686 2244 terno
713 2204 809 2245 ore
837 2205 940 2245 non
971 2190 1230 2256 aufertur,
1261 2190 1384 2260 quia
1413 2190 1664 2260 splendor
1701 2204 1731 2244 a
1770 2202 1870 2243 suo
1906 2188 2085 2242 lumini

2203 2203 2341 2275 quod
2364 2210 2445 2255 est
2460 2214 2608 2269 super
2629 2211 2775 2251 omne
2796 2210 2975 2247 nomen
3001 2191 3221 2263 (Philip.
3256 2206 3318 2255 ιι,
3342 2190 3433 2256 9);
3456 2198 3507 2243 et
3528 2184 3723 2240 Excitavit

532 2280 675 2334 nulla
702 2281 1002 2338 secretione
1030 2282 1458 2348 discriminatur;
1491 2282 1827 2336 manifestum
1858 2289 1969 2345 est,
2000 2280 2104 2334 Pa-
2206 2307 2419 2364 puerum
2466 2303 2661 2351 suum;
2703 2293 2758 2340 et
2808 2282 3077 2337 Benedimit
3121 2290 3166 2335 te
3206 2280 3458 2334 Dominus
3504 2278 3618 2330 Deus
3643 2282 3725 2325 tatu

532 2382 668 2427 trem
712 2388 810 2429 nec
858 2383 1196 2444 augmentum
1246 2373 1567 2444 suscepisse,
1612 2374 1768 2444 168
1808 2386 1905 2427 nec
1942 2371 2108 2427 ἀείτί·
2208 2382 2534 2453 (Psal.xt.tv,
2560 2373 3438 2447 8);elExcitavEt’ettmamortuie.
3468 2365 3724 2434 Sederefecit

530 2475 770 2520 mentum
786 2466 977 2522 Filium
1000 2466 1306 2536 generando
1334 2467 1596 2533 sensisse;
1626 2465 1747 2535 quia
1776 2466 1889 2519 hzrc
1919 2464 1971 2518 in
1997 2463 2106 2517 Deo
2207 2471 2275 2526 ad
2297 2470 2554 2523 dexteram
2579 2482 2725 2521 suam
2748 2463 2961 2534 (Ephes.
2990 2479 3027 2527 ι,
3051 2460 3164 2532 20),
3196 2470 3251 2516 et
3278 2460 3443 2515 multa
3464 2458 3541 2512 his
3563 2454 3723 2516 similia.

532 2564 585 2609 et
612 2556 927 2610 naturaliter
950 2556 1152 2623 insunt,
1174 2565 1228 2612 et
1256 2556 1371 2625 ipse
1400 2555 1452 2610 in
1483 2555 1562 2611 eis
1593 2553 1907 2609 naturaliter
1937 2553 2102 2609 inest:
2209 2576 2327 2632 qua;
2355 2559 2531 2614 studio
2551 2555 2827 2612 brevitatis
2849 2554 3057 2608 omitto.
3086 2551 3145 2606 Si
3175 2565 3307 2620 ergo
3330 2549 3573 2618 majorem
3593 2545 3721 2603 habet,

530 2645 669 2699 δίουῑ
710 2645 820 2702 ῖυεθ
849 2645 1016 2701 Filius
1052 2647 1290 2715 θρεηίαε
1338 2645 1597 2708 deamata
1650 2644 1834 2699 άῖεθηε
1854 2660 1875 2714 ,τ
1916 2642 2027 2713 590
2056 2644 2110 2696 ίη
2211 2652 2257 2707 si
2278 2650 2344 2707 ab
2364 2664 2430 2706 eo
2452 2649 2647 2703 missus
2674 2656 2777 2715 est,
2801 2645 2845 2699 si
2872 2652 3166 2713 spontanea
3188 2642 3465 2695 voluntate
3489 2654 3582 2693 non
3602 2634 3723 2698 venit,

532 2731 731 2805 Patre,
772 2748 817 2792 et
847 2738 1001 2792 Pater
1041 2741 1093 2793 in
1138 2755 1218 2792 me
1248 2738 1426 2808 (Ioan.
1459 2756 1509 2803 x,
1546 2738 1634 2803 38,
1659 2748 1842 2803 etxtv,
1875 2737 1962 2803 I0,
1996 2736 2107 2805 II).
2213 2742 2257 2798 si
2289 2740 2620 2795 voluntatem
2651 2749 2800 2791 suam
2833 2748 2939 2788 non
2972 2732 3119 2799 fecit,
3155 2732 3198 2786 si
3229 2732 3374 2801 quod
3407 2732 3456 2785 ei
3489 2728 3653 2783 dicitur
3674 2725 3724 2776 lo-

534 2825 670 2881 Esse
700 2828 843 2881 enim
871 2835 925 2880 et
953 2829 1147 2893 inesse,
1177 2842 1276 2881 nec
1306 2828 1459 2895 copia
1491 2836 1572 2882 est
1600 2813 1919 2891 exuberans,
1950 2826 2003 2880 id
2032 2834 2113 2881 est
2212 2832 2421 2902 quitur,
2466 2831 2509 2883 si
2542 2826 2644 2883 sibi
2677 2825 2801 2881 data
2836 2824 3098 2890 custodit,
3138 2822 3185 2877 si
3222 2832 3397 2892 rogat,
3428 2821 3472 2875 si
3504 2833 3587 2888 pro
3606 2814 3732 2871 calice

536 2927 682 2973 extra
715 2917 1022 2973 redundans
1051 2917 1399 2988 (quia'ipsum
1431 2918 1635 2982 inesse,
1672 2917 1724 2971 id
1755 2927 1839 2971 est
1869 2918 1921 2970 in
1956 2915 2113 2971 Patre
2214 2922 2552 2991 deprecatur,
2576 2918 2620 2971 si
2649 2929 2842 2971 nomen
2873 2914 2941 2970 ab
2968 2914 3079 2968 alio
3108 2912 3337 2982 accepit,
3360 2912 3404 2965 si
3430 2911 3493 2964 ab
3515 2908 3606 2962 alio
3622 2903 3725 2959 enl-

536 3023 570 3069 e
600 3020 679 3073 se,
713 3022 818 3062 non
846 3008 1035 3075 recipit
1064 3010 1244 3075 Arius,
1277 3009 1559 3064 cavillatur
1584 3018 1732 3063 extra
1765 3008 1985 3080 Iluere);
2017 3022 2115 3063 nec
2216 3022 2380 3077 tatur,
2412 3007 2634 3065 si‘sedes
2663 3005 2943 3075 discipulis
2964 3003 3269 3073 petentibus
3293 3001 3500 3071 propria
3525 3001 3725 3069 potesth

536 3101 846 3156 detrimenti
883 3101 1090 3170 jactura
1133 3111 1237 3166 est,
1280 3102 1405 3156 dum
1445 3116 1537 3157 cor
1574 3101 1886 3171 sapientiam
1924 3098 2091 3171 gignit

2217 3119 2324 3160 non
2352 3102 2555 3165 tribuit,
2579 3101 2626 3154 si
2648 3114 2766 3168 quae
2795 3105 2919 3152 sunt
2940 3096 3079 3151 Patri
3110 3094 3304 3165 placita
3334 3093 3477 3159 facit,
3506 3099 3555 3145 ct
3570 3089 3625 3143 ab
3645 3088 3730 3152 ipso

535 3195 667 3247 dum
690 3192 993 3247 intellectus
1017 3190 1294 3247 consilium
1317 3201 1556 3262 generat,
1581 3191 1706 3246 dum
1728 3206 1790 3247 os
1813 3206 2113 3247 sermonem
2139 3189 2189 3253 C
2218 3210 2248 3249 a
2271 3193 2495 3249 mortuis
2519 3190 2831 3254 suscitatur,
2862 3202 3146 3257 aequumne
3166 3184 3381 3239 videtur
3412 3193 3469 3239 ut
3489 3183 3567 3247 qui
3590 3179 3642 3232 de
3661 3188 3724 3228 sua

546 3284 763 3351 arofert,
800 3283 1132 3340 dUm‘lumen
1160 3284 1499 3353 splendorem
1530 3284 1744 3338 emittit.
1794 3281 1937 3338 Inest
1970 3281 2115 3338 enim
2217 3282 2549 3353 subjectioue
2579 3286 2733 3333 tanta
2748 3288 2802 3334 et
2833 3277 2955 3332 talia
2984 3276 3134 3343 dicit,
3165 3274 3309 3330 Patri
3340 3274 3582 3330 efficiatur
3600 3279 3725 3333 taqua-

538 3375 791 3445 splendor
817 3377 869 3432 in
893 3376 1093 3432 lumine
1114 3385 1168 3432 et
1189 3377 1367 3432 lumen
1390 3377 1444 3430 in
1467 3374 1772 3446 splendore,
1796 3387 1851 3431 et
1882 3374 1953 3430 ita
1975 3376 2028 3430 in
2058 3390 2116 3431 se
2219 3374 2285 3428 lis
2306 3374 2332 3427 ἲ
3105 3457 3110 3458 γ
3224 3457 3230 3458 7
3463 3456 3472 3458 _
3650 3448 3659 3458 .

538 3475 823 3537 utrumque
842 3475 1027 3522 natura
1047 3468 1309 3535 subsistit,
1330 3476 1387 3523 ut
1404 3478 1651 3522 neutrum
1672 3466 1787 3522 sine
1804 3467 1974 3521 altero
1996 3480 2117 3521 esse
2292 3462 2457 3518 XXX.
2499 3461 2702 3516 Probus
2710 3460 2876 3530 judea:
2902 3458 3031 3513 dixit
3051 3474 3071 3512 :
3093 3457 3149 3516 Si
3171 3456 3552 3547 adversusgista

541 3557 1197 3629 possit;quia'ubicunque
1216 3559 1393 3614 lumen
1412 3568 1517 3623 est,
1538 3557 1645 3614 illic
1659 3565 1714 3613 et
1730 3557 1986 3627 splendor
2002 3556 2115 3627 pari
2218 3554 2413 3611 divinae
2453 3551 2787 3607 auctoritatis
2819 3550 3147 3613 testimonia,
3178 3562 3302 3617 qua:
3332 3547 3399 3602 ab
3426 3545 3544 3600 Ario
3567 3541 3622 3596 de
3643 3537 3724 3592 Filii

543 3646 802 3703 radiantis
831 3648 1049 3703 luminis
1075 3648 1319 3703 claritate
1364 3646 1611 3717 refulget.
1660 3646 1803 3716 Ergo
1821 3647 1978 3701 Pater
2008 3660 2114 3701 non
2218 3643 2549 3714 subiectione
2567 3641 2769 3710 prolata
2790 3647 2935 3705 sunt,
2957 3638 3153 3708 aliquid
3174 3636 3471 3691 Athanasio
3488 3637 3729 3699 competere

546 3744 647 3804 cst,
674 3739 835 3807 copia
858 3737 1139 3806 superflua:
1168 3738 1589 3804 redundationis,
1614 3746 1861 3806 tanquam
1884 3744 2033 3792 extra
2058 3751 2118 3792 se
2218 3736 2451 3802 videtur,
2490 3734 2702 3790 edicere
2741 3744 2848 3787 non
2886 3739 3147 3813 moretur,
3178 3737 3238 3785 ut
3276 3738 3468 3784 amota.
3491 3729 3725 3818 supemlltl'

548 3829 802 3894 efﬂuens;
830 3829 932 3884 sed
950 3844 1023 3884 ex
1038 3844 1096 3883 se
1119 3841 1276 3899 atque
1299 3830 1355 3884 in
1382 3844 1461 3897 se,
1485 3839 1541 3883 ut
1565 3829 1778 3899 sapiens
1802 3827 2117 3898 sapientiam
2219 3831 2400 3885 ctione
2428 3827 2714 3891 sermonis,
2740 3840 2806 3880 ex
2827 3823 3020 3880 divinis
3045 3808 3222 3893 potius
3249 3822 3549 3882 luminibus,
3570 3808 3726 3868 auidis-

547 3922 730 3987 gcnuit
759 3919 981 3985 Filium,
999 3929 1053 3974 et
1083 3920 1284 3975 idcirco
1317 3935 1382 3976 ex
1411 3934 1521 3974 suae
1552 3919 1830 3974 infinitatis
1856 3920 2121 3989 magnitu-
2221 3920 2433 3986 similis,
2465 3918 2546 3974 vel
2577 3916 2866 3986 comqualis
2896 3915 3037 3970 Patri
3072 3914 3238 3970 Filius
3267 3914 3659 3969 demonstretur;
3687 3905 3726 3951 ιη

545 4012 673 4066 dine
695 4026 951 4082 nusquam
974 4012 1192 4067 omnino
1215 4011 1458 4067 recessit.
1489 4010 1594 4067 Sed
1617 4025 1790 4081 neque
1811 4010 2121 4065 substantia:
2222 4010 2397 4081 agnita
2421 4009 2662 4072 veritate,
2688 4022 2805 4077 quo:
2830 4020 2974 4060 sana:
2997 4004 3118 4061 fidei
3144 4019 3206 4060 ac
3234 4004 3427 4060 rationi
3452 3994 3729 4057 convenimus

544 4117 658 4156 sua:
685 4103 1100 4172 portiunculam,
1129 4117 1224 4173 pro
1254 4112 1365 4157 rata
1398 4112 1546 4172 parte
1573 4103 1803 4158 secrevit
1831 4117 1861 4156 a
1890 4117 1969 4166 se,
1998 4104 2121 4173 quia
2222 4102 2562 4158 roborentur.

544 4193 723 4249 lumen
759 4195 1101 4264 splendorem
1144 4195 1431 4265 gignendo,
1465 4192 1787 4265 separationi
1827 4193 2123 4249 obnoxium
2294 4192 2605 4247 Athanasius
2633 4191 2762 4245 dixit
2796 4208 2813 4245 :
2844 4190 3109 4256 Quantum
3139 4188 3268 4244 velit
3303 4191 3565 4259 percurrat
3591 4179 3632 4234 in
3652 4173 3726 4229 ela-

547 4299 653 4337 non
682 4294 785 4339 est.
834 4286 1010 4354 Atque
1054 4288 1129 4339 ita
1173 4285 1379 4356 singula
1433 4284 1827 4355 prosequendo,
1883 4284 2121 4353 reperies
2224 4285 2377 4339 tione
2405 4282 2669 4338 sermonis
2699 4280 2811 4335 Arii
2841 4280 3103 4337 calliditas
3127 4319 3141 4343 ,
3170 4289 3225 4334 et
3259 4279 3366 4334 sibi
3393 4278 3459 4332 de
3482 4266 3726 4361 auctoritate

548 4372 760 4445 Patrem
810 4368 1009 4427 in’sua
1053 4376 1399 4442 generatione
1442 4390 1541 4428 nec
1579 4377 1730 4443 copia
1771 4374 2123 4430 redundantis
2224 4374 2419 4430 divinae
2447 4373 2578 4443 legis
2613 4369 2835 4442 prolatis
2871 4371 3085 4440 plaudat
3116 4369 3466 4430 testimoniis;
3497 4362 3653 4433 quibus
3672 4367 3725 4402 Vt-

552 4461 745 4516 cumuli
790 4472 1036 4527 auctum,
1071 4463 1380 4517 nec‘divism
1408 4464 1662 4530 portionis
1693 4464 2015 4520 detrimento
2042 4465 2121 4519 di-
2225 4465 2421 4521 d‘elicet
2460 4466 2645 4519 nititur
2693 4464 2762 4517 ab
2803 4463 3102 4533 mqualitate
3137 4462 3310 4516 Patris
3363 4459 3543 4514 Filium
3587 4456 3725 4514 S"<l"°‘

553 4550 815 4605 minutum
834 4592 849 4618 ,
878 4566 978 4606 nec
1012 4560 1273 4623 separata:
1308 4552 1618 4608 substantiae
1650 4554 1915 4610 divisione
1944 4559 2122 4625 sejun-
2150 4552 2203 4614 ι)
2226 4566 2397 4613 strare
2422 4574 2437 4613 :
2470 4566 2661 4611 cuncta
2682 4570 2800 4624 quae
2820 4554 2888 4609 ab
2910 4568 2974 4609 eo
2992 4554 3247 4623 prolixius
3270 4553 3465 4607 inserta
3485 4547 3725 4600 noscuntur.

552 4652 694 4697 ctum
724 4660 738 4698 :
762 4644 881 4713 quia
906 4659 1079 4698 rerum
1110 4653 1315 4712 natura,
1350 4646 1433 4699 cui
1462 4659 1609 4699 sacra
1638 4646 1728 4700 illa
1754 4654 1812 4701 et
1837 4646 2124 4702 inell‘abilis
2230 4648 2419 4704 iisdem
2446 4648 2604 4703 etiam
2636 4646 2951 4701 testimoniis
2976 4660 3005 4699 a
3028 4643 3181 4699 nobis
3211 4643 3329 4712 ejus
3353 4638 3561 4696 intentio
3584 4632 3728 4719 abs‘ttll.‘5

552 4734 827 4802 generatio
871 4742 1229 4802 comparatur,
1260 4733 1392 4789 nihil
1424 4736 1473 4789 in
1506 4748 1565 4790 se
1595 4735 1701 4789 tale
1730 4736 1951 4803 recipit,
1983 4736 2121 4805 quod
2228 4739 2334 4794 ulla
2352 4738 2664 4793 difficultate
2686 4736 3042 4792 frustrabitur.
3062 4734 3309 4789 Christus
3333 4730 3485 4801 igitur
3501 4716 3725 4813 Filiusliel,

553 4832 645 4876 aut
667 4822 1055 4892 exuberationi,
1086 4832 1180 4879 aut
1207 4824 1565 4891 diminutioni,
1596 4834 1684 4878 aut
1705 4826 1929 4894 jactura
1958 4804 2125 4881 obno-
2228 4814 2281 4885 in
2312 4829 2480 4884 forma
2509 4828 2671 4893 servi,
2701 4842 2856 4897 quam
2887 4826 3118 4894 sumpsit
3140 4838 3206 4879 ex
3239 4823 3467 4891 Virgine,
3495 4804 3729 4897 Patri

554 4913 700 4972 tium
730 4926 854 4967 esse
874 4914 1063 4981 Ροδείιο
1708 4892 1717 4894 ἡ
2230 4928 2316 4975 tur
2349 4933 2468 4974 esse
2496 4892 2800 4987 subjecms,
2828 4892 3071 4984 apostolo
3091 4914 3256 4968 Paulo
3284 4906 3603 4967 nihilominus
3623 4892 3729 4950 alii"

625 5002 818 5058 XXIX.
897 5003 1099 5058 Probus
1144 5005 1301 5069 iudex
1325 5005 1453 5059 dixit
1489 5022 1506 5058 :
1546 5004 1762 5061 Certum
1791 5017 1874 5062 est
1910 5007 2122 5077 quidem
2230 5018 2409 5081 mante
2444 5026 2456 5061 :
2486 5008 2584 5063 Ubi
2615 5008 2777 5073 venit,
2805 5005 3006 5074 inquit,
3034 5004 3298 5073 plenitudo
3324 5000 3473 5073 170
3496 4994 3727 5081 ιεηιροναθπς

554 5103 798 5149 naturam
832 5093 1069 5159 luminis,
1101 5092 1184 5149 vel
1219 5096 1364 5151 verbi
1403 5110 1465 5150 ac
1495 5097 1771 5165 sapientia:
1800 5067 2129 5168 aliarumque
2228 5078 2363 5153 misit
2392 5099 2530 5153 Deus
2552 5096 2746 5151 Filium
2771 5111 2916 5151 suum
2941 5096 3131 5165 factum
3156 5110 3219 5147 ea:
3242 5094 3466 5152 muliere,
3491 5086 3649 5154 factum
3667 5067 3729 5168 sui

554 5186 811 5240 virtutum
857 5185 953 5239 abs
997 5196 1049 5240 te
1096 5197 1635 5241 commemoratamm
1687 5188 2007 5244 efﬁcientias
2048 5188 2130 5244 his
2228 5189 2339 5262 iege
2363 5189 2504 5259 (Gal.
2530 5205 2601 5254 tv,
2624 5188 2703 5258 4).
2737 5188 2828 5242 Ille
2859 5188 3037 5256 itaque
3062 5186 3255 5241 dicitur
3280 5174 3729 5262 essesubjeclllillul

553 5275 949 5332 conditionibus
990 5276 1159 5330 teneri
1190 5292 1295 5330 non
1341 5292 1515 5344 posse.
1566 5279 1673 5333 Sed
1708 5290 1909 5345 utrum,
1937 5289 1995 5334 ut
2028 5280 2125 5344 ais,
2230 5260 2330 5336 sub
2351 5282 2466 5350 lege
2487 5296 2553 5335 ex
2575 5279 2799 5335 muliere
2826 5279 3067 5333 noscitur
3081 5270 3585 5347 generatus.etinea
3607 5260 3729 5354 forms

558 5379 789 5433 paterna:
832 5366 1191 5437 generationis
1244 5365 1491 5421 nativitas
1538 5368 1745 5433 talibus
1789 5380 2127 5438 comparetur
2236 5373 2493 5440 majorem
2521 5386 2581 5427 se
2605 5371 2801 5425 indicat
2823 5370 3051 5435 Patrem,
3078 5386 3234 5439 quam
3259 5362 3538 5423 voluntarie
3561 5352 3732 5441 sumpsii

558 5460 833 5531 exemptis,
866 5457 1055 5511 divinis
1081 5468 1133 5513 te
1163 5458 1413 5512 convenit
1445 5458 1760 5514 testimoniis
1788 5459 2034 5514 educere.
2238 5478 2301 5517 ex
2346 5462 2580 5532 Virgine.
2631 5462 2762 5516 Nam
2806 5463 2857 5515 iu
2901 5462 3071 5515 forma
3102 5461 3194 5515 Dei
3233 5459 3418 5523 Patris,
3447 5447 3673 5535 angelicas
3694 5450 3726 5535 tl

630 5549 779 5603 Arius
805 5548 931 5603 dixit
967 5568 985 5605 :
1020 5550 1307 5620 Superiorc
1330 5551 1702 5617 prosecutione
1726 5564 1843 5605 mea
1872 5549 1942 5603 ita
1969 5565 2071 5605 exo
2085 5565 2133 5603 r-
2237 5553 2434 5606 chorus
2460 5553 2713 5621 probatur
2741 5552 3033 5621 praebuisse
3062 5551 3429 5627 ministerium.
3471 5544 3536 5598 Ita
3559 5534 3671 5627 eniti"
3692 5534 3729 5575 ἠ

564 5652 650 5694 sus
677 5655 812 5709 sum,
842 5644 980 5712 quod
1006 5642 1322 5700 Athanasius
1353 5640 1575 5712 perﬁdia
1603 5640 1854 5698 caecitatis
1888 5642 2133 5713 praecipi-
2240 5620 2525 5714 Evangelia
2554 5620 2806 5714 scriptum
2836 5653 2915 5699 est
2950 5661 2961 5698 :
3000 5643 3066 5697 Et
3107 5622 3331 5698 discessit
3359 5640 3417 5693 ab
3451 5653 3502 5691 eo
3530 5620 3725 5682 distulit.
