3938 6376
178 384 282 442 ΞΠ

980 387 1250 444 CONTRA
1287 384 1594 456 ARIANOS,
1639 385 2127 460 SABELLIANOS,
2159 388 2333 457 ETC.,
2376 388 2499 444 LIB.
2542 387 2603 444 II.

3305 392 3418 452 εις

179 503 223 548 σι
245 504 494 547 venerum:
523 495 711 565 angeli,
744 502 792 550 et
819 496 1164 551 ministrabant
1197 500 1240 553 ei
1278 497 1488 568 (Matth.
1523 514 1592 563 tv,
1630 500 1739 567 Η).
1773 504 1823 562 Α
1850 500 1994 572 dium
2031 500 2304 568 judicandi
2349 502 2532 556 tribuit
2572 506 2909 570 potestatem.
2953 498 3083 565 Quae
3123 511 3248 556 sunt
3283 504 3422 559 Patri

177 581 371 650 Ohjicit
398 582 536 649 quod
564 583 887 640 voluntatem
917 586 1089 640 Patris
1115 587 1320 652 fecerit,
1354 597 1407 642 et
1437 603 1541 641 non
1570 603 1744 642 suam.

174 672 232 728 In
257 674 357 728 hoc
383 675 548 742 magis
573 675 853 732 laudabilis
881 677 1036 746 hujus
1065 679 1211 732 verbi
1234 679 1376 733 dicto
1403 679 1562 734 debet
1588 694 1750 748 agno-

176 765 274 827 sci,
315 766 438 833 quia
480 766 568 834 qui
607 764 780 822 Patris
819 768 1144 822 voluntatem
1189 771 1557 839 arquanimiter
1600 769 1742 836 fecit,

174 855 531 921 aequalitatem
576 855 838 922 ostendit;
871 858 1124 926 Apostolo
1166 859 1514 914 contirmante
1561 875 1573 911 :

171 955 265 1014 est,
288 948 475 1016 inquit,
493 949 727 1004 voluntas
747 950 840 1004 Dei
865 952 916 1004 in
933 950 1136 1006 Christo
1155 951 1278 1005 Jesu
1302 951 1350 1021 (ι
1374 949 1527 1004 Thes.
1554 966 1603 1015 v,
1628 950 1738 1019 I8).

1856 591 2046 659 placita
2079 593 2226 660 fecit,
2255 594 2377 660 quia
2407 591 2673 647 contraria
2701 591 2876 645 facere
2906 591 3091 644 nescit.
3141 592 3271 646 Nam
3301 595 3422 662 quia

1852 683 1997 736 venit
2021 699 2124 736 nun
2147 693 2203 737 ut
2225 683 2424 739 faceret
2443 684 2766 737 voluntatem
2790 696 2960 747 suam,
2987 681 3079 736 sed
3099 685 3422 739 voluntatem

1849 774 1964 842 ejus
1985 777 2072 844 qui
2096 776 2240 830 misit
2264 777 2432 841 illum,
2451 777 2611 830 dixit:
2635 775 2702 829 Ut
2721 775 2906 840 faciam
2928 776 3234 827 voluntatem
3255 785 3417 841 tuam,

1617 859 1746 913 Haec
1847 862 1987 918 Deus
2016 881 2174 929 meus,
2206 867 2342 918 votui
2380 866 2550 934 (I’sal.
2584 881 2775 928 xxnx,
2802 865 2884 934 9);
2917 874 2970 919 et
3004 864 3299 918 Voluntarie
3333 883 3416 918 sa-

1843 955 2083 1021 criﬁcabo
2111 957 2199 1008 tibi
2239 955 2405 1026 (Psat.
2434 973 2544 1021 LIII,
2569 958 2650 1023 8).
2689 957 2789 1024 Qui
2823 957 2896 1010 ait
2931 973 2943 1008 :
2975 955 3129 1010 Pater
3153 959 3318 1022 major
3341 972 3418 1007 me

169 1035 302 1090 Nam
332 1036 454 1106 quia
485 1039 712 1106 addidit,
766 1041 911 1095 Sicut
949 1042 1076 1094 dixit
1105 1043 1228 1094 mihi
1255 1040 1432 1107 Pater,
1465 1042 1536 1094 sic
1565 1040 1744 1110 loquor
1843 1057 1914 1099 est
1943 1045 2120 1116 (Joan.
2154 1063 2260 1111 xrv,
2291 1046 2404 1115 '28),
2453 1047 2605 1113 dixit,
2637 1046 2748 1117 Ego
2785 1055 2831 1099 et
2864 1044 3017 1098 Pater
3047 1062 3200 1098 unum
3242 1062 3418 1098 sumus

168 1127 348 1198 (Joan.
368 1145 460 1194 xu,
483 1130 596 1199 50).
633 1131 808 1197 Quare
841 1133 1111 1187 hominum
1151 1147 1337 1202 genus,
1371 1133 1508 1202 quod
1532 1142 1734 1187 rectum

164 1229 246 1273 est
285 1219 618 1289 intelligens,
657 1222 838 1276 audito
869 1222 970 1278 hoc
1004 1224 1166 1277 verbo
1197 1223 1475 1278 turbetur?
1511 1222 1564 1275 Si
1594 1224 1737 1277 enim

162 1309 318 1364 aliter
338 1309 582 1366 Christus
607 1326 762 1380 quam
789 1313 927 1367 Deus
949 1314 1107 1368 Pater
1137 1315 1463 1383 loqueretur,
1487 1324 1594 1366 tum
1624 1329 1736 1368 ma-

159 1403 245 1471 gis
277 1402 415 1457 Patri
464 1404 739 1473 inaaqualis
777 1405 860 1460 vel
892 1405 1169 1460 dissimilis
1219 1415 1626 1460 monstraretur.
1677 1407 1732 1460 Si

160 1505 296 1545 vero
320 1507 437 1560 qua:
461 1492 695 1562 loquitur
718 1494 896 1558 Pater,
923 1511 985 1549 ea
1009 1495 1240 1564 loquitur
1263 1495 1446 1559 Filius,
1468 1511 1730 1565 nunquam

157 1580 436 1649 inmqualis
462 1582 607 1637 Patri
644 1592 732 1636 aut
768 1583 1042 1638 dissimilis
1081 1585 1368 1639 invenitur.
1414 1586 1566 1649 Quod
1591 1587 1732 1638 dedit

155 1669 302 1734 milii,
338 1671 533 1739 inquit,
569 1673 756 1725 servavi
788 1672 964 1742 (Joan.
998 1689 1126 1738 xvu,
1172 1673 1279 1742 12);
1326 1682 1379 1728 et
1410 1674 1594 1727 Omnia
1618 1689 1731 1742 qua:

153 1763 284 1814 mihi
322 1763 488 1830 dedit,
531 1781 672 1818 nemo
712 1767 882 1836 aufert
929 1784 960 1819 a
989 1784 1064 1820 me
1102 1768 1280 1838 (loan.
1320 1782 1395 1832 vr,
1421 1766 1535 1836 39).
1580 1768 1724 1822 Dona

1843 1134 2018 1204 (Joan.
2059 1153 2112 1199 x,
2143 1136 2258 1206 30);
2293 1148 2345 1191 et
2388 1137 2502 1192 Sint
2543 1140 2595 1191 in
2635 1142 2777 1195 nobis
2818 1158 2972 1195 unum
3003 1144 3130 1195 sicut
3173 1159 3262 1212 ego
3287 1153 3332 1194 et
3360 1155 3415 1194 tu

1840 1243 1996 1280 unum
2035 1243 2206 1281 sumus
2245 1227 2420 1299 (Joan.
2448 1245 2576 1294 xvu,
2607 1232 2697 1298 21,
2724 1233 2820 1301 2‘2)
2845 1250 2859 1297 ;
2889 1244 2942 1288 et
2977 1234 3158 1286 Omnia
3189 1250 3297 1286 mea
3329 1243 3415 1285 tua

1835 1330 1974 1384 sunt,
1993 1331 2039 1372 et
2056 1331 2142 1373 tua
2162 1337 2269 1374 mea
2288 1330 2405 1373 sunt
2425 1320 2597 1390 (Joan.
2619 1338 2741 1386 xvu,
2761 1323 2847 1393 I0)
2866 1342 2879 1390 ;
2896 1335 2947 1378 et
2966 1325 3174 1377 Creditis
3190 1326 3306 1392 quia
3322 1341 3414 1392 ego

1836 1413 1885 1464 in
1909 1411 2079 1476 Patre,
2101 1422 2146 1465 et
2167 1411 2320 1464 Pater
2341 1413 2391 1464 in
2416 1429 2492 1465 me
2512 1423 2583 1466 est
2605 1414 2783 1482 (Joan.
2811 1429 2914 1479 ιιν,
2942 1417 3027 1477 10,
3050 1417 3164 1482 il);
3187 1426 3240 1469 et
3260 1415 3415 1467 Pater

1834 1516 1968 1553 meus
1991 1511 2246 1568 operatur,
2270 1512 2316 1555 et
2339 1519 2428 1571 ego
2449 1519 2628 1571 cperor
2648 1503 2826 1572 (Joan.
2853 1521 2904 1570 v,
2926 1506 3046 1573 i7);
3068 1516 3119 1560 et
3141 1506 3285 1560 Sicut
3312 1507 3414 1558 Pa-

1833 1603 1906 1647 ter
1936 1594 2141 1646 suscitat
2178 1605 2404 1647 mortuos
2431 1604 2480 1648 et
2506 1596 2721 1663 i-iviﬁcat
2740 1637 2754 1659 ,
2789 1597 2858 1649 ita
2887 1607 2935 1650 et
2964 1597 3123 1651 Filius
3152 1616 3276 1666 quos
3301 1600 3406 1652 mrtt

1829 1683 2042 1749 vivi/ient
2071 1683 2242 1751 (Joan.
2276 1700 2327 1748 v,
2349 1685 2472 1753 Si);
2501 1693 2554 1739 et
2586 1687 2686 1752 Qui
2713 1703 2790 1740 me
2808 1688 2958 1754 videt,
2986 1689 3115 1741 ridet
3143 1699 3188 1741 et
3209 1689 3411 1743 Patrem

1829 1773 2007 1844 (Joan.
2040 1791 2147 1840 xtv,
2175 1776 2264 1843 9);
2294 1787 2346 1831 et
2371 1777 2472 1842 Qui
2498 1794 2574 1830 me
2596 1778 2722 1843 odit,
2745 1788 2791 1831 et
2813 1779 3022 1832 Patrem
3045 1797 3207 1833 meum
3231 1782 3408 1852 (Joan.

152 1853 301 1907 enim
329 1853 534 1921 divina,
569 1855 668 1910 hoc
698 1858 857 1913 modo
886 1857 1223 1927 intelligenda
1255 1869 1379 1913 sunt
1408 1859 1541 1914 Filio
1570 1862 1722 1916 attri-
1757 1859 1804 1918 B
1831 1882 1916 1933 xv,
1949 1867 2074 1934 23);
2109 1876 2160 1920 et
2186 1867 2428 1934 Clari/ica
2456 1867 2648 1921 Filium
2673 1881 2832 1931 tuum,
2859 1880 2913 1923 ut
2935 1869 3098 1923 Filius
3120 1881 3233 1924 tuus
3257 1873 3410 1925 clari-

152 1945 305 1998 buta.

221 2034 416 2090 XXXI.
495 2035 647 2091 Dedit
677 2037 816 2092 enim
844 2039 998 2093 Pater
1026 2039 1160 2094 Filio
1191 2041 1531 2110 omnipotens
1557 2045 1730 2098 omni-

146 2127 465 2194 potentiam,
490 2131 818 2198 majestatem
846 2131 1030 2186 tribuit
1053 2134 1337 2202 majestati,
1363 2136 1612 2191 virtutem
1635 2137 1725 2192 de-

147 2216 219 2270 dit
239 2218 440 2284 virtuti,
469 2219 798 2286 prudentiam
823 2221 970 2276 dedit
991 2224 1308 2292 prudentiae,
1335 2227 1723 2292 przescientiam

144 2306 296 2361 dedit
317 2309 688 2376 prmscientiae,
715 2310 1042 2366 divinitatem
1066 2313 1348 2378 divinitati,
1370 2317 1720 2371 :eternitatcm

143 2400 457 2465 aeternitati,
492 2402 915 2470 comqualitatcm
949 2406 1325 2471 coasqualitati,
1361 2407 1726 2462 immortalita-

141 2494 251 2540 tem
295 2488 703 2555 immortalitati,
738 2492 1154 2547 invisibilitatem
1205 2496 1581 2560 invisibilitati,
1617 2497 1725 2566 regi

141 2589 397 2643 regnum,
425 2577 586 2630 vitam
620 2579 766 2645 vitm,
796 2590 847 2633 et
879 2596 983 2632 non
1010 2582 1169 2635 aliam
1201 2584 1267 2637 ab
1297 2599 1359 2638 ea
1385 2600 1540 2652 quam
1569 2586 1727 2639 habet

137 2662 313 2727 dedit,
336 2674 391 2718 et
414 2675 668 2732 quantum
694 2667 854 2722 habet
877 2678 1078 2724 tantum
1102 2672 1268 2738 dedit,
1293 2676 1370 2728 vel
1396 2676 1578 2743 siqua:
1601 2676 1724 2743 alia,

137 2765 261 2817 quae
285 2749 446 2805 Pater
469 2752 605 2807 Filio
636 2754 1031 2812 indivisibiliter
1058 2767 1110 2812 et
1139 2761 1566 2829 inseparabiliter
1593 2779 1721 2818 con-

137 2839 325 2894 tulisse
365 2850 708 2898 monstratur.
753 2845 858 2900 Sed
904 2847 1018 2900 hzec
1059 2851 1236 2902 omnia
1281 2851 1494 2905 habenti
1544 2853 1721 2920 potius

134 2944 299 2996 quam
331 2929 588 3000 indigenti
613 2932 822 2988 dedisse
851 2935 1124 3004 probatur,
1156 2938 1240 2993 cui
1274 2954 1301 2990 a
1331 2940 1468 2994 Filio
1494 2941 1714 2996 dicitur:

133 3020 327 3074 Omnia
355 3038 465 3074 mea
497 3033 584 3076 tua
611 3033 759 3089 sunt,
802 3035 850 3078 et
887 3034 973 3078 tua
1013 3028 1180 3080 omnia
1225 3045 1334 3082 mea
1377 3041 1493 3083 sunt
1538 3030 1713 3100 (Joan.

131 3127 271 3177 xvu,
300 3110 410 3181 10).
448 3110 503 3167 Si
546 3113 644 3167 ista
690 3116 865 3168 omnia
906 3131 1025 3184 qua:
1061 3117 1369 3184 perhibetur
1395 3120 1546 3174 Pater
1581 3120 1714 3176 Filio

1829 1956 1942 2024 ﬁcet
1962 1968 2008 2011 te
2026 1957 2202 2028 (Joan.
2225 1973 2350 2020 xvu,
2380 1957 2430 2025 1)
2450 1974 2462 2020 ;
2481 1967 2534 2012 et
2554 1957 2662 2030 Ego
2684 1960 2958 2027 ciariﬁravi
2985 1969 3037 2013 te
3051 1977 3201 2030 super
3219 1970 3410 2013 terram

1829 2043 2016 2113 (Ibid,
2035 2045 2116 2114 4);
2143 2055 2194 2100 et
2213 2045 2538 2115 Manifestat'i
2557 2063 2736 2102 nomen
2759 2058 2896 2101 tuum
2916 2050 3198 2102 hominibus
3216 2048 3402 2120 (Ibid.,

1832 2135 1912 2205 6).
1942 2135 2003 2189 Et
2032 2145 2089 2190 ut
2117 2136 2290 2189 omnis
2313 2135 2560 2192 humana:
2584 2137 2938 2192 cavillationis
2959 2141 3199 2207 quiescat
3229 2139 3404 2194 interi»

1831 2225 1926 2288 tio,
1959 2225 2218 2280 Joannem
2250 2229 2649 2296 evangelistam,
2677 2229 2828 2297 cujus
2856 2230 3100 2298 superius
3129 2244 3253 2283 usus
3283 2244 3400 2284 sum

1829 2315 2154 2378 testimonio,
2175 2315 2438 2383 proferam
2462 2326 2676 2381 testem,
2701 2319 2788 2385 qui
2813 2320 2886 2372 a'it
2905 2336 2918 2371 :
2939 2317 3003 2371 In
3025 2321 3274 2388 principio
3295 2328 3405 2372 erat

1835 2403 2074 2468 Verbum,
2099 2415 2144 2455 et
2173 2404 2385 2457 Verbum
2407 2419 2516 2460 erat
2545 2410 2683 2476 apud
2707 2407 2892 2473 Deum,
2917 2419 2961 2461 et
2984 2408 3118 2461 Deus
3143 2419 3250 2461 erat
3284 2409 3396 2462 Ver-

1827 2493 1965 2546 bum.
1997 2493 2053 2546 Si
2077 2493 2190 2547 hmc
2217 2501 2358 2546 tanta
2391 2497 2544 2565 172
2571 2495 2834 2549 divinitati
2863 2498 3257 2558 convenientia,
3285 2500 3399 2565 qui-

1833 2580 1931 2634 bus
1961 2579 2171 2634 Patrem
2203 2591 2254 2635 et
2287 2582 2476 2634 Filium
2509 2598 2668 2635 unttm
2699 2597 2817 2637 esse
2845 2583 3121 2636 docuimus
3141 2624 3154 2647 ,
3188 2585 3399 2648 perﬁdis

1829 2684 1933 2723 non
1965 2669 2258 2736 sufficiunt,
2291 2671 2392 2724 alia
2423 2672 2468 2725 si
2500 2672 2733 2738 videtur,
2764 2672 3257 2740 superadjiciamus.

1897 2759 2107 2813 XXXII.
2146 2760 2341 2814 Probus
2370 2763 2533 2831 judex
2561 2764 2720 2824 dixit:
2752 2762 2805 2819 Si
2839 2763 2960 2817 huic
2990 2774 3094 2817 tam
3127 2767 3313 2823 validas
3334 2771 3394 2818 let

1823 2859 1984 2902 certzn
2033 2851 2389 2918 prosecutioni
2431 2853 2586 2906 Arius
2631 2854 2776 2907 nisus
2816 2853 2985 2908 fuerit
3008 2857 3243 2921 obviare,
3276 2872 3391 2912 cer-

1823 2947 1931 2990 tum
1964 2949 2041 2992 cst
2072 2955 2192 2992 eum
2227 2955 2327 2994 non
2360 2941 2619 2996 rationem
2649 2943 2828 3012 sequi,
2863 2944 2955 2998 sed
2989 2959 3084 3014 per
3113 2945 3393 3001 verborum

1822 3029 2259 3084 irrationabilium
2298 3046 2513 3100 campos
2556 3033 2864 3088 effrenatius
2906 3036 3138 3103 evagari.
3167 3036 3266 3101 Qui
3305 3053 3391 3089 us-

1819 3135 1921 3186 que
1947 3136 2087 3174 nunc
2115 3122 2269 3174 trium
2298 3123 2714 3178 substantiarum
2745 3126 3034 3193 rationem,
3061 3135 3118 3180 ut
3147 3129 3392 3195 superius

128 3201 451 3268 contulisse,
473 3203 575 3257 alia
607 3204 658 3258 in
690 3219 783 3270 eo,
817 3213 872 3260 et
905 3207 1008 3260 alia
1036 3209 1283 3264 videntur
1318 3225 1436 3266 esse
1467 3212 1517 3264 in
1551 3211 1708 3279 Filio,
1739 3200 1786 3264 C
1818 3208 1987 3265 fassus
2014 3220 2096 3265 est
2124 3212 2282 3282 (sicut
2317 3213 2639 3270 Athanasius
2669 3217 2854 3280 unius,
2888 3219 3165 3286 permultis
3203 3229 3388 3273 esten-

128 3293 446 3349 mendacem
478 3297 598 3350 sine
635 3295 796 3350 dubio
836 3297 1055 3353 facimus
1089 3300 1308 3366 Filium,
1340 3302 1430 3371 qui
1460 3305 1588 3358 dicit
1617 3320 1710 3360 sua

126 3397 249 3437 esse
273 3398 394 3452 quas
416 3385 590 3441 Patris
615 3396 760 3442 sunt.
785 3387 889 3443 Sed
915 3391 958 3443 si
986 3392 1036 3444 in
1061 3392 1142 3446 his
1168 3409 1287 3459 qua:
1310 3394 1458 3459 dixit,
1485 3399 1708 3452 mendax

126 3471 302 3527 Filius
329 3473 618 3542 invenitur,
645 3486 699 3532 et
727 3481 1076 3550 evangelista,
1105 3485 1192 3551 qui
1221 3485 1294 3538 ait
1319 3503 1330 3538 :
1365 3486 1630 3554 Equalem
1661 3507 1712 3544 se

125 3560 325 3628 faciens
353 3562 457 3616 Deo
475 3563 655 3631 (Joan.
681 3580 735 3629 v,
762 3565 874 3636 18),
898 3571 1042 3622 omni
1071 3570 1264 3624 virtute
1289 3573 1518 3638 fallitur;
1549 3591 1609 3630 ac
1634 3577 1711 3631 sic

123 3665 224 3704 nec
251 3652 414 3707 Pater
435 3653 570 3710 Filio
592 3657 795 3725 integre
816 3674 878 3712 ac
903 3662 1163 3715 veraciter
1185 3663 1385 3732 aliquid
1413 3667 1707 3723 contulisse

129 3742 289 3811 171
322 3753 667 3800 monstratur.
701 3746 806 3802 Sed
839 3750 887 3803 si
919 3765 1041 3804 vera
1073 3763 1215 3820 sunt,
1249 3754 1387 3809 sicut
1414 3767 1557 3822 sunt,
1589 3775 1707 3828 qua:

123 3831 292 3887 Pater
315 3833 448 3890 Filio
471 3836 898 3906 inseparabiliter
922 3852 976 3896 et
1000 3843 1286 3900 indiscrete
1311 3849 1554 3916 contulit,
1579 3865 1706 3905 con-

120 3921 389 3977 ticescant
413 3925 740 3985 dementium
771 3929 1045 3986 hominum
1075 3934 1288 4004 lingum,
1320 3953 1439 4005 quae
1468 3939 1706 3994 nituntur

117 4011 320 4068 FJium
367 4033 396 4070 a
440 4017 611 4074 Patris
655 4021 950 4077 substantia
997 4039 1271 4095 separare.
1325 4029 1494 4099 Rogat
1541 4031 1704 4087 Filius

113 4103 369 4169 Patrem,
415 4116 471 4159 ut
517 4107 784 4163 hominem
825 4127 1008 4167 verum
1051 4130 1107 4170 se
1144 4128 1355 4186 gestare
1396 4124 1701 4178 contendat.

109 4191 256 4244 Nam
301 4200 358 4244 ut
390 4192 600 4247 deitatis
637 4211 747 4250 suae
785 4198 1052 4254 intimaret
1080 4205 1400 4273 potentiam,
1435 4210 1568 4262 mari
1608 4211 1706 4264 im-

109 4279 334 4348 peravit
384 4290 437 4335 et
482 4285 690 4350 ventis,
738 4295 791 4341 et
829 4289 1061 4357 quinque
1109 4293 1272 4346 millia
1321 4296 1592 4352 hominum
1639 4300 1705 4354 de

107 4371 362 4439 quinque
385 4372 610 4439 panibus
627 4379 901 4431 saturavit.
924 4377 1156 4434 Calicem
1181 4383 1446 4449 passionis
1467 4396 1521 4440 ut
1544 4387 1702 4442 homo

110 4461 290 4516 tristis
337 4463 576 4542 accepit,
621 4473 678 4517 ut
714 4465 855 4520 Deus
901 4479 1076 4523 autem
1125 4470 1325 4527 fontem
1370 4490 1521 4544 aqua:
1570 4479 1700 4532 viva:

1815 3299 1890 3352 dit
1917 3300 2270 3371 documentis)
2304 3318 2396 3371 per
2427 3307 2609 3359 nescio
2649 3320 2806 3375 quam
2849 3308 3163 3362 nebulosam
3204 3309 3387 3378 caligi-

1814 3403 1938 3443 nem
1965 3390 2250 3457 circuiens,
2278 3393 2626 3448 assertionem
2651 3410 2798 3449 suam
2831 3399 3124 3466 nequiverit
3156 3398 3385 3453 demon-

1812 3487 2008 3535 strare.

1898 3569 2050 3622 Arius
2098 3570 2226 3624 dixit
2256 3587 2274 3623 :
2325 3571 2568 3639 Nunquid
2623 3573 2748 3641 quia
2801 3588 2867 3628 ex
2914 3575 3110 3628 divinis
3157 3577 3384 3630 oraculis

1811 3655 2163 3725 Athanasius,
2203 3662 2383 3716 nescio
2428 3663 2620 3730 quibus
2671 3663 2940 3730 articulis,
2984 3665 3174 3719 Filium
3226 3666 3387 3720 unius

1808 3762 1927 3804 csse
1959 3749 2292 3816 substantia,
2318 3762 2372 3806 et
2412 3752 2556 3806 Patri
2587 3757 2941 3822 coasqualem,
2974 3771 3106 3808 usu
3154 3766 3380 3809 temera-

1808 3843 1889 3895 rio
1918 3845 2059 3896 visus
2099 3853 2182 3898 est
2223 3844 2527 3908 afﬁrmare;
2569 3856 2622 3900 et
2664 3846 2951 3915 Spiritum,
2983 3849 3070 3916 qui
3119 3847 3291 3902 Patris
3329 3857 3385 3902 et

1808 3935 1926 3991 Filii
1971 3939 2214 3993 minister
2256 3950 2341 3994 est
2371 3940 2560 3994 iisdem
2604 3941 2760 3995 debet
2805 3943 2995 4010 mquali
3045 3943 3383 3996 confessione

1806 4029 2087 4085 conferre?
2118 4046 2239 4084 cum
2269 4033 2382 4099 ipse
2415 4031 2581 4085 Filius
2605 4031 2748 4085 dicat
2773 4049 2785 4085 :
2820 4032 2919 4084 Ille
2948 4049 3027 4086 me
3057 4035 3382 4100 gloriﬁeabit,

1805 4121 1926 4188 quia
1953 4120 2014 4172 de
2044 4137 2154 4174 meo
2184 4124 2394 4188 accipiet
2429 4120 2606 4181 (John.
2637 4135 2752 4183 va,
2779 4122 2897 4189 M);
2931 4131 2984 4175 et
3021 4123 3219 4175 Mittunt
3247 4124 3382 4176 vobis

1809 4207 2060 4277 Spiritum
2106 4212 2328 4264 veritatis
2368 4210 2557 4279 (Joan.
2589 4228 2675 4274 xv,
2705 4211 2839 4280 ‘26);
2873 4220 2926 4266 et
2974 4212 3202 4280 Spiritus
3230 4230 3261 4265 a
3305 4229 3384 4265 me

1807 4301 2056 4365 procedet.
2087 4300 2245 4364 Quem
2272 4301 2426 4355 Pater
2450 4304 2609 4355 mittet
2636 4305 2687 4356 in
2715 4306 2916 4355 nomine
2938 4320 3048 4355 meo
3070 4303 3244 4372 (Joan.
3271 4321 3376 4369 χεν,

1807 4387 1925 4454 26),
1955 4399 2009 4442 et
2037 4389 2193 4445 Pater
2223 4392 2286 4445 ad
2319 4401 2648 4447 mortuorum
2688 4408 2806 4448 ossa
2839 4394 2966 4448 dicit
2993 4412 3004 4445 :
3038 4393 3181 4447 Dabo
3212 4395 3379 4465 Spiri-

1806 4484 1916 4529 tum
1946 4493 2110 4532 meum
2139 4480 2190 4532 in
2220 4496 2327 4547 vos,
2358 4491 2404 4535 et
2434 4483 2600 4535 vinetis
2632 4483 2844 4552 (Ezech.
2877 4499 3092 4550 xxxvu,
3118 4485 3194 4553 5).
3230 4485 3373 4539 Nun-

112 4550 363 4605 salientis
402 4553 456 4605 in
499 4553 660 4607 vitam
694 4565 952 4612 retentam
989 4561 1330 4617 credentibus
1377 4567 1696 4634 propinavit.
1729 4551 1780 4611 D
1804 4567 1928 4633 quid
1959 4567 2001 4620 is
2038 4569 2127 4637 qui
2163 4584 2192 4623 a
2221 4570 2378 4626 Patre
2409 4550 2735 4628 mittitur—vel
2768 4576 3039 4643 procedit,
3070 4550 3241 4630 eidem
3281 4577 3373 4631 de-

110 4641 543 4708 Accepitnomen
577 4654 630 4697 ut
661 4645 711 4699 in
741 4645 842 4702 hoc
868 4650 1104 4718 nomine,
1133 4653 1392 4719 coelestia,
1423 4659 1694 4711 terrestria

110 4741 161 4784 et
198 4730 412 4792 inferna
449 4733 691 4789 adorent.
740 4735 1017 4795 Exaltatus
1053 4749 1132 4795 est
1171 4743 1237 4797 de
1274 4743 1391 4797 imis
1430 4745 1495 4798 ad
1534 4761 1694 4816 supe-

111 4818 279 4883 riora,
311 4819 362 4873 id
390 4831 472 4875 est
502 4821 570 4877 de
600 4837 765 4879 carne
797 4826 1042 4882 humanae
1084 4829 1401 4900 fragilitatis,
1435 4835 1499 4888 ad
1526 4837 1690 4893 Deum

109 4909 505 4966 conscendens.
539 4910 701 4967 Sedet
727 4914 791 4966 ad
825 4914 1099 4971 dexteram
1142 4923 1434 4988 majestatis
1477 4933 1533 4977 ut
1569 4939 1689 4979 eum

111 5012 214 5052 non
235 4999 448 5054 dubitet
476 4999 704 5056 humana
733 5004 1013 5061 infirmitas
1035 5011 1206 5079 sequi,
1233 5011 1318 5064 ubi
1347 5024 1505 5082 caput
1533 5031 1687 5070 suum

113 5088 304 5143 viderit
350 5089 581 5158 gloriari.
655 5093 853 5149 Unctus
895 5104 1009 5162 est,
1058 5107 1112 5152 ut
1169 5100 1477 5157 chrismatis
1520 5104 1684 5173 ipsius

111 5178 388 5244 unctione,
431 5195 460 5233 a
499 5182 619 5237 labe
650 5185 840 5251 prioris
879 5187 1112 5243 hominis
1155 5190 1334 5246 delicti
1379 5208 1676 5262 purgamur.

113 5265 390 5323 Excitatus
419 5284 447 5322 a
473 5275 698 5329 mortuis
725 5285 830 5345 est,
856 5285 912 5331 ut
936 5293 1036 5332 nos
1064 5281 1310 5348 exemplo
1339 5285 1681 5338 resurrectio.

111 5359 192 5413 nis
224 5360 349 5429 ejus
377 5375 408 5416 a
438 5364 626 5419 mortis
653 5367 842 5422 aculeo
876 5369 1181 5425 liberemur.
1215 5373 1382 5428 Sedes
1411 5374 1684 5444 discipulis

118 5452 416 5508 actentibus
445 5465 503 5506 se
532 5467 635 5507 non
667 5469 822 5524 posse
863 5457 989 5512 dare
1031 5468 1272 5526 testatur,
1318 5477 1385 5517 ne
1426 5464 1562 5518 inter
1591 5480 1684 5519 eos

125 5540 396 5594 (ivortiutn
439 5553 759 5600 nasceretur.
817 5546 946 5600 Nam
988 5551 1078 5617 qui
1135 5551 1230 5616 ait,
1259 5552 1376 5606 Non
1412 5565 1485 5607 est
1519 5571 1684 5609 meum

127 5630 232 5688 dire
263 5633 422 5699 vobis,
461 5635 573 5705 ipse
602 5638 707 5705 jam
738 5638 934 5694 dudum
972 5640 1243 5711 discipulis
1282 5644 1556 5702 duodecim
1596 5660 1681 5702 se-

1804 4654 1895 4709 bct
1935 4659 2165 4725 arquari,
2205 4673 2324 4714 cum
2368 4662 2624 4730 propheta
2655 4663 2722 4718 de
2752 4679 2818 4718 eo
2863 4672 3112 4732 testatur,
3138 4666 3324 4721 dicens
3357 4688 3370 4720 :

1799 4746 1930 4801 Ecce
1969 4747 2214 4805 Dominus
2265 4753 2478 4819 ﬁrmans
2519 4756 2794 4809 tonitruum
2835 4765 2880 4809 et
2923 4773 3096 4810 creans
3140 4758 3373 4828 spiritum

1797 4837 1972 4905 (Amos
1999 4856 2070 4908 1v,
2101 4844 2210 4912 15).
2237 4844 2460 4900 Prorsus
2485 4862 2752 4916 nunquam
2777 4848 2906 4902 mihi
2935 4849 3197 4904 videbitur
3217 4858 3372 4905 crea‘o

1799 4938 1916 4983 tura
1942 4945 2042 4984 suo
2074 4935 2306 4988 creatori
2334 4936 2531 5004 aequari
2550 4976 2565 5002 ,
2592 4945 2684 4991 aut
2712 4952 2814 4992 una
2845 4953 2966 4994 curn
2998 4939 3186 4994 eodem
3217 4955 3372 5008 posse

1796 5028 2058 5088 potestate
2080 5023 2272 5090 potiri?

1863 5111 2173 5168 Athanasius
2201 5115 2328 5168 dixit
2352 5131 2372 5168 :
2401 5115 2727 5185 Sapientiam
2757 5127 2809 5174 et
2835 5120 3082 5174 virtutem
3101 5161 3115 5182 ,
3147 5121 3244 5176 Dei
3278 5122 3364 5175 Pi-

1792 5199 1918 5253 lium
1963 5215 2101 5268 esse,
2141 5202 2250 5271 jam
2296 5206 2506 5274 quidem
2546 5208 2790 5277 superius
2831 5209 3221 5271 demonstravi,
3277 5210 3364 5262 ubi

1790 5289 2100 5358 Apostolum
2124 5293 2326 5349 dixisse
2357 5297 2608 5365 probavi,
2639 5299 2896 5353 Christum
2932 5301 3025 5354 Dei
3051 5303 3289 5354 virtutem
3314 5307 3364 5352 et

1791 5376 1887 5430 Dei
1925 5380 2226 5446 sapientiam
2257 5382 2308 5450 (I
2333 5384 2451 5438 Cor.
2480 5401 2495 5438 ι
2521 5427 2535 5451 ,
2558 5385 2672 5455 24).
2705 5387 2808 5444 Sed
2841 5399 2892 5443 et
2939 5404 3078 5442 nunc
3109 5387 3283 5440 verius
3309 5396 3359 5441 et

1791 5468 2016 5534 plenius,
2047 5472 2088 5526 si
2122 5476 2476 5530 necessarium
2515 5478 2747 5546 judicas,
2780 5478 2846 5534 de
2885 5478 2982 5534 hac
3023 5479 3206 5533 eadem
3239 5494 3362 5549 pro-

1790 5558 2000 5613 batione
2028 5563 2224 5630 replico
2253 5567 2572 5622 testimonia.

1864 5650 2099 5709 XXXIII.
2133 5655 2246 5725 Ipsa
2273 5657 2566 5727 Sapientia,
2593 5657 2644 5712 id
2672 5665 2752 5711 est
2781 5656 2968 5723 Filius,
2997 5671 3092 5725 per
3121 5658 3361 5720 Salomo-
