3938 6376
601 300 706 357 219

1926 307 2143 363 \‘lGlLll
2183 306 2549 365 rarsausrs
3250 354 3261 365 .
3669 333 3736 387 η,

598 429 717 467 nem
766 415 1004 471 clamitat
1042 417 1266 472 dicens:
1304 416 1413 487 Ego
1440 433 1502 470 ea:
1543 433 1627 469 ore
1667 416 1911 471 Altissimi
1953 418 2171 486 processi
2198 420 2246 477 A
2277 419 2411 471 simo
2440 420 2773 485 summatim,
2809 410 3267 494 particulatimque
3307 433 3608 497 quaestionum
3632 451 3651 489 α
3682 457 3735 493 ωε

598 505 782 573 (Eccli.
829 522 977 572 xxrv,
1009 508 1105 576 5):
1147 518 1200 562 et
1242 509 1405 573 Ante,
1446 510 1645 576 inquit,
1673 510 1827 563 colles
1874 511 2046 579 genuit
2090 508 2175 563 me

594 596 771 663 (Prov.
798 613 919 663 vm,
941 600 1056 666 25).
1088 599 1153 653 Ει
1179 602 1315 669 quod
1347 602 1530 656 eadem
1558 601 1814 670 sapientia
1848 602 2054 671 paterni
2087 602 2165 656 lu-

594 690 752 743 minis
793 692 1047 760 splendor
1090 693 1192 757 sit,
1242 693 1475 761 praedicti
1520 695 1821 749 Salomonis
1872 696 2072 764 pariter
2112 704 2167 749 et

596 781 759 836 David
785 792 944 852 atque
972 785 1209 853 Apostoli
1240 786 1541 839 testimonio
1583 786 1982 854 comprobatur.
2013 785 2164 840 Salo-

592 888 754 929 mone
801 891 1009 945 quoque
1053 878 1121 930 ita
1169 877 1425 931 dicente:
1462 878 1722 945 Splendor
1756 879 1913 943 lucis,
1962 877 2159 947 inquit,

588 974 793 1021 wterna:
836 968 1096 1035 speculum
1141 969 1250 1021 sine
1298 969 1499 1022 macula
1550 969 1713 1038 (Sap.
1747 984 1851 1033 VII,
1889 969 2025 1037 26),
2070 983 2162 1037 per

589 1057 730 1123 quod
770 1065 825 1111 et
859 1058 911 1111 in
943 1072 1047 1126 quo
1075 1058 1192 1111 sine
1231 1058 1391 1112 dubio
1423 1058 1578 1111 Pater
1610 1058 1839 1123 videtur,
1882 1069 1938 1112 ut
1966 1059 2078 1126 ipse
2109 1058 2161 1110 in

590 1146 875 1214 Evangelio
916 1146 988 1199 ait
1032 1145 1232 1200 Filius:
1277 1148 1378 1213 Qui
1427 1148 1579 1217 173
1624 1164 1701 1200 me
1745 1149 1905 1210 videt,
1944 1148 2072 1199 videt
2110 1156 2159 1199 et

592 1233 794 1288 Patrem
836 1234 1024 1308 (Joan.
1070 1252 1173 1301 xxv,
1203 1237 1282 1305 9).
1315 1234 1468 1302 Quod
1509 1241 1670 1292 etiam
1718 1236 1881 1290 David
1920 1237 2157 1305 apertius

585 1325 884 1390 declarans,
916 1327 981 1380 ad
1013 1327 1223 1382 Patrem
1271 1327 1522 1396 loiuitur,
1563 1328 1783 1381 dicens:
1820 1327 1969 1393 Apud
1999 1337 2047 1379 te
2085 1336 2158 1380 est

585 1416 700 1484 fons
737 1416 877 1479 vitta,
907 1425 954 1469 et
998 1417 1050 1468 in
1098 1417 1285 1470 lumine
1323 1427 1407 1469 luo
1445 1417 1720 1470 videbimus
1762 1418 1933 1469 lumen
1981 1414 2157 1484 (l’sal.

585 1520 743 1570 xxxv,
774 1505 882 1574 10).
916 1506 1082 1559 Audis
1111 1508 1287 1560 lumen
1328 1507 1379 1561 in
1410 1507 1605 1560 lumine
1647 1506 1824 1569 cerni,
1864 1505 1913 1558 id
1945 1513 2027 1559 est
2058 1504 2156 1558 Pa-

585 1607 721 1652 trem
768 1599 821 1651 in
871 1598 1006 1652 Filio
1061 1599 1451 1666 contemplari?
1512 1599 1705 1653 Paulus
1760 1614 1970 1668 quoque
2022 1612 2152 1652 cou-

578 1690 823 1758 gruentia
866 1688 947 1743 his
975 1689 1254 1756 pr.cdicat,
1288 1688 1506 1743 dicens:
1543 1690 1641 1755 Qui
1667 1706 1781 1741 cum
1819 1691 1882 1743 sit
1912 1688 2151 1758 splendor

2270 512 2661 579 propositarum
2692 511 2831 566 dicta
2858 513 3089 583 rimeris,
3123 516 3351 584 profecto
3378 525 3599 592 reperies,
3625 528 3734 581 Atha-

2268 601 2472 654 nasium
2495 616 2599 654 non
2625 601 2689 654 ad
2716 602 2893 657 omnia
2922 603 3136 661 dedisse
3159 622 3472 676 responsum.

2338 689 2534 744 Probus
2556 693 2725 762 judea:
2752 694 2878 746 dixit
2902 711 2921 748 :
2951 696 3202 762 Quaenam
3242 698 3325 753 illa
3365 713 3502 768 sunt,
3530 706 3573 759 in
3604 709 3735 776 quibus
3790 714 3799 725 '

2266 781 2358 834 tibi
2402 782 2732 838 satisfactum
2773 800 2876 839 non
2907 800 3025 842 esse
3060 787 3366 844 arbitraris?
3392 792 3585 862 Designa
3614 800 3731 849 maui~

2264 871 2467 927 feSIius.

2335 962 2487 1015 Arius
2515 963 2680 1017 dixit:
2714 964 2845 1032 Quid
2875 979 3010 1033 opus
3037 976 3120 1021 est
3153 968 3334 1024 eadem
3360 985 3527 1026 rursus
3560 984 3732 1042 repeten-

2262 1045 2361 1112 do,
2399 1048 2619 1119 longum
2658 1052 3034 1121 disputationis
3080 1055 3261 1110 funem
3306 1058 3525 1126 trahere,
3549 1063 3731 1129 cumjam

2261 1140 2541 1193 conveniat
2577 1140 2818 1198 ultimam
2847 1154 2898 1199 te
2920 1144 2986 1200 de
3012 1147 3313 1215 cognitione
3361 1151 3632 1205 sententiam
3656 1168 3733 1221 pro-

2264 1244 2429 1282 mere.

2332 1318 2531 1373 Probus
2563 1323 2737 1393 νειόθι
2785 1326 2912 1379 dixit
2956 1341 2975 1380 :
3016 1327 3373 1396 Semiplenam
3418 1345 3513 1384 non
3560 1341 3735 1399 oportere

2260 1410 2578 1466 sententiam
2621 1413 2841 1483 inferre,
2874 1426 3047 1471 vestra
3094 1418 3256 1473 etiam
3305 1420 3559 1488 prudentia
3589 1434 3733 1474 mecum

2260 1501 2458 1567 pariter
2496 1507 2849 1574 recognoscit.
2878 1508 2960 1561 0b
2993 1506 3091 1561 hoc
3118 1509 3186 1562 de
3215 1519 3394 1563 sancto
3431 1510 3570 1565 etiam
3597 1511 3733 1579 Spiritu

2258 1590 2432 1659 aliqua
2466 1606 2558 1646 vos
2588 1597 2838 1649 convenit
2866 1595 3187 1663 disputando
3215 1597 3466 1665 proferre.

2321 1679 2476 1735 Arius
2504 1683 2633 1737 dixit
2654 1700 2672 1736 :
2702 1685 2810 1753 Ego
2839 1684 3091 1752 Spiritum
3117 1697 3357 1741 sanctum
3389 1702 3485 1740 non
3508 1687 3644 1741 solum
3668 1685 3730 1739 Pt-

580 1790 629 1832 et
656 1780 823 1847 imago
852 1780 1145 1833 substantia:
1170 1783 1279 1850 ejus
1323 1779 1509 1849 (Hebr.
1535 1796 1579 1846 l,
1610 1780 1688 1848 5).
1725 1780 1957 1834 Verbum
1989 1779 2148 1834 etiam

2258 1776 2336 1821 tre
2361 1778 2415 1823 et
2446 1770 2583 1826 Filio
2611 1774 2900 1839 minorem,
2932 1790 3115 1828 verum
3144 1777 3304 1829 etiam
3334 1777 3591 1831 voluntatis
3608 1791 3733 1831 eorum

582 1868 902 1931 nsmiuatur,
945 1869 1081 1923 sicut
1126 1870 1281 1923 Pater
1310 1870 1375 1922 ad
1420 1868 1889 1923 demonstrandam
1930 1883 2157 1937 genera-

582 1959 740 2011 tionis
763 1973 872 2011 suae
900 1958 1376 2026 impassihilitatem
1410 1958 1745 2027 pronuntiat,
1777 1958 1959 2011 dicens
1985 1976 1996 2011 :
2024 1958 2165 2023 Erus

580 2049 725 2100 ctavit
766 2064 854 2101 cor
886 2065 1048 2101 meum
1090 2048 1300 2102 Verbum
1345 2050 1530 2102 bonum
1579 2047 1756 2120 (Psal.
1801 2064 1939 2114 λων,
1965 2047 2064 2116 2);
2096 2058 2152 2104 et

586 2135 751 2191 Verbo
785 2135 989 2191 Domini
1028 2137 1138 2191 cazli
1170 2139 1358 2203 ﬁrmati
1388 2148 1504 2191 sunt
1549 2136 1728 2209 (Psal.
1761 2154 1938 2203 xxx",
1971 2139 2064 2206 6);
2098 2148 2151 2192 et

579 2226 643 2283 In
673 2228 921 2301 principio
941 2237 1046 2284 erat
1080 2228 1320 2291 Verbum,
1346 2238 1393 2283 el
1423 2229 1644 2282 Verbum
1668 2241 1774 2282 erat
1798 2230 1933 2297 apud
1957 2228 2145 2297 Deum,

577 2329 622 2373 et
655 2319 789 2374 Deus
816 2331 926 2373 erat
962 2320 1179 2375 Verbum
1213 2319 1389 2391 (Joan.
1420 2336 1466 2387 ι,
1502 2321 1571 2391 l).
1608 2316 1773 2385 Deus,
1806 2319 2005 2390 inquit,
2041 2330 2151 2373 erat

585 2410 821 2465 Verbum.
862 2411 974 2465 Non
1024 2412 1371 2480 prolativum,
1405 2423 1459 2466 et
1500 2428 1633 2467 sono
1664 2414 1808 2467 vocis
1856 2414 2145 2479 transiens,

573 2501 665 2555 sed
690 2502 1114 2556 substantialiter
1155 2503 1207 2556 in
1238 2516 1331 2555 sua
1374 2504 1567 2557 virtute
1606 2518 1848 2567 tnanens,
1878 2503 2149 2574 intelligas

573 2592 826 2646 Verbum.
854 2592 962 2646 Sed
992 2602 1048 2647 et
1076 2591 1217 2661 quod
1242 2593 1518 2647 consilium
1542 2593 1641 2659 sit,
1671 2593 1833 2645 lsaias
1858 2593 2009 2647 testis
2032 2601 2144 2657 est,

572 2682 755 2737 dicens
778 2698 793 2735 :
834 2682 1105 2735 Vocabitur
1135 2684 1303 2752 magni
1330 2684 1531 2735 consilii
1550 2683 1760 2750 angelus
1788 2681 1939 2750 (Isai.
1966 2698 2039 2746 rx,
2064 2682 2144 2751 5),

574 2772 623 2825 id
647 2782 731 2825 est
759 2782 1095 2838 paternorum
1129 2781 1443 2826 tractatuum
1471 2772 1553 2824 vel
1578 2771 2001 2824 consolationum
2032 2772 2144 2825 dis-

573 2872 827 2931 pensator
862 2871 917 2915 ct
943 2871 1157 2925 auctor;
1188 2863 1294 2915 imo
1324 2863 1435 2930 ipsa
1463 2862 1758 2915 consolatio
1784 2870 1836 2914 et
1867 2869 2140 2914 tractatus.

573 2952 647 3007 Se
671 2967 777 3006 .sus
801 2952 961 3007 etiam
994 2953 1196 3021 paterni
1228 2952 1457 3021 pectoris
1504 2951 1921 3016 demonstratur,
1955 2960 2010 3005 ut
2049 2952 2145 3008 Sa-

573 3043 753 3098 lomon
780 3045 892 3097 ait:
928 3043 1174 3097 Dominus
1212 3042 1461 3111 sapientia
1499 3058 1590 3095 sua
1633 3041 1863 3110 fundavit
1908 3050 2095 3095 terram
2125 3055 2145 3094 :

2257 1859 2554 1913 ministrum
2576 1870 2625 1916 et
2648 1863 3127 1919 ohsecuridatorem
3152 1866 3428 1929 conﬁteor,
3450 1873 3505 1919 ut
3523 1876 3623 1935 pote
3636 1878 3734 1919 erer

2256 1957 2423 2001 turam
2482 1951 2707 2006 creatori
2759 1955 3255 2009 reverentissimum
3316 1956 3574 2008 famulatus
3624 1954 3729 2007 obse-

2253 2038 2433 2105 quium
2481 2041 2830 2109 prtebentem.
2873 2043 2973 2106 Qui
3020 2054 3194 2098 tamen
3242 2045 3443 2098 cunctis
3481 2040 3684 2098 creaturis
3702 2049 3734 2094 et

2255 2128 2465 2194 melior,
2498 2138 2551 2183 et
2598 2140 2713 2199 post
2745 2130 2933 2185 Filium
2975 2134 3177 2201 primus
3220 2135 3313 2188 sit.
3351 2134 3475 2188 Nam
3512 2133 3551 2187 si
3584 2130 3734 2199 aequalis

2252 2237 2372 2276 cum
2420 2222 2600 2289 Patre,
2634 2234 2692 2278 ut
2719 2224 3042 2279 Athanasius
3074 2226 3381 2295 proﬁtetur,
3413 2226 3602 2281 honoris
3624 2221 3733 2291 priri-

2253 2314 2389 2382 legio
2416 2313 2719 2384 insignitur,
2750 2331 2854 2370 non
2883 2316 3082 2370 diceret
3109 2316 3277 2372 Filius
3302 2317 3419 2387 quia
3446 2330 3540 2370 non
3565 2314 3734 2382 loquetur

2251 2422 2276 2458 a
2309 2406 2617 2477 semetipso,
2643 2408 2735 2463 sed
2770 2424 3099 2478 quaecunque
3138 2410 3404 2473 audierit,
3432 2408 3651 2477 loquetur.
3670 2399 3732 2467 Qui

2249 2498 2389 2551 enim
2439 2497 2566 2550 nihil
2605 2498 2846 2554 ultronea
2891 2499 3165 2566 poteSIatis
3205 2498 3516 2553 auctoritate
3550 2492 3726 2563 loquitur.

2244 2589 2477 2657 jubentis
2519 2590 2740 2658 imperio
2800 2604 2891 2658 per
2940 2590 3257 2659 ohscquium
3316 2586 3574 2643 ministerii
3608 2584 3725 2638 lamn-

2249 2679 2409 2732 latur.
2676 2668 2679 2671 ⁷

2318 2770 2532 2823 XXXV.
2567 2769 2872 2824 Athanasius
2903 2771 3029 2823 dixit
3054 2787 3070 2823 :
3099 2770 3152 2826 Si
3176 2769 3380 2838 judicis
3405 2763 3645 2825 clementia
3665 2773 3739 2830 pero

2252 2860 2471 2917 missum
2501 2860 2683 2914 tribuit
2708 2869 2762 2914 et
2791 2860 3032 2928 largitur,
3064 2874 3126 2912 ex
3155 2858 3355 2913 divinis
3396 2851 3739 2911 auctoritatibus,

2247 2948 2407 3002 etiam
2458 2948 2713 3018 Spiritum
2760 2957 3031 3014 sanctum,
3066 2964 3172 3002 non
3216 2957 3510 3003 creaturam
3548 2935 3734 3005 essetsed

2248 3038 2414 3093 Deum
2445 3048 2500 3094 et
2523 3050 2817 3095 creatorem
2841 3055 2960 3094 cum
2992 3040 3147 3095 Patre
3172 3050 3228 3095 et
3273 3040 3429 3105 Filio,
3461 3036 3657 3092 breviter
3678 3028 3736 3083 de-

572 3134 811 3186 stabilioit
857 3142 1026 3187 autem
1074 3132 1225 3186 caelos
1270 3132 1557 3199 prudentia.
1609 3130 1775 3186 Scusu
1821 3131 1932 3200 ejus
1979 3124 2217 3201 abyssiC
2250 3128 2577 3183 monstrabo.

566 3224 916 3278 dissiluerunt.
943 3224 1016 3277 De
1041 3237 1148 3292 quo
1174 3236 1333 3275 sensu
1369 3220 1551 3286 lsaias,
1577 3230 1630 3274 et
1658 3222 1942 3289 Apostolus
1971 3221 2097 3275 dicit
2123 3240 2135 3275 :

575 3312 702 3378 Quis
731 3313 958 3380 cognovit
984 3327 1186 3363 sensum
1217 3308 1423 3362 Domini
1451 3308 1605 3378 (Isai.
1630 3324 1717 3374 ιι,
1748 3311 1844 3373 15;
1880 3312 2029 3364 llam.
2054 3325 2103 3363 ιι
2123 3350 2137 3374 ,

571 3399 703 3466 54)ἱ¹
743 3399 1034 3454 secundum
1083 3398 1206 3453 illud
1252 3398 1652 3467 evangelicum:
1689 3398 1819 3462 Quia
1863 3414 2007 3452 nemo
2046 3398 2140 3451 scit

573 3491 770 3546 Filium
814 3492 912 3546 nisi
958 3489 1117 3545 Pafer
1167 3488 1391 3562 (Matth.
1436 3505 1518 3554 xt,
1559 3489 1683 3558 27).
1730 3486 1934 3542 Claruit
1982 3488 2141 3558 igitur

573 3593 829 3651 quantum
844 3584 1093 3649 arbitror,
1117 3584 1323 3638 Patrem
1349 3580 1540 3637 Filium
1563 3597 1625 3635 ex
1653 3595 1711 3635 se
1732 3580 2061 3650 generando,
2087 3590 2141 3636 et

575 3674 819 3729 eumdem
849 3676 901 3729 in
927 3686 1097 3729 semet
1126 3674 1389 3738 habendo,
1421 3689 1519 3728 nec
1546 3683 1760 3728 auctum
1782 3683 1837 3727 et
1858 3673 2104 3727 diﬂusum
2123 3716 2137 3739 ,

575 3778 675 3817 nec
710 3763 873 3818 fuisse
916 3765 1126 3831 penitus
1163 3765 1515 3828 diminutum;
1564 3764 1689 3817 dum
1737 3764 1829 3833 qui
1886 3773 2137 3832 generat,

574 3854 626 3909 in
658 3853 923 3907 nascentis
953 3852 1202 3922 perfectae
1243 3860 1445 3907 natura:
1481 3854 1774 3907 substantia
1806 3852 2137 3921 dignoscitur

489 3940 494 3944 ’
574 3958 927 4014 permanere;
956 3957 1054 3997 nec
1083 3953 1230 3997 extra
1278 3957 1339 3997 se
1382 3953 1602 4012 uterque
1651 3942 1983 4005 diffunditur,
2017 3941 2139 3994 dum

571 4045 793 4103 uterque
835 4033 888 4089 in
932 4048 991 4089 se
1039 4032 1262 4087 invicem
1314 4048 1533 4087 manere
1580 4033 1940 4099 cognoscitur.
1990 4030 2140 4087 Sicut

571 4124 755 4189 lsaias,
788 4140 895 4180 non
941 4133 1087 4180 ettra
1129 4124 1442 4178 inﬁnitatem
1490 4134 1722 4193 paterna:
1760 4132 1991 4187 naturas,
2025 4131 2143 4178 tan-

570 4230 728 4283 quam
759 4215 894 4268 ultra
920 4229 979 4268 se
1002 4214 1304 4267 efﬂuentcm
1337 4213 1555 4279 Filium;
1592 4212 1684 4266 sed
1715 4212 1765 4264 in
1796 4227 1854 4266 se
1881 4227 1975 4280 per
1996 4226 2141 4265 com-

573 4306 751 4358 munis
797 4304 1108 4357 substantite
1152 4304 1407 4357 unitatem
1453 4303 1778 4357 habitantem
1829 4303 2041 4357 Patrem
2089 4310 2145 4356 et

574 4393 766 4448 Filium
797 4392 1062 4454 declarat,
1090 4406 1210 4444 cum
1252 4392 1318 4445 ad
1344 4392 1515 4460 ipsum
1562 4393 1752 4447 Filium
1790 4394 2026 4461 loquitur
2063 4392 2142 4447 di-

2318 3216 2519 3271 Probus
2535 3217 2700 3288 judea:
2728 3218 2855 3271 dixit
2884 3234 2901 3271 :
2933 3218 3001 3273 Ut
3026 3226 3111 3271 tua
3145 3217 3419 3286 professio
3441 3215 3663 3277 continet,
3684 3221 3740 3274 alr

2244 3307 2407 3376 proba
2452 3307 2684 3362 breviter
2731 3308 2870 3375 quod
2911 3309 3046 3362 ratio
3081 3310 3249 3379 exigit
3280 3310 3737 3366 documentum;non

2242 3415 2309 3452 ex
2346 3408 2663 3469 argumento
2708 3403 2992 3465 sermonis,
3023 3401 3115 3457 Sed
3148 3416 3217 3456 ex
3248 3403 3541 3457 divinarum
3569 3396 3739 3462 Scriplu'

2250 3504 2427 3544 rarum
2476 3491 2820 3557 testimoniis,
2858 3493 3113 3562 Spiritum
3146 3504 3397 3551 sanctum
3443 3490 3569 3548 Patri
3593 3500 3633 3543 et
3655 3483 3742 3539 Filio

2242 3582 2565 3650 coaequalem
2606 3595 2756 3647 esse;
2799 3592 2891 3636 aut
2937 3584 3099 3652 (sicut
3138 3587 3257 3654 ipse
3308 3586 3481 3640 fassus
3524 3580 3597 3653 es)
3632 3578 3740 3631 Deum

2244 3686 2368 3724 cum
2397 3672 2477 3726 vel
2508 3682 2803 3727 creatorem
2833 3673 3133 3728 communis
3174 3676 3365 3744 Operis
3409 3689 3522 3729 esse
3559 3663 3741 3727 ostende;

2245 3769 2301 3814 ut
2321 3761 2446 3814 dum
2478 3761 2591 3816 haec
2618 3761 2863 3817 veridicis
2894 3764 3214 3819 testimoniis
3240 3763 3621 3835 approbaveris,
3641 3751 3745 3810 Arius

2242 3850 2427 3906 eadem
2457 3866 2485 3903 a
2512 3866 2606 3906 sua
2638 3851 2949 3919 intentione,
2980 3868 3123 3908 verre
3154 3853 3281 3910 ﬁdei
3323 3850 3629 3925 professione
3656 3855 3741 3897 con'

2243 3941 2415 3997 victus
2443 3942 2717 3997 abscedat.

2315 4032 2625 4086 Athanasius
2656 4033 2825 4086 dixit:
2862 4036 3014 4106 175
3045 4034 3208 4089 Multo
3242 4031 3417 4103 magis
3438 4050 3501 4089 ex
3526 4032 3619 4097 hoc
3638 4033 3745 4091 ³ΡΡ²⁹

2245 4130 2325 4177 ret
2352 4123 2603 4191 Spiritum
2632 4133 2875 4179 sanctum
2902 4139 2931 4178 a
2965 4126 3136 4179 Patris
3159 4133 3216 4181 et
3248 4126 3370 4180 Filii
3403 4116 3662 4179 substantia
3678 4121 3744 4165 non

2244 4227 2368 4267 esse
2398 4212 2658 4277 alienum,
2689 4214 2815 4269 dum
2846 4229 2950 4269 non
2982 4230 3010 4268 a
3042 4216 3224 4285 seipso
3260 4226 3511 4285 tanquam
3538 4211 3700 4263 alienus
3716 4205 3747 4249 cl

2245 4314 2552 4367 enrancus,
2580 4303 2673 4357 sed
2720 4310 2778 4356 ut
2824 4311 2945 4372 pote
2992 4304 3148 4358 unius
3191 4304 3443 4373 ejusdem
3487 4307 3661 4354 natura:
3693 4298 3747 4340 δο-

2248 4392 2380 4456 cius,
2420 4408 2537 4461 qua:
2568 4392 2741 4447 Patris
2766 4402 2819 4447 et
2852 4393 2966 4447 Filii
3011 4394 3317 4447 communia
3360 4400 3484 4448 sunt
3520 4388 3613 4457 agit
3644 4376 3749 4435 etlo.

575 4497 740 4538 cens:
771 4479 839 4537 In
870 4491 917 4536 te
939 4490 1011 4535 est
1039 4479 1199 4548 Deus,
1227 4491 1271 4535 et
1300 4497 1402 4534 non
1432 4492 1501 4534 est
1543 4480 1681 4535 Deus
1720 4494 1864 4536 extra
1895 4493 1941 4538 te
1982 4482 2140 4553 (Isai.
2171 4482 2225 4542 D
2250 4484 2448 4549 quitur.
2477 4482 2605 4537 Nam
2636 4482 2682 4537 si
2726 4484 2791 4537 de
2821 4484 3049 4552 propriis
3087 4484 3428 4552 loqueretur,
3460 4495 3557 4535 non
3584 4472 3713 4530 solum
3732 4474 3750 4511 ³

576 4590 696 4639 xuv,
724 4576 833 4643 14).

643 4664 882 4721 XXXIV.
925 4665 1119 4719 Probus
1151 4666 1316 4736 judex
1364 4663 1534 4717 dixit:
1566 4664 1831 4728 Quantum
1882 4663 2146 4719 facultatis

574 4757 929 4828 percipienda:
958 4760 1178 4812 rationis
1209 4759 1451 4811 humana:
1488 4770 1680 4811 sensus
1708 4756 1974 4824 capacitas
2012 4770 2146 4824 pra:-

573 4860 709 4919 stat,
750 4852 1056 4920 plenissime
1096 4865 1215 4905 reor
1252 4850 1603 4906 Athanasium
1651 4849 1942 4917 superioris
1991 4864 2140 4915 qum-

574 4944 853 4999 stiunculaa
873 4942 1094 5011 nodosa,
1120 4949 1225 4996 tota
1243 4943 1568 5011 scrupulosa:
1583 4940 1849 5011 opinionis
1870 4941 2141 5011 ambigua,

575 5036 628 5091 in
667 5035 859 5105 quibus
902 5045 1081 5089 nostra
1130 5034 1365 5089 haerebat
1407 5033 1658 5098 intentio,
1699 5035 1908 5103 penitus
1950 5050 2139 5103 ampu-

574 5138 739 5186 tasse.
770 5128 824 5183 Si
867 5128 968 5183 hoc
1007 5127 1176 5196 ipsum
1218 5128 1377 5181 etiam
1409 5127 1538 5181 Ario
1582 5128 1804 5194 claruit,
1840 5126 1993 5197 174
2020 5127 2139 5181 θάἱ-

573 5231 661 5277 cat
686 5220 955 5290 apertius;
986 5220 1134 5275 etde
1163 5219 1245 5274 his
1273 5220 1337 5273 ad
1363 5219 1464 5274 alia
1510 5219 1577 5288 (si
1611 5228 1785 5275 tamen
1829 5220 2001 5273 adhuc
2043 5222 2141 5275 ali-

573 5327 674 5375 qua
698 5327 982 5381 superesse
1010 5312 1230 5381 putatis)
1263 5311 1473 5367 tandem
1502 5312 1787 5380 aliquando
1819 5320 2138 5378 transeatur,

575 5416 682 5467 quo
705 5401 932 5457 celerius
974 5402 1247 5458 valeamus
1284 5402 1461 5471 Operis
1498 5402 1653 5472 hujus
1708 5401 1997 5457 terminare
2045 5416 2142 5457 ne-

578 5492 796 5559 gotium.

651 5579 802 5637 Arius
828 5582 955 5656 dixit
979 5599 995 5638 :
1024 5582 1080 5640 Si
1118 5594 1292 5641 mente
1332 5584 1597 5655 pervigili,
1626 5591 1677 5639 et
1708 5596 1868 5640 sensu
1910 5581 2140 5651 sagacis-

2255 4573 2410 4627 Patrc
2436 4572 2657 4637 alienus,
2688 4574 2777 4627 sed
2810 4584 2860 4626 et
2905 4572 3065 4626 fallax
3090 4580 3145 4626 et
3174 4572 3443 4641 deceptor
3482 4554 3755 4651 proculdubio

2255 4664 2574 4719 haberetur:
2602 4664 2849 4732 quoniam
2882 4663 2973 4732 (ut
2999 4663 3073 4717 ait
3106 4662 3302 4732 Filius)
3338 4661 3517 4715 Omnis
3542 4655 3616 4726 qui
3646 4651 3755 4715 ιοφη·

2252 4765 2335 4809 tur
2360 4731 2706 4821 mendacium,
2733 4754 2796 4806 de
2821 4731 3039 4823 propriis
3076 4731 3307 4822 loquitur
3351 4751 3529 4823 (Joan.
3553 4759 3661 4829 vui,
3680 4731 3755 4829 4"):

2252 4846 2317 4899 Et
2344 4842 2462 4899 ideo
2491 4842 2578 4896 hic
2607 4816 2787 4897 verum
2821 4816 3071 4911 loquitur,
3102 4816 3225 4910 quia
3272 4816 3385 4895 non
3416 4840 3482 4894 de
3510 4816 3756 4911 proprimld

2249 4943 2332 4990 est
2357 4949 2462 4988 non
2485 4946 2515 4984 a
2535 4933 2730 5002 seipso,
2755 4931 2846 4986 sed
2871 4910 2938 4986 de
2964 4931 3134 4987 Patris
3154 4940 3207 4986 et
3232 4931 3397 4998 Filii,
3427 4942 3542 5001 quae
3563 4910 3760 5010 loquenda

2248 5034 2371 5080 sunt
2401 5024 2659 5095 loquitur.
2692 5022 2767 5074 De
2794 5038 2932 5087 meo,
2962 5021 3163 5089 inquit,
3195 5022 3452 5091 accipiet,
3486 5028 3529 5073 et
3556 5013 3760 5068 annuntia-

2249 5116 2316 5168 bit
2344 5114 2480 5169 vobis
2517 5113 2695 5183 (Joan.
2720 5128 2837 5175 xvr,
2868 5111 2931 5165 u
2951 5110 2992 5179 ).
3024 5109 3091 5164 Et
3119 5117 3176 5164 ut
3218 5110 3537 5165 ostenderet
3574 5105 3657 5156 hoc
3685 5101 3765 5147 esse

2248 5221 2275 5258 a
2306 5219 2364 5259 se
2403 5201 2671 5273 accipere,
2700 5201 2842 5271 quod
2883 5208 2965 5255 est
2993 5204 3154 5254 etiam
3191 5198 3268 5253 de
3320 5200 3481 5254 Patre
3520 5186 3766 5257 sumpsisse:

2249 5297 2322 5349 ait
2348 5314 2357 5347 :
2393 5294 2517 5348 Ideo
2546 5292 2655 5347 dixi
2674 5335 2688 5359 ,
2721 5291 2798 5345 De
2827 5306 2935 5345 meo
2956 5290 3197 5358 accipiet,
3233 5292 3368 5359 quia
3397 5289 3562 5343 omnia
3590 5272 3768 5368 qua}?

2250 5393 2324 5445 bet
2362 5389 2537 5453 Pater,
2564 5403 2674 5440 mea
2713 5394 2828 5439 sunt
2874 5383 3049 5455 (Joan.
3074 5398 3188 5448 xvt,
3219 5384 3339 5452 15).
3376 5382 3534 5437 Vides
3559 5385 3666 5443 ergo
3687 5366 3764 5429 SPl'

2252 5485 2409 5537 ritum
2437 5488 2677 5536 sanctum
2709 5492 2738 5531 a
2767 5476 2924 5530 Patre
2952 5484 3005 5528 et
3036 5473 3172 5527 Filio
3204 5487 3319 5527 non
3352 5487 3475 5528 esse
3512 5466 3764 5523 discretum

2253 5577 2378 5631 dum
2409 5589 2471 5632 ea
2499 5574 2731 5644 loquitur
2758 5585 2876 5641 qurc
2910 5567 3081 5624 Patris
3110 5574 3159 5622 ct
3192 5565 3319 5621 Filii
3354 5564 3563 5635 propria
3589 5567 3685 5612 esse
3708 5555 3765 5597 "9'
