3938 6376
186 344 272 400 ω

1009 337 1274 396 CONTRA
1314 337 1626 405 ARIANOS,
1668 340 2145 413 SABELLIANOS,
2186 342 2368 412 ETC.,°
2398 342 2525 399 LIB.
2568 344 2630 399 ll.

3306 347 3411 403 922

186 464 417 515 scuntur.
457 453 561 511 Sed
599 464 653 511 et
683 454 848 510 Filius
891 453 997 506 tale
1036 451 1236 520 aliquid
1283 450 1578 520 proﬁtetur,
1619 452 1744 506 dum
1770 456 1821 516 Δ
1852 456 2049 522 poteris
2087 456 2469 511 demonstrare.
2492 455 2776 511 Salomone
2802 455 3015 525 quidem
3048 458 3117 510 ita
3153 457 3402 512 dicente:

186 548 343 603 dicit:
376 544 499 599 Non
535 545 665 599 enim
696 561 727 597 a
752 544 939 613 meipso
973 542 1150 610 loquor
1180 541 1355 612 (Joan.
1382 555 1489 607 xw,
1515 540 1627 610 10),
1659 544 1745 595 sed

188 652 291 709 qua:
315 636 486 689 audivi
506 652 537 689 a
564 634 719 689 Patre
741 650 871 698 meo,
894 644 1014 687 nota
1036 634 1172 686 vobis
1199 632 1295 699 feci
1316 630 1499 702 (Joau.
1522 646 1609 697 xv,
1634 629 1744 699 l5).

186 731 312 797 Quae
338 726 606 782 sententia
635 725 827 779 Filium
854 732 910 777 et
935 723 1189 792 Spiritum
1216 730 1457 776 sanctum
1479 760 1493 785 ,
1516 721 1674 774 etiam
1704 720 1749 775 si

189 820 341 875 Patre
370 818 544 872 minor
584 826 666 872 est
706 816 791 884 (ut
820 814 953 868 falso
992 811 1270 881 opinaris),
1311 810 1410 865 sibi
1444 820 1619 865 tamen
1658 824 1750 865 os-

190 907 355 965 tendit
374 923 421 963 a:
442 908 633 975 malem
654 947 671 973 ,
698 904 837 975 quod
865 904 1025 973 impie
1052 902 1268 971 refugis.
1293 901 1351 957 Si
1376 902 1516 955 enim
1544 901 1753 968 utrique

190 998 316 1052 nihil
334 997 648 1053 auctoritate
670 995 882 1064 propria
900 992 1219 1062 loquendum
1241 998 1585 1059 praesumunt,
1610 990 1754 1045 nullo

187 1102 241 1142 se
260 1085 497 1140 invicem
519 1084 789 1154 dignitatis
818 1084 1017 1137 honore
1044 1080 1376 1150 praecellunt.

256 1172 501 1227 XXXVI.
535 1173 723 1227 Adhuc
756 1180 932 1226 tamen
963 1170 1085 1223 audi
1132 1169 1462 1224 manifestius
1490 1168 1756 1238 quomodo

188 1265 331 1320 Patri
362 1258 592 1333 aequales
625 1263 940 1317 habeantur.
970 1259 1113 1314 Dicit
1148 1259 1325 1328 itaque
1356 1258 1557 1313 Filius:
1591 1259 1757 1329 Opera

186 1369 301 1425 quc
329 1369 420 1425 ego
450 1353 603 1422 facio,
626 1353 739 1421 ipsa
765 1351 1098 1419 testificantur
1132 1350 1194 1402 de
1225 1365 1300 1403 me
1332 1348 1508 1418 (Joan.
1536 1366 1562 1402 ι
1583 1390 1597 1414 ,
1626 1349 1755 1419 25);

1850 545 2077 612 Spiritus
2102 556 2306 600 sanctus
2335 546 2573 611 simplex,
2598 546 2800 610 unicus,
2825 555 2878 601 ct
2904 554 3098 600 caetera
3128 546 3284 616 (Sap.
3309 560 3377 599 vn
3396 585 3411 608 ,

1847 633 1962 706 2‘2).
1988 635 2054 689 Et
2081 635 2337 705 Apostolo
2364 644 2730 691 contestante:
2766 636 2907 690 Unus
2936 636 3165 705 Spiritus
3192 635 3411 705 (Ephes.

1849 743 1923 792 Iv,
1953 728 2041 794 ι).
2086 727 2145 781 Et
2182 729 2413 781 iterum:
2445 727 2573 781 Ηωσ
2613 739 2775 782 autem
2808 730 2975 781 omnia
3012 738 3252 797 operatur
3284 742 3414 779 unus

1848 825 1997 885 atque
2025 817 2158 870 idem
2180 816 2406 885 Spiritus
2437 809 2504 885 (Γ
2521 817 2638 872 Cor.
2665 834 2762 883 xu,
2790 818 2899 887 ll).
2929 820 2995 873 At
3021 830 3206 871 rursus
3230 834 3244 870 :
3277 818 3418 882 Quo-

1852 907 1991 959 niam
2021 923 2108 974 per
2134 907 2334 974 ipsum,
2372 907 2571 976 inquit,
2607 909 2847 962 habemus
2876 924 3130 961 accessum
3170 907 3340 973 utique
3368 906 3421 957 in

1852 1011 1954 1049 uno
1983 995 2181 1065 Spiritu
2216 994 2439 1066 (Ephes.
2470 1013 2535 1061 n,
2567 998 2678 1064 18).
2720 996 2908 1051 Cernis
2953 997 3131 1064 igitur,
3170 1009 3287 1048 cum
3329 992 3420 1062 qui

1855 1089 2024 1142 unice
2049 1100 2113 1141 ac
2156 1087 2415 1156 simplicis
2454 1096 2655 1143 natura:
2700 1098 2814 1153 est,
2846 1090 3008 1151 Deum
3050 1089 3225 1156 pntius
3262 1099 3419 1154 quam

1853 1190 2154 1236 creaturam
2193 1181 2346 1235 esse?
2390 1182 2623 1249 Den‘que
2666 1182 2709 1234 si
2755 1188 2998 1235 creatura
3035 1188 3090 1233 et
3134 1193 3237 1233 non
3284 1177 3424 1231 Deus

1858 1282 1976 1337 est,
2007 1286 2112 1340 quo
2150 1271 2393 1325 utilitatis
2429 1270 2689 1343 beneficio
2722 1272 2773 1324 in
2821 1272 3035 1324 nomine
3072 1270 3190 1338 ejus
3229 1267 3423 1322 lavacri

1861 1362 2034 1415 vitalis
2078 1361 2411 1430 regeneratio
2446 1360 2596 1430 177
2626 1360 2963 1414 celebratur?
3007 1360 3300 1427 Baptizate,
3346 1358 3427 1411 in-

186 1456 238 1503 et
272 1448 507 1502 iterum:
542 1446 653 1519 Ego
691 1462 753 1500 ex
794 1461 873 1499 me
912 1444 1040 1497 nihil
1076 1445 1234 1513 facio,
1275 1444 1363 1496 sed
1403 1441 1556 1495 Pater
1591 1442 1643 1494 in
1684 1456 1762 1494 me

1873 1453 1973 1521 iuit
2002 1453 2270 1514 Dominus,
2293 1464 2461 1521 gentes
2487 1453 2540 1504 in
2566 1451 2767 1504 nomine
2798 1450 2967 1503 Patris
2991 1460 3039 1504 et
3069 1448 3196 1502 Filii
3226 1459 3272 1503 et
3303 1448 3427 1516 Spi-

186 1554 416 1601 manens,
446 1538 549 1607 ipse
592 1538 714 1607 facit
758 1552 911 1602 opera
952 1532 1140 1605 (Joau.
1174 1548 1284 1598 xlv,
1312 1531 1437 1600 10).
1480 1530 1761 1597 Quomodo

1873 1540 1992 1596 ritus
2026 1544 2183 1596 sancti
2221 1541 2432 1612 (Matth.
2458 1557 2577 1594 XXIX
2596 1583 2610 1607 ,
2636 1541 2745 1607 19).
2780 1540 2914 1607 Quid
2940 1540 3081 1594 enim
3112 1538 3265 1593 nobis
3292 1552 3441 1607 prato.

187 1643 330 1683 nunc
355 1642 483 1693 sua,
525 1630 792 1696 ﬁ“0m0d0
836 1627 993 1694 P3010
1036 1634 1153 1694 Ροει
1198 1639 1304 1678 ηοη
1350 1636 1444 1677 δυθ
1488 1622 1615 1676 dic“
1640 1633 1763 1676 esse
1862 1644 2005 1690 stare
2036 1644 2235 1703 potest,
2265 1636 2307 1688 si
2342 1635 2476 1687 Deus
2518 1648 2620 1686 non
2647 1631 2969 1698 estYQualis
2999 1644 3178 1699 qureso
3206 1639 3288 1684 est
3328 1629 3428 1681 ista

186 1734 351 1789 Opera
390 1734 509 1789 qua:
548 1718 710 1772 [αυὶιῖ
752 1718 857 1773 Sed
904 1717 1090 1772 volens
1131 1716 1311 1783 utique
1356 1715 1511 1769 unius
1558 1720 1765 1769 natura
1864 1734 2106 1779 creatum
2148 1739 2266 1793 qua;
2315 1739 2478 1778 unum
2528 1738 2648 1777 cum
2698 1722 2854 1775 Patre
2906 1720 3146 1789 possidet,
3196 1707 3429 1773 aonie"?

186 1811 557 1865 demonstrare
587 1810 866 1875 virtutem,
915 1808 1390 1878 perpetrandorum
1422 1822 1641 1876 operum
1686 1805 1764 1861 ef-

1873 1818 2034 1882 Quent
2063 1817 2107 1870 si
2138 1817 2190 1869 in
2222 1816 2537 1884 baptismate
2568 1830 2670 1869 non
2714 1812 3093 1876 nominaveris,
3128 1811 3318 1864 frustra
3348 1809 3428 1864 vi-

186 1902 510 1967 ﬁcientiam,
557 1902 623 1955 ad
671 1910 907 1971 paterna:
946 1900 1218 1970 dignitatis
1256 1899 1437 1953 retulit
1483 1898 1760 1953 unitatem.

189 1992 255 2047 Ut
288 1993 417 2045 dum
447 2006 582 2059 Opus
613 1991 782 2045 Patris
818 1998 875 2045 et
905 1990 1024 2044 Filii
1051 1999 1164 2051 est.
1194 1998 1248 2044 et
1274 2002 1408 2059 opus
1440 1988 1560 2042 Filii
1590 1989 1766 2043 Patris

186 2083 336 2153 (quia
364 2097 694 2151 quaecunque
738 2081 895 2135 Pater
937 2079 1091 2146 facit,
1119 2080 1309 2135 eadem
1338 2087 1393 2133 et
1438 2078 1605 2132 Filius
1636 2078 1764 2133 facit

183 2174 484 2241 similiter),
516 2188 580 2228 ex
622 2170 891 2228 communi
936 2178 1208 2239 gestorum
1238 2184 1422 2238 opere,
1456 2167 1763 2222 communio

183 2272 542 2334 cognoscatur
585 2278 705 2318 esse
740 2272 962 2316 naturae.
992 2261 1142 2316 Sicut
1167 2276 1294 2331 ergo
1322 2276 1420 2316 sua
1467 2274 1629 2329 opera
1657 2273 1765 2313 non

184 2368 282 2408 sua
312 2353 468 2419 dicit;
497 2368 613 2422 qua:
644 2360 819 2415 tamen
852 2350 1017 2419 ipsius
1056 2364 1179 2405 esse
1217 2350 1546 2418 probantur;
1592 2349 1672 2402 sic
1712 2356 1769 2401 et

184 2446 358 2503 verba
386 2462 490 2499 non
512 2460 603 2499 sua
625 2458 684 2498 se
702 2442 845 2512 loqui
871 2451 1111 2506 testatur,
1129 2456 1247 2510 qua:
1271 2442 1510 2510 profecto
1529 2439 1766 2508 ejusdem

185 2552 317 2592 esse
349 2544 659 2591 noscuntur.
697 2534 764 2588 Et
791 2532 930 2601 quod
960 2533 1026 2587 de
1056 2531 1216 2599 Filio,
1243 2531 1343 2586 hoc
1371 2531 1531 2586 etiam
1563 2529 1771 2597 conjice

1863 1905 2076 1960 debitur
2105 1906 2416 1976 mysterium
2458 1921 2635 1973 omne,
2670 1904 2959 1974 perfectum
2994 1918 3097 1957 non
3125 1902 3226 1956 erit
3255 1914 3431 1955 sacra-

1862 2005 2123 2050 mentum.
2153 1996 2424 2051 Incassum
2447 1997 2642 2065 quippe
2675 1995 2843 2049 Patris
2863 2004 2913 2048 et
2943 1993 3059 2047 Filii
3084 1992 3296 2047 nomine
3318 1999 3433 2045 ute-

1864 2085 1959 2152 ris,
2003 2087 2091 2141 illo
2119 2101 2221 2141 non
2266 2086 2556 2140 nominato.
2604 2080 2908 2139 Creaturam
2952 2097 3079 2152 ergo
3119 2083 3432 2137 creatricem

1863 2188 1984 2229 esse
2010 2190 2112 2230 non
2144 2190 2319 2243 posse,
2346 2176 2477 2229 nulli
2510 2183 2592 2229 est
2619 2175 2837 2228 omnino
2863 2172 3187 2242 ambiguum.

1937 2270 2219 2326 XXXVIII.
2265 2270 2413 2323 llunc
2458 2278 2635 2323 autem
2668 2269 2927 2336 Spiritum
2969 2275 3263 2323 creatorem
3314 2280 3433 2321 esse

1866 2361 2153 2426 Scriptum
2198 2359 2397 2411 divinae
2445 2358 2642 2425 ubique
2691 2359 3006 2425 loquuntur;
3051 2359 3186 2411 sicut
3236 2357 3287 2410 in
3335 2355 3436 2410 Job

1872 2449 2141 2503 volumine
2172 2447 2427 2516 legimus;
2478 2446 2701 2513 Spiritus
2738 2448 2939 2499 divinus
2965 2439 3056 2510 cit,
3101 2449 3187 2515 qui
3218 2448 3333 2515 fecit
3361 2462 3432 2499 me

1873 2539 1996 2611 (.Iob
2023 2554 2209 2605 natu,
2236 2537 2311 2605 4).
2357 2537 2487 2591 Nam
2525 2545 2767 2590 cunctam
2797 2535 3116 2604 generaliter
3142 2546 3436 2590 creaturam

182 2627 257 2682 de
288 2626 493 2693 Spiritu
522 2632 730 2689 sancto,
761 2625 847 2693 qui
878 2622 956 2676 sic
992 2636 1021 2676 a
1060 2635 1119 2676 se
1163 2620 1280 2688 ipso
1308 2628 1525 2690 propter
1550 2619 1772 2675 demon-

180 2718 468 2773 smmdam
503 2716 657 2788 176
678 2716 832 2770 “ﬂius
862 2722 1065 2767 nam”?
1090 2712 1340 2767 ἀθῖωιεω
1372 2726 1478 2766 ηοη
1514 2711 1769 2780 loquitur.
1871 2720 2171 2777 evidentius
2200 2718 2456 2785 declarat,
2499 2716 2684 2772 dicens
2712 2735 2724 2769 :
2760 2718 3012 2783 Quoniam
3052 2713 3229 2770 videbo
3265 2715 3435 2780 ctelos,

182 2818 244 2864 ut
277 2818 457 2864 tamen
488 2823 605 2877 quae
636 2806 890 2873 loquitur,
920 2806 1036 2874 ejus
1061 2818 1202 2873 esse,
1232 2814 1286 2859 et
1311 2804 1623 2883 nongaliena
1654 2817 1773 2858 cre-

1873 2829 2025 2884 opera
2049 2814 2322 2884 digitorum
2351 2821 2555 2865 tuorum
2585 2808 2751 2881 (Psal.
2785 2823 2896 2874 vui,
2926 2807 3001 2879 4),
3058 2807 3214 2863 Verbi
3247 2806 3431 2860 videli-

182 2902 407 2957 dantur.
446 2900 508 2954 Et
556 2902 910 2970 loquebantur,
941 2900 1108 2968 induit
1153 2900 1324 2954 Lucas
1372 2897 1441 2953 de
1486 2897 1769 2966 apostolis,
1872 2913 1959 2959 cet
1985 2914 2039 2959 et
2067 2903 2297 2973 Spiritus
2339 2901 2532 2957 sancti.
2576 2900 2807 2967 Digitum
2849 2900 2988 2954 enim
3030 2912 3149 2953 esse
3186 2897 3439 2968 Spiritum

183 2994 349 3047 rariis
384 2993 592 3065 linguis,
617 3002 768 3062 prout
804 2992 1026 3062 Spiritus
1048 3001 1253 3047 sanctus
1285 2990 1437 3043 dabat
1469 2990 1637 3058 eloqui
1662 2987 1771 3042 illis
1874 3005 2138 3059 sanctum,
2167 2996 2319 3064 cujus
2347 3008 2506 3063 opera
2533 3007 2652 3047 esse
2678 2993 2935 3047 caelorum
2969 2990 3243 3055 fabricam,
3289 3003 3443 3044 sacro

184 3083 333 3154 (Act.
358 3097 425 3149 tt,
448 3083 529 3153 4).
563 3083 627 3137 Et
659 3085 709 3137 in
743 3081 1030 3152 Evangelia
1061 3100 1074 3137 :
1111 3082 1230 3135 Non
1260 3082 1393 3135 enim
1425 3096 1512 3134 vos
1540 3080 1659 3134 estis
1684 3078 1772 3145 qui

1877 3086 2133 3157 propheta
2160 3086 2392 3141 concinit
2427 3099 2542 3151 ore,
2596 3084 2875 3153 perspicue
2907 3083 3161 3136 Dominus
3191 3083 3243 3135 in
3272 3081 3442 3135 Evan-

182 3176 489 3245 loquimini,
530 3176 620 3229 sed
660 3174 883 3243 Spiritus
922 3173 1094 3228 Patris
1138 3173 1287 3227 vestri
1324 3173 1413 3239 qui
1451 3171 1674 3239 loquitur
1716 3169 1768 3222 in

1873 3178 2007 3247 gelio
2033 3177 2419 3231 demonstravit
2442 3176 2625 3230 dicens
2662 3191 2676 3229 :
2712 3175 2773 3229 Si
2796 3190 2887 3243 ego
2913 3175 2963 3225 in
2986 3174 3143 3244 digito
3172 3172 3263 3225 Dei
3290 3173 3439 3242 ejicio

182 3267 336 3321 vobis
368 3264 583 3336 (Matth.
607 3282 638 3319 x
657 3306 672 3331 ,
695 3265 807 3335 20).
834 3264 1002 3320 liabet
1034 3279 1161 3334 ergo
1191 3264 1303 3333 ipse
1332 3263 1596 3331 propriam
1623 3259 1770 3313 fandi

1873 3269 2146 3333 datmonia,
2179 3268 2463 3332 supervenit
2489 3268 2541 3322 in
2562 3283 2648 3321 vos
2675 3282 2886 3338 regnum
2915 3264 3009 3318 Dei
3049 3265 3198 3334 (Luc.
3228 3280 3302 3329 ιι,
3325 3265 3440 3333 ‘20).

181 3357 595 3422 auctoritatem,
643 3355 735 3425 qui
780 3355 999 3410 liberam
1039 3354 1250 3409 caeteris
1288 3351 1537 3422 loquendi
1586 3350 1775 3405 tribuit

1873 3358 1988 3425 Quo
2014 3359 2180 3428 digito
2226 3358 2309 3412 lex
2342 3358 2436 3413 Dei
2483 3359 2537 3412 in
2576 3356 2779 3411 duabus
2823 3356 3016 3409 tabulis
3059 3356 3283 3424 lapideis
3313 3369 3444 3410 con-

180 3446 526 3513 facultatem.
1872 3450 2071 3517 scripta
2109 3449 2358 3513 refertur,
2410 3457 2466 3502 ut
2507 3447 2559 3503 in
2588 3444 2773 3501 Exodo
2806 3446 3034 3515 legimus
3064 3464 3075 3497 :
3110 3446 3332 3513 Accepit,
3362 3446 3443 3499 in-

254 3536 421 3590 Arius
457 3536 586 3589 dixit
609 3550 627 3587 :
665 3534 866 3599 Quibus
908 3532 1195 3602 Scriptura:
1236 3529 1641 3587 auctoritatibus
1680 3529 1776 3583 do-

1874 3539 2005 3609 quit,
2039 3538 2243 3608 Moyses
2283 3539 2413 3592 duas
2441 3538 2638 3590 tabulas
2677 3538 2892 3605 scriptas
2935 3536 3094 3606 digito
3124 3534 3219 3588 Dei
3248 3534 3442 3604 (Exod.

179 3640 319 3682 cere
352 3627 551 3694 poteris
573 3623 828 3692 Spiritum
856 3632 1096 3678 sanctum
1126 3623 1293 3677 Deum
1319 3636 1460 3687 esse,
1493 3635 1649 3690 quem
1674 3634 1775 3690 ego

178 3725 500 3772 creaturam
532 3730 654 3771 esse
677 3714 976 3770 conﬁteor?

255 3807 577 3862 Athanasius
606 3807 776 3861 dixit:
806 3806 939 3861 Hinc
970 3805 1235 3875 praecipue
1264 3803 1565 3859 declaratur
1594 3800 1767 3871 Spiri-

178 3908 305 3956 tum
358 3906 601 3952 sanctum
635 3896 798 3952 Deum
828 3910 971 3960 esse,
1008 3895 1129 3964 quia
1159 3894 1354 3964 ubique
1380 3902 1500 3957 est,
1536 3901 1589 3946 et
1618 3891 1768 3946 nullo

174 3988 503 4044 continetur
527 3987 670 4050 loco,
701 3987 839 4041 sicut
858 3988 1115 4055 propheta
1138 3984 1267 4040 dicit
1286 3984 1351 4037 ad
1380 3983 1588 4037 Patrem
1616 3998 1628 4033 :
1662 3982 1777 4045 Quo

174 4079 271 4131 ibo
310 4093 348 4129 α
389 4079 568 4146 spiritu
595 4086 683 4131 tuo
718 4076 887 4145 (Psal.
912 4090 1176 4141 cuxvtu,
1205 4073 1303 4144 7)?
1332 4074 1400 4127 Et
1434 4080 1774 4125 commonet:

173 4169 433 4237 Spiritus
474 4166 684 4221 Domini
721 4166 928 4233 replevit
967 4166 1135 4217 orbem
1162 4175 1411 4218 terrarum
1450 4160 1604 4229 (Sap.
1628 4176 1675 4224 ι,
1699 4162 1775 4227 7).

1878 4171 1977 4226 Dei
1996 4180 2067 4226 est
2094 4169 2288 4240 (Exod.
2316 4184 2429 4233 vtu,
2450 4166 2563 4235 19).
2588 4166 2774 4219 Adhuc
2802 4173 2979 4217 autem
3008 4168 3304 4217 creatorem
3327 4175 3449 4215 esse

177 4260 340 4315 Esse
386 4258 526 4311 enim
556 4256 770 4325 ubique.
801 4265 855 4310 et
884 4270 989 4308 uno
1015 4255 1307 4322 eodemque
1350 4258 1631 4305 momento
1671 4264 1780 4305 οω-
1879 4259 2138 4328 Spiritum
2168 4266 2434 4322 sanctum,
2462 4254 2718 4324 prOpheta
2742 4252 2907 4307 David
2934 4252 3169 4321 apertius
3192 4250 3449 4318 declarat,

174 4352 299 4414 los,
344 4357 538 4413 terras,
569 4346 736 4400 maria
769 4346 1079 4413 inlernaque
1108 4342 1316 4411 replere
1356 4344 1438 4410 (ut
1467 4338 1632 4394 David
1666 4338 1775 4394 ait:
1881 4348 2102 4404 dicens;
2130 4346 2292 4400 Verbo
2315 4344 2521 4399 Domini
2544 4345 2657 4398 cati
2671 4343 2863 4413 ﬁrmati
2889 4355 3029 4412 sunt,
3051 4351 3096 4395 et
3120 4342 3320 4409 Spiritu
3348 4344 3449 4395 oris

176 4442 248 4497 Si
279 4439 571 4493 ostendero
600 4437 653 4490 in
679 4436 889 4503 cwlum,
920 4443 972 4485 tu
998 4434 1104 4486 illic
1132 4448 1217 4496 es;
1243 4440 1289 4485 et
1317 4431 1360 4486 εἰ
1382 4429 1687 4484 descenan
1711 4429 1779 4482 ad
1881 4437 1993 4503 eius
2019 4436 2181 4488 omnis
2207 4437 2363 4488 uirtus
2392 4449 2565 4489 eorum
2600 4432 2771 4505 (Psal.
2801 4448 2965 4499 xxxii,
2997 4432 3075 4500 6).
3122 4433 3186 4487 Et
3222 4434 3449 4487 iterum:

176 4532 492 4599 infernum,
532 4528 653 4581 ades
681 4523 853 4597 (Paul.
876 4538 1116 4580 cxxxvut
1137 4563 1151 4588 ,
1180 4520 1298 4592 8]),
1338 4536 1445 4576 non
1484 4528 1773 4587 creaturae,
1804 4505 1853 4566 Ῑ)
1881 4524 2068 4580 Emitte
2093 4525 2342 4595 Spiritum
2378 4534 2545 4590 tuum,
2574 4535 2620 4578 et
2651 4524 2956 4577 creabantur
2983 4523 3151 4595 (Psal.
3186 4539 3297 4589 cut,
3329 4520 3443 4592 30).

178 4625 286 4682 sed
313 4621 490 4678 solius
516 4619 609 4675 Dei
635 4626 719 4675 est
746 4617 1041 4687 proprium.
1880 4616 2115 4672 Virtutes
2141 4627 2318 4672 autem
2348 4616 2605 4671 cmlorum
2637 4616 2853 4685 angelos
2882 4630 3004 4670 esse
3031 4629 3188 4670 nemo
3217 4615 3448 4669 dubitat.

261 4709 542 4789 XXXVII.
577 4708 813 4777 Denique
839 4706 960 4776 quia
1004 4706 1144 4760 idem
1171 4712 1255 4759 est
1294 4701 1691 4770 incompositae,
1725 4698 1776 4754 id
1878 4705 1979 4773 Qui
2005 4706 2169 4761 etiam
2192 4705 2485 4761 secundum
2514 4703 2757 4774 Apostoli
2788 4704 3172 4771 testimonium,
3228 4706 3279 4758 in
3311 4703 3451 4757 hunc

179 4811 274 4859 est
301 4799 571 4868 simplicis
601 4806 823 4851 naturae.
851 4796 982 4850 Nam
1018 4804 1261 4849 creatura
1289 4793 1487 4857 omnis,
1518 4802 1775 4860 quantum
1877 4796 2131 4866 spiritum
2157 4806 2401 4865 unquam
2443 4797 2496 4851 in
2531 4810 2643 4850 sua;
2691 4796 2911 4865 originis
2948 4804 3239 4862 auctorem,
3290 4810 3450 4849 rem-

179 4892 254 4947 ad
291 4898 509 4945 natura:
534 4883 775 4943 ordinem
800 4885 1046 4955 pertinet,
1071 4884 1360 4951 composita
1389 4891 1491 4936 est.
1514 4881 1568 4935 Si
1600 4880 1777 4949 itaque

179 4982 466 5053 Spiritum
495 4987 734 5033 sanctum
763 4977 1117 5047 compositum
1145 4989 1213 5029 ex
1245 4974 1559 5028 diversitate
1588 4971 1779 5026 forma-

179 5088 315 5129 rum
343 5068 586 5124 valueris
609 5069 912 5134 ostendere,
938 5076 1065 5121 tunc
1088 5066 1301 5120 demum
1326 5076 1657 5132 consequens
1677 5062 1779 5117 crit

192 5176 246 5221 st
274 5178 417 5220 eum
440 5169 739 5216 creaturam
761 5174 881 5216 esse
910 5159 1092 5215 nullus
1116 5158 1308 5213 audeat
1333 5157 1599 5212 dubitare.
1630 5156 1779 5211 Tunc

196 5267 386 5311 artem
420 5265 643 5308 necesse
683 5252 786 5306 erit
822 5262 906 5320 ut,
934 5253 981 5307 si
1018 5258 1260 5307 creatura
1288 5258 1398 5314 est,
1428 5249 1622 5303 doceas
1658 5260 1777 5301 eum

198 5357 552 5402 cunmunem
593 5356 715 5398 esse
755 5356 875 5396 cum
905 5342 1136 5406 caeteris,
1178 5340 1260 5394 vel
1302 5339 1533 5409 angelis,
1563 5337 1646 5392 vel
1688 5352 1776 5391 ar-

1871 2644 2123 2701 operasse
2171 2628 2402 2697 Spiritus
2451 2636 2665 2683 sanctus
2712 2628 3060 2696 designatur:
3103 2628 3239 2680 sicut
3271 2626 3439 2680 David

1878 3645 2027 3693 am,
2059 3629 2152 3699 i8)
2185 3628 2335 3684 Unde
2374 3627 2673 3701 ostenditur
2716 3627 2853 3681 hunc
2896 3626 3150 3696 Spiritum
3197 3635 3440 3680 sanctum

1874 3723 2231 3793 legislatorem
2261 3736 2404 3788 esse,
2453 3722 2604 3791 cujus
2642 3722 2723 3776 lex
2756 3736 2786 3776 a
2819 3721 3051 3790 peccatis
3098 3719 3342 3775 homines
3382 3718 3446 3773 li-

1876 3815 2045 3880 berat,
2091 3813 2381 3871 secundum
2420 3814 2720 3868 attestantis
2750 3812 2898 3867 Pauli
2939 3810 3260 3881 praconium
3290 3826 3302 3861 :
3339 3809 3447 3863 Lex

1880 3897 2107 3967 Spiritus
2128 3900 2243 3953 vitm
2267 3898 2495 3953 liberavit
2524 3914 2603 3951 me
2622 3913 2653 3950 a
2672 3896 2781 3968 lege
2804 3896 2993 3965 peccati
3013 3904 3059 3950 et
3080 3895 3253 3949 mortis
3270 3893 3444 3963 (Rom.

1875 4006 1991 4056 vtu,
2017 3990 2098 4059 2).
2138 3989 2304 4059 Cujus
2331 3989 2541 4043 virtutis
2570 3987 2863 4055 potentiam
2891 3985 3029 4054 magi
3070 3998 3282 4052 quoque
3314 3984 3448 4036 Pha-

1879 4082 2059 4136 raonis
2087 4080 2404 4135 mirabiliter
2427 4077 2772 4142 conﬁtentur,
2814 4076 3052 4129 dicentes
3086 4092 3098 4125 :
3130 4073 3232 4125 llic
3261 4074 3450 4143 digitus

1882 4993 1995 5046 qua:
2019 4987 2136 5031 sunt
2166 4978 2300 5030 vobis
2321 4992 2353 5029 a
2378 4976 2578 5045 Spiritu
2599 4986 2777 5029 sancto
2795 4976 2946 5030 missa
2970 4976 3034 5030 de
3055 4976 3208 5039 caelis,
3232 4976 3282 5028 in
3304 4990 3452 5044 quem

1884 5066 2241 5135 concupiscunt
2272 5065 2440 5135 angeli
2466 5066 2751 5134 prospicere
2777 5064 2829 5134 (1
2866 5064 3009 5119 Petr.
3040 5080 3077 5129 t,
3112 5064 3222 5135 I2).

1955 5156 2197 5212 XXXIX.
2228 5156 2285 5212 Si
2316 5156 2454 5211 Deus
2474 5171 2578 5210 non
2597 5164 2759 5224 esset,
2790 5156 3016 5212 faciendi
3046 5171 3164 5227 quae
3193 5155 3307 5209 vult
3333 5169 3453 5223 pro-

1884 5248 2057 5318 prium
2088 5263 2192 5301 non
2230 5246 2447 5301 haberet
2477 5245 2778 5303 arbitrium.
2825 5249 2894 5300 At
2929 5260 3047 5299 cum
3078 5245 3131 5300 in
3169 5245 3450 5310 dispensa-

1886 5338 2028 5393 tione
2050 5336 2392 5399 sacramenti,
2446 5337 2603 5407 178
2649 5336 2894 5391 libertate
2930 5337 3095 5389 utitur
3142 5332 3449 5392 volunta'is.

1882 4887 2191 4943 rentissime
2234 4887 2538 4942 desiderant
2577 4888 2846 4954 aspicere,
2897 4886 3026 4940 dicit
3058 4887 3199 4941 enim
3239 4886 3345 4939 ita:
3374 4883 3451 4938 Ea
3545 4936 3559 4955 ,

201 5433 510 5505 ριιιηεειίε,
530 5441 621 5486 aut
641 5432 989 5501 potestatibus
1008 5440 1063 5489 et
1091 5430 1470 5501 principatibus
1496 5448 1507 5482 :
1536 5438 1590 5484 et
1615 5442 1778 5483 unum

202 5539 314 5580 csa.
344 5541 426 5584 ex
456 5524 588 5590 illis;
617 5539 680 5581 ac
704 5524 781 5581 sic
820 5526 1031 5580 unicum
1058 5533 1113 5579 et
1148 5524 1472 5592 singularem
1514 5537 1620 5577 non
1660 5535 1781 5579 esse

204 5619 574 5682 dermnstres,
597 5616 739 5687 quod
781 5631 1115 5687 nequaquam
1148 5616 1331 5686 utique
1372 5613 1776 5685 (obtinentibus,

205 5718 263 5765 et
294 5710 530 5777 unlique
563 5708 973 5766 reclamantibus
1004 5708 1274 5777 prophetis
1314 5716 1471 5773 atque
1504 5706 1781 5771 apostolis)

1886 5447 1987 5488 nec
2011 5440 2287 5501 exspectat
2308 5430 2550 5500 iubentis
2585 5430 2887 5499 imperium,
2931 5435 3149 5496 apparet
3181 5439 3303 5479 eum
3330 5420 3453 5479 eSse

1888 5538 1995 5578 non
2020 5532 2341 5586 creaturam,
2384 5521 2479 5577 sed
2522 5522 2706 5576 Deum.
2752 5515 3035 5586 Apostolus
3062 5515 3202 5568 enim
3234 5529 3353 5570 cum
3381 5514 3453 5571 de

1889 5612 2184 5670 ctelestium
2212 5613 2474 5668 donorum
2504 5608 2897 5665 diversitatihus
2919 5605 3244 5673 loqueretur,
3269 5606 3333 5661 ad
3356 5622 3449 5662 ex-

1893 5716 2118 5763 tremum
2150 5706 2361 5763 intulit.
2395 5704 2515 5758 Ure
2541 5711 2705 5755 autem
2738 5696 2903 5750 omnia
2933 5704 3171 5768 apemtttr
3208 5715 3336 5753 unus
3371 5709 3450 5752 at-
