3938 6376
560 356 664 415 225

1872 355 2098 416 VIGILII
2140 354 2510 415 TAPSENSIS
3631 370 3703 425 τὶΞῦ

562 487 658 540 que
685 451 816 525 idem
850 472 1099 541 Spiritus,
1136 474 1361 527 dividens
1388 474 1596 544 singulis
1638 485 1784 540 prout
1813 476 1912 527 vult
1938 475 1984 544 (Ι
2011 475 2128 529 Cor.
2161 475 2210 534 Α
2237 473 2578 541 argumentis.
2655 471 2791 525 Dicit
2846 469 3102 539 Spiritum
3152 483 3380 528 sanctum
3427 474 3566 532 Deum
3602 495 3700 547 esse,

557 577 652 626 xu,
691 562 796 630 li).
835 562 900 616 Et
929 563 1119 616 iterum
1152 582 1161 613 :
1189 563 1440 630 Spiritus,
1473 563 1667 632 inquit,
1711 575 1917 616 sanctus
1957 565 2132 619 distri-

560 653 666 704 buit
695 654 927 707 omnibus
957 655 1234 707 secundum
1263 654 1569 707 voluntatem
1599 655 1742 706 suam
1763 654 1947 721 (Hebr.
1966 671 2023 721 tl,
2047 656 2126 724 4).

563 744 630 794 lit
650 743 910 797 Dominus
937 743 987 796 in
1017 744 1298 812 Et'angelio
1327 745 1400 797 ait
1425 761 1436 796 :
1463 744 1694 812 Spiritus
1733 746 1816 797 ubi
1837 746 1941 797 vult
1969 747 2130 813 spirat

563 831 746 899 (Joan.
776 846 854 898 tu,
885 832 958 900 8).
983 833 1038 885 Si
1088 832 1223 885 Deus
1270 848 1373 885 non
1420 843 1523 899 est,
1567 834 1834 902 quomodo
1866 835 2131 888 vivificat?

561 921 821 986 Apostolo
861 921 1069 975 dicente
1101 940 1110 972 :
1137 921 1328 974 Littera
1357 923 1562 986 occidit,
1611 923 1835 991 Spiritus
1866 934 2034 976 autem
2061 925 2132 975 vi-

562 1010 730 1078 t-iﬁcat
758 1010 845 1081 (II
873 1011 994 1067 Cor.
1023 1027 1099 1076 ιιι,
1129 1012 1205 1080 6).
1250 1013 1313 1066 Et
1337 1027 1518 1066 rursus
1549 1013 1616 1065 de
1649 1014 1754 1067 Deo
1781 1031 1794 1069 :
1842 1013 2134 1080 Vivificabit

563 1107 613 1150 et
643 1101 875 1152 mortalia
917 1116 1130 1169 corpora
1158 1111 1319 1154 vestra
1360 1117 1448 1168 per
1486 1101 1847 1154 inhabitantem
1881 1103 2133 1170 Spiritum

562 1202 711 1238 suum
741 1188 791 1239 in
822 1188 955 1240 vobis
979 1189 1153 1250 (Rom.
1185 1205 1298 1256 vut,
1327 1191 1435 1258 lt).
1491 1190 1554 1243 Et
1585 1191 1840 1246 Dominus
1885 1194 1937 1245 in
1964 1192 2137 1245 Evan-

562 1277 702 1344 gelio
728 1296 739 1329 :
765 1279 993 1345 Spiritus
1020 1293 1116 1345 est,
1141 1282 1227 1347 qui
1253 1281 1470 1349 viviﬁcat
1500 1281 1679 1349 (Joan.
1713 1299 1785 1348 vr,
1819 1283 1929 1352 64).
1983 1284 2134 1339 Unde

563 1376 618 1419 et
663 1367 715 1419 in
763 1368 1039 1423 Ezechiele
1084 1370 1308 1436 Spiritus
1349 1371 1462 1424 vita:
1507 1373 1834 1440 appellatur;
1881 1373 2129 1441 Spiritus,

563 1457 754 1527 inquit,
786 1459 897 1511 vita:
924 1469 1030 1512 erat
1061 1461 1111 1512 in
1140 1462 1265 1514 rotis
1292 1461 1556 1528 (Exeo/1.1,
1582 1462 1695 1532 20).
1718 1463 1792 1518 De
1817 1479 1922 1532 quo
1957 1464 2135 1518 Domi-

565 1561 668 1599 nus
703 1547 754 1600 in
777 1548 963 1602 eodem
991 1550 1249 1618 propheta
1280 1553 1580 1606 mortalium
1613 1553 1930 1621 corporibus
1965 1554 2093 1608 dicit
2119 1575 2130 1607 :

566 1636 718 1700 Ecce,
751 1653 842 1707 ego
875 1641 1205 1693 intromittam
1228 1643 1278 1694 in
1306 1658 1388 1695 vos
1412 1643 1663 1711 Spiritum
1694 1661 1858 1696 meum
1890 1654 1934 1699 et
1967 1646 2136 1698 vinetis

569 1727 780 1797 (Ezech.
809 1745 1007 1797 xxxvu,
1044 1731 1120 1798 5).
1155 1731 1292 1800 Ergo
1325 1731 1413 1800 qui
1447 1734 1609 1786 vitam
1630 1733 1832 1796 tribuit,
1855 1733 1994 1788 Deus
2031 1744 2135 1788 est.

2232 563 2375 631 quod
2429 562 2641 630 quidem
2695 576 2956 630 nusquam
3005 562 3296 617 evidentius
3349 565 3492 618 valuit
3541 569 3703 624 demon-

2231 661 2421 707 strare.
2447 652 2575 705 Esto
2595 661 2791 718 tamen,
2818 663 2873 706 ut
2895 654 2944 708 ei
2968 666 3150 708 contra
3171 670 3339 708 rerum
3362 657 3595 711 veritatem
3619 674 3704 714 con-

2230 741 2414 795 cedam
2443 741 2513 795 ob
2554 741 2656 796 hoc
2703 742 2963 810 Spiritum
3007 753 3244 796 sanctum
3295 745 3446 798 Deum
3485 746 3620 801 videri
3653 752 3704 803 vel

2233 845 2352 884 esse
2378 845 2556 900 posse,
2607 833 2746 900 quod
2795 833 2913 886 talia
2963 843 3216 900 cperetur
3243 849 3353 902 quae
3398 849 3492 888 non
3535 838 3612 890 nisi
3636 837 3706 890 Deo

2231 922 2476 976 convenit
2507 923 2732 990 operari.
2763 922 2905 992 Ergo
2935 923 3101 978 Deum
3133 924 3356 988 Patrem,
3379 924 3528 979 Deum
3553 926 3704 984 Filium.

2235 1010 2400 1064 Deum
2446 1011 2638 1065 fatetur
2681 1012 2933 1080 Spiritum
2980 1021 3263 1067 sanctum:
3306 1027 3364 1067 ac
3408 1027 3490 1082 per
3525 1014 3604 1068 hoc
3639 1025 3707 1068 tres

2239 1100 2395 1164 Deos,
2429 1104 2526 1154 etsi
2555 1117 2659 1154 non
2682 1111 2863 1170 aperta
2897 1103 3191 1171 impietate,
3239 1104 3346 1172 ipsa
3391 1114 3544 1158 tamen
3569 1105 3706 1172 proles-

2236 1189 2403 1243 siouis
2433 1190 2642 1244 videtur
2664 1191 2970 1247 conditione
3000 1193 3361 1257 introducere;
3393 1203 3438 1248 et
3461 1209 3540 1260 per
3555 1195 3633 1261 hoc
3648 1210 3707 1246 nos

2236 1280 2300 1332 ad
2333 1295 2453 1333 eum
2487 1282 2626 1336 unde
2659 1282 2882 1350 digressi
2926 1283 3213 1348 fueramus,
3245 1283 3514 1336 multorum
3547 1283 3708 1336 Deorum

2236 1386 2474 1425 errorem
2495 1372 2887 1440 quodammodo
2908 1389 3156 1428 revocare
3185 1374 3383 1443 incipit.
3405 1373 3548 1426 Velim
3571 1374 3708 1440 optime

2234 1460 2396 1530 judex
2431 1463 2497 1529 (si
2534 1471 2708 1518 tamen
2744 1464 2995 1532 possibile
3037 1466 3125 1533 sit)
3169 1465 3544 1534 deprehendere
3577 1479 3709 1516 novum

2240 1553 2400 1605 istum
2433 1553 2701 1622 egregium
2729 1555 2858 1608 artis
2885 1569 2994 1608 sua:
3022 1555 3353 1624 magistrum,
3375 1555 3542 1608 solutis
3566 1555 3709 1621 prasti-

2239 1644 2445 1710 giorum
2479 1643 2769 1708 fraudibus,
2803 1645 3233 1699 convenientium
3261 1645 3436 1699 oculos
3464 1643 3709 1696 illudentetn.

2225 1723 2309 1786 Ἧι
2338 1733 2476 1786 enim
2525 1734 2681 1787 trium
2711 1735 2929 1789 deorum
2961 1737 3310 1790 confessionis
3352 1737 3603 1804 periculum
3634 1749 3712 1786 eva-

567 1820 702 1874 Nam
719 1824 760 1875 si
783 1821 920 1875 Deus
942 1838 1045 1875 ntln
1070 1832 1229 1886 esset,
1248 1825 1510 1887 quomodo
1532 1827 1784 1879 mundum
1804 1826 2136 1893 judicaturus
2166 1819 2212 1878 B
2238 1821 2352 1888 dat,
2383 1824 2564 1878 subito
2593 1838 2705 1887 eos,
2758 1827 2830 1878 uti
2881 1837 2987 1880 tres
3014 1843 3147 1881 unus
3176 1837 3448 1896 appareat,
3494 1829 3710 1892 incompre-

575 1911 759 1964 venite
801 1912 1150 1978 praedicatur?
1191 1913 1415 1966 Domino
1458 1915 1666 1969 dicente
1707 1917 1759 1969 in
1805 1917 2128 1984 Evangelio:

571 1999 698 2052 Cum
722 2001 906 2052 venerit
931 2002 1156 2068 Spiritus
1199 2001 1510 2067 Paraclitus,
1550 2007 1656 2073 ipse
1685 2016 1858 2076 arguet
1889 2009 2136 2059 mundum

572 2095 635 2142 de
663 2101 884 2156 peccato,
908 2094 967 2144 de.
983 2094 1202 2160 justitia,
1237 2103 1281 2145 et
1308 2095 1370 2148 de
1390 2097 1583 2163 judicio
1617 2095 1790 2164 (Joan.
1825 2114 1928 2162 xvt,
1956 2099 2031 2167 8).

648 2178 758 2250 XL.
808 2179 939 2232 Audi
987 2179 1126 2233 aliud
1170 2191 1537 2249 argumentum
1585 2198 1689 2250 quo
1737 2183 1933 2237 clareat
1971 2185 2135 2238 Deum

575 2281 697 2322 esse
725 2267 977 2335 Spiritum
1006 2278 1265 2322 sanctum.
1323 2270 1481 2324 Vocat
1511 2270 1667 2324 Pater
1717 2272 1899 2326 fideles
1929 2274 1981 2326 in
2019 2289 2140 2342 gra-

580 2358 703 2410 tiam
730 2373 902 2424 suam,
930 2369 1082 2412 vocat
1112 2359 1298 2425 Filius,
1337 2370 1487 2414 vocat
1521 2361 1748 2431 Spiritus
1777 2374 2012 2419 sanctus.
2038 2366 2136 2430 Qui

575 2448 618 2500 si
645 2458 884 2503 creatura
912 2459 1074 2517 esset,
1110 2467 1286 2520 parem
1318 2468 1379 2507 ac
1405 2454 1632 2508 similem
1661 2456 1880 2510 vocandi
1907 2460 2138 2513 auctori-

576 2548 736 2593 tatem
766 2556 865 2594 t.0tt
895 2541 1134 2596 haberet.
1185 2542 1314 2596 Nam
1346 2543 1413 2598 de
1442 2542 1597 2599 Patre
1638 2548 1920 2615 Apostolus
1967 2549 2133 2604 dicit:

580 2631 796 2694 Quando
818 2642 987 2685 autent
1013 2634 1206 2702 placuit
1234 2633 1360 2700 Deo,
1403 2638 1488 2706 qui
1519 2655 1596 2690 me
1619 2644 1896 2711 segregavit
1917 2645 1979 2696 ab
2001 2654 2140 2698 utero

575 2725 749 2777 matris
771 2742 912 2791 mea,
937 2737 982 2780 et
1011 2732 1202 2783 vocavit
1230 2731 1280 2784 in
1303 2735 1520 2801 gratiam
1547 2752 1693 2788 suam
1723 2737 1862 2806 (Gal.
1881 2755 1917 2805 ι,
1940 2739 2048 2809 15).
2080 2742 2144 2795 Et

578 2814 648 2869 de
677 2815 890 2872 Christo
917 2819 1168 2876 Romanis
1195 2825 1435 2880 scribens
1459 2845 1470 2878 :
1498 2826 1561 2880 In
1587 2829 1768 2897 quibus
1799 2832 1917 2884 estis
1960 2842 2005 2885 et
2035 2849 2142 2899 vos,

583 2907 772 2976 inquit,
804 2912 1111 2967 voeatiJesu
1152 2916 1338 2971 Christi
1385 2919 1558 2992 (Rom.
1607 2939 1644 2986 t,
1693 2923 1770 2993 6).
1823 2925 1898 2980 De
1948 2925 2144 2994 Spiritu

580 3009 768 3052 sancto
793 3001 964 3055 Lucas
992 3004 1044 3057 in
1068 3006 1290 3062 Actibus
1317 3012 1678 3078 apostolorum
1703 3015 1831 3069 dicit
1856 3034 1866 3066 :
1891 3015 2142 3086 Jejunan-

578 3089 708 3142 tibus
745 3099 790 3144 et
830 3094 1236 3160 ntuniﬁcantibus
1276 3100 1380 3152 illis
1421 3101 1492 3170 (id
1536 3112 1617 3157 est
1663 3107 1963 3175 apostolis),
2011 3108 2140 3161 dixit

2242 1913 2488 1966 hcnsibili
2522 1914 2887 1981 phantasmate
2913 1916 3127 1981 confiat,
3176 1917 3357 1971 dicens
3387 1935 3396 1968 :
3430 1915 3523 1970 Sed
3556 1915 3597 1968 hi
3629 1924 3711 1974 tres.

2241 2018 2378 2057 unus
2409 2004 2565 2058 Deus.
2594 2004 2794 2060 Rursus
2813 2021 2944 2076 quos
2973 2009 3152 2061 nescio
3175 2024 3274 2076 qua
3299 2008 3621 2077 coagulatione
3637 2021 3712 2073 per-

2245 2096 2432 2148 mistos
2458 2108 2511 2149 et
2541 2099 2784 2150 couuilos
2815 2100 2864 2151 in
2895 2114 3054 2152 unum
3082 2099 3246 2153 Deum
3279 2100 3549 2166 redegerat,
3589 2097 3712 2148 iterum

2239 2200 2334 2238 eos
2378 2195 2650 2252 separatos
2691 2186 2962 2241 triformes
3003 2188 3255 2249 ostendit.
3313 2188 3459 2256 130
3483 2180 3712 2239 dicens-Et

2244 2273 2325 2326 hic
2359 2289 2493 2328 unus
2521 2276 2656 2328 Deus
2685 2276 2915 2332 Trinitas
2945 2287 3045 2331 est.
3099 2277 3250 2343 Vide,
3303 2279 3343 2331 si
3388 2277 3520 2330 vales
3561 2278 3648 2344 (oro
3672 2275 3714 2333 te.)

2244 2362 2479 2416 inaudita
2519 2365 2632 2418 hzec
2661 2375 2716 2420 et
2746 2367 2916 2420 invisa
2950 2368 3192 2435 pessimae
3225 2366 3585 2436 imaginationis
3608 2362 3714 2417 vesti-

2241 2467 2366 2519 garc
2412 2463 2672 2522 portenta.
2726 2456 2834 2524 Ego
2879 2458 3036 2510 enim-
3079 2458 3521 2527 comprehendere
3565 2466 3715 2520 nequeo.

2244 2545 2688 2610 quemadmodum
2719 2547 2944 2601 sitDeus
2975 2562 3111 2602 nunc
3143 2563 3301 2612 unus,
3331 2561 3459 2600 nunc
3485 2545 3716 2613 tripertitus;

2245 2649 2387 2688 nunc
2416 2649 2478 2688 ex
2509 2636 2676 2690 tribus
2708 2640 2760 2690 in
2793 2653 2898 2692 uno
2927 2639 3215 2702 confusus,
3255 2623 3392 2692 nunc
3416 2654 3473 2692 ex
3499 2652 3584 2690 uno
3603 2635 3641 2688 in
3662 2633 3718 2684 tri-

2249 2726 2347 2779 bus
2374 2726 2686 2792 distinctus;
2722 2744 2863 2784 nunc
2892 2732 3285 2800 compositione
3313 2731 3521 2801 quadam
3546 2745 3595 2782 ex
3619 2725 3720 2794 parti-

2249 2819 2350 2872 bus
2380 2819 2777 2886 conformatus,
2826 2837 2966 2876 nunc
3014 2824 3350 2879 derivatione
3395 2824 3555 2876 nescio
3591 2829 3719 2887 quac!

2251 2924 2358 2962 uno
2384 2910 2569 2963 iterum
2601 2910 2652 2964 in
2703 2921 2880 2977 partes
2909 2912 3129 2966 divisu-.
3184 2914 3274 2967 Ait
3313 2915 3472 2974 enim,
3516 2911 3619 2964 Tres
3647 2913 3720 2958 sunt

2249 3011 2521 3056 exstantcs
2549 3003 2599 3057 in
2629 3018 2724 3056 sua
2765 3005 3059 3059 substantia
3111 3021 3381 3074 personae,
3429 3013 3478 3058 et
3503 2996 3720 3072 permisceri

2251 3109 2358 3148 non
2380 3095 2598 3162 debent,
2627 3111 2693 3150 ne
2717 3106 2910 3151 statum
2942 3100 3215 3168 proprium
3245 3101 3487 3169 perdant;
3517 3091 3720 3149 sewndttm

579 3180 806 3249 Spiritus
845 3195 1053 3238 sanctus
1092 3187 1412 3258 :Segregate
1458 3194 1584 3244 mihi
1612 3193 1834 3249 Paulum
1872 3208 1918 3250 et
1944 3197 2140 3252 Barna-

2252 3201 2448 3251 meam,
2501 3187 2775 3257 magisque
2819 3189 3056 3243 veritatis
3099 3193 3440 3252 sententiam,
3483 3183 3722 3240 ait:Siuttt

578 3269 689 3321 bam
720 3272 771 3324 in
801 3289 926 3340 opus
956 3277 1024 3327 ad
1045 3277 1180 3345 quod
1205 3283 1371 3333 vocavi
1389 3299 1474 3335 eos
1503 3283 1640 3352 (Act.
1672 3302 1783 3351 xm,
1808 3289 1885 3356 2).
1925 3289 2146 3344 Revela-

580 3367 747 3412 torem
793 3377 1001 3431 quoque
1029 3381 1152 3421 esse
1185 3370 1568 3439 mysteriorum
1599 3375 1852 3444 Spiritum
1880 3390 2147 3447 sanetum,

580 3448 765 3504 eadem
798 3453 1072 3523 Scriptura
1107 3467 1368 3514 testatur:
1397 3461 1706 3535 Exsurgens,
1742 3469 1928 3538 inquit,
1947 3472 2150 3543 Agatus

579 3539 879 3632 signi/ienuit
900 3560 988 3610 per
1010 3545 1258 3614 Spiritum
1289 3551 1474 3616 famem
1502 3569 1732 3624 magnant
1755 3558 1979 3626 futuram
1993 3539 2146 3632 ’(Act.

580 3641 653 3690 xi,
683 3629 794 3699 28).
828 3631 894 3685 Et
917 3635 1107 3688 iterum
1144 3657 1154 3689 :
1185 3638 1446 3709 Cogitante
1475 3655 1643 3699 autem
1677 3647 1829 3702 Petro
1855 3652 1917 3704 de
1939 3629 2147 3718 visione,

583 3718 709 3770 dixit
735 3720 960 3788 Spiritus
983 3737 1178 3780 :anctus
1202 3745 1220 3782 .'
1241 3729 1372 3784 Ecce
1399 3734 1492 3786 uiri
1522 3745 1620 3789 tres
1649 3750 1881 3804 quierunt
1923 3751 1989 3796 te.
2021 3743 2152 3795 Sur-

583 3828 666 3880 ge,
693 3814 957 3881 descende,
989 3828 1035 3871 et
1067 3822 1191 3875 vade
1217 3840 1330 3877 cum
1359 3825 1460 3878 illis
1483 3827 1612 3880 nihil
1641 3831 1899 3896 dubitans,
1924 3835 2041 3900 quia
2062 3851 2152 3903 ego

594 3904 752 3973 179
780 3905 892 3957 misi
921 3908 1034 3960 illos
1058 3911 1191 3978 (Act.
1220 3929 1274 3979 ιι,
1309 3915 1416 3985 t9).
1468 3915 1573 3972 Sed
1621 3933 1688 3974 ne
1716 3921 1877 3974 multa
1907 3923 1957 3975 in
1989 3938 2149 3977 unum

586 3996 922 4066 congerendo
949 4003 1275 4070 testimonia,
1303 4007 1353 4060 in
1387 4007 1602 4078 longum
1637 4013 2021 4078 prosecutionis
2057 4031 2153 4067 nu-

583 4096 711 4140 stra:
765 4088 1010 4144 tendatur
1055 4095 1261 4161 oratio,
1309 4098 1540 4154 breviter
1585 4102 1828 4156 universa
1874 4104 2146 4174 recolligo.

583 4176 718 4242 Quid
748 4193 876 4248 ergo
902 4181 991 4236 tibi
1025 4183 1254 4248 videtur,
1299 4190 1496 4254 optime
1538 4191 1722 4258 iudex.
1753 4192 1884 4245 Num
1915 4192 2151 4262 Spiritus

581 4276 797 4321 sanctus
828 4269 968 4324 Deus
997 4288 1099 4325 non
1130 4283 1233 4340 est,
1282 4279 1369 4344 qui
1407 4282 1736 4348 compositus
1766 4298 1868 4336 non
1915 4293 2016 4348 est,
2062 4285 2151 4353 qui

591 4358 777 4411 unicus
803 4373 865 4412 ac
888 4360 1167 4428 singularis
1189 4375 1288 4428 est,
1314 4369 1402 4434 qui
1424 4380 1632 4424 creator
1653 4388 1715 4425 ac
1739 4374 2028 4429 viviticator
2051 4384 2150 4438 est,

588 4447 677 4512 qui
707 4461 828 4500 cum
862 4447 1019 4504 Patre
1049 4461 1101 4504 et
1133 4453 1268 4506 Filio
1295 4470 1458 4507 unum
1505 4460 1742 4523 possidet
1787 4477 1978 4515 nomen
2004 4505 2016 4525 ,
2063 4464 2153 4530 qui

2254 3285 2337 3330 est
2364 3289 2613 3345 persona,
2643 3278 2742 3330 hoc
2774 3279 2944 3345 ipsum
2971 3279 3287 3348 simpliciter
3318 3280 3542 3341 fateatur,
3565 3271 3724 3327 etlibeu

2255 3367 2308 3419 in
2333 3366 2556 3421 Sabellii
2604 3377 2839 3422 transeat
2881 3369 3093 3438 dogma.
3143 3371 3276 3424 Nam
3316 3369 3439 3438 quid
3473 3379 3585 3435 opus
3613 3356 3722 3414 esui

2253 3456 2575 3510 illudendam
2605 3458 2907 3524 veritatem,
2949 3459 3176 3514 diversis
3211 3461 3397 3514 formis
3425 3468 3474 3512 et
3499 3450 3723 3520 imaginibus

2255 3547 2480 3610 variari;
2513 3556 2568 3602 et
2594 3547 2672 3601 sic
2701 3548 2993 3604 Sabellium
3028 3549 3230 3619 fugere,
3276 3561 3334 3604 ut
3365 3552 3412 3602 in
3441 3563 3516 3601 me
3540 3545 3723 3598 incurrat;

2251 3639 2331 3692 sic
2358 3653 2386 3691 a
2419 3654 2504 3693 me
2535 3639 2797 3707 refugere,
2831 3651 2883 3693 ut
2915 3656 3034 3694 eum
3068 3641 3332 3695 Sabellius
3361 3637 3549 3707 capiat?
3583 3631 3724 3696 Ουίειυί

2255 3744 2312 3782 se
2359 3729 2632 3798 impietate
2680 3730 2981 3784 Sabelliana
3025 3739 3204 3798 exuat,
3255 3746 3408 3799 quem
3455 3739 3590 3780 unum
3626 3717 3721 3772 dicit.

2257 3829 2364 3875 tres
2392 3836 2512 3876 esse
2535 3819 2783 3874 aiﬁrmat.
2817 3822 2921 3876 Sed
2954 3837 3020 3875 ne
3042 3837 3139 3890 ego
3169 3839 3292 3875 eum
3325 3823 3374 3875 in
3404 3820 3554 3874 tribus
3585 3819 3722 3866 terreant

2254 3928 2422 3978 reum,
2475 3913 2541 3968 de
2571 3914 2738 3968 tribus
2779 3915 2961 3967 nescio
2989 3928 3093 3982 quo
3122 3914 3350 3967 artificio
3395 3923 3543 3964 unum
3576 3899 3722 3995 conflati-

2255 4003 2372 4057 Jam
2398 4003 2442 4056 si
2487 4004 2714 4072 aliquam
2750 4003 3091 4057 verisimilem
3138 4003 3299 4058 habet
3342 4003 3452 4056 hinc
3491 3997 3596 4051 ﬁdes
3624 3998 3727 4044 ratto‘

2255 4109 2397 4157 nem,
2429 4094 2690 4161 aequitatis
2725 4105 2826 4147 tua:
2855 4102 2938 4147 est
2959 4094 3220 4161 judicare,
3251 4095 3445 4161 optime
3473 4087 3625 4141 Probe.

2327 4184 2483 4238 XLII.
2539 4183 2735 4237 Probus
2772 4184 2938 4254 judea:
2982 4184 3150 4236 dixit:
3183 4186 3352 4249 Quem
3398 4194 3543 4235 unum
3578 4167 3728 4261 dixeris.

2256 4273 2501 4326 eumdem
2541 4287 2723 4326 rursus
2764 4283 2870 4326 tres
2907 4273 3206 4341 appellare;
3255 4283 3310 4326 et
3354 4285 3480 4339 quos
3509 4277 3595 4320 tres
3617 4255 3729 4313 cred!-

2256 4363 2420 4425 tteris,
2448 4363 2663 4417 eosdem
2709 4364 2898 4415 iterum
2945 4378 3106 4416 unum
3131 4363 3286 4418 fateri
3326 4363 3512 4422 Deum;
3553 4357 3729 4422 quantum

2257 4452 2323 4506 ad
2357 4453 2571 4506 humani
2599 4469 2787 4507 sensus
2818 4456 3047 4520 pertinet
3074 4455 3357 4516 rati0uem,
3393 4451 3588 4505 multum
3613 4443 3731 4494 ἱηεοθο

587 4547 800 4601 peccata
824 4536 1006 4600 donat,
1040 4543 1127 4610 qui
1160 4544 1480 4612 sanctificat,
1513 4550 1600 4616 qui
1639 4551 1924 4616 gratiarum
1953 4555 2152 4610 eharis-
2179 4533 2231 4593 Ῑ)
2257 4558 2488 4612 sequens
2513 4557 2633 4597 esse
2660 4545 2889 4609 videtur,
2939 4545 3038 4598 nisi
3086 4545 3226 4598 forte
3256 4546 3354 4598 hoc
3391 4543 3550 4596 divina
3573 4538 3730 4616 auclott‘

587 4636 724 4682 mata
758 4645 853 4698 pro
881 4633 962 4686 sui
995 4635 1271 4692 voluntate
1293 4637 1584 4706 dispensat,
1609 4643 1694 4710 qui
1726 4647 1974 4713 mysteria
2006 4661 2154 4701 reve-

585 4715 679 4780 lat,
711 4719 799 4788 qui
843 4721 1011 4791 legem
1051 4725 1170 4790 dut,
1214 4727 1302 4794 qui
1351 4731 1666 4784 auctoritate
1695 4745 1787 4784 sua
1833 4734 1896 4786 ad
1929 4736 2152 4802 gratiam

585 4818 758 4874 vocat,
789 4813 876 4880 qui
906 4816 1160 4870 mundum
1187 4817 1413 4885 judicat,
1444 4820 1535 4886 qui
1565 4828 1852 4876 tentatorcs
1879 4838 2003 4879 suos
2033 4841 2153 4879 con‘

584 4897 822 4963 demnat,
874 4903 924 4954 in
956 4919 1062 4972 quo
1100 4907 1539 4963 irremissibiliter
1570 4911 1716 4980 impii
1754 4911 2154 4980 blaSphemant?

584 4989 638 5044 Si
671 4989 754 5044 hic
781 4993 899 5046 talis
931 4993 1072 5049 Deus
1097 5012 1200 5050 non
1231 5009 1333 5065 est,
1381 5000 1627 5056 ostendat
1654 5003 1779 5070 quid
1805 5005 2033 5074 amplius
2063 5005 2156 5058 ha-

586 5079 712 5132 bere
741 5082 904 5146 posit
933 5084 1021 5152 qui
1053 5085 1188 5139 Deus
1216 5096 1316 5142 est.

653 5169 789 5224 XLI.
821 5174 973 5226 Arius
1003 5175 1131 5228 dixit
1155 5192 1174 5230 :
1197 5179 1505 5248 Quanquam
1535 5183 1605 5236 sit
1632 5197 1807 5236 sermo
1829 5187 2001 5240 omnis
2029 5202 2158 5241 con-

581 5263 884 5318 tradictioni
917 5266 1205 5333 obnoxius,
1235 5279 1308 5332 et,
1343 5272 1488 5326 velut
1522 5273 1751 5342 quodam
1795 5278 2157 5343 responsionis

582 5354 798 5423 clypeo,
833 5357 1192 5424 objectionum
1225 5361 1324 5414 tela
1355 5363 1564 5430 repulsa
1605 5362 1944 5431 frustrentur,
1977 5375 2153 5421 tamen

581 5442 736 5497 istam
779 5461 934 5510 quam
970 5463 1109 5502 nunc
1151 5449 1478 5506 intendimus
1521 5452 1888 5520 quaestionem,
1936 5468 2156 5524 quanta-

581 5547 788 5601 t'uuquc
815 5537 1136 5592 Athanasius
1184 5539 1379 5608 ingenii
1431 5541 1728 5596 subtilitate
1775 5553 1999 5599 conetur
2041 5547 2155 5600 elu-

585 5623 739 5687 dere;
775 5643 1040 5697 nunqnam
1075 5633 1293 5698 valebit,
1346 5647 1448 5686 non
1477 5632 1598 5687 dico
1630 5643 1817 5702 totam,
1853 5635 1944 5689 sed
1979 5652 2044 5689 ne
2075 5637 2156 5689 ul-

588 5711 691 5765 lam
722 5717 931 5778 quidem
955 5722 1070 5789 ejus
1101 5739 1180 5791 pa:
1199 5722 1416 5778 ticulam
1443 5724 1844 5780 rationabilibus
1865 5724 2159 5778 dissolvere

2259 4642 2368 4687 tate
2401 4633 2621 4688 credere
2659 4634 2964 4702 jubeamur.
3009 4634 3160 4690 Unde
3206 4635 3273 4688 ad
3322 4633 3432 4687 htcc
3480 4640 3570 4681 tam
3600 4614 3732 4673 validit.

2258 4735 2470 4795 tamque
2523 4726 2736 4792 invicta,
2783 4741 2902 4795 qure
2933 4726 3089 4780 Arius
3127 4725 3332 4794 objicit,
3385 4713 3662 4778 Athanasius
3680 4718 3734 4758 τε·

2257 4816 2519 4885 spondere
2549 4830 2653 4868 non
2680 4813 2911 4870 differat.

2331 4905 2634 4958 Athanasius
2671 4904 2799 4956 dixit
2838 4920 2854 4956 :
2895 4905 3108 4958 Frustra
3144 4905 3287 4957 visus
3328 4917 3385 4957 es
3425 4898 3560 4953 nodis
3593 4893 3653 4959 (ut
3679 4881 3737 4980 lil'l

2261 4993 2489 5062 videtur)
2515 4993 2885 5048 insolubilibus
2910 4994 3189 5047 verborum
3223 5002 3402 5046 texere
3431 4989 3572 5047 retia;
3600 4991 3677 5033 n0"
3695 4985 3737 5062 in“

2205 5157 2210 5163 ~
2266 5061 2530 5156 telligens,
2563 5100 2734 5154 neque
2764 5086 3120 5153 prospiciens,
3151 5093 3202 5138 te
3227 5097 3436 5152 quoque
3463 5079 3535 5132 his
3560 5061 3734 5163 obiectio

2261 5193 2385 5231 num
2420 5177 2703 5232 tendiculis
2736 5191 2890 5244 posse
2918 5177 3133 5230 involvi.
3165 5175 3292 5228 Nam
3322 5174 3441 5242 quia
3468 5166 3580 5223 mihi
3606 5161 3656 5213 de
3677 5163 3733 5204 πθ

2262 5269 2359 5323 bus
2388 5269 2635 5331 intendis,
2667 5269 2800 5322 hanc
2824 5269 2917 5322 tibi
2947 5268 3012 5322 de
3033 5268 3240 5322 duobus
3261 5267 3433 5320 refero
3455 5253 3734 5328 quaestionem

2263 5361 2318 5415 Si
2353 5377 2511 5414 unum
2547 5360 2709 5414 Deum
2739 5360 2894 5424 colis,
2928 5370 2984 5413 et
3009 5375 3112 5412 non
3145 5367 3229 5412 est
3257 5357 3390 5410 alius
3426 5359 3594 5446 Ρτείθξ

2263 5451 2531 5520 quomodo
2564 5451 2697 5504 duos
2727 5451 2791 5503 ad
2823 5451 3022 5503 cultum
3051 5446 3405 5504 venerationis
3429 5432 3636 5497 inducis?

2266 5513 2463 5595 fitendo
2508 5542 2651 5594 enim
2699 5541 2905 5594 Patrem
2941 5541 3128 5606 Deum,
3174 5547 3228 5593 et
3275 5537 3459 5590 Filium
3500 5530 3636 5583 Deum
3677 5513 3737 5558 ³¹¹¹

2268 5632 2581 5699 bipartitum
2616 5633 2800 5696 Deum,
2830 5640 2920 5683 aut
2947 5631 3082 5684 duos
3103 5632 3342 5684 diversos
3359 5613 3640 5699 convinceri
3656 5616 3736 5699 ll”

2272 5693 2435 5787 fit-eri,
2466 5737 2526 5778 ac
2558 5739 2650 5791 per
2685 5693 2795 5777 11οεί
2815 5722 3040 5790 gemina:
3077 5720 3332 5776 divinitati
3366 5716 3564 5784 impium
3588 5693 3730 5758 altle
