3938 6376
210 433 311 490 225

982 429 1246 487 CONTRA
1287 425 1603 491 ARIANOS,
1643 419 2134 485 SABELLIANOS,
2180 417 2351 488 ETC.,
2393 416 2518 476 LIB.
2560 416 2627 474 11.

3335 425 3438 485 226

207 542 539 604 famulatum;
570 539 777 594 dicente
804 539 1063 593 Domino:
1093 540 1210 593 Non
1239 541 1391 609 181
1422 545 1627 605 potestis
1649 538 1769 589 duo-
1798 535 1848 593 A
1875 533 2123 600 loquitur.
2149 533 2362 588 dicens:
2400 532 2508 604 Ego
2531 549 2642 587 sum
2693 531 2828 586 De"!
2871 533 3144 601 Mra/mm.
3195 548 3245 590 ει
3301 540 3442 593 De"!

201 634 291 684 bus
314 632 528 684 dominis
556 631 738 684 servire
771 628 981 698 (Matth.
1013 646 1084 697 γι,
1134 630 1227 698 24)
1278 628 1382 683 Sed
1436 643 1501 682 ne
1532 643 1630 696 ego
1648 628 1769 697 qui-

206 723 320 776 dem
350 721 658 775 temeritatis
685 729 863 775 notam
890 721 1181 785 incurram,
1208 721 1253 774 si
1283 729 1335 774 te
1359 720 1425 774 de
1449 718 1629 773 divina
1656 734 1770 787 pro-

207 810 434 864 fessioae
463 810 570 878 pari
589 809 880 878 quaestione
903 810 1300 878 constringam;
1330 809 1483 878 cujus
1506 809 1769 878 praecipua

207 903 477 955 veneratio
506 901 779 955 silentium
813 902 978 971 magis
1009 917 1166 969 quam
1194 902 1410 955 callidas
1436 901 1597 970 exigit
1627 917 1772 971 quas-

205 991 427 1045 stiones.
461 990 586 1044 Illuc
613 991 742 1045 mihi
776 985 1076 1052 necessario
1118 992 1270 1046 video
1304 992 1680 1058 festinandum,
1716 1001 1774 1048 ut

206 1091 311 1135 tres
336 1097 499 1136 unum
528 1097 668 1148 esse,
696 1092 750 1136 et
777 1097 938 1135 unum
966 1091 1074 1136 tres
1101 1096 1241 1150 esse,
1284 1091 1338 1137 et
1364 1083 1408 1135 si
1437 1098 1541 1136 non
1571 1084 1773 1139 ratione

204 1187 304 1240 qua
333 1173 494 1226 homo
520 1187 661 1238 sum,
693 1181 866 1227 tamen
894 1173 1209 1227 auctoritate
1234 1175 1569 1242 perdoceam.
1600 1175 1772 1244 Ipsam

204 1265 384 1331 itaque
411 1263 724 1318 Trinitatem
753 1265 1027 1318 audiamus
1058 1265 1325 1319 dicentem
1351 1264 1661 1320 :Faciamus
1684 1267 1775 1320 lio-

201 1354 386 1405 minem
407 1353 474 1406 ad
500 1355 773 1423 imaginem
794 1364 838 1408 et
863 1355 1250 1408 similitudinem
1280 1365 1504 1409 nostram
1544 1357 1697 1425 (Gen.
1732 1372 1771 1418 ι.

204 1442 323 1511 26).
355 1443 452 1508 Qui
503 1443 799 1498 faciendum
832 1445 1126 1499 decernunt
1172 1453 1281 1499 tres
1325 1454 1468 1512 sunt,
1519 1445 1696 1511 Pater,
1724 1455 1779 1500 et

208 1532 397 1599 Filius,
429 1542 479 1587 et
505 1533 738 1601 Spiritus
765 1543 1006 1598 sanctus;
1035 1535 1127 1588 sed
1160 1534 1212 1588 hi
1250 1545 1354 1590 tres
1386 1551 1520 1589 unus
1543 1544 1641 1590 est.
1680 1536 1777 1591 De-

204 1624 370 1692 nique
400 1624 575 1678 intulit
600 1640 613 1677 :
640 1623 703 1675 Et
734 1625 851 1692 fecit
883 1623 1016 1678 Deus
1046 1626 1295 1678 hominem
1327 1626 1394 1677 ad
1435 1626 1703 1696 imaginem
1731 1634 1776 1679 et

204 1713 592 1767 similitudinem
613 1713 705 1768 Dei
723 1713 910 1784 (Ibid.,
926 1715 1037 1780 27).
1059 1715 1126 1770 Ut
1146 1715 1595 1785 ergoTrinitatem
1618 1731 1782 1784 agno-

202 1818 346 1868 scas,
380 1804 654 1872 pluraliter
694 1805 890 1858 dictum
939 1814 1041 1865 est,
1096 1803 1408 1868 Faciamus;
1449 1813 1503 1859 et
1540 1813 1598 1858 ut
1643 1807 1777 1860 hanc

1875 619 2046 685 Isaac,
2089 633 2134 677 et
2163 623 2302 677 Deus
2329 623 2486 677 Jacob
2517 625 2651 693 (Act.
2688 638 2778 687 vn,
2807 625 2919 691 52).
2952 625 3004 678 1η
3035 641 3100 680 eo
3129 629 3271 682 enim
3298 632 3438 698 quod

1876 713 1972 776 ait,
2008 711 2119 781 Ego
2141 728 2273 778 sum,
2298 730 2456 767 unum
2489 715 2651 768 Deum
2683 715 2952 769 ostendit:
2983 725 3036 770 et
3076 718 3125 770 id
3149 719 3288 788 quod
3327 731 3436 774 ter-

1876 801 1950 854 tio
1975 803 2186 869 repetit,
2222 800 2356 854 Deus
2405 803 2676 868 Abraham,
2723 815 2771 858 et
2829 804 2965 859 Deus
2998 805 3166 875 Isaac,
3201 817 3247 861 et
3306 810 3439 863 Deus

1873 888 2071 953 Jacab,
2126 890 2398 945 Trinitatis
2453 894 2689 960 apertius
2733 895 2967 950 declarat
3026 907 3438 954 sacramentum.

1875 978 2010 1032 Audi
2033 978 2202 1032 adhuc
2227 989 2280 1034 et
2301 979 2508 1036 intuere
2536 983 2832 1039 evidentius
2857 989 3031 1040 arcani
3057 987 3211 1057 hujus
3240 999 3436 1058 myste-
3501 991 3506 996 ’

1879 1066 2040 1121 rium.
2064 1068 2198 1122 Dicit
2221 1068 2404 1133 Isaias,
2439 1069 2558 1122 V.di
2587 1071 2858 1127 Dominum
2888 1078 3138 1130 sedentem
3160 1080 3210 1132 in
3237 1081 3443 1146 throno,

1877 1168 1930 1211 et
1974 1157 2128 1224 infra,
2178 1159 2242 1212 Et
2285 1161 2434 1227 dixit,
2479 1162 2638 1224 Quem
2671 1167 2886 1234 mittam,
2918 1170 3030 1236 quis
3060 1170 3146 1222 ibit
3172 1187 3235 1224 ex
3263 1174 3442 1227 nobis?

1879 1247 2016 1301 haud
2051 1249 2266 1302 dubium
2296 1252 2420 1316 quin
2449 1251 2514 1304 ad
2567 1256 2954 1318 praedicandum
3011 1261 3204 1328 populo
3234 1264 3446 1318 .lndmo-

1879 1351 1994 1390 rum
2029 1337 2135 1391 :Et
2179 1341 2307 1404 dixi,
2339 1357 2450 1393 ecce
2487 1357 2602 1410 ego,
2634 1345 2772 1397 mitte
2801 1363 2894 1399 me.
2932 1347 2996 1401 Et
3044 1351 3135 1417 ait,
3178 1351 3339 1419 I'ade,
3399 1364 3446 1408 et

1880 1427 2014 1480 dices
2044 1429 2231 1497 papula
2261 1430 2377 1482 huic
2408 1431 2557 1499 (Isai.
2585 1448 2654 1498 vt,
2690 1433 2737 1499 1,
2768 1436 2820 1500 8,
2853 1438 2928 1504 9).
2963 1441 3091 1493 Cum
3116 1457 3241 1512 ergo
3267 1445 3447 1514 singu-

1880 1518 2062 1573 lariter
2090 1518 2235 1582 dicit,
2273 1521 2430 1583 Quem
2462 1523 2677 1585 mittam,
2710 1539 2870 1579 unum
2904 1529 3098 1584 indicat
3131 1533 3292 1587 Deum
3325 1552 3336 1586 :
3387 1544 3447 1589 et

1883 1608 2006 1661 dum
2032 1608 2188 1663 infert
2216 1611 2507 1678 pluraliter,
2535 1612 2656 1677 Quis
2679 1614 2766 1666 ibit
2794 1631 2858 1668 ex
2883 1618 3042 1680 nobis,
3071 1631 3252 1688 aperte
3278 1623 3448 1678 Trini-

1883 1708 2045 1753 tatem
2100 1701 2352 1755 insinuat.
2410 1703 2628 1772 Percipe
2674 1706 2846 1759 adhuc
2896 1710 3350 1783 manifestiorem,
3401 1718 3448 1770 si

1883 1791 2075 1844 mentis
2109 1805 2264 1846 aures
2291 1801 2467 1861 gestas
2495 1803 2728 1864 apertas,
2776 1795 2933 1865 hujus
2969 1801 3088 1854 fidei
3142 1805 3443 1859 veritatem.

201 1894 519 1949 Trinitatem
565 1911 726 1949 unum
776 1895 938 1949 Deum
981 1910 1100 1951 esse
1151 1912 1254 1950 non
1306 1897 1534 1962 nescias,
1586 1897 1778 1966 adjecit
1809 1901 1854 1959 Β
1881 1879 2223 1935 Conditorem
2254 1883 2372 1936 caali
2397 1892 2450 1936 et
2483 1893 2656 1948 terrae,
2703 1885 2914 1940 Patrem
2947 1903 3065 1941 6:88
3093 1898 3145 1943 et
3176 1889 3366 1946 Filium
3396 1902 3450 1948 et

201 1986 564 2056 singulariter,
603 1988 668 2040 Et
694 1990 813 2059 fecit
845 1989 978 2042 Deus
1010 1991 1282 2042 hominem.
1317 1989 1380 2044 Et
1410 1991 1622 2054 iterum,
1657 1991 1776 2044 Non

201 2086 272 2131 est
294 2077 480 2132 bonum
502 2079 754 2134 hominem
785 2096 890 2134 esse
909 2082 1104 2145 solum;
1132 2081 1384 2150 faciamus
1402 2084 1446 2135 ei
1459 2084 1778 2153 adjutorium

204 2170 370 2223 simile
397 2170 491 2224 sibi
520 2172 673 2240 (Gen.
695 2189 752 2237 ll,
775 2173 883 2240 18).
916 2174 1051 2228 Ecce
1071 2185 1124 2228 et
1153 2173 1238 2228 hic
1266 2175 1539 2243 pluraliter
1563 2176 1776 2244 dicitur,

206 2261 478 2328 faciamus.
529 2263 584 2317 In
611 2265 1065 2333 consequentibus
1111 2275 1288 2319 autem
1318 2266 1660 2334 singulariter
1692 2266 1778 2320 in-

207 2350 400 2416 fertur,
451 2362 494 2406 et
523 2353 640 2421 fecit
670 2352 808 2407 Deus
833 2353 1087 2408 hominem
1111 2356 1178 2407 ad
1204 2357 1473 2425 imaginem
1498 2355 1593 2409 Dei
1617 2373 1635 2409 :
1668 2373 1779 2410 ma-

201 2443 405 2496 sculum
426 2454 471 2497 et
495 2446 733 2514 feminam
753 2447 934 2498 creavit
958 2463 1039 2500 eos
1057 2446 1208 2515 (Gen.
1223 2463 1276 2513 v,
1299 2449 1346 2510 1,
1362 2448 1416 2515 2)
1443 2449 1495 2502 In
1517 2449 1782 2502 consulta-

209 2534 357 2588 tione
384 2544 512 2599 tres,
545 2536 598 2590 in
629 2551 792 2605 opere
820 2552 954 2591 unus
983 2537 1242 2603 refertur;
1274 2547 1332 2592 ut
1360 2553 1464 2592 non
1495 2539 1777 2593 diversitas

191 2625 518 2692 ‘voluntatis,
551 2628 643 2681 sed
668 2630 840 2682 unitas
865 2637 1119 2698 appareat
1147 2630 1444 2699 potestatis.

284 2718 465 2774 XLIlI.
499 2720 563 2774 Et
583 2720 808 2775 iterum:
839 2721 990 2775 Visus
1016 2731 1090 2775 est
1115 2721 1253 2775 Deus
1281 2721 1516 2788 Abrahte,
1539 2722 1607 2775 ad
1634 2738 1783 2792 quer-

206 2824 323 2860 cum
372 2809 602 2863 Mambre
630 2813 850 2879 aspexit;
881 2821 927 2864 et
974 2828 1086 2865 ecce
1127 2821 1230 2866 tres
1259 2813 1352 2865 viri
1401 2821 1644 2867 steterunt
1671 2823 1785 2867 ante

207 2897 397 2963 ipsum,
429 2908 476 2951 et
505 2900 774 2964 procidens
810 2901 1064 2967 adoravit,
1108 2903 1281 2955 dicens
1312 2917 1330 2956 .'
1363 2901 1424 2956 Si
1454 2903 1620 2956 inveni
1657 2920 1781 2974 gra-

210 2986 335 3038 tiam
357 2988 407 3040 in
433 2998 699 3056 conspectu
728 2998 834 3053 tuo,
869 3006 930 3044 ne
951 2992 1213 3045 transieris
1243 3007 1441 3046 servum
1460 3003 1601 3045 tuum
1627 2992 1780 3064 (Gen.

207 3091 292 3129 xv:
315 3092 358 3141 ι,
393 3077 442 3142 1,
473 3079 525 3141 2,
553 3079 630 3147 5).
668 3079 803 3133 Ecce
825 3089 880 3133 et
903 3096 1031 3134 unus
1053 3079 1228 3136 dictus
1258 3089 1340 3135 est
1370 3082 1701 3150 apparuisse,
1731 3091 1784 3136 et

209 3174 390 3219 tamen
421 3175 528 3220 tres
554 3178 748 3232 erant;
792 3178 846 3223 et
897 3170 1022 3224 licet
1052 3179 1161 3225 tres
1193 3179 1392 3236 essent,
1428 3180 1603 3226 tamen
1646 3186 1783 3226 unus

1881 1967 2134 2036 Spiritum
2157 1981 2424 2036 sanctum,
2449 1987 2513 2026 ex
2547 1973 2609 2027 iis
2635 1989 2754 2042 qua:
2783 1976 2892 2043 jam
2945 1980 3189 2046 superius
3228 1983 3451 2049 protuli-

1883 2074 2021 2125 mus,
2052 2060 2358 2117 evidentius
2411 2064 2744 2130 declaratur;
2771 2081 2888 2120 cum
2935 2069 3208 2138 pluraliter
3252 2071 3450 2128 dictum

1882 2151 2047 2207 fuisse
2068 2153 2362 2219 docuimus,
2394 2153 2668 2210 Faciamus
2700 2158 2948 2212 hominem
2975 2159 3122 2228 (Gen.
3158 2177 3195 2225 ι,
3222 2163 3335 2232 26),
3360 2165 3451 2220 ubi

1883 2250 1992 2296 tota
2034 2244 2144 2312 ipsa
2199 2244 2429 2300 Trinitas
2465 2248 2770 2318 intelligitur
2812 2249 3078 2306 hominem
3128 2254 3448 2321 fabricasse;

1881 2336 2020 2388 sicut
2049 2336 2159 2392 haec
2180 2337 2364 2392 eadem
2397 2353 2582 2393 rursus
2609 2340 2661 2393 in
2691 2341 3001 2408 baptismate
3022 2345 3257 2400 creditur
3280 2347 3453 2402 homi-

1885 2439 2010 2478 nem
2057 2425 2371 2480 reformare.
2403 2428 2494 2482 Vel
2524 2429 2683 2483 etiam
2716 2430 2848 2484 illud
2876 2433 3015 2500 quod
3057 2435 3310 2503 propheta
3359 2440 3451 2502 ait,

1897 2515 2058 2568 Verbo
2087 2515 2295 2568 Domini
2337 2519 2446 2569 cceli
2494 2519 2682 2580 ﬁrmati
2710 2529 2846 2584 sunt,
2874 2532 2920 2575 et
2975 2524 3169 2591 Spiritu
3195 2527 3295 2578 oris
3344 2531 3453 2598 ejus

1886 2607 2050 2658 omnis
2070 2607 2227 2659 virtus
2254 2623 2427 2661 eorum
2477 2607 2646 2678 (Psal.
2700 2626 2867 2679 χχιιι,
2893 2611 2968 2681 6).
3005 2614 3068 2667 Et
3097 2613 3347 2671 Salomon
3387 2635 3454 2674 ex

1886 2709 2108 2762 persona
2157 2696 2440 2765 Sapientia:
2476 2700 2819 2766 pronuntiat,
2860 2702 3013 2772 183
3044 2703 3263 2766 dicens;
3324 2707 3452 2760 Cum

1885 2795 2087 2852 pararet
2107 2785 2260 2839 caelos
2284 2787 2490 2840 aderam
2533 2788 2610 2841 illi
2637 2804 2656 2841 :
2677 2805 2791 2842 cum
2841 2790 2995 2858 fortia
3028 2794 3242 2862 faciebat
3270 2798 3458 2864 funda-

1884 2883 2052 2926 menta
2093 2883 2258 2939 ιιι-ναξ,
2313 2892 2403 2947 ego
2449 2893 2589 2930 eram
2635 2895 2749 2932 cum
2802 2880 2892 2935 illa
2940 2898 3243 2952 componens
3287 2890 3457 2941 omnia

1886 2962 2066 3032 (Prov.
2097 2979 2209 3031 vm,
2239 2964 2331 3028 27,
2362 2965 2451 3030 29,
2501 2966 2614 3037 ΞΟ).
2647 2965 2868 3025 Constat
2907 2969 3087 3041 igitur,
3114 2982 3172 3029 ut
3192 2975 3325 3042 dixi,
3358 2977 3456 3032 Pa-

1885 3065 2022 3110 trem
2051 3065 2104 3111 et
2126 3056 2314 3111 Filium
2345 3067 2394 3112 et
2437 3059 2693 3128 Spiritum
2739 3071 3008 3130 sanctum,
3059 3064 3109 3119 id
3140 3075 3241 3133 est,
3294 3077 3456 3124 totam

1884 3146 2222 3213 Trinitatem,
2237 3149 2414 3202 mundi
2429 3150 2741 3206 creatricem
2761 3166 2898 3207 esse.
2917 3153 3205 3210 Audiamus
3220 3171 3345 3228 ergo
3363 3175 3457 3226 per

206 3266 347 3310 erat.
369 3255 498 3310 Cum
521 3259 661 3312 enim
705 3259 854 3324 dicit,
881 3260 941 3315 Si
971 3262 1136 3314 inveni
1158 3264 1377 3332 gratiam
1406 3263 1460 3315 in
1507 3273 1780 3330 conspectu
1812 3253 1856 3316 C
1888 3236 2446 3332 lsa_ia"{,Pr"I’_hem‘""
2470 3241 2613 3310 (1³οδ
2645 3253 2752 3296 "es
2775 3257 2910 3298 unus
2951 3245 3020 3299 ⁵η
3063 3246 3224 3302 θθυδ·
3257 3247 3458 3302 Dicm"

209 3355 322 3411 tuo,
357 3363 418 3400 ne
448 3349 709 3401 transieris
735 3366 929 3402 servum
964 3363 1126 3418 tuum,
1175 3351 1408 3406 ostendit
1435 3369 1595 3407 unum
1642 3369 1780 3409 esse.

209 3436 444 3491 Rursum
467 3453 587 3491 cum
609 3438 805 3492 dicitur
825 3456 837 3492 :
869 3440 1125 3507 A/j‘eratur
1144 3457 1296 3509 aqua,
1323 3454 1365 3495 et
1391 3442 1617 3496 laventur
1641 3447 1789 3512 pedes

202 3527 382 3590 vestri,
407 3526 640 3580 ostendit
673 3539 780 3581 tres
808 3542 947 3583 esse.
990 3530 1183 3585 lterum
1206 3545 1325 3584 cum
1357 3530 1504 3599 dicit,
1541 3534 1788 3601 Apposuit

199 3615 286 3666 eis
332 3631 555 3667 mensam
591 3624 637 3668 et
684 3618 1136 3684 manducaverunt,
1166 3620 1272 3688 ipse
1307 3635 1418 3674 vero
1466 3621 1627 3674 stabat
1677 3632 1791 3675 ante

204 3705 353 3773 ipsos
403 3707 492 3759 sub
520 3707 698 3762 arbore
727 3708 877 3777 (Gen.
924 3725 1076 3774 xvm,
1107 3711 1188 3780 4),
1221 3711 1456 3766 ostendit
1495 3720 1603 3768 tres
1646 3727 1786 3768 esse.

215 3794 425 3851 Etcum
456 3799 745 3868 subjungit,
773 3798 912 3852 Dixit
940 3810 1108 3854 autem
1134 3801 1202 3854 ad
1243 3817 1376 3868 eum,
1410 3800 1508 3856 Ubi
1550 3811 1623 3857 est
1653 3804 1788 3858 Sara

211 3901 346 3938 uxor
377 3895 462 3939 tua
493 3887 679 3956 (Ibid.,
713 3889 795 3958 8)?
829 3890 1061 3944 ostendit
1090 3905 1252 3944 unum
1297 3905 1440 3945 esse.
1491 3891 1621 3946 Item
1665 3907 1786 3947 cum

210 3975 363 4040 dicit,
392 3977 663 4046 Surgentes
683 3979 802 4031 inde
827 3980 920 4032 viri
941 3981 1080 4033 ibant
1106 3980 1174 4032 ad
1208 3982 1389 4048 faciem
1421 3981 1787 4047 Sodomorum,

198 4065 473 4118 Abraham
502 4077 667 4119 autem
693 4069 1025 4121 comitabatur
1051 4085 1166 4121 cum
1189 4070 1258 4123 eis
1283 4069 1468 4139 (Ibid.,
1498 4070 1578 4138 9),
1611 4081 1790 4126 osten-

198 4154 291 4206 dit
315 4163 424 4209 tres
469 4171 608 4210 83:8.
636 4156 700 4209 Et
740 4172 859 4210 cum
907 4159 1121 4226 repetit,
1157 4157 1293 4212 Dixit
1323 4169 1492 4213 autem
1518 4159 1789 4226 Dominus,

217 4240 366 4292 Num
389 4243 558 4295 celabo
585 4260 675 4311 ego
697 4260 851 4311 puero
877 4263 985 4298 meo
999 4246 1214 4298 Abruhaz
1234 4263 1345 4315 quae
1368 4248 1608 4302 Sodomis
1630 4251 1793 4318 factu-

211 4345 304 4382 rus
331 4346 445 4383 sum
474 4330 662 4401 (Ibid.,
698 4332 830 4402 16)?
865 4336 1024 4404 182
1051 4335 1284 4389 ostendit
1313 4351 1472 4390 unum
1503 4351 1641 4393 esse.
1688 4337 1792 4392 Sed

210 4431 268 4475 et
300 4436 453 4476 sacra
497 4424 586 4477 illa
623 4439 975 4493 supernarum
1017 4425 1274 4480 virtutum
1316 4428 1573 4491 carmina,
1629 4443 1791 4482 unum

213 4518 328 4564 tres
360 4525 478 4565 esse
505 4521 556 4566 et
586 4521 694 4567 tres
726 4528 886 4566 unum
927 4527 1048 4569 esse
1076 4513 1464 4570 demonstrant.
1497 4517 1603 4571 Isto
1647 4519 1790 4572 enim

212 4611 471 4656 resonant
501 4605 746 4659 modulo:
772 4605 1010 4670 Sanctus,
1040 4615 1269 4673 sanctus,
1293 4619 1495 4662 sanctus
1537 4608 1787 4663 Dominus
1818 4616 1866 4675 ι)

215 4691 358 4747 Deus
381 4694 604 4748 Sabaoth
630 4694 787 4766 (Isai.
812 4713 885 4763 vt,
909 4697 964 4767 5)
991 4715 1003 4750 :
1037 4697 1161 4751 dum
1203 4699 1361 4754 tertio
1412 4709 1656 4768 repetunt
1675 4717 1796 4755 san—

211 4789 350 4844 ctus,
383 4783 697 4838 Trinitatem
722 4784 996 4841 insinuant
1024 4803 1038 4850 ;
1063 4786 1189 4841 dum
1221 4788 1386 4843 semel
1412 4790 1595 4843 dicunt
1617 4790 1796 4845 Domi-

216 4885 346 4935 nus,
402 4872 539 4927 hanc
594 4874 836 4928 eamdem
889 4875 1201 4932 Trinitatem
1251 4893 1412 4931 unum
1453 4892 1572 4933 esse
1627 4881 1792 4935 Deum

215 4965 525 5034 designant.
580 4966 712 5020 Huic
754 4969 912 5022 etiam
955 4971 1209 5038 mysterio
1251 4970 1376 5024 illud
1431 4973 1794 5039 evangelicum

213 5056 464 5125 congruit
519 5065 957 5122 sacramentum,
1021 5056 1162 5127 quod
1223 5057 1482 5111 Dominus
1547 5060 1799 5129 prmcepit

222 5146 558 5218 baptizandus
587 5159 756 5217 gentes
784 5149 838 5201 in
887 5150 1088 5202 nomine
1112 5147 1282 5202 Patris
1323 5156 1369 5202 et
1399 5138 1522 5202 Filii
1553 5161 1599 5202 et
1630 5151 1800 5219 Spiri-

216 5247 294 5290 tus
323 5240 488 5293 sancti
511 5237 724 5308 (Matth.
749 5255 934 5304 xxvnt,
963 5239 1072 5308 I9).
1104 5239 1264 5302 Ecce,
1294 5238 1455 5293 habes
1481 5248 1593 5293 tres
1616 5240 1666 5293 in
1691 5257 1798 5295 uno

223 5327 446 5382 deitatis
476 5329 693 5385 nomine
724 5327 1097 5386 subsistentes.
1150 5329 1354 5384 Nomen
1381 5330 1522 5384 enim
1548 5330 1720 5386 Patris
1746 5341 1801 5388 et

220 5416 338 5473 Filii
374 5427 431 5474 et
459 5419 693 5490 Spiritus
727 5403 896 5476 sancti
946 5421 1085 5476 Deus
1104 5429 1204 5475 est.
1241 5420 1315 5474 De
1362 5434 1467 5488 quo
1499 5422 1713 5476 nomine
1743 5423 1796 5476 in

217 5506 580 5564 Numerorum
611 5509 748 5564 libro
777 5510 1031 5565 Dominus
1070 5509 1134 5563 ad
1182 5508 1414 5579 Moysem
1468 5510 1699 5579 loquitur
1718 5511 1799 5565 di-

219 5611 349 5652 cens
380 5614 395 5651 :
435 5598 560 5652 Vivo
588 5616 680 5668 ego
705 5610 751 5654 et
772 5602 891 5654 vivit
920 5616 1102 5665 rrqmen
1141 5615 1304 5653 meum
1333 5600 1521 5671 (Num.
1551 5618 1655 5667 XIV,
1681 5602 1796 5670 2|).

295 5690 480 5744 XLIV.
508 5691 640 5744 Nam
684 5701 737 5746 et
775 5691 901 5746 illud
948 5707 1052 5746 non
1106 5691 1195 5745 tibi
1255 5690 1495 5746 videatur
1544 5693 1772 5747 otiosum

222 5781 366 5849 quod
416 5781 556 5836 idem
602 5780 767 5836 Filius
814 5783 915 5837 sub
966 5782 1163 5852 ingenti
1221 5782 1475 5853 mysterio
1518 5775 1805 5858 Trinitatis

1891 3329 2036 3381 enim
2067 3327 2141 3382 ibi
2171 3345 2184 3380 :
2213 3327 2324 3398 Ego
2348 3327 2482 3384 Deus
2509 3333 2719 3398 ﬁrmans
2747 3333 2896 3386 ccelos
2917 3336 3073 3400 solus,
3111 3344 3157 3389 et
3203 3339 3459 3391 stabiliens

1891 3425 2102 3483 terram;
2128 3427 2173 3471 et
2203 3421 2373 3473 nullus
2397 3437 2589 3474 mecum
2620 3420 2787 3491 (Isai.
2818 3440 2963 3490 sLtv,
2991 3425 3106 3494 24).
3147 3427 3331 3481 Utrum
3361 3429 3459 3483 Pa-

1893 3507 1987 3560 tris
2018 3522 2085 3561 an
2115 3508 2231 3562 Filii
2257 3509 2490 3564 volueris
2513 3525 2631 3565 esse
2661 3513 2798 3565 hanc
2829 3515 3054 3568 vocent?
3077 3516 3134 3570 Si
3166 3532 3268 3570 non
3292 3527 3458 3573 totam

1891 3595 2205 3651 Trinitatem
2248 3613 2406 3652 unum
2456 3599 2622 3654 Deum
2654 3599 2972 3667 credideris,
3031 3605 3145 3661 haec
3195 3612 3457 3662 sententia

1891 3701 1997 3740 non
2027 3687 2207 3741 stabit.
2234 3687 2322 3742 Ait
2342 3690 2484 3743 enim
2506 3690 2764 3744 stabiliens
2795 3701 3003 3759 terram,
3035 3703 3082 3747 et
3131 3697 3303 3749 nullus
3348 3712 3454 3751 noe-

1891 3791 2025 3829 eum.
2060 3777 2125 3830 Et
2155 3778 2334 3847 utique
2357 3778 2525 3834 Filius
2555 3794 2674 3836 cum
2704 3781 2858 3838 Patre
2880 3795 2993 3839 erat
3015 3787 3102 3854 qui
3135 3786 3301 3841 dicit:
3335 3787 3463 3842 Cum

1893 3881 2094 3940 pararet
2151 3875 2300 3927 calas
2339 3876 2570 3944 aderam,
2619 3877 2667 3931 el
2694 3894 2806 3932 cum
2837 3881 2988 3949 fortia
3013 3883 3226 3950 faciebat
3277 3887 3456 3955 funda-

1893 3972 2058 4016 menta
2086 3974 2253 4031 teme,
2285 3981 2375 4034 ego
2394 3982 2532 4020 erum
2555 3984 2704 4036 penes
2724 3970 2872 4023 illum
2897 3970 3078 4040 (Prov.
3110 3991 3226 4043 vttt,
3259 3977 3348 4042 27,
3371 3979 3462 4043 29,

1895 4053 2010 4121 50).
2041 4052 2172 4107 Cum
2203 4057 2362 4124 igitur
2413 4060 2635 4125 clareat,
2669 4060 2722 4112 in
2772 4063 3077 4117 conditione
3105 4067 3246 4120 orbis
3275 4069 3465 4122 solita-

1896 4141 2032 4194 rium
2058 4157 2160 4196 non
2189 4144 2358 4198 fuisse
2387 4145 2596 4200 Patrem
2626 4147 2845 4217 (quippe
2876 4152 2961 4204 cui
3009 4152 3193 4206 aderat
3237 4155 3467 4221 Spiritus

1895 4238 2134 4295 sanctus,
2168 4242 2219 4285 et
2246 4232 2430 4298 Filius,
2466 4245 2519 4287 ut
2548 4243 2670 4302 pote
2710 4238 2864 4292 unius
2903 4238 3198 4295 divinitatis
3227 4244 3468 4300 virtutis-

1896 4334 1999 4389 que
2027 4323 2352 4390 cousortes),
2386 4324 2511 4392 quid
2543 4336 2625 4380 est
2668 4327 2808 4395 quod
2838 4342 2897 4384 se
2945 4331 3118 4386 solum
3173 4349 3271 4388 nec
3303 4337 3466 4392 ullum

1887 4411 2057 4484 ’alium
2108 4426 2284 4466 secum
2331 4414 2494 4470 fuisse
2541 4425 2782 4486 testatur,
2814 4421 2917 4475 nisi
2967 4434 3024 4476 ut
3082 4425 3347 4495 intelligas
3403 4442 3461 4483 se

1903 4499 2097 4569 ipsum,
2123 4512 2174 4556 et
2197 4501 2408 4568 Filium,
2434 4514 2487 4560 et
2517 4505 2770 4576 Spiritum
2795 4521 3236 4578 sanctum,unum
3263 4518 3468 4573 dixisse

1896 4590 2084 4652 Deum;
2116 4606 2370 4662 cumquo
2399 4596 2534 4650 alius
2585 4609 2901 4666 estraneus,
2949 4612 3060 4656 eta
3113 4614 3296 4658 natura
3352 4607 3468 4675 ejus

1896 4683 2104 4739 alienus
2133 4701 2234 4740 non
2268 4687 2369 4741 fuit
2394 4689 2564 4744 D‘eus?
2601 4690 2665 4743 Et
2695 4703 2837 4746 recte
2863 4693 3073 4764 Moyses
3087 4694 3152 4750 de
3176 4696 3296 4752 filiis
3314 4698 3470 4754 Israel

1896 4776 2110 4832 locutus
2155 4789 2258 4845 est,
2289 4779 2514 4834 dicens:
2550 4781 2706 4835 Solus
2754 4784 2963 4837 ducebat
3007 4802 3110 4851 eos,
3144 4798 3189 4840 et
3237 4804 3338 4841 non
3365 4799 3471 4842 erat

1894 4883 2007 4920 cum
2031 4885 2088 4920 eo
2111 4867 2245 4922 Deus
2274 4871 2471 4924 alienus
2499 4871 2673 4942 (Deut.
2706 4889 2874 4940 χχιιι,
2904 4876 2989 4944 12)
3014 4892 3026 4940 ;
3059 4891 3177 4930 cum
3211 4879 3390 4948 utique
3419 4891 3472 4934 et

1907 4959 2098 5014 Filium
2126 4971 2179 5014 et
2197 4961 2452 5029 Spiritum
2484 4975 2725 5021 sanctum
2773 4982 2892 5020 cum
2921 4968 3115 5036 popqu
3139 4969 3320 5032 fuisse,
3372 4987 3471 5026 nec

1906 5049 2005 5102 iste
2059 5052 2224 5117 possit
2253 5052 2409 5106 Arius
2439 5054 2720 5122 denegare.
2764 5054 2868 5109 Sed
2925 5056 3091 5111 Filius
3141 5067 3194 5111 et
3243 5060 3470 5128 Spiritus

1905 5148 2122 5191 sanctus
2151 5153 2368 5194 nonest
2403 5141 2621 5198 alienus
2647 5183 2660 5207 ,
2703 5146 2794 5214 qui
2841 5160 2961 5200 cum
3009 5148 3166 5202 Patre
3207 5164 3340 5203 unus
3385 5158 3469 5204 est

1907 5229 2068 5285 Deus.

1976 5322 2132 5378 XLV.
2170 5323 2459 5380 Audiamus
2487 5332 2664 5381 autem
2713 5335 2769 5381 et
2815 5326 3181 5382 beatissimum
3223 5326 3470 5392 Paulum,

1905 5414 1970 5470 de
1996 5415 2097 5470 hoc
2128 5417 2316 5471 eodem
2345 5419 2602 5487 mysterio
2629 5421 2861 5484 apertius
2883 5421 3260 5484 disserentem,
3289 5430 3341 5472 et
3367 5429 3474 5473 tres

1905 5521 2064 5559 unum
2097 5507 2259 5561 Deum
2292 5508 2699 5562 confirmantem
2734 5527 2748 5573 ;
2780 5511 2917 5564 sicut
2949 5512 2997 5562 in
3032 5510 3168 5562 libro
3197 5525 3351 5577 quem
3381 5512 3475 5563 ad-

1904 5612 2089 5651 versus
2119 5599 2472 5668 Maribadum,
2499 5602 2739 5656 nefmda:
2785 5603 3053 5654 haereseos
3077 5614 3270 5655 vesxrze
3296 5602 3474 5655 diaco-

1906 5704 2031 5744 num
2086 5692 2370 5759 edidimus,
2403 5693 2712 5760 plenissime
2745 5702 2952 5745 constat
3005 5707 3360 5761 esprcssum;
3407 5696 3474 5748 de

1907 5797 2010 5851 quo
2033 5783 2246 5837 nuncin
2280 5782 2379 5837 hoc
2430 5784 2544 5836 loco
2604 5792 2865 5848 perpauca
2923 5781 3302 5838 interserimus.
3342 5785 3474 5839 Dum
