3938 6376
528 392 628 447 2:27

1828 382 2050 439 VlGll."
2090 382 2461 443 TAPSENSIS

3626 387 3706 443 223

529 517 659 572 ergo
686 502 776 556 ille
815 500 1095 569 objiceret,
1129 497 1273 568 quod
1324 496 1449 550 unio
1493 493 1738 551 excludat
1780 496 2097 563 mqualitatis
2125 504 2173 561 Α
2200 500 2325 553 dum
2380 497 2519 551 hunc
2566 496 2732 550 Deum
2785 494 3100 552 Trinitatem
3154 508 3272 551 esse
3321 495 3537 567 ingenue
3579 505 3706 570 proli.

532 591 868 657 Trinitatem,
902 589 1181 658 mqualitas
1231 586 1455 655 repellat
1504 585 1777 650 unionem,
1804 584 1943 640 inter
1992 586 2098 640 alia

530 682 700 738 multa
734 680 835 734 hoc
875 692 975 747 ego
1027 676 1206 733 retuli.
1238 676 1407 740 Audi,
1465 675 1702 744 inquam,
1759 675 2095 743 Apostolum,

532 771 671 827 hanc
698 769 972 823 Trinitatis
994 767 1241 821 unionem
1264 766 1517 820 calcatins
1531 766 1931 834 praedicantem.
1968 764 2103 819 Dicit

534 860 592 914 in
621 859 851 929 Epistola
869 858 932 912 ad
958 855 1263 911 Corinthios
1289 855 1458 925 prima
1487 872 1499 907 :
1532 855 1816 910 Divisiones
1866 856 2100 909 donatio.

534 963 660 1002 num
688 958 826 1012 sunt,
849 948 981 1001 idem
1002 956 1168 1001 autem
1199 945 1445 1017 Spiritus.
1480 945 1545 998 Et
1567 945 1841 999 divisiones
1874 946 2104 998 ministe-

533 1042 731 1093 riorum
757 1049 892 1103 sunt,
921 1038 1052 1092 idem
1086 1046 1254 1092 autem
1282 1035 1560 1091 Dominus:
1586 1046 1633 1089 et
1678 1036 1952 1089 divisiones
1981 1052 2101 1105 ope-

534 1131 792 1185 rationum
817 1137 957 1194 sunt,
981 1128 1114 1183 idem
1139 1136 1306 1182 autem
1330 1128 1485 1192 Deus,
1514 1127 1600 1196 qui
1650 1136 1895 1193 aperatur
1937 1126 2104 1179 omnia

534 1220 587 1273 in
602 1218 833 1272 omnibus
855 1216 902 1287 (l
929 1216 1051 1272 Cor.
1084 1233 1178 1281 stt,
1207 1219 1262 1282 4,
1293 1218 1346 1281 5,
1379 1216 1455 1284 6).
1516 1213 1673 1285 184
1699 1216 1832 1281 Quia
1873 1213 2105 1269 Trinitas

534 1321 635 1373 est,
672 1321 778 1364 tres
799 1310 1116 1363 nominavit.
1149 1309 1211 1362 Et
1242 1309 1363 1377 quia
1392 1308 1504 1375 ipsa
1538 1306 1773 1361 Trinitas
1801 1320 1936 1360 unus
1969 1306 2107 1361 Deus

534 1409 639 1467 est,
665 1413 787 1453 cum
836 1407 947 1453 tres
993 1408 1435 1453 connutnerasset
1481 1410 1757 1465 personas,
1808 1410 1914 1449 non
1971 1394 2106 1449 dixit

534 1488 812 1557 pluraliter
840 1489 924 1557 qui
953 1496 1247 1557 operantur,
1279 1485 1372 1542 sed
1427 1486 1769 1556 singulariter
1796 1487 1883 1555 qui
1922 1502 2102 1553 optru-

536 1586 639 1632 tur.
667 1578 733 1632 Et
784 1594 853 1634 ne
891 1593 1077 1648 pravo,
1123 1579 1356 1647 inquam,
1390 1577 1756 1647 intelligentiae
1807 1592 1989 1643 sensu,
2041 1576 2108 1632 de

536 1668 693 1724 Patre
714 1684 838 1725 eum
861 1669 976 1724 solo
1004 1669 1205 1723 dixisse
1218 1669 1512 1733 arbitreris,
1535 1669 1620 1735 qui
1650 1678 1885 1738 aperatur
1904 1668 2107 1729 omnia;

432 1812 437 1821 ς
534 1767 592 1812 et
613 1772 718 1811 non
753 1758 917 1811 etiam
948 1756 1104 1811 simul
1129 1756 1195 1809 de
1241 1756 1397 1820 Filio,
1425 1766 1478 1810 et
1528 1756 1729 1825 Spiritu
1754 1766 1959 1824 sancto,
1988 1757 2109 1810 dili-

2201 600 2396 645 temur.

2274 677 2475 733 XLVII.
2510 676 2705 731 Probus
2725 676 2888 747 judea:
2907 678 3035 731 dixit
3062 694 3081 733 :
3107 676 3302 734 Contra
3326 679 3436 733 iure
3459 695 3566 749 qua:
3586 683 3711 736 Atha-

2204 768 2389 822 nasius
2417 776 2729 836 prosecutus
2757 777 2869 832 est,
2913 768 2957 821 si
2999 768 3124 837 quid
3160 769 3253 823 tibi
3283 784 3316 824 ο
3350 770 3548 827 diverso
3584 775 3711 842 repli-

2204 857 2427 912 candnm
2451 856 2736 924 remansit,
2770 857 2821 909 in
2862 856 3092 911 medium
3124 857 3362 927 proferre
3388 868 3576 915 curato.

2275 946 2431 999 Arius
2476 946 2604 1000 dia-it
2662 960 2682 1000 :
2743 945 2880 1000 Sunt
2920 946 3137 1016 quidem
3180 949 3589 1017 quamplurima,
3626 965 3712 1020 qum

2207 1035 2396 1089 Filium
2427 1045 2480 1090 et
2517 1035 2735 1090 alterius
2765 1044 2997 1101 natura},
3027 1046 3080 1091 et
3112 1037 3379 1092 inferioris
3402 1038 3653 1095 docesnte
3674 1055 3716 1094 se

2208 1128 2399 1181 Filium
2434 1126 2708 1195 potentiae.
2734 1126 2840 1181 Sed
2865 1128 3116 1198 quoniam
3142 1128 3269 1183 alibi
3307 1142 3338 1182 a
3367 1130 3548 1183 nostris
3572 1141 3713 1183 contra

2207 1217 2427 1272 istorum
2467 1232 2680 1272 errores
2698 1218 2925 1287 splenius
2953 1218 3161 1287 objecta
3188 1227 3340 1283 sunt,
3373 1219 3493 1288 quid
3523 1235 3635 1287 opus
3656 1230 3715 1275 est

2209 1309 2322 1363 haec
2351 1308 2538 1365 eadem
2572 1326 2755 1365 rursus
2795 1320 3069 1380 repetere,
3101 1319 3157 1365 et
3196 1310 3498 1365 laciniosam
3532 1312 3714 1365 sltem-

2219 1400 2381 1454 tionis
2409 1401 2650 1470 pracbere
2674 1402 2985 1457 materiam?
3012 1402 3066 1457 Si
3094 1402 3267 1471 placet
3290 1400 3465 1470 igitur,
3491 1401 3552 1456 de
3571 1402 3715 1456 habitis

2221 1490 2363 1545 inter
2388 1506 2485 1546 nos
2513 1492 2956 1562 disputationibus
2982 1493 3120 1548 ferto
3155 1492 3493 1548 sententiam.

2293 1580 2493 1635 Probus
2509 1583 2671 1652 judea:
2697 1583 2825 1636 dixit
2856 1597 2874 1636 :
2903 1582 3018 1637 lam
3048 1583 3294 1652 superius
3320 1581 3578 1637 interfatus
3611 1595 3713 1644 sum,

2212 1671 2562 1739 selttiplenatn
2603 1686 2706 1727 non
2745 1682 2996 1742 oportere
3025 1674 3345 1729 sententiam
3374 1688 3614 1743 promere.
3644 1674 3714 1729 Ss-

2216 1773 2395 1831 perest
2420 1772 2477 1817 ut
2497 1765 2541 1817 si
2560 1764 2684 1832 quid
2708 1765 2857 1820 vobis
2889 1766 3167 1833 remansit,
3192 1779 3448 1835 peragere
3465 1765 3711 1834 dignemini.

533 1846 752 1913 gentius
792 1846 844 1900 in
875 1846 1127 1915 subjectis
1172 1844 1297 1915 quid
1321 1847 1463 1900 dicat
1506 1848 1766 1901 ausculta.
1788 1846 1917 1901 Cum
1963 1847 2105 1900 enim
2138 1856 2183 1915 Β
2282 1854 2436 1906 Arius
2466 1853 2597 1907 dixit
2628 1869 2646 1908 :
2678 1854 2752 1908 De
2783 1854 2866 1908 bis
2893 1868 3011 1924 qua
3055 1854 3350 1926 cognitioni
3377 1863 3475 1910 tua:
3495 1862 3713 1924 patuerunt

535 1939 701 1992 multa
731 1938 927 1992 divina:
968 1938 1154 2007 gratia:
1196 1953 1358 2007 opera
1412 1948 1771 2002 numerasset,
1822 1940 1931 1992 ait:
1977 1938 2104 1992 Hinc

534 2037 705 2080 autem
731 2028 901 2081 omnia
930 2039 1170 2097 operatur
1192 2045 1319 2082 unus
1350 2039 1499 2098 atque
1524 2030 1658 2083 idem
1672 2028 2103 2099 Spiritus(1bid.,

535 2118 651 2187 11).
681 2118 871 2173 Cernis
895 2129 1207 2187 operantem
1264 2120 1499 2185 Patrem,
1531 2132 1841 2189 operantem
1890 2120 2103 2185 Filium,

535 2218 847 2277 operantem
896 2209 1154 2277 Spiritum
1203 2220 1477 2275 sanctum;
1529 2220 1582 2265 et
1626 2225 1747 2265 cum
1804 2211 1959 2265 simul
1999 2222 2109 2266 tres

536 2310 847 2370 Operentur,
884 2316 987 2356 non
1018 2300 1085 2356 de
1114 2306 1193 2356 eis
1244 2303 1438 2355 dicitur
1464 2303 1549 2370 qui
1574 2312 1873 2371 operantur,
1902 2302 1995 2357 sed
2020 2305 2108 2372 qui

536 2400 801 2459 operatur;
824 2400 879 2444 ut
901 2405 1036 2446 unus
1070 2391 1208 2445 Deus
1229 2391 1281 2445 in
1310 2391 1572 2445 Trinitate
1600 2401 1945 2446 monstretur.
1976 2393 2107 2447 Item

536 2482 728 2537 Filium
752 2490 805 2536 ct
831 2482 1038 2536 Patrem
1063 2482 1202 2536 idem
1226 2483 1511 2551 Aposmlus
1534 2484 1837 2551 nominans,
1859 2482 1982 2552 Ipse
2006 2484 2106 2539 Do-

533 2574 700 2626 minus
727 2582 894 2625 noster
922 2573 1070 2627 Jesus
1096 2572 1350 2640 Christus,
1378 2583 1425 2627 et
1455 2571 1593 2628 Deus
1633 2573 1794 2628 Pater
1821 2576 1908 2643 qui
1932 2577 2109 2630 dilexit

534 2676 627 2715 nos
657 2658 739 2731 (II
767 2660 916 2717 Thes.
951 2678 1009 2729 ιι,
1039 2662 1147 2733 t5).
1174 2673 1227 2718 et
1252 2677 1375 2718 cum
1403 2663 1471 2719 de
1506 2664 1715 2720 duobus
1760 2666 2106 2729 nominasset,

534 2763 590 2808 et
617 2768 779 2806 unum
806 2768 926 2808 esse
960 2754 1288 2818 ostenderet,
1321 2769 1428 2810 non
1481 2754 1617 2809 dixit
1668 2756 1756 2821 qui
1801 2755 2106 2822 dilexerunt,

534 2841 629 2897 sed
665 2842 751 2911 qui
779 2841 978 2896 dilexit.
1018 2841 1129 2898 Nec
1158 2843 1235 2897 ait
1285 2843 1629 2910 consolentur,
1678 2843 1772 2898 sed
1822 2845 2110 2898 consoletur

536 2933 695 2987 corda
721 2945 881 2987 vestra
912 2932 1099 3002 (Ibid.,
1123 2934 1235 3003 16).
1261 2933 1414 3000 item,
1439 2933 1463 2985 Ι
1471 2951 1560 3004 pse
1586 2944 1756 2987 autem
1784 2934 1922 2987 Deus
1954 2932 2110 2987 Pater

536 3034 727 3090 uoster,
754 3033 801 3078 et
828 3021 1077 3077 Dontinus
1093 3025 1243 3077 Iesus
1266 3024 1497 3078 Christus
1518 3026 1709 3094 dirigat
1731 3026 1863 3078 viam
1885 3036 2109 3079 nostram

537 3116 605 3169 ad
626 3132 709 3170 vos
740 3115 789 3187 (ι
807 3115 960 3171 Thes.
987 3131 1067 3181 ιιι,
1088 3116 1199 3184 II).
1227 3116 1336 3171 Nec
1361 3116 1446 3171 hic
1465 3118 1540 3171 ait
1570 3116 1813 3186 dirigant,
1843 3117 1935 3171 sed
1973 3117 2102 3169 diri-
2128 3114 2131 3118 ’

538 3215 645 3278 gat.
680 3206 949 3262 Hactenus
971 3206 1039 3261 de
1069 3206 1157 3260 illo
1179 3220 1344 3275 opere
1380 3207 1769 3265 mutuatissitre
1793 3205 2105 3261 Trinitatem
2133 3212 2178 3274 c

539 3313 701 3353 unum
734 3298 901 3355 Deum
923 3313 1063 3363 esse,
1096 3297 1388 3369 apostolico
1415 3312 1573 3354 sensu
1592 3298 1897 3363 docuerim;
1927 3298 1995 3353 ad
2024 3314 2109 3354 re-

539 3392 683 3461 liqua
708 3390 1040 3445 festinemus.

607 3481 791 3537 XLVI.
822 3481 1091 3551 Exemplis
1116 3480 1279 3536 etiam
1302 3479 1631 3535 naturalibus
1656 3482 1757 3536 hoc
1788 3480 1908 3536 Iidei
1930 3495 2111 3535 sacra-

538 3586 776 3632 mentum
836 3590 993 3645 posse
1038 3574 1270 3635 maxime
1309 3572 1694 3641 commendari,
1747 3573 2107 3642 apostolorum

538 3670 765 3724 edocent
798 3671 948 3733 Acta,
978 3675 1232 3721 narrante
1258 3665 1398 3721 Luca
1429 3665 1497 3720 de
1524 3664 1863 3719 credentibus
1888 3683 1900 3715 :
1929 3663 2109 3717 Multi-

539 3760 729 3814 tudinis
759 3766 927 3811 autem
955 3756 1267 3810 credentium
1310 3764 1414 3809 erat
1439 3771 1525 3807 cor
1553 3771 1710 3806 unum
1739 3764 1785 3807 et
1815 3754 1988 3806 anima
2008 3769 2111 3806 una

541 3852 679 3922 (Act.
715 3864 787 3913 tv,
817 3849 928 3916 Μ).
949 3848 1003 3903 Si
1033 3846 1136 3901 hoc
1165 3846 1409 3900 ﬁdelibus
1436 3860 1528 3913 per
1558 3844 1807 3912 baptismi
1832 3859 2112 3914 regenera-

541 3947 739 4000 tionem
768 3940 994 3997 contulit
1017 3940 1209 4009 gratia,
1244 3947 1299 3992 ut
1339 3938 1518 3991 multm
1547 3950 1732 3991 eorum
1758 3935 1971 4000 animm,
2006 3952 2109 3989 una

539 4039 611 4093 sit
628 4037 843 4100 anima;
876 4049 972 4089 cur
1012 4048 1116 4088 non
1155 4031 1321 4086 multo
1342 4028 1719 4099 congruentius
1755 4029 1822 4083 de
1853 4027 2112 4083 Trinitate

537 4127 811 4191 credatur,
840 4124 980 4195 quod
1011 4137 1148 4178 unus
1168 4121 1412 4187 sitDeus,
1444 4131 1499 4173 ut
1545 4117 1687 4188 quod
1727 4132 1825 4172 nos
1870 4132 1964 4185 per
1992 4132 2110 4186 gra-

540 4217 691 4279 tiam,
722 4214 825 4271 hoc
845 4214 935 4269 illa
960 4214 1197 4268 Trinitas
1220 4210 1416 4266 habeat
1441 4225 1535 4279 per
1582 4208 1851 4264 naturam?
1878 4206 2009 4261 Nam
2057 4217 2111 4261 et

539 4309 586 4363 si
615 4308 920 4375 diligentius
942 4306 1345 4373 perspiciamus,
1371 4303 1672 4358 invenimus
1695 4302 1856 4357 etiam
1879 4302 1931 4355 in
1955 4300 2109 4356 nobis

541 4400 796 4468 quiddam
822 4408 1056 4461 natum,
1089 4397 1227 4465 quod
1252 4397 1328 4450 illi
1373 4396 1694 4452 beatissimus
1732 4407 1891 4466 atque
1922 4398 2107 4451 ineil‘a-

542 4489 635 4545 bili
659 4488 1008 4551 assimiletur,
1040 4488 1167 4542 licet
1214 4487 1369 4556 longe
1394 4486 1567 4553 aliter,
1609 4488 1880 4541 Trinitati.
1929 4488 2109 4557 Neque

2214 1944 2560 2013 pronuntiare
2585 1943 2823 2013 dignare.

2284 2036 2595 2089 Athanasius
2616 2035 2747 2089 dixit
2769 2051 2789 2089 :
2821 2034 3161 2105 Reliquarum
3190 2035 3553 2107 qumstionum,
3574 2034 3712 2103 quibus

2209 2127 2367 2180 Arius
2388 2126 2637 2194 opinatur
2658 2140 2815 2194 posse
2832 2124 3025 2181 Filium
3042 2140 3071 2180 a
3095 2126 3255 2181 Patre
3272 2127 3471 2181 ostendi
3495 2128 3709 2191 minorem,

2211 2214 2502 2284 principale
2533 2214 2662 2269 illud
2698 2223 2801 2279 est,
2828 2215 2968 2284 quod
3000 2214 3139 2270 idem
3164 2216 3334 2271 Filius
3363 2217 3456 2281 ait,
3484 2216 3619 2271 Pater
3640 2233 3712 2268 ιιιιι-

2202 2310 2290 2378 jor
2319 2324 2398 2361 me
2426 2316 2535 2369 est;
2560 2305 2699 2376 quod
2722 2306 2834 2375 jam
2860 2308 3201 2375 cognoscitur
3232 2309 3541 2374 intentasse,
3566 2318 3609 2361 et
3630 2308 3711 2360 huic

2220 2399 2364 2452 velut
2404 2398 2564 2466 capiti
2603 2408 2791 2452 cuncta
2821 2397 3172 2466 qumstionum
3218 2397 3477 2453 inhaerent
3514 2398 3709 2452 membra.

2212 2486 2342 2541 Nam
2395 2486 2534 2556 quod
2580 2488 2695 2551 ait,
2738 2486 2857 2540 Non
2898 2488 3011 2541 veni
3051 2488 3217 2556 facere
3270 2490 3559 2544 voluntatem
3598 2505 3712 2542 mean

2216 2576 2392 2645 (Joan.
2441 2593 2514 2643 Vl,
2546 2577 2673 2648 38);
2705 2588 2759 2633 et
2783 2577 2901 2633 Non
2932 2588 3094 2651 potest
3128 2579 3301 2635 Filius
3324 2598 3355 2634 a
3376 2598 3424 2634 se
3446 2585 3591 2651 facere
3604 2581 3711 2649 quid-

2211 2686 2365 2737 quam
2397 2667 2577 2737 (Joan.
2614 2686 2666 2733 ν,
2706 2669 2835 2739 19);
2875 2682 2924 2724 et
2967 2670 3113 2725 Sicut
3151 2672 3329 2725 docuit
3371 2688 3446 2725 me
3488 2670 3711 2733 Pater,sit

2213 2760 2347 2828 facio
2392 2758 2570 2831 (Joan.
2606 2776 2720 2829 VIII,
2751 2760 2880 2829 28);
2920 2772 2974 2818 et
3002 2763 3254 2818 Doctrina
3288 2780 3399 2819 mea
3426 2780 3517 2817 non
3549 2772 3610 2816 est
3639 2775 3711 2812 otes

2214 2848 2391 2920 (Joan.
2426 2865 2517 2916 vn,
2553 2849 2675 2919 16);
2711 2861 2766 2906 ct
2795 2852 2882 2907 Me
2902 2864 3094 2922 oportet
3116 2858 3319 2925 operati
3349 2872 3493 2926 opera
3516 2857 3633 2924 ejus,
3655 2852 3710 2919 qui

2213 2940 2349 2992 misit
2400 2955 2479 2993 me
2520 2938 2697 3008 (Joan.
2742 2956 2819 3007 ιιι,
2848 2940 2937 3011 4);
2977 2953 3032 2998 et
3064 2943 3184 2997 Non
3211 2961 3245 2998 a
3282 2962 3360 2999 nte
3385 2946 3487 2998 ueni
3518 2960 3535 2997 :
3573 2944 3709 2996 illene

2213 3032 2348 3085 misit
2374 3029 2551 3098 (Joan.
2582 3046 2697 3094 vtu,
2730 3031 2859 3101 42);
2891 3042 2945 3089 et
2971 3033 3084 3107 Ego
3104 3051 3217 3089 sum
3248 3038 3362 3091 vitis
3390 3046 3431 3091 et
3461 3036 3593 3089 Pater
3609 3046 3707 3085 mea:

2212 3122 2440 3192 agricola
2462 3133 2534 3179 est
2560 3124 2735 3192 (Joan.
2762 3140 2852 3191 xv,
2879 3124 2930 3196 1)
2958 3142 2972 3188 ς
2998 3136 3050 3181 et
3070 3126 3180 3198 Ego
3207 3130 3320 3181 vivo
3346 3136 3537 3197 propter
3559 3124 3707 3177 Patren

2212 3214 2391 3285 (Jottn.
2433 3228 2505 3279 vr,
2554 3212 2667 3282 58).
2710 3214 2803 3269 Vel
2851 3216 2994 3284 quod
3036 3215 3177 3272 diem
3214 3216 3454 3286 ignorare
3486 3229 3536 3270 se
3572 3214 3707 3266 fatetur

2212 3304 2421 3374 (Matth.
2470 3320 2612 3368 xstv,
2642 3304 2752 3370 '56;
2788 3304 2953 3360 Marc.
2992 3322 3115 3369 xm,
3158 3307 3272 3377 '52),
3322 3306 3527 3374 etquod
3555 3304 3705 3357 Patrem

2209 3410 2361 3450 suum
2391 3403 2547 3451 vocet
2578 3395 2740 3450 Dentis
2773 3394 2949 3465 (Joan.
2985 3412 3038 3463 ν,
3072 3396 3183 3465 18),
3226 3407 3279 3451 et
3308 3398 3376 3452 de
3399 3395 3563 3450 calicis
3585 3401 3706 3444 trans-

2210 3484 2405 3538 latione
2452 3494 2697 3553 precatur
2733 3484 2949 3553 (Matth.
2993 3501 3139 3552 xxvr,
3179 3485 3300 3555 59),
3339 3495 3392 3540 et
3424 3499 3477 3540 se
3519 3484 3561 3537 in
3596 3488 3707 3534 cruce

2209 3575 2519 3629 derelictum
2562 3575 2908 3643 conqueritur
2936 3575 3150 3645 (Matth.
3185 3592 3356 3641 xxv",
3386 3576 3493 3641 ιιι),
3531 3581 3575 3626 et
3608 3563 3704 3636 quod

2211 3664 2465 3732 Spiritum
2497 3679 2652 3719 suum
2679 3665 2819 3720 Patri
2849 3669 3188 3721 commendat
3218 3668 3369 3737 (Luc.
3401 3680 3534 3727 χχιιι,
3556 3659 3648 3725 ili).
3671 3662 3705 3706 et

2212 3756 2255 3809 si
2297 3770 2397 3820 qua
2437 3762 2662 3823 possunt
2698 3755 2800 3809 alia
2832 3754 3135 3823 bujusmodi
3165 3770 3309 3821 esse,
3350 3756 3438 3809 illo
3466 3749 3702 3820 reSpicitmt.

2211 3860 2327 3913 quae
2350 3858 2377 3895 a
2408 3843 2559 3898 nobis
2578 3859 2697 3898 cum
2723 3844 2868 3898 omni
2887 3854 3027 3912 metu
3055 3858 3109 3901 et
3139 3848 3457 3911 reverentia,
3483 3839 3703 3899 secundum

2212 3935 2667 4003 dispensationem
2700 3938 2897 3999 carnis,
2930 3952 3029 4004 qua
3060 3952 3163 3989 non
3194 3938 3366 3990 solum
3390 3937 3548 3997 Patre,
3575 3941 3701 3983 verum

2211 4026 2372 4079 etiam
2410 4026 2567 4096 186
2598 4027 2799 4095 angelis
2820 4037 2874 4080 et
2901 4027 3202 4081 hominibus
3230 4029 3527 4090 minoratur,
3549 4020 3702 4076 etdicta

2211 4115 2292 4169 vel
2314 4114 2446 4169 facta
2479 4115 2864 4185 intelliguntur.

2284 4206 2511 4261 XLVIII.
2570 4207 2849 4276 Tantaque
2905 4221 3001 4262 nos
3059 4209 3321 4264 beneficio
3365 4209 3474 4277 ejns
3511 4197 3705 4256 obnoxii!

2210 4300 2512 4362 credimus,
2553 4309 2753 4368 quanto
2784 4300 2897 4354 hanc
2942 4310 2996 4355 et
3046 4301 3258 4371 indigna
3294 4316 3411 4356 esse
3444 4299 3700 4367 ignoramus;

2212 4388 2301 4457 qni
2324 4403 2422 4442 nos
2456 4398 2602 4444 tanto
2627 4389 2813 4444 dilexit
2835 4405 3036 4457 amore,
3071 4402 3125 4445 ut
3150 4393 3213 4445 ad
3248 4392 3345 4446 ista
3373 4400 3471 4444 tam
3490 4385 3606 4445 vilia,
3630 4388 3701 4430 tam

2214 4480 2467 4550 injuri'isa
2505 4482 2847 4549 semetipsum
2889 4483 3115 4537 voluerit
3156 4484 3427 4537 inclinare.
3472 4477 3583 4531 Nam
3617 4468 3701 4537 qu"

540 4581 684 4635 enim
711 4579 906 4634 frustra
934 4578 1187 4646 scriptum
1213 4588 1316 4642 est,
1352 4576 1512 4631 Deum
1546 4578 1719 4645 fecisse
1767 4580 2020 4632 hominem
2044 4579 2109 4631 ad
2139 4558 2188 4618 1)
2214 4573 2414 4641 angelis
2458 4574 2750 4627 minoratus
2776 4583 2858 4627 est
2888 4574 3059 4643 (Psal.
3087 4590 3182 4629 vui
3202 4615 3215 4640 ,
3255 4576 3331 4644 6),
3352 4574 3453 4643 jam
3492 4563 3701 4635 supra.ul

540 4672 810 4741 imaginem
838 4681 886 4727 et
914 4671 1297 4726 similitudinem
1325 4687 1468 4725 suam
1494 4670 1667 4740 (Gem.
1693 4685 1729 4731 t.
1766 4673 1854 4735 17,
1878 4681 1925 4725 et
1950 4689 2004 4736 ν,
2034 4670 2107 4740 1).

541 4762 819 4819 Hominem
843 4778 972 4833 ergo
998 4778 1065 4819 ex
1088 4763 1256 4819 tribus
1276 4772 1547 4825 constare,
1572 4762 1625 4815 id
1655 4769 1738 4815 est
1772 4776 1835 4815 ex
1865 4774 2109 4828 corpore,

542 4861 600 4907 et
621 4853 818 4916 anima,
844 4862 900 4908 et
925 4854 1131 4921 spiritu,
1165 4839 1449 4922 Apostolus
1475 4854 1625 4906 testis
1660 4861 1765 4919 est,
1794 4851 1977 4905 dicens
2001 4868 2014 4905 :
2044 4850 2112 4905 Ut

540 4945 752 5010 integer,
784 4959 992 5010 corpus,
1022 4953 1066 4996 et
1082 4944 1274 5004 anima,
1297 4953 1343 4996 et
1394 4944 1603 5010 spiritus
1638 4944 1692 4996 in
1737 4943 1872 4996 diem
1905 4940 2109 4994 Domini

538 5034 699 5086 nostri
722 5033 850 5086 Jesu
874 5033 1065 5087 Christi
1093 5042 1316 5087 servetur
1346 5033 1393 5105 (1
1421 5033 1575 5089 Thes.
1605 5051 1658 5098 ν,
1680 5033 1796 5099 25).
1821 5034 1875 5087 Si
1896 5033 1946 5086 in
1981 5048 2103 5088 cor-

535 5123 775 5193 ruptibili
804 5135 859 5179 et
887 5126 1179 5193 composita
1205 5135 1413 5191 natura,
1457 5133 1616 5178 tanta:
1656 5125 1872 5179 unitatis
1904 5134 2101 5192 myste-

535 5214 673 5267 rium
705 5215 990 5283 reperitur,
1024 5224 1082 5269 ut
1112 5227 1247 5268 unus
1270 5223 1380 5269 tres
1408 5215 1537 5280 sint,
1570 5215 1724 5285 185
1750 5223 1804 5268 ct
1836 5224 1944 5269 tres
1968 5229 2105 5270 unus

536 5303 701 5360 homo
720 5307 812 5371 sit;
831 5315 1029 5375 quanto
1058 5304 1327 5373 pulchrius
1351 5314 1405 5358 et
1437 5303 1712 5359 honestius
1735 5304 1802 5359 de
1849 5302 2107 5358 Trinitate

534 5398 819 5467 accipitur,
842 5397 985 5468 quod
1015 5411 1151 5452 unus
1177 5398 1250 5453 sit
1278 5397 1418 5453 Deus
1438 5437 1454 5462 ,
1480 5412 1583 5453 non
1628 5396 1958 5452 confusionis
1984 5412 2104 5466 per-

534 5486 805 5552 mistione,
835 5487 929 5543 sed
952 5488 1153 5542 unitate
1178 5488 1414 5542 natura?
1438 5486 1529 5541 His
1552 5501 1679 5556 ergo
1699 5495 1752 5542 et
1771 5486 1890 5541 aliis
1917 5501 2107 5556 quam-

533 5573 780 5642 plurimis
808 5577 1234 5632 testimoniorum
1250 5575 1604 5643 documentis,
1623 5591 1909 5646 rerumque
1928 5591 2108 5632 exem-

536 5660 645 5729 plis
672 5664 879 5729 imbuti,
911 5681 1009 5721 nec
1051 5665 1347 5723 Sabellium
1402 5666 1741 5731 incurrimus,
1790 5677 1897 5721 tres
1944 5682 2104 5721 unum

540 5749 705 5808 Deum
729 5753 972 5821 fatendo;
999 5772 1097 5812 nec
1147 5768 1250 5814 tuae
1281 5759 1517 5829 perfidia:
1557 5758 1761 5826 laqueis
1811 5758 2102 5824 irretimur,

2215 4663 2470 4727 memini,
2521 4664 2727 4731 plenius
2768 4664 3079 4729 docuimus,
3128 4666 3214 4720 nbi
3272 4663 3484 4719 dicentis
3524 4646 3701 4723 ΑΡθ⁵¹⁰Ιὶ

2214 4755 2372 4809 verba
2405 4758 2676 4824 posuimus
2709 4756 2905 4827 (Hebr-
2926 4772 2981 4822 ll,
3009 4758 3082 4826 7).
3117 4757 3266 4812 Hunc
3291 4766 3457 4811 autem
3483 4751 3627 4805 Jesmn
3648 4737 3699 4790 'i'
3742 4802 3745 4803 ν

2213 4843 2386 4899 dimus
2410 4856 2627 4914 propter
2655 4847 2952 4913 passionem
2983 4850 3170 4902 mortis
3200 4847 3354 4916 paulo
3388 4844 3543 4897 minus
3564 4834 3615 4886 ab
3635 4840 3700 4916 ψ’

2211 4934 2344 5002 gelis
2374 4937 2715 4988 minoratum.
2752 4935 2903 5001 Quod
2940 4951 3068 4990 vero
3098 4944 3152 4990 et
3179 4914 3472 4991 hominibus
3497 4927 3636 4981 minor
3652 4914 3699 4966 sit

2210 5026 2403 5091 factus,
2438 5026 2626 5079 Isaiam
2664 5028 2785 5081 audi
2816 5027 3080 5082 dicentem
3116 5045 3130 5081 :
3171 5028 3400 5082 Vidimus
3439 5034 3536 5075 eum
3561 5022 3599 5065 ει
3627 5018 3698 5059 η⁰¹¹

2208 5125 2313 5169 erat
2334 5117 2525 5185 species
2553 5118 2620 5182 ei,
2650 5133 2809 5186 neque
2837 5118 3021 5182 decor,-
3051 5120 3137 5172 sed
3166 5121 3350 5185 species
3377 5116 3478 5184 ejus
3502 5104 3695 5186 despectaj

2205 5217 2254 5262 et
2274 5181 2512 5274 deﬁciens
2542 5181 2695 5276 super
2714 5181 2848 5277 ﬁlios
2871 5181 3133 5262 hominum
3164 5181 3316 5279 (fsai.
3348 5181 3451 5267 un,
3475 5201 3523 5264 2,
3545 5181 3696 5258 5)οδθ¹¹

2207 5308 2263 5356 et
2295 5298 2466 5353 Lucas
2492 5301 2820 5368 evangelista
2848 5302 2915 5356 de
2942 5317 3007 5356 eo
3032 5303 3107 5355 ait
3141 5319 3153 5355 :
3187 5300 3252 5354 Et
3277 5308 3379 5353 erat
3412 5290 3605 5348 subditus
3632 5289 3720 5345 Pa“

2206 5388 2433 5443 rentibus
2458 5389 2565 5444 suis
2590 5388 2740 5459 (an.
2775 5406 2833 5453 ιι,
2866 5389 2984 5457 52).
3024 5391 3153 5456 Qua:
3183 5388 3378 5450 omnia,
3404 5383 3443 5436 si
3468 5368 3695 5434 secundum

2209 5480 2551 5537 humanitatis
2599 5481 2822 5537 formam
2864 5484 3215 5551 accipiantur,
3247 5496 3347 5536 non
3375 5476 3526 5561 soluat
3552 5466 3691 5561 Pili“:

2207 5574 2299 5631 sed
2337 5582 2392 5631 et
2430 5575 2635 5645 angelis
2667 5585 2722 5631 et
2766 5576 3071 5633 hominibus
3110 5576 3324 5631 inferior
3360 5571 3466 5639 ejus
3501 5556 3690 5645 divinilns

2206 5639 2717 5731 inveniturIVerum
2748 5669 2868 5739 quia
2909 5679 3187 5739 utramque
3214 5669 3264 5722 in
3291 5680 3351 5720 se
3388 5661 3591 5716 naturam
3626 5639 3690 5739 lla:

2207 5760 2351 5826 δυῖῑο
2397 5760 2487 5815 Dci
2514 5763 2717 5818 scilicet
2753 5735 2803 5815 et
2837 5735 3385 5827 hominisintriusque
3418 5750 3589 5805 natura:
3628 5735 3691 5782 r05
