3938 6376
190 362 300 419 229

973 362 1241 420 CONTRA
1281 361 1596 430 ARIANOS,
1638 365 2128 435 SABELLIANOS,
2172 362 2351 431 ETC.,
2394 362 2521 423 LIB.
2565 364 2647 422 lli.

3356 374 3459 433 930

197 477 453 544 loquitur.
482 482 641 545 atque
665 478 794 545 agit.
820 476 999 547 Neque
1021 481 1160 534 enim
1190 481 1429 549 ejusdem
1462 492 1663 535 naturae
1690 492 1773 535 est
1800 489 1851 544 Α
1880 485 2151 538 cumulum
2174 492 2361 538 cuncta
2390 486 2628 553 congessi
2652 528 2664 549 ,
2697 485 2945 554 quoniam
2988 486 3056 543 de
3082 488 3166 545 bis
3204 493 3454 549 omnibus

187 567 393 632 dicere,
426 565 580 619 Pater
600 571 766 638 major
786 584 864 621 mc
888 579 959 623 est
987 568 1167 639 (Joan.
1195 586 1302 635 ιιν,
1329 571 1446 639 28),
1477 580 1533 626 et
1564 572 1766 637 dicere,

182 659 307 730 Ego
329 668 374 713 et
406 657 561 713 Pater
582 675 741 713 unum
765 676 935 714 sumus
966 660 1144 727 (loau.
1167 679 1223 729 ι,
1252 663 1365 733 30).
1392 664 1583 719 Dicere
1600 708 1614 732 ,
1650 663 1770 717 Non

184 758 355 820 potest
385 747 555 803 Filius
583 765 615 803 a
650 766 704 804 se
732 752 898 820 facere
925 754 1198 822 quidquam
1240 753 1423 826 (Joan.
1456 770 1508 821 v,
1541 754 1629 823 i9)
1656 771 1670 819 ;
1716 765 1771 811 et

181 840 401 906 dicere,
447 842 634 896 Omnia
670 859 983 915 quacunque
1010 844 1167 899 Pater
1193 846 1339 914 facit,
1373 847 1481 901 Ittrc
1525 857 1570 902 et
1600 845 1768 903 Filias

180 931 422 985 similiter
466 934 608 1001 facit.
663 933 887 1000 Dicere,
932 934 1052 989 Non
1095 937 1210 991 veni
1252 940 1421 1008 facere
1460 941 1768 994 voluntatem

181 1039 351 1078 meam
380 1022 558 1092 (Joan.
591 1040 669 1091 Vt,
708 1026 841 1097 38);
874 1037 928 1084 et
954 1029 1163 1097 dicere,
1194 1032 1343 1087 Sicut
1376 1031 1529 1087 Pater
1555 1036 1766 1088 suscitat

180 1124 438 1183 mortuos,
468 1123 517 1170 et
540 1116 777 1186 viviﬁcat,
803 1120 876 1173 sic
902 1127 948 1173 et
977 1119 1178 1187 Filius,
1208 1138 1337 1193 quos
1375 1122 1502 1188 vult,
1544 1126 1765 1193 viviﬁcat

175 1204 367 1273 (Joan.
399 1220 451 1270 ν,
481 1205 597 1278 2i).
627 1208 779 1265 Unde
800 1220 999 1267 etcum
1022 1215 1338 1270 auctoritate
1365 1206 1547 1271 libera:
1571 1220 1763 1271 velun-

176 1295 325 1357 tatis,
358 1295 573 1364 Ieproso
599 1298 673 1353 ait
704 1318 715 1352 :
754 1298 909 1367 Volo,
936 1304 1184 1359 mundare
1209 1304 1399 1374 (Marc.
1426 1322 1463 1374 t,
1505 1306 1619 1374 41).

248 1386 439 1442 XLIX.
477 1388 591 1444 Non
617 1405 767 1461 ergo,
802 1394 1038 1464 inquam,
1073 1395 1231 1450 unius
1259 1406 1461 1458 natura:
1491 1409 1592 1463 est,
1627 1415 1763 1468 prte-

171 1478 324 1547 scpis
371 1480 578 1549 gremio
622 1484 906 1550 contineri,
955 1494 1007 1541 et
1045 1495 1308 1541 astrorum
1340 1487 1545 1544 indiciis
1574 1490 1756 1559 prodi;

174 1568 486 1625 hominibus
513 1572 735 1642 subjici,
762 1584 816 1629 et
840 1575 908 1629 ab
941 1576 1142 1646 angelis
1173 1577 1496 1644 ministrari;
1529 1581 1595 1635 de
1640 1581 1759 1636 loco

169 1658 237 1713 ad
262 1659 440 1713 locum
465 1659 665 1730 fugere,
697 1671 751 1718 et
778 1665 970 1732 ubique
991 1666 1073 1720 sui
1102 1668 1438 1736 praesentiam
1466 1670 1753 1737 exhibere;

166 1760 393 1807 terrena
430 1753 690 1821 incolere,
716 1765 769 1811 et
796 1757 1035 1813 cmlestla
1067 1774 1173 1813 non
1200 1759 1481 1827 deserere;
1510 1762 1700 1817 tentari
1724 1780 1753 1817 a

1875 578 2227 645 quaestionum
2256 577 2525 645 capitulis,
2558 576 2713 631 latius
2738 586 2793 631 et
2834 576 3041 646 plenius
3063 580 3250 636 beatus
3271 592 3452 640 noster

1872 664 2165 734 disputavit
2183 666 2519 723 Ambrosius.
2541 668 2738 722 Contra
2761 683 2921 736 quem
2943 669 3213 727 Palladius
3237 673 3451 727 Arianre

1873 755 2113 825 perﬁdiae
2135 756 2438 826 episcopus,
2469 756 2595 811 dum
2612 757 2746 827 jam,
2772 758 2955 824 credo,
2985 759 3071 815 ille
3097 771 3315 817 sanctus
3344 762 3446 817 bu-

1872 845 2044 900 manis
2072 845 2231 901 rebus
2272 844 2463 902 fuisset
2491 857 2806 918 exemptus,
2838 849 2893 904 in
2922 852 3243 907 refutatione
3270 852 3443 907 dicto-

1870 951 1991 991 rum
2016 936 2136 1006 ejus
2158 937 2399 1007 quaedam
2420 938 2647 995 credidit
2663 943 3071 998 conscribenda.
3089 943 3143 999 Si
3168 945 3294 1013 quid
3317 960 3446 1015 ergo

1870 1036 2011 1076 nunc
2039 1036 2069 1075 a
2118 1029 2170 1078 te
2198 1023 2358 1091 objici
2393 1024 2592 1091 potuit,
2642 1026 2730 1081 ille
2762 1027 2871 1096 jam
2896 1029 3022 1083 .suis
3056 1028 3445 1097 ohiectionibus

1868 1114 2173 1184 occupavit.
2227 1114 2323 1177 Cui
2372 1115 2623 1184 quoniam
2670 1132 2777 1173 uno
2811 1119 2921 1187 jam
2946 1121 3194 1189 respondi
3230 1121 3439 1184 libello.

1868 1205 2059 1259 melius
2092 1219 2235 1269 reor,
2269 1204 2313 1258 si
2338 1218 2441 1273 qua
2475 1204 2562 1259 bic
2591 1204 2818 1262 fortasse
2841 1208 3039 1263 omissa
3070 1210 3334 1275 videntur,
3368 1210 3441 1266 ibi

1868 1294 2074 1363 plenius
2099 1294 2276 1349 divina
2307 1295 2603 1363 opitulante
2630 1297 2797 1364 gratia
2840 1299 3139 1367 explicare;
3172 1307 3230 1353 ιιι
3270 1302 3319 1355 in
3352 1302 3445 1355 illo

1865 1400 1923 1441 se
1966 1400 2179 1455 quoque
2220 1384 2378 1438 Arius
2416 1393 2724 1453 superatum
2771 1398 3042 1455 agnoscat.
3086 1388 3444 1455 Quamobrem

1864 1474 2107 1543 dignare,
2137 1476 2337 1545 optime
2379 1473 2592 1543 Probe,
2642 1476 2883 1531 ultimam
2922 1478 2989 1533 de
3030 1480 3258 1548 cognitis
3302 1480 3443 1535 ferre

1862 1568 2202 1622 sententiam.

1932 1660 2132 1715 Probus
2147 1661 2313 1731 judea:
2344 1661 2469 1715 dixit
2493 1675 2511 1714 :
2534 1660 2589 1715 Si
2623 1669 2740 1730 post
2766 1661 3168 1717 innumerabilia
3202 1664 3441 1719 testimo-

1864 1755 1950 1808 nia
1980 1753 2187 1809 caelesti
2220 1752 2528 1824 magisterio
2556 1754 2884 1823 promulgata
2904 1798 2917 1822 ,
2968 1756 3097 1810 Ario
3121 1756 3317 1825 aliquid
3350 1774 3439 1813 re-

163 1844 411 1913 diabolo,
437 1856 491 1903 et
510 1847 626 1918 ejus
648 1850 700 1903 in
723 1849 971 1921 abyssum
996 1851 1207 1907 mittere
1228 1851 1493 1922 legiones;
1519 1854 1750 1911 esuriem
1783 1857 1831 1917 B
1860 1847 2119 1901 manSiSSB
2131 1846 2353 1909 Viden".
2373 1859 2673 1914 Ρΐοροηοτο
2685 1860 2789 1899 ηοη
2806 1853 3077 1915 ενεινειυτ-
3104 1847 3437 1918 Quanquam.

160 1935 459 2002 sustinere,
491 1946 546 1992 et
570 1939 736 1993 multa
759 1939 1032 1995 hominum
1058 1943 1217 1996 millia
1252 1952 1526 2011 saturare;
1558 1960 1750 2016 aquam

144 2027 341 2094 sitire,
372 2038 428 2085 et
451 2031 645 2086 ﬁueuta
669 2033 909 2089 laticisin
935 2035 1039 2089 vini
1065 2045 1307 2091 naturam
1332 2045 1568 2102 mutare;
1596 2039 1751 2095 unius

140 2123 427 2176 rmomenti
464 2122 530 2176 ad
559 2123 1001 2193 exstinguendam
1054 2125 1195 2179 sitim
1222 2165 1236 2189 ,
1288 2127 1515 2195 putealia
1564 2128 1750 2195 pocula

156 2225 413 2278 poscere,
445 2222 499 2269 et
530 2214 717 2269 undosi
748 2216 919 2270 amnis
951 2230 1216 2286 perennes
1241 2227 1449 2273 meatus
1480 2217 1745 2287 tribuere;

140 2310 281 2357 rate
301 2292 518 2374 πάθοι-ε
538 2305 926 2373 transmittere,
956 2314 1010 2360 et
1039 2306 1224 2360 eadem
1255 2305 1466 2361 incessu
1488 2307 1746 2373 mirabili,

140 2388 308 2445 sicco
337 2393 561 2462 vestigio
582 2402 785 2460 terere;
812 2384 1057 2465 ignorare
1079 2396 1244 2465 diem,
1270 2405 1319 2451 et
1343 2396 1553 2452 Patrem
1576 2398 1744 2463 scire;

138 2479 301 2535 eduas
327 2483 630 2550 petentibus
666 2484 823 2538 sedes
850 2499 954 2538 non
985 2485 1304 2548 concedere,
1327 2494 1379 2541 ct
1401 2496 1589 2555 sponte
1611 2488 1746 2542 duo.

150 2569 340 2624 decim
369 2572 525 2626 simul
565 2573 878 2642 promittere
907 2574 1155 2641 thronos;
1189 2584 1414 2630 mortem
1447 2579 1600 2648 187
1634 2577 1740 2633 for-

136 2660 388 2727 midare,
420 2670 479 2715 et
506 2662 664 2717 morti
694 2662 950 2727 illudere;
984 2663 1101 2733 capi
1154 2663 1369 2729 timere,
1402 2677 1455 2721 et
1503 2669 1747 2737 captivos

138 2750 440 2815 reducere,
475 2760 692 2823 totaque
715 2754 908 2809 inferni
932 2756 1052 2823 jura
1077 2756 1286 2823 penitus
1307 2757 1628 2825 compilare;
1653 2760 1743 2813 de-

146 2841 383 2896 solatum
410 2855 469 2896 se
490 2842 769 2912 conqueri,
794 2851 848 2899 et
870 2858 993 2897 mox
1020 2844 1286 2899 latronem
1316 2846 1739 2914 patriarcharum

145 2932 429 2986 consortio
470 2932 765 2998 asciscere;
797 2933 975 2988 omnia
1010 2948 1076 2988 ex
1105 2934 1275 2989 nihilo
1303 2937 1639 3003 condidisse.
1686 2950 1740 2996 et

144 3033 338 3074 eorum
362 3030 677 3089 potestatem
716 3022 1041 3092 triumphata
1072 3033 1243 3079 morte
1269 3026 1537 3095 accipere.
1575 3028 1736 3085 Vides

138 3123 302 3180 ergo,
336 3114 666 3182 cognitorum
686 3113 885 3181 optime
912 3113 1106 3181 Probe,
1133 3114 1184 3170 in
1211 3116 1311 3171 hac
1336 3118 1736 3188 dispensatione

1857 1948 1913 1993 ut
1964 1953 2111 2001 reor,
2144 1936 2276 1991 nihil
2323 1936 2401 1990 illi
2446 1936 2812 2007 responsionis
2850 1940 3199 2003 remanserit;
3248 1939 3438 2007 quibus

1854 2029 2101 2082 videlicet
2129 2028 2573 2097 responsionibus
2605 2028 2773 2095 possit
2814 2028 3158 2081 Athanasium
3187 2028 3253 2081 de
3277 2028 3433 2082 unius

1856 2119 2202 2185 substantiae,
2242 2119 2293 2173 id
2324 2127 2425 2183 est,
2478 2118 2740 2173 bomousii
2768 2121 2973 2175 ratione
2997 2119 3287 2189 depellere.
3330 2119 3437 2175 Sed

1852 2225 1920 2266 ne
1938 2210 2277 2282 postmodum
2298 2210 2363 2265 de
2384 2210 2558 2279 aliqua
2572 2212 2919 2281 oppressione
2936 2219 3187 2267 causetur
3204 2225 3234 2265 a
3256 2210 3433 2273 nobis.

1849 2301 2025 2355 nullus
2050 2301 2114 2355 ad
2144 2300 2575 2371 respondendum
2608 2302 2756 2358 locus
2785 2310 2836 2358 et
2863 2303 3149 2356 adimatur.

1921 2392 2074 2445 Arius
2102 2393 2232 2447 dixit
2261 2409 2279 2444 :
2309 2393 2451 2447 Nulli
2476 2394 2694 2449 dubium
2723 2402 2806 2448 cst
2833 2395 2974 2464 quod
2994 2395 3210 2464 magicis
3229 2394 3434 2451 artibus

1853 2481 2185 2536 Athanasius
2214 2498 2320 2537 non
2343 2484 2552 2539 desinat
2582 2485 2817 2553 judicum
2848 2495 3153 2553 pervertere
3182 2498 3431 2549 sensum;

1849 2583 1910 2628 ut
1939 2558 2100 2630 recta:
2130 2575 2255 2630 ﬁdei
2285 2577 2551 2631 tramitem
2593 2591 2718 2647 erga
2752 2591 2846 2632 eos
2872 2576 2961 2646 qui
2986 2592 3101 2630 eam
3130 2576 3433 2645 religiosius

1850 2674 2129 2722 sectantur
2158 2674 2212 2721 et
2260 2666 2474 2733 colunt,
2519 2676 2704 2723 tenere
2736 2682 2842 2723 non
2871 2667 3097 2737 possint.
3128 2666 3192 2721 Et
3234 2666 3433 2721 ideirco

1847 2756 1989 2826 quod
2020 2757 2073 2811 in
2109 2757 2363 2812 examine
2409 2758 2481 2812 tui
2504 2757 2752 2812 culminis
2790 2758 3059 2827 explicare
3102 2771 3208 2811 non
3236 2756 3427 2821 valeo,

1849 2848 2103 2919 principis
2122 2849 2328 2919 judicio
2357 2851 2643 2905 reservabo
2660 2891 2674 2915 ,
2699 2850 2786 2905 ubi
2816 2849 3054 2904 veritatis
3078 2848 3269 2918 indago
3292 2863 3429 2917 pra:-

1842 2943 2031 3013 pollet,
2078 2953 2135 2999 et
2162 2944 2398 3013 magicas
2434 2952 2577 2998 artes
2607 2943 2675 2997 ob
2704 2958 2844 2997 vera:
2876 2942 2997 2996 ﬁdei
3031 2940 3427 2997 observantiam

1842 3035 2141 3101 praevalere
2171 3049 2276 3088 non
2308 3048 2466 3102 posse
2501 3034 2660 3105 188
2687 3032 3012 3088 credendum
3041 3040 3143 3085 est.

1909 3125 2221 3179 Athanasius
2269 3126 2400 3179 dixit
2435 3141 2454 3179 :
2496 3125 2595 3193 Qui
2640 3126 2751 3179 suis
2796 3122 3183 3179 assertionibus
3230 3120 3420 3176 adesse

142 3200 328 3257 carnis
355 3213 671 3274 assumptze,
724 3204 995 3261 divinitati
1034 3206 1165 3262 nihil
1193 3206 1361 3264 fuisse
1392 3210 1601 3278 penitus
1639 3212 1731 3269 de-
1758 3223 1803 3287 ο
1838 3230 1944 3272 non
1992 3226 2248 3285 possunt,
2281 3216 2609 3285 quibuslibet
2649 3215 2928 3270 fallacibus
2969 3212 3295 3283 argumentis
3334 3211 3421 3266 vel

134 3303 434 3364 rogatum;
461 3296 587 3351 dum
617 3296 704 3351 ubi
752 3312 978 3367 corpore
1008 3297 1323 3355 humilitatis
1365 3300 1617 3371 impletur
1643 3303 1726 3358 of-

134 3385 357 3451 ﬁcium,
390 3386 460 3441 ibi
506 3386 807 3442 divinarum
838 3397 1123 3443 coruscant
1156 3389 1412 3446 miracula
1445 3392 1723 3447 virtutum.

142 3475 294 3546 Ergo
340 3477 560 3546 aequalis
590 3487 672 3533 est
702 3478 843 3533 Patri
883 3480 1033 3549 juxta
1083 3480 1134 3535 id
1164 3481 1305 3551 quod
1335 3482 1476 3538 Deus
1506 3493 1623 3551 est,
1676 3497 1730 3542 et

138 3568 325 3622 minor
354 3578 436 3624 est
466 3569 622 3624 Patre
644 3571 793 3640 juxta
821 3571 872 3627 id
904 3572 1043 3643 quod
1074 3573 1237 3628 homo
1268 3574 1432 3630 iactus
1454 3586 1555 3631 est.

214 3658 281 3714 ι.
321 3658 446 3716 Hac
474 3660 675 3717 idcirco
710 3677 808 3731 ego
836 3644 1142 3719 breviter'in
1171 3680 1335 3720 unum
1363 3669 1729 3737 responsionis

1838 3306 2265 3369 cavillationibus
2292 3308 2691 3362 excusationem
2722 3306 2822 3360 sibi
2847 3304 3086 3360 invenire
3130 3318 3237 3357 non
3272 3300 3419 3356 desi-

1838 3406 1989 3464 nunt,
2021 3398 2159 3453 sicut
2183 3414 2323 3454 nunc
2353 3398 2404 3452 id
2430 3398 2605 3454 facere
2632 3397 2819 3451 Arium
2844 3396 3056 3466 plenius
3087 3403 3261 3447 vestra
3293 3406 3415 3459 per-

1838 3487 1997 3558 spicit
2026 3488 2359 3560 magnitudo.
2392 3489 2518 3544 Mibi
2552 3503 2682 3544 vero
2708 3488 2772 3541 ad
2801 3488 2977 3541 omnia
3007 3499 3125 3555 qua:
3160 3484 3225 3536 ab
3266 3497 3331 3536 eo
3364 3482 3419 3536 in

1838 3580 2002 3636 vestri
2024 3580 2271 3636 culminis
2291 3581 2575 3650 praesentia
2596 3578 2867 3649 proposita
2886 3584 3027 3641 sunt,
3054 3588 3233 3629 veram
3261 3571 3418 3625 tidem

1838 3669 2131 3724 vindicanti
2170 3670 2512 3739 respondisse
2542 3668 2788 3725 sulticiat.

159 3814 3404 3842 —————_——_—___—__________—_———___—‘

1114 3967 1580 4075 LIBER
1677 3967 2423 4075 TERTIUS.

863 4187 1233 4265 PROBI
1338 4189 1839 4266 JUDICIS
1942 4187 2700 4267 SENTENTIA.

206 4373 253 4429 1.
305 4368 510 4427 Probus
529 4372 697 4441 judea:
723 4368 851 4424 dixit
883 4385 901 4423 :
940 4371 1137 4424 Amore
1189 4369 1427 4423 veritatis
1472 4378 1526 4423 et
1567 4368 1721 4436 ﬁdei,
1905 4365 1970 4422 ll.
2002 4365 2134 4423 Cum
2163 4366 2322 4435 igitur
2351 4363 2585 4421 Sabellio
2615 4363 2844 4434 primum
2864 4402 2878 4425 ,
2908 4360 3213 4431 disputandi
3247 4362 3412 4419 licen-

137 4469 284 4523 iuter
309 4471 605 4521 sectatores
623 4460 941 4517 Christianre
974 4460 1271 4531 religionis,
1304 4459 1357 4514 id
1379 4468 1461 4515 est
1486 4459 1724 4514 Athana-
1833 4457 1958 4512 tiam
1996 4454 2388 4512 consultatione
2420 4455 2593 4523 potius
2621 4466 2784 4522 quam
2831 4450 3151 4505 auctoritate
3198 4451 3411 4508 tribuis-

137 4557 313 4624 εἴητ’,
341 4555 654 4621 Sabellium,
700 4553 885 4607 Arium
912 4559 968 4606 et
1000 4550 1285 4606 Photinum
1306 4589 1321 4616 ,
1362 4550 1562 4605 arbiter
1581 4548 1717 4604 sedi.
1827 4565 1972 4617 sem,
2027 4552 2186 4606 talem
2215 4550 2283 4606 de
2321 4550 2428 4605 Deo
2456 4548 2580 4603 ﬁdei
2610 4545 2932 4602 sententiam
2960 4545 3215 4615 protulit,
3268 4548 3407 4615 quod

136 4647 234 4716 Qui
261 4646 517 4718 quoniam
548 4642 867 4699 diversitate
908 4640 1216 4712 dogmatum
1249 4648 1301 4695 et
1328 4641 1715 4695 sententiarum
1742 4672 1799 4735 Β
1825 4642 2022 4699 diceret
2051 4643 2262 4705 Patrem
2298 4645 2371 4696 ita
2396 4640 2694 4696 solitarium
2725 4635 3129 4735 ct.singnlarem
3158 4637 3278 4735 sine
3301 4637 3409 4690 ulla

136 4737 396 4792 varietate
415 4778 430 4803 ,
462 4735 620 4803 longo
649 4731 975 4786 discriminis
1003 4730 1287 4787 intervallo
1318 4744 1347 4783 a
1376 4746 1436 4785 se
1481 4729 1713 4784 invicem
1742 4726 1790 4735 ⁷
1825 4734 2083 4789 exstantis
2110 4733 2254 4799 Filii,
2278 4732 2363 4786 vel
2391 4730 2620 4801 Spiritus
2642 4727 2810 4782 sancti
2841 4740 3069 4795 persona
3092 4726 3407 4790 subsistere,

135 4827 492 4891 dirimuntur,
552 4823 843 4879 studiosius
890 4822 1170 4893 explorare
1202 4823 1393 4877 ‘curavi
1435 4822 1715 4892 cujusnam
1823 4834 1879 4879 ut
1910 4825 2025 4894 ipse
2055 4824 2225 4893 magis
2250 4822 2369 4877 Filii
2394 4829 2555 4890 atque
2584 4818 2812 4889 Spiritus
2835 4817 3053 4871 nomine
3074 4826 3356 4870 censeatur
3390 4833 3403 4867 :

138 4933 326 4974 eorum
376 4916 507 4972 ﬁdes
538 4916 676 4971 veris
716 4915 1105 4971 assertionibus
1154 4912 1519 4983 insigniretur.
1562 4913 1715 4979 Quod
1823 4917 2135 4970 trinomium
2190 4926 2437 4968 asserens
2483 4912 2649 4966 Deum
2674 4950 2687 4972 ,
2720 4909 2771 4962 id
2821 4916 2904 4963 est
2935 4917 3182 4977 tanquam
3224 4908 3403 4960 siuna

137 5019 191 5065 ut
221 5009 430 5065 facilius
470 5022 795 5078 cognoscere
826 5020 1070 5077 possem,
1110 5005 1415 5074 singillatim
1444 5019 1539 5061 eos
1590 5006 1715 5060 fidei
1821 5008 2030 5075 species
2076 5005 2155 5060 vel
2190 5018 2416 5074 persona
2472 5001 2640 5055 tribus
2683 4998 3062 5054 vocabulorum
3097 4996 3403 5051 nominibus

138 5111 244 5153 sua:
273 5098 380 5153 feci
424 5098 666 5167 proferre
690 5098 1005 5163 sententias,
1028 5095 1352 5165 easdemque
1377 5095 1713 5152 documentis
1822 5106 2177 5166 nuncupetur,
2204 5111 2309 5150 non
2339 5093 2681 5149 distinctione
2709 5091 2944 5163 generis,
2976 5090 3069 5145 sed
3096 5089 3259 5145 ofﬁcii
3288 5104 3401 5158 per-

138 5189 502 5257 psobabilibus
551 5189 806 5245 roborare
835 5203 951 5244 mea
1003 5188 1416 5245 interlocutione
1444 5188 1710 5259 ﬂagitavi;
1822 5190 2115 5245 mutatione
2134 5232 2149 5256 ,
2182 5198 2241 5243 ut
2268 5188 2445 5251 Pater,
2479 5202 2582 5242 non
2613 5186 2733 5255 quia
2762 5184 2964 5254 genuit,
2994 5182 3088 5237 sed
3120 5182 3241 5252 quia
3269 5194 3400 5234 con-

139 5280 475 5336 obviantibus
503 5271 603 5335 sibi
629 5280 838 5336 scilicet
869 5290 924 5336 et
954 5280 1324 5336 refellentibus
1359 5279 1441 5335 his
1461 5280 1550 5349 qui
1584 5294 1712 5334 con-
1818 5280 1951 5337 didit
1984 5280 2248 5336 habeatur
2275 5297 2288 5335 ε
2327 5279 2576 5348 idemque
2606 5278 2764 5349 189
2799 5277 2913 5345 ipse
2958 5274 3027 5330 de
3060 5274 3266 5345 paterni
3295 5271 3394 5325 bo-

139 5372 484 5440 travenirent,
510 5378 569 5425 ut
596 5372 714 5427 aliis
735 5371 1165 5438 defendentibus,
1185 5371 1304 5428 aliis
1324 5370 1707 5437 obnitentibns,
1819 5371 1966 5426 noris
2019 5370 2280 5441 dignitate
2324 5368 2581 5425 decidens
2620 5382 2716 5437 per
2752 5366 2992 5437 qumdam
3036 5371 3242 5419 natura:
3267 5375 3397 5430 aug-

140 5458 478 5517 lucidissima:
510 5461 749 5518 veritatis
788 5463 989 5533 agnitio
1030 5463 1370 5533 panderetur.
1411 5462 1563 5531 Quod
1616 5476 1711 5518 eos
1818 5471 2017 5530 menta,
2059 5473 2151 5518 aut
2200 5463 2377 5534 petius
2420 5460 2738 5517 detrimenta
2762 5499 2780 5522 ,
2832 5458 2887 5513 in
2926 5457 3045 5513 Filii
3085 5454 3299 5510 nomine
3327 5468 3394 5507 ex

141 5551 208 5606 ita
250 5551 441 5610 fecisse
476 5552 712 5624 ipsarum
744 5554 1177 5624 prosecutionum
1226 5554 1457 5611 lectione
1489 5555 1710 5611 demon-
1817 5554 2043 5623 virginei
2091 5563 2242 5610 ortus
2280 5555 2562 5609 nativitate
2593 5552 2887 5607 transierit.
2922 5548 3026 5604 Sed
3059 5548 3173 5602 haec
3215 5547 3392 5615 inepta

143 5653 351 5700 strator.
1819 5658 1957 5713 esse,
1980 5654 2033 5702 et
2059 5646 2238 5717 impia,
2262 5648 2515 5716 omnique
2538 5643 2659 5699 ﬁdei
2679 5641 2902 5697 veritate
2922 5640 3177 5707 carentia,
3204 5654 3390 5695 eorum
3462 5630 3479 5645 “
