3938 6376
564 354 657 414 151

562 753 619 798 et
650 742 904 813 Spiritum
932 746 1195 802 sanctum,
1239 737 1350 791 suis
1375 736 1684 806 specialiter
1709 745 1762 789 et
1786 734 2015 805 propriis
2040 750 2134 790 ex-

566 845 711 888 stare
731 832 971 902 personis
1001 847 1017 884 :
1040 832 1199 885 alium
1221 843 1340 884 esse
1355 827 1845 897 genitorem,alium
1870 826 2128 897 genitum,

567 924 729 979 alium
758 922 919 990 geniti
950 929 1108 989 atque
1151 918 1368 989 ingeniti
1397 917 1658 985 Spiritum
1695 925 1970 981 sanctum;
2010 916 2134 971 licet

568 1012 861 1068 secundum
918 1008 1191 1067 Athanasii
1248 1006 1575 1077 probabilem
1634 1006 1754 1060 fidei
1804 1006 2082 1060 veritatem
2112 1045 2130 1069 ,

564 1103 714 1159 aliud
756 1116 874 1157 esse
904 1114 1005 1154 non
1038 1099 1273 1169 possint,
1316 1111 1436 1153 cum
1474 1096 1609 1150 alius
1636 1105 1792 1164 atque
1828 1094 1964 1149 alius
1986 1093 2134 1149 credi

566 1194 802 1264 possint,
847 1201 901 1247 et
945 1191 1185 1261 profecto
1215 1190 1342 1243 sint.
1389 1188 1522 1254 Quia
1565 1187 1838 1242 enimvero
1884 1197 2135 1241 extremae

566 1292 726 1352 atque
759 1281 1033 1352 profundat
1055 1279 1294 1333 stultitia:
1319 1292 1486 1347 genus
1515 1286 1595 1331 est
1623 1277 1831 1331 Patrem
1860 1274 2137 1330 nominare

568 1387 689 1427 eum
735 1372 825 1442 qui
882 1385 988 1425 non
1029 1369 1245 1439 genuit,
1287 1377 1342 1421 et
1387 1367 1576 1421 Filium
1626 1368 1847 1421 credere
1883 1382 2008 1421 eum
2048 1363 2137 1433 qui

566 1462 779 1532 genitus
810 1477 914 1516 non
937 1462 1037 1524 sit;
1062 1474 1155 1513 seu
1183 1473 1281 1527 per
1301 1458 1477 1511 inania
1508 1465 1561 1511 et
1586 1456 1742 1510 rebus
1768 1471 1933 1510 vacua
1981 1455 2141 1509 falso-

571 1569 688 1608 rum
740 1553 1014 1607 nominum
1070 1557 1369 1603 commenta
1402 1588 1417 1612 ,
1475 1534 1824 1600 humanarum
1878 1545 2138 1599 mentium

567 1659 758 1701 sensus
786 1656 1040 1701 aVocare,
1072 1648 1126 1694 et
1157 1638 1376 1692 ludicris
1416 1638 1800 1693 sententiarum
1826 1636 2138 1707 objectioni—

568 1739 668 1793 bus
701 1735 824 1790 fidei
852 1732 1169 1790 Christiana:
1192 1730 1432 1785 illudere.

1836 344 2067 405 VIGIL'II
2110 349 2476 407 TAPSENSIS

556 474 647 540 qui
678 464 1152 521 contraveniebant
1194 463 1658 534 prosecutionibus
1702 463 2132 518 manifestissime
2160 466 2205 522 A
2236 478 2345 517 suae
2377 464 2642 517 tramitem
2682 463 2885 532 pandit,
2914 473 2973 519 ut
3000 464 3227 531 Patrem,
3261 473 3315 520 et
3362 465 3560 533 Filium,
3586 479 3632 523 et
3652 470 3740 538 Spi-

556 560 768 617 claruit.
797 557 1081 612 Ostensum
1103 570 1331 624 namque
1356 564 1435 609 est
1464 554 1643 609 multis
1668 562 1723 608 et
1742 551 1975 621 copiosis
1995 551 2127 607 divi-

556 664 744 705 narum
770 648 1055 703 lectionum
1083 646 1461 715 probamentis,
1490 653 1543 699 et
1566 644 1801 711 Patrem,
1830 654 1884 697 et
1915 643 2127 709 Filium,

3662 353 3738 417 IS!

2232 556 2391 609 ritum
2415 565 2676 620 sanctum,
2702 556 2856 610 unius
2880 557 3148 621 essentire,
3174 556 3437 626 uniusque
3458 558 3636 613 diceret
3654 576 3739 617 esse

2234 655 2456 698 naturae.
2514 646 2554 699 Ε
2580 656 2766 700 contra
2810 660 2935 701 vero
2982 646 3140 700 Arius
3172 646 3453 711 referebat,
3494 648 3543 702 in
3585 658 3740 705 tantum

2234 736 2391 789 unius
2420 750 2511 790 eos
2539 752 2640 790 non
2666 750 2785 791 esse
2808 736 3139 803 substantiae,
3168 746 3224 792 ut
3250 737 3519 807 dignitate,
3541 744 3739 805 potentia,

2238 825 2462 891 honore,
2487 825 2696 881 Patrem
2717 826 2855 881 Filio
2878 827 3100 881 multum
3131 828 3431 892 excellere;
3464 829 3630 882 Filium
3653 845 3742 884 vero

2235 915 2371 970 intra
2402 915 2518 969 hzec
2569 924 2624 970 et
2669 916 2822 985 longe
2850 914 3072 971 inferius
3115 917 3408 971 subsistere
3438 917 3634 973 diceret
3665 918 3740 973 llo.

2238 1006 2429 1059 mousii
2468 1020 2679 1074 quoque
2710 1005 3027 1060 vocabulum
3072 1015 3323 1076 tanquam
3356 1010 3677 1077 peregrinum,
3708 1018 3743 1063 et

2236 1110 2265 1149 a
2302 1095 2594 1167 Scripturis
2610 1095 2805 1150 divinis
2830 1096 3062 1151 alienum
3083 1113 3097 1160 ;
3124 1111 3397 1167 nuperque
3417 1096 3549 1167 apud
3570 1096 3742 1151 Nicaeam

2240 1196 2555 1255 argumento
2585 1187 2760 1255 potius
2792 1201 2947 1254 quam
2978 1188 3299 1241 auctoritate
3340 1196 3609 1254 repertum,
3637 1190 3742 1256 peni-

2240 1283 2326 1329 tus
2368 1275 2754 1344 repudiandum
2794 1276 2993 1342 aiebat,
3026 1284 3115 1329 aut
3145 1286 3293 1331 certe
3322 1276 3513 1329 divinis
3537 1276 3740 1331 contineri

2242 1366 2434 1421 litteris
2474 1366 2690 1422 sibimet
2737 1367 3095 1421 demonstrari
3138 1366 3413 1436 poscebat.
3444 1365 3659 1436 Alioquin
3681 1383 3743 1420 no-

2242 1458 2399 1512 minis
2431 1458 2598 1527 ipsius
2625 1458 2782 1511 simul
2810 1457 3109 1512 faciendam
3132 1473 3255 1513 esse
3275 1458 3531 1526 jacturam
3572 1457 3743 1511 obnixis-

2242 1547 2377 1601 sime
2407 1547 2707 1615 perorabat.
2750 1546 2855 1601 Sed
2888 1546 3209 1601 Athanasius
3252 1554 3429 1600 utrum
3456 1547 3654 1601 nominis
3677 1561 3739 1599 no-

2244 1637 2427 1702 vitate,
2454 1651 2522 1690 an
2552 1638 2695 1692 verbi
2721 1638 2916 1691 virtute
2955 1636 3322 1691 offenderetur
3343 1635 3464 1689 dum
3500 1637 3741 1704 inquireret,

2245 1736 2530 1796 utrumque
2580 1725 2681 1780 sibi
2734 1726 2895 1781 Arius
2943 1725 3231 1793 diSpliccre
3272 1723 3559 1794 respondit.
3597 1725 3657 1777 Ex
3676 1740 3742 1792 quo

638 1826 728 1881 lll.
769 1825 1052 1894 Postquam
1079 1836 1206 1891 ergo
1221 1820 1374 1876 istius
1398 1820 1595 1875 erroris
1623 1821 1888 1891 praestigia
1923 1822 2133 1892 prodita
2165 1820 2213 1881 Β
2240 1819 2511 1889 apparuit,
2565 1832 2689 1873 eum
2737 1833 2842 1872 non
2916 1817 2987 1872 ob
3031 1817 3132 1872 hoc
3184 1816 3497 1872 homousion
3547 1817 3745 1884 suscipere

570 1927 811 1988 patuere,
843 1923 898 1969 et
946 1912 1227 1968 Photinum
1278 1909 1398 1965 fidei
1453 1925 1585 1975 sum,
1635 1911 1679 1964 si
1703 1912 1924 1974 valeret,
1955 1911 2144 1966 adesse

573 2021 690 2062 mea
720 2003 1130 2060 interlocutione
1159 2001 1404 2070 praecepi.
1436 1999 1543 2066 Qui
1570 2000 1622 2053 in
1667 1998 1784 2067 ipso
1815 2001 2146 2069 prosecutio-

574 2096 658 2151 nis
683 2109 791 2150 sua:
813 2092 1033 2148 exordio
1063 2090 1343 2145 Dominum
1396 2099 1637 2143 nostrum
1665 2088 1847 2143 Jesum
1879 2089 2145 2143 Christum

576 2194 767 2250 purum
798 2176 1091 2241 hominem,
1122 2182 1178 2229 et
1204 2172 1358 2228 Verbi
1397 2172 1676 2227 divinitate
1717 2186 1941 2226 vacuum
1985 2171 2149 2226 fuisse

576 2267 839 2332 asseruit;
869 2275 924 2321 et
948 2280 1013 2321 eo
1045 2278 1213 2333 usque
1245 2277 1341 2333 per
1380 2262 1637 2331 quosdam
1681 2261 1850 2316 beata:
1877 2263 1999 2315 vitm
2029 2275 2152 2331 pro-

577 2360 747 2413 fectus
776 2356 1034 2411 illustrius
1061 2353 1373 2421 eminuisse,
1404 2361 1461 2406 ut
1496 2355 1550 2405 in
1593 2351 1683 2405 Dei
1715 2365 1776 2404 ac
1806 2350 2017 2404 Domini
2061 2364 2152 2419 ap-

578 2447 918 2517 pellationem
959 2444 1082 2514 jure
1129 2442 1420 2506 transiret;
1456 2456 1561 2496 non
1613 2440 1840 2495 naturali
1880 2438 2152 2509 dignitatis

578 2536 876 2606 privilegio,
910 2533 1004 2589 sed
1035 2532 1326 2587 accidentis
1357 2530 1537 2601 proba:
1564 2545 1629 2586 ac
1673 2530 2002 2601 dignissimae
2041 2544 2154 2584 me-

583 2628 688 2682 rito
716 2624 939 2680 actionis
964 2642 977 2678 :
1017 2623 1236 2692 impium
1267 2637 1384 2677 esse
1408 2621 1595 2677 dicens
1626 2630 1869 2676 naturam
1897 2621 2152 2675 divinita-

585 2719 654 2772 tis
697 2716 751 2770 in
799 2730 865 2770 eo
920 2714 1193 2783 accipere,
1223 2714 1396 2782 quiet
1432 2713 1657 2767 materni
1698 2712 1834 2767 uteri
1862 2711 2159 2781 gestamine

583 2816 794 2874 vectus,
825 2804 1089 2859 solemnes
1121 2801 1333 2858 feminei
1374 2803 1593 2873 pudoris
1626 2802 1961 2857 conditiones
1984 2812 2158 2856 trans-

585 2896 742 2961 ierit;
790 2904 846 2950 et
892 2909 1055 2950 cunas
1096 2894 1402 2963 vagitusque
1437 2904 1717 2964 expertus,
1748 2895 1921 2949 :etatis
1948 2908 2161 2964 quoque

585 2986 824 3042 sortierit
851 2986 1181 3039 incrementa
1215 3002 1228 3039 :
1257 2994 1311 3039 et
1336 2986 1387 3038 in
1410 2993 1612 3039 tantum
1636 2994 1836 3039 nostrae
1856 2984 2161 3055 fragilitatis

586 3076 888 3133 communia
935 3091 1037 3129 non
1069 3076 1323 3141 evaserit,
1355 3084 1413 3129 ut
1462 3084 1516 3129 et
1564 3075 1817 3128 esnrierit
1846 3082 1902 3128 et
1944 3074 2160 3139 sitierit,

2250 1911 2414 1974 nolle,
2444 1909 2565 1979 quia
2593 1924 2791 1963 novum
2824 1916 2961 1975 erat,
2986 1909 3078 1963 sed
3099 1909 3221 1978 quia
3254 1908 3376 1963 fidei
3400 1908 3511 1977 ejus
3544 1909 3743 1962 molimina

2248 2000 2578 2056 destruebat.
2613 2001 2717 2057 Sed
2752 2001 2875 2055 dum
2905 2000 3100 2055 iterum
3129 2015 3190 2055 ac
3231 2002 3425 2070 saepius
3453 2002 3742 2069 proprietatem

2250 2092 2493 2147 vocabuli
2526 2106 2658 2160 pure
2682 2100 2735 2145 et
2765 2091 3072 2160 specialiter
3098 2092 3150 2146 in
3170 2090 3461 2161 Scripturis
3488 2091 3619 2159 positi
3642 2089 3741 2157 ﬂagi-

2252 2190 2411 2248 taret,
2467 2184 2619 2253 191
2670 2182 2720 2236 id
2775 2182 3099 2237 Athanasius
3148 2182 3415 2252 allegabat
3458 2180 3744 2237 ecclesiastica

2252 2274 2656 2328 consuetudinis
2682 2288 2826 2339 esse,
2854 2273 3068 2343 quando
3089 2274 3402 2343 apostolica:
3429 2272 3539 2327 fidei
3564 2272 3743 2327 terminos

2256 2364 2489 2419 insolens
2519 2374 2571 2419 et
2603 2364 2889 2419 temeraria
2919 2364 3189 2419 haeretica:
3220 2363 3424 2419 fraudis
3450 2363 3637 2417 audacia
3659 2374 3744 2428 pra-

2256 2454 2490 2519 terisset,
2541 2453 2624 2508 his
2672 2453 3103 2523 propositionum
3154 2454 3384 2508 nexibus
3431 2450 3744 2507 inenodabiliter

2256 2544 2565 2612 vinciretur,
2600 2543 2791 2613 quibus
2827 2543 2994 2612 ipsam
3026 2542 3287 2599 catholici
3319 2558 3502 2598 sensus
3528 2542 3744 2596 libertatem

2259 2633 2397 2688 intra
2435 2633 2668 2702 perfidiae
2707 2649 2817 2690 sure
2858 2635 3079 2705 laqueos
3119 2635 3442 2705 implicatam
3469 2634 3662 2690 retinere
3686 2643 3744 2699 pit-

2264 2724 2427 2779 tabat.

2336 2816 2398 2869 V.
2439 2802 2505 2871 Et
2550 2826 2608 2872 ut
2651 2831 2712 2873 se
2762 2817 3086 2873 Athanasius
3140 2817 3480 2890 antiq’uorum
3521 2812 3745 2871 auctoritate

2263 2908 2516 2973 muniret,
2548 2909 2674 2962 talia
2703 2910 2891 2978 priscae
2928 2910 3332 2966 consuetudinis
3369 2908 3589 2977 exempla
3623 2912 3743 2970 protll-

2265 2998 2356 3062 lit;
2381 3012 2499 3066 qua:
2528 2998 2687 3052 Arius
2712 3013 2815 3052 non
2856 2999 3027 3053 solum
3059 3014 3258 3068 negare
3296 3014 3399 3054 non
3424 3005 3600 3067 posset,
3624 3003 3741 3044 verum

2268 3089 2430 3145 etiam
2464 3089 2574 3159 pari
2597 3104 2718 3144 cum
2749 3104 2814 3145 eo
2854 3089 2974 3145 fidei
3020 3090 3228 3147 ratione
3276 3089 3585 3146 defenderet.
3620 3084 3743 3148 Prope

588 3167 932 3241 ignoraverit,
991 3174 1225 3222 tentatus
1254 3167 1341 3232 sit,
1383 3165 1516 3221 mori
1549 3166 1807 3232 timuerit,
1848 3176 1901 3222 ct
1931 3177 2169 3223 mortuus
2197 3167 2240 3230 C
2273 3182 2380 3235 ευῑι
2406 3180 2564 3251 igitur
2593 3182 2659 3236 ad
2686 3181 3153 3237 demonstrandam
3204 3198 3364 3253 super
3392 3180 3626 3236 nominum
3646 3171 3743 3227 nori-

587 3261 675 3314 sit.
704 3258 798 3313 llla
832 3273 958 3314 vero
983 3272 1103 3327 qua:
1129 3256 1183 3310 in
1206 3256 1320 3325 ejus
1341 3258 1509 3327 geStis
1534 3258 1807 3312 miraculis
1852 3258 2007 3328 plena
2040 3274 2162 3313 nar-

589 3358 793 3415 rantur,
827 3362 932 3401 non
962 3356 1021 3401 ut
1044 3346 1184 3400 Deus
1214 3346 1375 3416 (quod
1407 3360 1508 3400 non
1540 3346 1679 3416 erat)
1704 3347 1900 3416 egisse,
1931 3347 2023 3403 sed
2049 3363 2164 3402 mu-

592 3453 724 3493 nere
775 3437 1222 3508 patrocinantium
1275 3437 1589 3492 meritorum
1642 3437 1894 3494 divinitus
1941 3439 2167 3493 asseruit

589 3530 922 3598 impetrasse.
954 3529 1060 3585 Sed
1086 3528 1201 3583 haec
1229 3528 1389 3583 etiam
1419 3528 1692 3598 probrosa:
1722 3530 2042 3585 infidelitatis
2071 3530 2167 3584 do-

590 3622 781 3685 ctrina,
814 3619 1114 3674 numerosis
1148 3628 1204 3673 et
1230 3618 1608 3688 multiplicibus
1638 3618 1973 3675 documentis
2004 3618 2168 3689 impia

592 3718 715 3758 esse
741 3713 796 3758 et
821 3703 995 3757 inanis
1030 3704 1185 3774 190
1211 3705 1484 3772 apparuit;
1509 3713 1565 3760 et
1597 3705 1760 3758 Deum
1791 3721 2004 3777 quoque
2026 3720 2168 3771 esse,

593 3810 752 3864 quem
784 3796 876 3850 ille
897 3796 1069 3850 solum
1105 3797 1375 3851 hominem
1407 3798 1783 3861 contendebat,
1816 3812 1882 3850 ex
1914 3797 2004 3851 illo
2033 3812 2172 3866 prae-

595 3888 751 3956 cipue
794 3886 985 3940 claruit
1035 3888 1341 3941 testimonio
1385 3889 1525 3956 quod
1571 3888 1803 3943 Joannes
1849 3888 2172 3957 evangelista

596 3985 821 4031 testatus
850 3984 953 4039 est,
1003 3974 1225 4031 dicens:
1270 3975 1337 4030 In
1392 3978 1645 4049 principio
1688 3988 1796 4032 erat
1842 3978 2084 4044 Verbum,
2126 3987 2174 4034 et

604 4066 820 4122 Verbum
857 4076 964 4121 erat
999 4068 1139 4140 apud
1186 4068 1372 4134 Deum,
1398 4076 1446 4122 et
1475 4067 1615 4122 Deus
1655 4078 1761 4123 erat
1796 4068 2032 4124 Verbum.
2064 4068 2175 4123 Hoc

591 4159 779 4213 eratin
806 4161 1058 4232 principio
1088 4160 1226 4230 apud
1270 4160 1447 4215 Deum.
1501 4160 1686 4214 Omnia
1726 4177 1815 4229 per
1846 4161 2011 4230 ipsum
2038 4162 2175 4231 facta

2266 3270 2460 3326 tatibus
2476 3271 2677 3341 antiqui
2700 3273 2863 3327 moris
2882 3273 3137 3342 regulam,
3155 3274 3298 3342 quod
3322 3281 3497 3327 contra
3516 3264 3739 3324 Sabellium.

2265 3364 2353 3431 qui
2369 3362 2577 3417 Patrem
2591 3363 2827 3432 genitum
2839 3365 3135 3429 asserebat,
3154 3362 3442 3432 ingenitum
3455 3367 3589 3427 atque
3601 3350 3744 3409 innasci

2269 3454 2429 3508 bilem
2458 3453 2655 3510 debere
2681 3454 2973 3509 catholicos
3004 3454 3265 3524 profiteri,
3294 3451 3639 3525 praeteritorum
3665 3457 3743 3497 ωηο

2268 3544 2511 3599 ciliorum
2525 3543 2742 3600 decreto
2759 3544 2924 3601 fuisse
2948 3546 3133 3600 initum
3150 3561 3165 3609 ;
3183 3559 3306 3599 cum
3320 3543 3418 3599 hoc
3439 3545 3585 3613 ipsum
3602 3534 3744 3593 eviden'

2273 3636 2379 3693 tius
2391 3637 2641 3707 positum,
2667 3637 2953 3706 Scriptura:
2978 3637 3169 3693 divinre
3188 3639 3494 3692 auctoritate
3507 3628 3743 3689 ostendinotl

2273 3737 2480 3798 posset;
2510 3729 2605 3783 sed
2635 3729 2735 3783 hoc
2761 3728 3135 3796 profitendum,
3183 3738 3241 3784 et
3288 3730 3398 3796 ipsa
3438 3727 3506 3781 rei
3528 3722 3691 3782 veritas,
3710 3722 3743 3767 et

2274 3823 2569 3879 necessitas
2592 3822 2854 3878 baereticae
2875 3820 3225 3893 professionis
3240 3826 3489 3892 exigeret.
3511 3818 3617 3871 item
3642 3812 3744 3865 Deum

2274 3915 2343 3971 de
2373 3915 2505 3984 Deo,
2552 3914 2733 3968 lumen
2756 3914 2820 3969 ex
2844 3913 3068 3978 lumine,
3100 3914 3293 3968 Filium
3333 3909 3658 3968 conﬁtendum.
3678 3896 3745 3966 eiii“

2274 4018 2468 4074 scopos
2498 4002 2794 4073 religionis,
2825 4018 2981 4073 quam
3023 4004 3182 4059 Arius
3219 4004 3425 4059 tradidit
3450 3990 3743 4056 sectatoretl.in

2276 4093 2566 4163 Syrmiensi
2597 4092 2801 4163 synodo
2828 4091 3143 4157 tradidisse;
3171 4095 3312 4162 quod
3340 4095 3502 4163 ipsum
3524 4090 3651 4145 etiam
3672 4081 3744 4134 sim-

2277 4184 2483 4253 pliciter
2510 4191 2565 4238 et
2592 4182 2895 4251 specialiter
2918 4184 2969 4236 in
2982 4181 3273 4252 Scripturis
3297 4185 3483 4239 divinis
3504 4183 3679 4249 positum
3698 4169 3744 4222 in-

591 4261 729 4318 sunt,
759 4260 807 4306 et
852 4253 958 4307 sine
987 4254 1099 4320 ipso
1130 4252 1323 4322 factum
1369 4260 1443 4305 est
1491 4251 1620 4306 nihil
1647 4251 1823 4321 (Joau.
1870 4268 1915 4317 ι,
1947 4253 2033 4322 l);
2083 4267 2156 4321 pet

2277 4251 2445 4329 veniri
2475 4288 2579 4328 non
2620 4288 2777 4344 posse
2807 4289 2820 4324 :
2844 4284 2898 4329 et
2922 4288 3080 4343 quam
3104 4251 3261 4342 plura
3295 4278 3373 4330 his
3402 4271 3574 4329 similia
3600 4258 3744 4336 protuli!

593 4341 734 4412 quod
760 4356 866 4395 non
904 4342 1077 4434 solum
1104 4351 1228 4397 ante
1252 4342 1443 4434 saecula
1485 4341 1649 4398 Deum
1680 4342 1819 4411 apud
1852 4342 2047 4410 Deum,
2075 4357 2175 4398 ve~
2276 4341 2766 4433 documenm,'qua
2807 4341 3080 4434 acmirum
3111 4341 3252 4421 δεῖξε
3282 4376 3516 4421 lenem,"
3540 4360 3743 4426 “pressa;

595 4447 714 4486 rum
766 4434 926 4487 etiam
969 4433 1133 4486 tatius
1160 4432 1449 4488 crcationis
1475 4434 1743 4490 exstitisse
1772 4445 2045 4513 auctorem
2082 4436 2175 4492 de-
2277 4457 2470 4526 quibus
2491 4432 2903 4521 ostendam—ad
2923 4455 3283 4511 ostendenda;
3306 4456 3638 4510 “micarum
3655 4449 3745 4497 inse

599 4525 856 4578 claratum
875 4532 977 4578 est.
1000 4523 1155 4577 Plura
1179 4525 1336 4579 etiam
1359 4535 1413 4579 et
1435 4526 1536 4579 alia
1567 4527 1651 4581 his
1672 4528 2037 4593 similia,sicut
2058 4545 2179 4599 pro-
2208 4526 2256 4587 D
2285 4523 2496 4613 ιέηιίπ,
2526 4563 2789 4602 novorum
2818 4547 3087 4602 nominum
3112 4548 3367 4603 vocabula
3397 4547 3547 4600 ruisse
3570 4542 3746 4611 ρηεηωι

595 4617 928 4673 secutionum
957 4630 1183 4685 corpore
1205 4625 1434 4685 tenetur,
1465 4628 1519 4673 et
1544 4621 2001 4690 praesuntprolata
2027 4623 2178 4678 testi-

600 4706 809 4765 monia;
833 4705 1025 4775 quibus
1053 4707 1281 4763 dilucide
1303 4710 1567 4778 apparuit,
1602 4712 1703 4764 hoc
1725 4711 1955 4765 Verbum
1983 4713 2172 4776 Deum,

598 4799 666 4851 de
694 4797 863 4853 Patris
892 4807 1046 4854 utero
1082 4806 1205 4853 ante
1226 4799 1418 4854 sazcula
1445 4801 1705 4870 genitum,
1739 4808 1795 4855 et
1820 4801 1872 4855 in
1905 4802 2011 4858 fine
2042 4811 2176 4859 tem-

600 4905 786 4958 porum
814 4892 883 4945 ob
908 4905 1147 4947 amorem
1196 4893 1468 4948 hominum
1518 4895 1689 4950 nostri
1733 4895 1947 4966 generis
1994 4910 2175 4953 susce-

599 4982 742 5050 pisse
764 4993 1035 5046 naturam;
1066 4984 1117 5037 in
1143 4997 1267 5052 qua,
1286 4984 1431 5039 salva
1456 4986 1537 5041 sui
1562 4985 1840 5052 natura,in
1870 5002 1971 5043 una
1997 4997 2172 5043 tamen

600 5071 892 5141 eademque
916 5087 1141 5139 persona
1169 5088 1356 5131 omnes
1383 5076 1628 5133 humanm
1660 5079 1961 5149 fragilitatis
1990 5080 2170 5135 subie-

600 5165 667 5217 rit
693 5164 990 5233 passiones.
1362 5185 1371 5195 -

672 5252 761 5307 IV.
804 5251 1033 5308 Excluso
1073 5253 1250 5324 itaque
1280 5254 1439 5310 etiam
1481 5246 1727 5325 Photino,
1754 5267 1809 5315 et
1832 5259 1947 5328 ejus
1985 5275 2169 5317 errore

601 5347 734 5400 meis
763 5345 1098 5402 interfatibus
1125 5347 1389 5413 abdicato,
1440 5350 1649 5419 pondus
1676 5368 1835 5407 omne
1873 5353 2086 5423 negotii,
2119 5363 2173 5408 et

602 5444 710 5490 tota
742 5438 861 5493 fidei
892 5452 1094 5493 summa
1125 5454 1190 5494 ex
1220 5439 1331 5494 Arii
1368 5449 1528 5512 atque
1562 5444 1839 5499 Athanasii
1868 5447 2173 5502 altercatio-

602 5528 686 5582 nis
734 5530 1126 5590 conflictatione
1178 5532 1464 5601 pendebat.
1520 5534 1723 5601 Quibus
1773 5536 1898 5591 dum
1954 5538 2173 5594 ineundi

603 5621 909 5680 certaminis
934 5626 1137 5696 cupiam
1170 5627 1493 5693 tribuissem,
1520 5627 1658 5684 hunc
1685 5630 2000 5689 Athanasius
2050 5633 2173 5691 fidei

2283 4648 2367 4707 pta
2393 4657 2408 4694 :
2439 4653 2537 4694 nec
2568 4648 2744 4694 tamen
2771 4646 2959 4692 contra
2988 4639 3209 4693 vetitum
3232 4636 3525 4707 θροειοιείιω
3547 4618 3746 4685 sententis

2280 4745 2373 4787 eos
2398 4730 2588 4786 fecisse
2616 4730 2941 4786 credendum
2958 4770 2974 4795 ,
3007 4745 3125 4799 quae
3155 4730 3400 4797 profanas
3428 4736 3589 4780 vocum
3612 4712 3746 4771 norit:-

2280 4829 2357 4875 tes
2383 4821 2635 4889 prmeepit
2662 4819 2958 4875 evitandas.
2987 4821 3092 4875 Sed
3124 4822 3391 4889 profanas,
3415 4814 3581 4885 inquit,
3601 4820 3677 4862 non
3694 4813 3745 4851 τευ

2281 4912 2522 4981 ligiosas.
2549 4912 2679 4966 Nam
2707 4911 3016 4981 religiosum
3046 4926 3189 4979 esse,
3219 4911 3501 4983 ingenitum
3527 4905 3668 4960 dicere
3686 4891 3747 4945 Pa-

2279 5012 2436 5070 trem,
2469 5013 2525 5059 et
2551 5004 2744 5058 Filium
2778 5006 2942 5058 Deum
2973 5004 3039 5059 de
3081 5005 3211 5069 Deo,
3261 5006 3435 5058 lumen
3481 5015 3538 5056 ex
3579 4987 3746 5077 lumine;

2273 5107 2429 5147 veros
2454 5108 2665 5163 quoque
2688 5094 3025 5150 Christianos
3053 5093 3342 5149 catholicos
3378 5083 3645 5157 nuncupari,
3668 5084 3746 5129 non

2272 5184 2503 5239 nominis
2526 5185 2746 5241 docetur
2768 5201 2888 5242 esse
2923 5185 3256 5240 vocabulum.
3286 5181 3449 5240 Simili
3488 5189 3597 5245 ετεο
3626 5164 3745 5261 η’ίῗῨδν

2275 5273 2789 5330 aiebatAthanasius
2834 5278 2995 5330 etiam
3038 5274 3254 5329 Nicmno
3301 5271 3527 5328 evenisse
3568 5256 3743 5323 εὐποίηθ-

2283 5362 2455 5435 thue
2502 5367 2660 5420 Arius
2700 5374 2885 5419 contra
2936 5364 3096 5420 fidem
3149 5352 3325 5419 rerum
3373 5344 3675 5415 triousion.id
3697 5344 3744 5439 εει

2277 5467 2388 5513 tres
2416 5458 2743 5513 substantias
2783 5457 3097 5521 inducebat;
3130 5453 3456 5516 homousion,
3485 5447 3529 5503 id
3556 5450 3623 5499 est
3644 5442 3745 5489 tlllllli

2278 5564 2398 5605 cum
2430 5549 2585 5605 Patre
2614 5549 2807 5605 Filium
2837 5549 3149 5605 substantiae
3179 5543 3520 5625 confitendum
3544 5528 3746 5625 cpiscttti‘ls

2281 5639 2570 5697 censuisse.
2602 5639 2665 5697 Et
2691 5648 2809 5697 erat
2837 5640 3054 5696 omnino
3080 5622 3422 5695 consequens.
3452 5639 3500 5685 ut
3522 5626 3556 5680 si
3585 5622 3744 5673 Inmiou-
