3938 6376
199 374 295 432 253

1045 365 1314 422 CONTRA
1358 364 1673 433 ARIANOS,
1714 365 2191 454 SABELLIANOS,
2235 370 2406 440 ETC.,
2451 372 2577 427 LIB.
2620 373 2706 428 Ill.

3332 380 3435 444 ΞΜ

197 491 252 543 ιῑῑ
287 481 541 556 professio
572 488 817 548 tanquam
867 492 895 532 a
948 477 1063 547 lcge
1116 477 1388 547 peregrina
1437 485 1740 543 censeatur,
1776 481 1821 537 Α
1850 480 1946 541 sci,
1975 491 2029 533 ut
2059 482 2260 538 nullum
2286 486 2397 539 suis
2425 486 2562 551 unde
2600 487 2884 559 gignuntur
2926 488 3162 545 materiis
3208 488 3435 543 aﬂ‘erant

197 577 382 632 triusize
422 586 629 641 quoque
661 569 899 624 inventio
935 569 1045 637 pari
1087 568 1296 622 ratione
1339 567 1751 620 conl‘rustretur.

196 671 460 722 Autcert'e
494 663 646 733 192
683 660 904 715 doceret
944 659 1103 712 Arius
1146 656 1404 712 triousion
1451 655 1758 726 specialiter

195 759 240 809 in
272 757 381 823 lege
411 754 793 819 conscriptum,
823 751 961 803 sicut
1002 748 1348 802 Athanasium
1385 746 1453 801 de
1491 746 1759 800 homousii

196 843 509 912 proprietate
537 841 777 909 cegebat.
818 837 922 893 Sed
954 852 1074 892 eum
1108 839 1206 891 hoc
1230 837 1443 905 penitus
1471 836 1758 890 ostendere

194 936 529 1005 nequivisset,
559 932 749 985 Ciuﬂlll
778 945 897 984 eum
925 927 1189 996 superﬂua
1220 927 1286 981 de
1318 926 1605 979 Athanasio
1633 940 1759 979 exe-

191 1046 219 1099 g
239 1041 320 1081 sse
343 1038 465 1095 quae
496 1024 608 1095 ipse
628 1021 846 1076 minime
868 1020 1040 1089 potuit
1059 1018 1448 1072 demonstrare.

253 1116 338 1169 Vl.
389 1116 452 1171 Et
502 1129 623 1168 cum
665 1127 725 1167 se
753 1112 862 1181 pari
892 1109 1205 1179 quaestionis
1239 1108 1450 1163 vinculo
1496 1116 1755 1161 art-talum

188 1212 551 1275 cognosceret,
607 1202 823 1257 tandem
877 1198 1160 1269 aliquando
1201 1198 1252 1255 in
1307 1212 1429 1253 eum
1477 1198 1758 1251 sententiae

190 1300 432 1366 placitum
460 1295 671 1351 reﬂexit
694 1306 994 1358 assensum,
1028 1300 1086 1345 ut
1115 1290 1238 1343 nudi
1273 1291 1536 1344 sermonis
1568 1289 1756 1357 proba-

188 1394 322 1444 tione
347 1392 569 1455 omissa,
600 1388 760 1442 rebus
798 1394 956 1453 atque
990 1384 1285 1437 rationibus
1317 1383 1604 1437 edocerent
1652 1380 1753 1435 Pas

190 1482 276 1533 tris
302 1489 353 1533 et
388 1479 507 1533 Filii
538 1488 628 1532 aut
657 1490 815 1531 unam
843 1486 935 1527 aut
961 1473 1200 1527 diversas
1231 1486 1351 1526 esse
1381 1481 1623 1525 naturas.
1650 1471 1754 1526 Sed

190 1572 305 1624 hinc
348 1571 674 1623 Athanasius
704 1568 901 1622 clarius
941 1575 1099 1634 atque
1141 1574 1382 1633 apertum
1424 1566 1579 1617 unius
1623 1562 1753 1617 sub-

188 1660 387 1715 stantia:
419 1658 670 1713 indicium
699 1656 874 1719 dabat,
909 1670 1013 1724 quo
1037 1655 1246 1708 Patrem
1291 1668 1353 1707 ex
1379 1653 1493 1720 ipso
1548 1660 1601 1705 et
1646 1665 1751 1705 non

187 1756 515 1807 extr'nsecus
562 1750 755 1804 Filium
801 1748 1050 1817 genuisse
1112 1744 1477 1809 monstrabat;
1533 1742 1754 1812 fierique

188 1864 288 1903 non
352 1861 509 1917 posse
559 1844 702 1899 aliud
756 1857 876 1897 eum
920 1856 1081 1911 quam
1110 1840 1159 1893 id
1188 1837 1327 1908 quod
1374 1838 1488 1906 ipse
1518 1845 1601 1891 est
1642 1836 1749 1890 cdi~

187 1938 327 1992 disse
359 1979 375 2003 ,
405 1951 524 1991 cum
555 1945 607 1989 et
634 1932 825 1988 divinae
880 1930 1237 2000 generationis
1278 1928 1472 1983 veritas
1521 1942 1617 1997 pro
1671 1928 1752 1981 sui

187 2027 401 2081 honoris
424 2024 723 2080 reverentia
746 2022 795 2077 id
818 2035 937 2077 esse
953 2019 1277 2075 credendum
1298 2018 1559 2088 exigeret,
1589 2028 1646 2073 et
1672 2034 1755 2074 re-

186 2134 298 2173 rum
342 2117 662 2172 naturalium
703 2112 1105 2171 consuetudinis
1156 2111 1445 2165 anetorilas
1484 2108 1752 2172 invitaret,

182 2226 285 2266 non
311 2226 466 2281 posse
490 2219 738 2279 parentes
760 2207 1036 2262 dissimilis
1054 2216 1260 2260 natura:
1290 2205 1424 2259 filios
1448 2220 1751 2273 procreare.

179 2300 245 2355 Et
276 2301 394 2355 ideo
433 2300 725 2356 secundum
750 2297 860 2351 Arii
892 2294 1234 2356 sententiam,
1268 2294 1356 2362 qui
1384 2295 1606 2347 alterius
1630 2294 1755 2347 sub-

179 2392 388 2447 stantia:
435 2406 593 2463 quam
624 2389 778 2443 Pater
822 2396 903 2441 est
947 2388 1135 2440 Filium
1178 2387 1471 2450 asserebat,
1518 2386 1617 2439 hoc
1658 2386 1755 2438 hus-

176 2499 339 2539 mano
373 2483 551 2539 sensui
584 2481 984 2551 intelligendum
1017 2494 1172 2548 posse
1202 2479 1438 2543 reliquit,
1468 2488 1527 2530 ut
1551 2477 1596 2530 si
1630 2490 1756 2530 vere

179 2572 349 2625 Filius
397 2574 452 2624 in
508 2570 818 2623 diversitate
873 2576 1074 2621 natura:
1104 2576 1208 2628 est.
1258 2580 1363 2620 non
1410 2575 1515 2618 tam
1546 2564 1757 2634 genitus

176 2675 339 2727 quam
371 2660 536 2714 factus
565 2674 685 2713 esse
726 2659 1006 2713 videatur:
1050 2659 1221 2728 sitque
1251 2672 1415 2711 vacua
1470 2666 1523 2711 et
1573 2656 1750 2710 inanis

174 2749 297 2802 Filii
345 2750 618 2816 Patrisque
664 2748 971 2817 appellatio,
1018 2748 1141 2801 dum
1174 2747 1353 2817 specie
1404 2756 1557 2801 tenus
1585 2744 1756 2814 magis

174 2852 334 2906 quam
365 2839 643 2901 veraciter,
671 2846 759 2891 aut
782 2836 873 2890 ille
896 2838 1167 2905 genu’sse,
1198 2845 1288 2888 aut
1319 2834 1403 2889 hic
1434 2842 1591 2888 natus
1618 2849 1753 2902 prte-

173 2926 402 2981 dicatur.
435 2928 538 2981 Aut
582 2928 623 2980 si
649 2941 772 2981 vere
796 2926 1008 2995 quidem
1038 2925 1104 2979 de
1154 2925 1311 2978 Patre
1359 2932 1514 2978 natus
1556 2925 1751 2978 asseri-

174 3028 280 3083 tur,
313 3033 412 3072 nec
442 3027 615 3072 tamen
655 3018 812 3070 unius
838 3031 957 3071 cum
1004 3030 1068 3069 eo
1120 3013 1466 3083 ejusdemque
1504 3013 1750 3068 substan-

171 3108 260 3161 tias
321 3107 594 3178 crediturf,
644 3108 965 3176 degenerem
1023 3120 1167 3167 eum,
1219 3113 1273 3159 et
1304 3094 1470 3159 instar
1524 3104 1748 3172 alicujus

173 3199 422 3264 monstri,
450 3199 579 3252 alias
605 3212 763 3267 quam
791 3206 1008 3266 paterna
1040 3204 1227 3250 natura
1254 3195 1487 3263 dictabat
1540 3195 1744 3250 editum
1773 3225 1819 3288 ρ

170 3290 423 3344 convenit
468 3289 724 3358 proﬁteri.
758 3287 909 3353 Quod
942 3302 1061 3342 cum
1105 3296 1304 3340 sant-tas
1347 3286 1419 3340 illi
1459 3294 1513 3340 et
1550 3286 1745 3340 beatis-

172 3380 321 3435 simte
348 3388 505 3450 atque
532 3380 780 3435 inen'abili
801 3394 905 3433 non
927 3386 1186 3445 congruat
1213 3377 1497 3446 majestati,
1519 3376 1749 3431 maxime

171 3488 294 3527 cum
324 3484 379 3528 et
419 3473 718 3527 animantes
746 3472 814 3525 ab
845 3472 946 3525 hoc
984 3472 1227 3540 pessima
1258 3468 1583 3523 conditionis
1628 3483 1749 3537 pro?

170 3565 315 3634 dig'o
346 3574 531 3618 natura
570 3564 762 3618 liberos
793 3562 1112 3625 reddiderit,
1144 3575 1213 3616 ne
1238 3560 1384 3614 aliud
1412 3575 1576 3628 quam
1605 3560 1747 3628 quod

170 3655 281 3723 ipsa
333 3663 457 3709 sunt
508 3661 793 3724 generent,
853 3652 1053 3722 liquido
1116 3649 1451 3719 comprobari
1508 3650 1745 3717 ejusdem

168 3742 362 3798 Filium
390 3745 543 3813 cujus
576 3745 729 3798 Pater
754 3757 875 3798 esse
910 3750 1135 3797 natum.

237 3835 349 3889 VII.
393 3836 497 3891 Sed
542 3845 728 3890 contra
776 3834 889 3889 haec.
917 3835 1079 3890 Arius
1122 3834 1253 3889 illud
1286 3833 1551 3903 praecipue
1581 3847 1745 3903 oppo,

164 3912 359 3989 nebat,
382 3928 589 3981 Patrem
618 3942 722 3980 non
762 3927 1000 3994 potuisse
1029 3940 1093 3979 ex
1128 3940 1186 3979 se
1228 3925 1420 3979 Filium
1462 3940 1740 3991 generare,

159 4029 230 4069 ne
261 4031 362 4083 per
387 4018 487 4070 hoc
523 4016 803 4070 divisionis
848 4016 1074 4083 alicujus
1103 4016 1186 4069 vel
1224 4014 1586 4083 corruptionis
1613 4016 1743 4069 vitio

156 4105 411 4159 videatur
438 4120 557 4160 esse
601 4106 889 4172 subiectus.
940 4104 1075 4169 Quia
1120 4105 1164 4158 si
1210 4120 1276 4159 ex
1326 4104 1637 4173 semetipso,
1686 4113 1744 4159 ut

154 4194 362 4256 aiebat,
387 4194 439 4247 id
466 4205 549 4248 est
594 4210 659 4248 ex
690 4194 793 4247 hoc
814 4194 955 4262 quod
984 4195 1099 4261 ipse
1129 4202 1230 4255 est,
1265 4193 1454 4253 Filium
1494 4194 1741 4261 genuisse

154 4285 432 4350 credatur,
462 4285 691 4353 aliquam
724 4284 903 4352 utique
928 4284 1241 4338 substantiae
1280 4298 1390 4338 sua:
1432 4284 1734 4352 portionem

156 4378 319 4449 193
368 4391 399 4430 a
428 4377 606 4446 seipso
634 4376 930 4430 secrevisse
962 4375 1261 4444 potabitur;
1308 4388 1403 4442 per
1439 4373 1578 4442 quod
1625 4375 1740 4431 sine

152 4472 261 4525 dub
286 4484 320 4524 o
338 4484 367 4522 a
398 4484 508 4522 suae
535 4468 876 4538 perfectionis
898 4468 1229 4537 plenitudine
1254 4467 1538 4523 admodum
1565 4468 1739 4523 desci-

152 4577 339 4626 scens,
371 4569 426 4614 et
452 4561 656 4617 divisus
678 4560 939 4629 profecto,
969 4570 1023 4615 et
1049 4560 1362 4614 imminutus
1387 4575 1507 4615 eSse
1534 4561 1735 4617 videbi-
1768 4583 1814 4641 ι)

154 4661 256 4704 lnr.
292 4651 445 4717 Quod
490 4650 803 4718 objectionis
831 4651 1139 4719 capitulum,
1174 4652 1261 4703 tali
1296 4650 1618 4707 Athanasius
1647 4666 1731 4705 ve-

152 4742 326 4796 ritatis
381 4743 589 4797 ratione
640 4742 936 4805 submovit;
987 4755 1107 4796 esse
1161 4741 1491 4810 impossibile
1547 4743 1732 4797 dicens

153 4834 339 4897 Deum,
375 4835 467 4903 qui
498 4836 840 4903 incorporeus
862 4833 933 4887 sit
961 4842 1015 4887 et
1040 4832 1324 4886 invisibilis
1350 4843 1508 4901 atque
1537 4833 1730 4903 impal-

151 4924 364 4990 pubilis,
398 4924 449 4978 id
483 4924 536 4978 in
563 4939 623 4979 se
647 4925 887 4991 recipere
928 4922 1011 4976 vel
1054 4923 1252 4977 habere
1286 4922 1424 4991 quod
1482 4924 1553 4976 sit
1590 4924 1729 4978 divi-

150 5014 313 5067 sionis
371 5022 469 5068 aut
519 5014 885 5083 corruptionis
934 5014 1064 5065 vitio
1112 5012 1448 5077 subjectum,
1479 5014 1729 5081 quoniam

149 5105 349 5161 sci’icet
374 5106 541 5160 dividi
570 5107 647 5160 vel
691 5104 931 5160 imminui
964 5104 1426 5159 contrectabilium
1482 5104 1651 5159 soleat
1680 5113 1734 5157 et

149 5196 508 5265 corporalium
565 5211 685 5250 esse
736 5194 1104 5249 materiarum.
1160 5194 1323 5248 Deum
1377 5208 1526 5257 vero,
1554 5195 1645 5261 qui
1676 5196 1729 5249 in

149 5286 639 5349 nulloesthorum,
692 5287 796 5340 tale
849 5285 1054 5352 aliquid
1098 5284 1298 5353 perpeti
1351 5284 1571 5337 omnino
1624 5299 1729 5337 non

147 5392 338 5446 posse:
371 5388 429 5434 et
456 5379 524 5434 ob
551 5379 603 5432 id
639 5377 963 5432 credendum
1014 5377 1156 5447 quod
1197 5377 1465 5446 genuerit,
1514 5374 1638 5443 quia
1672 5389 1730 5430 se

147 5475 397 5539 genuisse
425 5479 667 5525 testatur.
699 5468 1023 5539 Corruptum
1066 5478 1242 5524 autem
1281 5469 1382 5522 hac
1427 5468 1540 5538 ipsa
1566 5482 1730 5537 gene-

147 5563 350 5616 ratione
375 5561 598 5615 omnino
622 5574 727 5615 non
772 5560 1063 5624 fatendum,
1093 5559 1213 5628 quia
1245 5573 1458 5628 semper
1488 5560 1728 5613 incorru-

146 5661 285 5717 ptus.
314 5653 548 5706 Maxime
569 5666 688 5705 eum
714 5651 968 5720 pleraque
990 5651 1329 5705 inveniantur
1354 5652 1404 5704 in
1433 5651 1595 5706 rebus
1615 5666 1731 5705 eor-

147 5743 321 5809 poreis
348 5752 405 5798 et
452 5742 784 5810 corruptioni
814 5743 1067 5809 subjectis
1098 5742 1170 5799 ita
1200 5743 1491 5797 ministrari
1521 5744 1599 5797 vel
1632 5760 1727 5797 na-

390 5836 658 5905 ΡΛτιιοι..
708 5832 899 5892 LXII.

1863 570 2270 641 detrimentum,
2320 581 2454 633 sicut
2489 582 2665 643 lumen
2707 599 2736 636 a
2787 584 2987 639 lumine
3026 598 3315 658 sumptum,
3350 598 3431 649 vel

1861 678 2100 731 accessu,
2132 681 2184 723 et
2223 685 2317 739 per
2355 676 2633 738 quamdam
2666 676 2934 746 profectus
2961 683 3291 739 nativitatem
3335 693 3434 742 mi-

1863 757 2162 856 nistratum,
2192 761 2558 856 diminutionis
2587 768 2838 824 damnum
2870 774 3115 843 originali
3158 782 3324 847 possit
3351 784 3433 837 af-

1860 845 2001 900 ferre
2032 852 2267 903 materia,
2287 896 2300 917 ,
2334 868 2452 909 cum
2484 845 2538 909 et
2568 859 2776 915 divinus
2798 845 3171 923 sacratissimzc
3201 870 3433 941 Virginis

1860 950 2063 1007 partus,
2100 950 2153 996 et
2185 946 2285 999 tde
2324 947 2515 1016 aliquid
2548 951 2601 1009 in
2632 968 2689 1008 se
2721 956 2854 1013 miro
2882 967 3039 1029 atque
3069 963 3430 1033 inexplicabili

1858 1044 2313 1093 sacramentorum
2358 1045 2615 1109 mys:erio
2670 1048 2830 1104 fuisse
2882 1052 3254 1110 demonSIret:
3301 1059 3426 1114 dum

1857 1122 1973 1176 sine
2019 1124 2215 1179 damno
2250 1130 2464 1195 pudoris
2496 1132 2605 1187 Deo
2633 1138 2819 1203 plenus
2852 1150 3033 1197 uterus
3058 1161 3186 1201 vaeu
3207 1160 3326 1203 «tur.
3363 1152 3432 1206 Et

1856 1215 1899 1306 si
1930 1216 2198 1285 virginalis
2227 1221 2521 1290 integritas,
2547 1226 2590 1279 si
2614 1240 2797 1284 natura
2822 1238 3146 1305 corruptioni
3169 1241 3426 1306 obnoxia.

1858 1305 2025 1359 Deum
2056 1310 2307 1375 pariendo
2356 1328 2458 1367 non
2503 1324 2883 1391 corrumpitur,
2930 1333 3198 1396 quomodo
3239 1344 3426 1389 natura

1859 1397 2272 1469 ineorruptibilis
2304 1404 2467 1459 Patris
2497 1411 2742 1465 eumdem
2767 1416 2927 1470 Deum
2958 1425 3266 1488 generando
3310 1441 3429 1481 cor-

1858 1489 2029 1556 rumpi
2060 1494 2294 1558 potnisse
2345 1499 2631 1554 credatur?

1925 1579 2180 1680 PHb-Sed
2205 1584 2391 1640 iterum
2422 1592 2572 1646 Arius
2592 1593 2759 1651 Patris
2787 1607 2839 1652 et
2858 1600 2972 1657 Filii
2998 1604 3149 1676 longe
3173 1608 3427 1680 imparem

1856 1670 2276 1741 dissimilemque
2351 1692 2589 1737 naturam
2639 1687 2758 1743 hinc
2808 1670 3423 1769 ostendere'nitelmtur,

1853 1767 1993 1835 quod
2017 1766 2181 1823 F.lius
2210 1772 2466 1829 minorem
2498 1792 2556 1832 se
2584 1779 2776 1836 dixerit
2816 1783 2969 1841 Patre
3002 1806 3013 1839 :
3046 1799 3101 1843 et
3122 1807 3225 1846 non
3254 1766 3425 1859 suam,

1789 1854 1835 1913 Β
1859 1859 2098 1954 sedejus
2121 1862 2174 1915 in
2196 1868 2444 1921 omnibus
2467 1868 2641 1927 facere
2666 1876 3012 1939 voluntatem.
3039 1882 3304 1954 Multaque
3324 1854 3424 1942 alia

1857 1950 1908 2003 in
1944 1951 2097 2007 hunc
2127 1970 2339 2012 sensum
2364 1964 2731 2020 convenientia
2755 1968 2823 2024 de
2842 1973 3019 2040 seipse
3042 1950 3233 2032 lassum
3264 1982 3428 2038 fuisse

1855 2044 2126 2111 asseruit,
2161 2065 2279 2115 quae
2325 2053 2455 2107 mihi
2494 2058 2559 2110 ad
2600 2059 3102 2121 demonstrationem
3149 2070 3426 2129 di-similis

1856 2146 2060 2190 natura:
2103 2142 2231 2197 satis
2290 2143 2559 2202 imbecilla
2600 2160 2652 2204 et
2692 2156 2912 2211 muitum
2953 2160 3198 2215 vidi-mur
3238 2166 3426 2221 incnn-
3460 2175 3478 2186 ‘

1853 2241 2003 2322 grua.
2033 2230 2193 2298 Quasi
2224 2251 2348 2291 vero
2386 2239 2427 2291 si
2470 2242 2691 2309 quilubet
2720 2246 2855 2301 filius
2898 2248 3057 2304 homo
3106 2258 3272 2322 patris
3330 2260 3426 2311 lto-

1857 2320 2013 2374 minis
2046 2322 2202 2377 faciat
2231 2329 2578 2399 voluntatem,
2610 2343 2664 2389 et
2693 2351 2811 2390 eum
2841 2341 2943 2394 sibi
2976 2320 3313 2410 praestantem
3346 2350 3422 2404 fa-

1857 2419 2029 2464 teatur
2061 2422 2219 2483 atque
2262 2421 2552 2488 majorem,
2595 2426 2820 2481 diversae
2860 2432 2925 2483 ab
2954 2449 3018 2487 eo
3059 2441 3255 2503 poterit
3307 2457 3427 2499 esse

1858 2512 2098 2559 n'tturtc:
2137 2507 2260 2562 dum
2286 2514 2387 2565 etsi
2421 2517 2589 2582 possit
2620 2530 2764 2587 pater
2789 2522 2989 2581 honore
3021 2532 3255 2596 pra3f.-rri
3276 2577 3289 2599 ,
3320 2551 3425 2590 non

1859 2601 2033 2697 tamen
2066 2611 2249 2655 natura
2277 2602 2530 2661 discerni.
2581 2609 2729 2675 Quod
2762 2616 2972 2682 quidem
2998 2635 3095 2687 ego
3126 2623 3239 2693 lege
3265 2638 3423 2697 atque

1856 2689 2162 2785 conditione
2192 2704 2393 2751 natura:
2428 2699 2672 2757 humanae
2701 2706 2947 2763 dixerim.
2981 2714 3135 2785 194
3158 2689 3422 2773 émterirm

1856 2779 2179 2875 fithanasius
2208 2791 2573 2850 manifestiore
2595 2802 2857 2856 sententia
2902 2779 3235 2875 litrjirsn—qliis
3264 2813 3425 2870 intelo

1856 2872 2083 2943 ligentiac
2105 2879 2242 2935 viam
2269 2888 2498 2954 aperuit,
2530 2889 2581 2943 in
2609 2909 2733 2962 qua,
2760 2898 2903 2950 omni
2935 2872 3287 2959 cunetationis
3316 2908 3425 2962 die-

1853 2980 2005 3066 cussa
2054 2972 2300 3043 caligine,
2335 2979 2536 3034 clarum
2573 2972 2810 3042 veritatis
2838 2989 3016 3045 lumen
3048 2994 3253 3051 eduxit.
3287 2999 3424 3066 Quid

1852 3057 1993 3152 enim
2030 3063 2094 3115 ad
2138 3066 2298 3119 totius
2335 3073 2533 3126 erroris
2575 3076 2793 3133 nebulas
2842 3081 3146 3152 ell‘ogandas
3202 3057 3423 3147 dirivel

1852 3148 1995 3201 credi
2028 3153 2355 3212 manifestius
2377 3163 2576 3229 potuit,
2610 3181 2790 3237 quam,
2823 3148 3038 3228 sicutin
3072 3193 3177 3231 uno
3206 3180 3422 3235 Christo

1851 3237 1984 3295 duas
2013 3246 2279 3304 credimus
2307 3266 2427 3307 esse
2458 3265 2694 3327 naturas,
2727 3262 2816 3318 Dei
2846 3268 3049 3324 soificet
3096 3284 3146 3325 et
3191 3273 3421 3330 hominis

1850 3333 2114 3398 geminam
2146 3352 2361 3410 quoque
2397 3344 2448 3398 in
2482 3347 2597 3415 ejus
2635 3353 2810 3407 verbis
2840 3358 2920 3411 vel
2954 3363 3084 3415 actis
3118 3380 3293 3421 rerum
3327 3386 3412 3423 co-

1849 3434 2166 3531 gposcamus
2197 3431 2371 3530 inesse
2396 3437 2693 3497 virtutem?
2726 3446 2787 3499 Ut
2821 3462 2881 3500 ea
2913 3443 3146 3519 quidem,
3181 3474 3297 3531 qua:
3329 3476 3416 3514 su-

1852 3510 2065 3611 blimius
2107 3517 2359 3588 loquitur,
2402 3525 2452 3578 id
2482 3540 2596 3611 est,
2636 3530 2750 3602 Ego
2779 3546 2824 3587 et
2856 3510 3013 3591 Pater
3056 3510 3212 3598 ωιριιῖ
3248 3510 3421 3605 sunt).

1852 3602 2031 3670 (Joan.
2068 3625 2121 3675 x,
2151 3612 2264 3681 50),
2296 3624 2350 3667 et
2376 3604 2677 3678 ctetera'his
2709 3629 2923 3699 similia,
2948 3633 3012 3687 ad
3046 3636 3255 3697 deitatis
3287 3602 3421 3697 refe;

1852 3710 2039 3793 rantur
2070 3713 2343 3793 naturam;
2385 3725 2502 3778 qua:
2537 3729 2662 3769 vero
2694 3717 2965 3793 humilius,
2997 3731 3289 3786 secundum
3320 3734 3418 3788 ho-

1849 3791 2044 3845 minem
2086 3792 2249 3850 fuisse
2285 3797 2563 3857 locotnm?
2606 3807 2679 3863 De
2728 3811 2928 3880 Spiritu
2955 3791 3187 3889 quoque
3235 3836 3420 3881 sancto

1846 3903 2159 3961 competens
2182 3896 2356 3953 habita
2385 3901 2677 3972 disputatio
2698 3922 2813 3966 est:
2848 3929 3002 3986 quem
3035 3919 3192 3975 Arius
3220 3938 3247 3975 a
3272 3939 3420 3978 com-

1856 3987 2107 4042 munione
2125 4000 2329 4045 naturzc
2359 3994 2531 4051 Patris
2559 4011 2612 4053 et
2640 4002 2760 4055 Filii
2807 4021 2900 4072 per
2922 4022 3181 4066 creaturae
3209 4018 3419 4073 confes-

1845 4075 2051 4171 sionem
2081 4079 2236 4171 longe
2265 4098 2529 4147 secretum
2562 4097 2721 4159 atque
2762 4096 2995 4151 alienum
3039 4116 3159 4156 es-e
3191 4109 3417 4171 putavit,

1844 4162 1947 4264 Sed
1978 4168 2296 4264 quod-unius
2316 4174 2385 4233 sit
2406 4176 2753 4249 ejusdemque
2783 4186 3096 4244 substantia:
3128 4162 3250 4249 hinc
3282 4162 3420 4264 pne;

1844 4259 2000 4324 cipue
2046 4261 2370 4319 Athanasius
2419 4268 2829 4342 demonstravit,
2864 4279 2988 4333 dum
3036 4298 3095 4337 ea
3126 4301 3245 4341 eum
3275 4259 3419 4359 loqui

1845 4357 2004 4449 atque
2056 4368 2375 4449 agereuqua:
2404 4376 2510 4413 non
2542 4365 2641 4417 nisi
2690 4364 2799 4421 Deo
2828 4373 3077 4437 possibile
3104 4380 3178 4433 sit
3204 4357 3415 4449 operari

1845 4440 1929 4493 vel
1962 4440 2134 4515 loqui,
2169 4446 2399 4510 taliaque
2443 4450 2511 4503 de
2554 4466 2620 4505 eo
2665 4455 2851 4511 referri
2905 4476 3023 4530 quae
3054 4468 3179 4519 nulli
3212 4440 3413 4526 ciinves

1845 4533 2300 4629 niantcreaturae.
2335 4541 2631 4609 perdocuit.
2668 4547 2732 4601 Et
2772 4549 2894 4605 ideo
2929 4566 2958 4605 a
3003 4555 3177 4612 Patris
3204 4574 3258 4616 et
3292 4563 3406 4629 Filii

1840 4625 2056 4681 deitatis
2102 4628 2307 4685 unitate
2357 4640 2671 4692 extraneum
2722 4644 2801 4695 vel
2854 4644 3083 4711 divisum
3134 4646 3259 4715 esse
3304 4625 3409 4711 non

1841 4730 2030 4784 posse,
2065 4736 2222 4788 quem
2252 4724 2441 4780 similis
2468 4736 2627 4798 atque
2653 4734 2837 4788 eadem
2866 4752 3086 4804 operum
3118 4746 3288 4805 virtus
3319 4751 3414 4806 de-

1840 4813 2158 4865 monstravit
2184 4815 2464 4882 mqualem.
2489 4818 2588 4884 Qui
2618 4833 2669 4874 et
2717 4840 2899 4880 revera
2920 4870 2934 4894 ,
2959 4830 3260 4891 detestabili
3293 4855 3415 4907 pra-

1840 4905 2017 4957 vitatis
2043 4918 2226 4997 errore
2247 4946 2262 4971 ,
2296 4907 2465 4962 Patris
2490 4922 2543 4965 et
2576 4912 2691 4968 Filii
2742 4919 2997 4975 societate
3023 4924 3227 4990 alienus
3258 4905 3411 4997 puta-

1840 5003 1946 5062 tur,
1979 4996 2100 5064 quia
2133 5012 2313 5063 parem
2364 5001 2595 5055 nominis
2641 5004 2956 5076 virtutisque
2996 4996 3408 5073 ltonoremicum

1838 5088 2039 5141 eisdem
2071 5089 2317 5145 obtinere
2349 5104 2694 5153 monstratur.

1910 5178 2000 5233 IX.
2046 5181 2327 5237 Difﬁcilem
2366 5200 2575 5255 quoque
2603 5189 2745 5251 illam
2787 5200 2841 5247 et
2871 5194 2952 5261 (ut
2981 5194 3140 5251 Arius
3161 5208 3407 5253 autuma-

1839 5271 1950 5355 bat)
1997 5274 2341 5335 insolubilem
2369 5280 2718 5346 qumtionem
2738 5325 2754 5349 ,
2782 5286 2921 5354 quod
2969 5296 3076 5343 tres
3106 5306 3241 5344 unus
3268 5291 3407 5346 Deus

1837 5368 1962 5433 dici,
1992 5378 2045 5421 et
2067 5368 2207 5423 idem
2241 5369 2408 5429 tribus
2434 5372 2683 5442 distingui
2714 5392 2820 5430 non
2866 5392 3023 5446 posse
3049 5383 3293 5450 personis
3327 5384 3407 5438 in-

1836 5465 2131 5522 to-ntaverat
2155 5500 2170 5527 ,
2202 5461 2271 5519 ita
2313 5462 2637 5518 Athanasius
2666 5465 2864 5523 divinas
2899 5468 3189 5536 Scriptura:
3216 5482 3400 5531 aucto-

1834 5552 1987 5604 ritnte
2034 5552 2308 5619 dissolvit;
2354 5564 2411 5608 ut
2455 5556 2642 5625 majori
2675 5558 2745 5611 sit
2774 5558 3114 5614 absolutione
3155 5563 3401 5622 veritatis

1833 5643 2084 5710 enodata,
2117 5659 2271 5712 quam
2322 5644 2484 5700 fuerit
2536 5662 2631 5713 per
2668 5647 3012 5715 syllogismos
3043 5653 3399 5711 versutiarum

1835 5738 2063 5811 plictiles
2094 5737 2350 5793 involuta.
2395 5736 2726 5791 Manifestius
2767 5752 2995 5806 namque
3024 5740 3205 5797 docuit
3260 5749 3403 5821 quod

3082 5832 3124 5894 8
