3938 6376
580 350 583 351 ν
594 309 700 369 235

1904 305 2129 364 VlGlLll
2169 303 2533 361 rarssusrs
3662 322 3733 381 πθ

570 427 645 479 'iu
675 420 931 477 Trinitate
960 412 1097 475 unus
1132 419 1289 489 Deus,
1318 418 1611 475 secundum
1639 425 1844 473 naturae
1876 418 2162 483 unionem,
2191 419 2247 478 Α
2273 416 2447 470 facere
2470 413 2831 480 voluntatem,
2864 422 2920 470 et
2946 423 3139 472 caetera
3172 416 3251 472 his
3272 418 3467 488 similia,
3491 439 3587 495 qum
3605 429 3735 499 diSpu.

576 531 696 569 τηου
723 512 1015 568 secundum
1045 512 1442 567 distinctionem
1474 524 1845 580 personarum.
1872 510 1937 565 Et
1961 509 2160 565 idcirco

592 616 700 661 tres
730 619 864 660 unus
895 612 978 659 est
1008 604 1171 669 Deus,
1199 603 1321 674 quia
1353 601 1512 657 trium
1543 609 1731 656 natura
1760 616 1864 655 una
1888 611 1992 657 est.
2028 601 2164 666 Quia

580 708 788 752 etcum
831 696 1012 749 multa:
1040 695 1229 747 anima:
1258 709 1357 747 una
1388 693 1587 757 anima,
1622 700 1819 747 etcum
1842 705 2030 746 omnes
2066 691 2162 745 ho-

590 790 763 842 mines
786 803 920 841 unus
964 786 1122 839 homo
1148 784 1360 848 dicitur,
1400 782 1694 837 secundum
1727 791 1934 837 natura:
1965 782 2161 837 condi-

587 880 813 945 tionem,
846 891 963 946 qua:
991 874 1233 930 omnibus
1265 888 1366 928 una
1390 881 1494 937 est,
1529 886 1632 927 non
1662 872 1957 927 secundum
1983 872 2162 926 diver-

587 970 800 1024 sitatem
824 967 1082 1023 asseritur
1105 979 1475 1034 personarum.
1497 964 1661 1033 igitur
1681 963 1772 1034 qui
1803 971 1995 1018 natura
2023 976 2161 1017 unus

586 1075 669 1122 est
686 1062 988 1129 Deus,idem
1004 1061 1054 1114 in
1072 1060 1309 1129 personis
1326 1068 1436 1113 tres
1461 1067 1605 1122 sunt,
1628 1058 1802 1123 Pater,
1825 1066 1877 1112 et
1895 1055 2086 1120 Filius,
2106 1064 2161 1111 et

583 1158 815 1226 Spiritus
847 1154 1000 1224 195
1014 1162 1247 1207 sanctus.
1273 1150 1327 1205 Si
1356 1151 1536 1220 itaque
1563 1150 1752 1204 borum
1778 1147 1938 1202 trium
1963 1160 2160 1201 nomen

584 1258 865 1304 commune
903 1243 1167 1313 requiras,
1199 1240 1341 1295 Deus
1385 1248 1497 1305 est;
1531 1240 1583 1294 iu
1614 1253 1723 1309 quo
1744 1253 1851 1293 uno
1879 1253 1943 1293 ae
1972 1238 2157 1307 singu-

582 1337 681 1391 lari
712 1336 928 1389 nomine
970 1332 1218 1401 baptismi
1267 1331 1580 1402 mysterium
1619 1330 1941 1385 celebratur.
1972 1327 2154 1399 Bapti-

580 1426 1105 1496 zate,'inquit,genles
1128 1422 1181 1474 in
1207 1422 1411 1475 nomine
1441 1419 1613 1475 Patris
1638 1430 1685 1474 et
1718 1419 1845 1474 Filii
1869 1418 2159 1488 etSpiritut

580 1520 742 1576 sancti
769 1517 990 1589 (Matth.
1022 1528 1210 1577 xxvm,
1242 1512 1354 1582 19).
1381 1511 1538 1566 Juxta
1569 1525 1726 1581 quam
1758 1510 1988 1564 nominis
2010 1522 2159 1561 com-

580 1613 908 1670 muniouem,
937 1619 991 1663 et
1019 1608 1177 1662 Pater
1202 1606 1358 1668 Deus,
1392 1612 1446 1658 et
1477 1602 1644 1657 Filius
1668 1603 1826 1667 Deus,
1851 1610 1904 1655 et
1924 1598 2160 1669 Spiritus

576 1712 795 1759 sant-tus
822 1700 1015 1756 dicitur
1032 1700 1192 1753 Deus.
1223 1698 1428 1750 Etcum
1458 1693 1819 1763 unusquisque
1840 1706 2024 1747 eorum
2048 1689 2158 1744 siu-

2271 503 2489 559 tationis
2516 518 2742 573 corpore
2767 506 2979 574 plenius
3011 506 3273 563 habentur
3298 525 3522 580 expressa
3539 557 3552 582 ,
3576 521 3736 575 eviden-

2272 602 2478 658 tissime
2524 602 2799 657 Athanasii
2840 604 3154 673 comprobat
3198 605 3377 672 ﬁdem,
3408 623 3499 677 qua
3538 608 3734 670 Christum

2267 695 2498 746 asseruit
2537 692 2654 747 haec
2707 694 2885 747 omnia
2914 709 3019 748 non
3050 694 3338 750 secundum
3364 696 3567 765 deitatis,
3589 703 3661 756 sed
3681 720 3737 759 se-

2267 788 2505 842 cundum
2530 786 2901 852 humanitatis,
2927 803 3085 858 quam
3118 788 3253 843 idem
3282 790 3528 861 gestabat,
3562 803 3735 849 naturam

2266 876 2433 932 fuisse
2458 878 2713 933 locutum.
2745 876 2849 934 Sed
2876 887 2929 933 et
2959 894 3079 933 eum
3104 879 3280 946 Arius,
3309 895 3370 935 ex
3394 880 3736 941 inlirmitatedic-

2266 976 2441 1023 torum
2472 968 2555 1023 vel
2583 978 2852 1039 gestorum
2890 970 3023 1039 ejus,
3053 979 3347 1025 creaturam
3385 988 3494 1027 eum
3520 976 3610 1030 vult
3634 977 3737 1031 intel-

2265 1059 2356 1128 ligi
2380 1060 2677 1130 (indignum
2706 1060 2961 1116 videlicet
3007 1062 3258 1131 judicans
3286 1077 3507 1120 nainram
3535 1065 3577 1118 in
3602 1080 3653 1118 eo
3674 1066 3733 1119 1)ςί

2264 1152 2646 1220 omnipotentis
2674 1154 2941 1222 accipere,
2972 1169 3134 1223 quem
3166 1156 3419 1224 conSpicit
3444 1157 3583 1210 tantis
3608 1173 3737 1211 neces-

2262 1242 2475 1296 sitatum
2526 1245 2921 1299 conditionibus
2958 1246 3345 1317 subjacuisse),
3390 1264 3486 1303 non
3514 1250 3652 1303 solum
3675 1265 3735 1318 per

2264 1332 2379 1388 haae
2410 1336 2690 1390 Athanasii
2729 1338 3049 1392 sententiam
3097 1338 3368 1393 robustius
3415 1338 3584 1405 ﬁrmat,
3611 1341 3736 1407 quain

2261 1426 2475 1481 Christo
2504 1428 2798 1482 secundum
2828 1428 3283 1498 dispensationem
3314 1430 3480 1485 carnis
3504 1427 3734 1495 accipienda

2261 1530 2383 1573 esse
2418 1517 2658 1572 deﬁnivit
2688 1534 2914 1589 qumque
2942 1519 3169 1575 viriliter
3199 1534 3287 1573 aut
3319 1521 3512 1573 locutus
3558 1526 3654 1580 est,
3680 1526 3736 1569 aut

2262 1607 2497 1675 peregit;
2530 1622 2716 1661 verum
2761 1608 2922 1662 etiam
2949 1608 3111 1662 simili
3160 1624 3281 1663 cum
3328 1607 3545 1662 Photin
3570 1604 3736 1673 perﬁda

2260 1696 2474 1750 vinculo
2501 1707 2713 1751 tenetur
2736 1699 3012 1764 astrictus,
3046 1698 3171 1752 dum
3197 1708 3253 1752 et
3281 1698 3395 1768 ipse
3417 1697 3517 1767 pari
3543 1693 3737 1750 si-nteniit

574 1800 834 1870 gulariter
863 1797 1003 1850 Deus
1032 1795 1121 1857 sit,
1155 1792 1286 1846 deos
1318 1798 1493 1845 tamen
1521 1803 1616 1844 eos
1646 1786 1925 1858 pluraliter
1951 1784 2151 1848 dicere,
2188 1780 2234 1840 B
2261 1783 2456 1840 Filium
2500 1787 2590 1841 Dei
2632 1796 2932 1841 creaturam
2965 1802 3127 1843 ausus
3157 1796 3243 1852 est
3280 1787 3512 1842 deﬁnire.
3537 1790 3593 1841 At
3624 1799 3735 1853 quan.

575 1900 776 1947 natura:
794 1886 969 1941 unitas
994 1899 1097 1938 non
1120 1882 1374 1937 admittit.
1399 1880 1660 1948 Quoniam
1688 1886 1898 1934 natura:
1922 1891 2146 1943 nomen,

574 1982 715 2052 quod
744 1982 885 2035 Deus
905 1987 1008 2043 est,
1033 1990 1139 2031 non
1171 1973 1436 2043 privatum
1464 1972 1753 2041 unicuique
1777 1978 1831 2026 et
1854 1969 2150 2039 peculiare,

536 2096 547 2103 ·
573 2076 665 2130 sed
694 2086 974 2129 commune
987 2080 1088 2124 est.
1106 2069 1169 2122 Et
1195 2066 1335 2137 quod
1363 2079 1650 2122 commune
1674 2075 1833 2133 atque
1860 2079 2023 2118 unum
2046 2074 2149 2128 est,

572 2167 726 2235 plura
750 2178 867 2219 esse
896 2177 1000 2216 non
1031 2167 1227 2229 potest.
1256 2158 1321 2213 Et
1346 2157 1466 2212 ideo
1486 2154 1723 2210 Trinitas
1746 2169 1852 2209 non
1877 2153 2153 2223 pluraliter

573 2260 667 2322 dii,
699 2258 791 2312 sed
836 2269 971 2309 unus
1005 2252 1199 2307 dicitur
1242 2238 1422 2304 Deus.'
1457 2248 1555 2303 Ubi
1584 2261 1710 2301 vero
1764 2244 2028 2315 peculiare
2055 2244 2152 2296 ali-

572 2348 719 2417 quid,
751 2356 804 2402 et
833 2344 972 2415 quod
1006 2344 1057 2397 in
1089 2342 1230 2396 aliud
1262 2356 1369 2395 nou
1404 2339 1726 2408 reciprocat,
1776 2337 1956 2402 inest,
1994 2336 2066 2389 ibi
2098 2344 2151 2390 et

571 2439 846 2510 pluralitas
869 2445 922 2491 et
948 2433 1223 2489 distinctio
1248 2432 1433 2486 haberi
1461 2439 1656 2500 petest.
1686 2429 1818 2497 Quia
1844 2443 1973 2499 ergo
1993 2428 2151 2482 Pater

569 2530 784 2600 proprie
802 2528 1018 2589 dicitur,
1042 2535 1096 2580 et
1118 2523 1283 2579 Filius
1310 2524 1531 2591 proprie
1558 2530 1922 2590 nuncupatur,
1954 2528 2008 2573 et
2030 2519 2148 2588 Spi-

569 2622 705 2675 ritus
735 2629 953 2675 sanctus
998 2617 1208 2687 propria
1237 2616 1603 2685 appellatione
1634 2613 2016 2683 distinguitur,
2052 2626 2150 2669 nec

565 2720 744 2782 potest
789 2711 947 2765 Pater
987 2708 1175 2772 Filius,
1230 2721 1330 2761 nec
1373 2705 1540 2761 Filius
1568 2705 1760 2772 Pater,
1787 2720 1885 2760 nec
1913 2703 2148 2774 Spiritus

567 2812 785 2858 sanctus
804 2812 896 2856 aut
935 2800 1102 2855 Filius
1131 2807 1225 2853 aut
1254 2798 1412 2853 Pater
1442 2796 1666 2866 intelligi
1690 2836 1706 2862 ,
1738 2796 2039 2852 rectissime
2065 2811 2146 2851 se-

497 2933 500 2935 λ
567 2895 799 2950 cundum
832 2892 1227 2947 distinctionem
1272 2903 1620 2958 personarum
1653 2896 1762 2943 tres
1785 2888 2144 2952 nominantur,

568 2987 657 3057 qui
691 2996 864 3039 tamen
888 2981 1180 3038 secundum
1214 2989 1418 3034 natura:
1449 2979 1706 3033 unionem
1738 2979 2007 3032 numerari
2039 2993 2146 3034 non

569 3084 811 3147 possunt.
841 3073 905 3127 Et
933 3073 1052 3125 ideo
1078 3070 1177 3124 tria
1201 3080 1325 3125 sunt
1356 3069 1569 3123 nomina
1601 3069 1654 3122 in
1682 3067 2143 3136 personis,Pater,

2256 1890 2413 1945 quam
2464 1876 2515 1930 in
2564 1890 2631 1932 eo
2677 1878 2787 1931 sint
2834 1876 3125 1932 dissimiles
3150 1918 3166 1943 ,
3199 1877 3339 1946 quod
3370 1876 3514 1930 Arius
3536 1875 3735 1928 C(BieSleﬁl

2254 1978 2577 2035 creaturam,
2609 1976 2663 2022 et
2688 1968 2964 2024 meliorem
2996 1969 3206 2024 caeteris
3238 1969 3424 2023 Filium
3458 1966 3539 2021 Dei
3564 1966 3735 2035 opinatus

2255 2057 2344 2125 sit,
2374 2059 2633 2113 Photinus
2658 2075 2787 2115 vero
2813 2069 3123 2115 terrestrem
3146 2100 3160 2123 ,
3190 2070 3414 2129 uterque
3437 2069 3589 2112 tamen
3610 2066 3735 2109 eorum

2252 2162 2513 2207 creatura:
2537 2154 2752 2207 nomine
2774 2154 3053 2222 cepulatur
3071 2193 3086 2219 ,
3111 2154 3239 2208 dum
3263 2155 3373 2208 sive
3396 2154 3646 2213 cmlestem,
3664 2148 3735 2200 sive

2256 2253 2523 2299 terrenam
2550 2246 2799 2309 dixerint,
2831 2246 3047 2300 minime
3070 2255 3250 2301 tamen
3279 2260 3308 2297 a
3331 2255 3568 2298 creaturae
3587 2236 3734 2294 confes-

2259 2336 2416 2391 sione
2444 2337 2753 2401 discedunt,
2785 2338 3085 2392 adimentes
3108 2339 3321 2407 utrique
3350 2334 3479 2390 Filio
3508 2332 3553 2386 id
3575 2328 3677 2399 quod
3697 2326 3736 2380 de

2252 2428 2413 2484 Patre
2451 2439 2606 2485 natus
2634 2438 2747 2495 est;
2779 2440 2832 2485 et
2877 2429 2981 2485 hoc
3011 2430 3183 2507 solum
3234 2430 3352 2499 ipso
3378 2424 3648 2480 assertionis
3680 2433 3735 2485 ις·

2254 2536 2384 2577 nere
2435 2521 2613 2577 idonei
2661 2523 2876 2590 utrique
2923 2530 3048 2577 sunt
3094 2520 3395 2576 Athanasio
3425 2526 3586 2572 testes.
3613 2511 3686 2567 Sed
3706 2524 3736 2579 ρι

2251 2613 2376 2667 dum
2411 2612 2683 2667 Christum
2714 2622 3014 2667 creaturam
3048 2610 3310 2678 fatentur,
3342 2623 3521 2666 errore
3550 2596 3736 2660 consimili

2250 2704 2590 2774 reperiuntur
2614 2704 2874 2773 aequales.

2324 2794 2412 2848 XI.
2457 2794 2753 2849 Probabilis
2785 2794 2964 2866 igitur,
2993 2804 3046 2849 et
3072 2795 3217 2849 omni
3252 2793 3490 2850 veritatis
3512 2786 3733 2846 assertione

2248 2874 2497 2952 subnixa,
2525 2894 2709 2953 utpote
2733 2885 3044 2954 apostolicis
3069 2885 3451 2940 traditionibus
3472 2877 3735 2937 communita.

2249 2990 2317 3030 ex
2343 2990 2528 3030 eorum
2555 2976 2776 3031 veniens
2833 2977 3050 3045 regulis,
3086 2977 3369 3032 Athanasii
3408 2976 3529 3030 ﬁdes
3552 2974 3736 3040 apparuit.

2250 3067 2565 3123 Evidentins
2592 3084 2819 3139 namque
2846 3069 2999 3123 nobis
3022 3068 3323 3125 secundum
3347 3082 3569 3124 nurmam
3586 3061 3738 3116 ῆοιεὶω·

568 3183 620 3227 et
640 3168 825 3231 Filius,
849 3174 903 3219 et
927 3163 1160 3232 Spiritus
1191 3169 1435 3225 sanctus;
1461 3176 1622 3214 unum
1651 3173 1843 3213 nomen
1866 3159 1916 3213 in
1932 3167 2141 3228 natura,
2173 3139 2220 3203 (ἶ
2254 3162 2462 3217 tbolicaa
2510 3177 2669 3216 unum
2724 3161 2888 3216 Deum
2923 3162 3075 3231 197
3120 3161 3383 3228 ostendit,
3434 3174 3530 3214 non
3576 3148 3736 3221 triparti-

566 3258 740 3321 Deus;
774 3264 829 3311 et
865 3256 932 3309 οἱ»
958 3254 1060 3306 hoe
1097 3261 1203 3305 tres
1244 3266 1379 3303 unus
1408 3250 1565 3304 Deus.
1600 3249 1739 3319 Ergo
1772 3264 1869 3303 nec
1901 3249 2148 3307 confusio

567 3348 620 3400 in
651 3347 841 3407 tribus,
873 3359 970 3398 nec
998 3343 1283 3397 diversitas
1310 3342 1362 3395 in
1401 3356 1506 3395 uno
1544 3341 1849 3395 admittitur
1888 3342 2144 3399 nomine:

566 3451 628 3490 ac
649 3436 726 3489 sic
755 3435 989 3489 Trinitas
1018 3449 1154 3487 unus
1171 3432 1310 3486 Deus
1332 3440 1416 3486 est
1437 3430 1733 3486 secundum
1771 3442 1973 3486 natura:
1994 3436 2147 3489 unio-

567 3541 726 3588 nem;
758 3534 811 3579 et
841 3541 975 3577 unus
1004 3523 1147 3577 Deus
1178 3522 1425 3576 Trinitas
1443 3530 1526 3576 est
1556 3522 1849 3577 secundum
1887 3540 2141 3591 persens-

569 3632 683 3670 rum
714 3616 1134 3669 distinctionem.
1166 3613 1289 3667 Haec
1317 3614 1466 3682 juxta
1499 3611 1775 3667 Athanasii
1799 3630 2016 3669 sensum
2046 3632 2138 3671 ve-

568 3711 681 3762 rius
701 3710 873 3761 adhuc
897 3717 950 3761 et
980 3706 1189 3775 plenius
1217 3714 1391 3775 potest
1419 3705 1644 3775 quisque
1668 3706 1966 3772 disserere;
1990 3710 2141 3774 cuius

568 3800 691 3853 ﬁdei
747 3812 835 3850 ass
873 3798 975 3851 rtio
1043 3805 1185 3850 tanta
1235 3797 1476 3850 veritatis
1526 3800 1844 3852 auctoritate
1891 3808 2139 3868 tantaque

564 3892 919 3963 probabilium
954 3904 1132 3944 rerum
1182 3888 1559 3957 astipulatione
1594 3890 1841 3954 fulcitur,
1874 3902 1949 3954 ut,
1989 3906 2127 3946 novo

563 3998 721 4056 atque
747 3986 1001 4040 inusitato
1024 3981 1248 4037 actionis
1276 3998 1494 4051 genere,
1515 3998 1734 4036 suorum
1762 3984 1927 4051 magis
1950 3985 2138 4039 adver-

561 4082 821 4137 sariorum
870 4077 1175 4133 testimonio
1205 4076 1619 4145 comprobetur,
1652 4084 1707 4129 et
1748 4076 1878 4143 ipsis
1907 4071 2025 4129 a’liis
2054 4092 2138 4129 ra-

562 4174 788 4227 tionibus
813 4180 1022 4226 constet
1042 4178 1203 4238 atque
1236 4166 1493 4221 subsistat
1525 4167 1721 4236 quibus
1746 4166 1949 4221 destrui
1979 4181 2135 4235 posse

561 4273 792 4333 putatur.
1228 4290 1232 4294 -
1346 4260 1349 4263 λ

632 4355 697 4408 Χ.
740 4353 883 4406 Dixit
910 4350 1055 4406 enim
1098 4349 1239 4403 idem
1271 4348 1603 4403 Athanasius
1666 4358 1773 4403 tres
1801 4363 1919 4404 θεεθ
1950 4363 2132 4419 perso-

561 4460 656 4500 nas
708 4456 763 4498 et
804 4457 962 4497 unam
991 4455 1174 4496 eorum
1221 4441 1342 4494 esse
1375 4448 1644 4494 naturam.
1674 4441 1805 4505 Quae
1829 4442 2088 4495 sententia
2114 4482 2129 4509 ,

2255 3263 2385 3315 tum,
2418 3269 2522 3307 non
2568 3253 2917 3322 singularem,
2947 3267 3053 3306 non
3080 3252 3393 3317 confusum,
3443 3265 3538 3304 non
3563 3245 3739 3301 divisum.

2251 3363 2356 3402 non
2373 3362 2434 3401 ex
2450 3347 2758 3402 diversitate
2774 3332 3147 3415 compositum,
3164 3361 3275 3400 non
3298 3343 3519 3416 quadam
3543 3331 3735 3404 εοιηροδὶ·

2248 3441 2390 3494 tione
2418 3440 2651 3493 unitum:
2682 3439 2775 3493 sed
2804 3439 2876 3492 ita
2902 3438 3110 3493 Patrem
3129 3480 3144 3504 ,
3163 3448 3216 3492 et
3244 3437 3459 3500 Filium,
3487 3444 3535 3489 ct
3557 3428 3737 3498 Spiritum

2245 3540 2485 3584 sanetum
2514 3527 2739 3598 propriis
2768 3536 2984 3583 exstare
3010 3528 3437 3598 atquedistingui
3477 3518 3737 3594 per.onis,ut

2244 3628 2384 3675 tame
2407 3641 2416 3672 ι
2436 3620 2726 3675 secundum
2755 3619 3051 3674 communis
3083 3629 3292 3673 natura:
3316 3618 3556 3672 unionem
3584 3621 3684 3665 unus
3698 3603 3740 3654 sil

2245 3712 2405 3767 Deus.
2446 3712 2531 3765 Illa
2572 3726 2780 3781 quoque
2808 3711 3027 3765 anilium
3061 3710 3365 3766 fabularum
3392 3710 3641 3779 ﬁgmenta,
3663 3693 3738 3763 φιί·

2241 3806 2342 3860 bus
2393 3806 2546 3860 Arius
2574 3813 2627 3859 et
2655 3804 2945 3871 Photinus,
2990 3806 3299 3872 pariterque
3353 3789 3763 3860 Sabellius,duliia:

2242 3896 2615 3949 vocabulorum
2650 3895 2865 3949 nomina
2898 3894 3038 3948 Patri
3065 3905 3115 3949 et
3148 3894 3292 3948 Filio
3323 3892 3634 3950 tribuebant,
3657 3880 3737 3933 dum

2240 4001 2375 4042 unus
2406 3989 2577 4055 ipsum
2619 3986 2721 4040 sibi
2768 3985 2958 4039 Filium
2989 3985 3263 4053 eﬂ'eetum,
3314 3986 3403 4040 alii
3428 3997 3542 4039 eum
3572 3992 3654 4033 non
3672 3981 3741 4023 tam

2238 4078 2488 4147 genuisse
2514 4092 2670 4146 quam
2705 4090 2920 4130 creasse
2965 4076 3278 4130 inanissime
3303 4075 3626 4145 jactitabant,
3650 4057 3739 4114 reri-

2240 4170 2362 4223 tatis
2415 4168 2711 4223 assertione
2760 4167 3029 4221 destructa
3074 4175 3382 4220 cesserunt.
3414 4166 3537 4218 Nam
3565 4159 3741 4217 licetret

2238 4264 2414 4318 varios
2432 4278 2615 4318 eorum
2650 4263 2969 4317 incesserint
2989 4260 3173 4323 calles,
3192 4262 3258 4313 ad
3286 4275 3452 4314 unum
3482 4255 3742 4309 tamencum-

2239 4356 2404 4425 piznm
2423 4362 2805 4424 pervenerunt.
2841 4352 2963 4407 Toti
2993 4352 3137 4407 enim
3180 4354 3400 4407 Patrem
3438 4366 3538 4405 non
3564 4338 3742 4415 genume

2242 4447 2511 4501 dixerunt.
2531 4446 2807 4514 Siquidem
2838 4445 3099 4500 Sabellius
3130 4456 3179 4500 et
3213 4445 3479 4500 Photinus
3505 4443 3655 4507 aperta
3680 4429 3742 4514 Ιιρε

559 4540 777 4594 Sabellii
802 4551 1014 4608 quoque
1043 4544 1096 4590 et
1124 4535 1239 4589 Arii
1266 4533 1564 4588 testimonio
1589 4536 2135 4604 comprobatur.Nam
2167 4508 2220 4569 D
2246 4538 2516 4607 impietate
2545 4508 2786 4590 astruere
2816 4535 2915 4588 nisi
2939 4544 3079 4589 Sttnl.
3103 4536 3265 4589 Arius
3282 4550 3417 4589 vero
3440 4533 3488 4586 in
3510 4512 3744 4608 primall‘ii'

558 4647 724 4701 usque
767 4631 902 4686 adeo
932 4629 1120 4698 Pater,
1156 4637 1209 4683 et
1242 4626 1442 4691 Filius,
1497 4637 1551 4681 et
1596 4626 1826 4695 Spiritus
1879 4637 2129 4693 sanctus,

554 4727 712 4780 unius
758 4706 882 4779 sunt
931 4722 1245 4793 potestatis,
1277 4721 1541 4788 uniusque
1598 4728 1821 4785 naturae,
1857 4729 1912 4773 ut
1943 4719 2129 4775 Sabel-

555 4817 656 4871 lius
684 4823 881 4869 tantam
907 4816 1014 4867 vim
1039 4813 1376 4880 conspiciens
1398 4812 1661 4877 veritatis,
1693 4827 1848 4865 unam
1874 4821 1925 4866 et
1947 4814 2129 4880 singu-

2241 4605 2360 4686 dem
2382 4628 2761 4698 disputationis
2784 4626 2957 4681 l‘ronte
2979 4627 3226 4681 subtilius
3244 4623 3567 4680 eludendum
3585 4605 3743 4685 plu'i‘v

2238 4724 2329 4778 sed
2361 4737 2616 4793 processu
2645 4721 2953 4776 certaminis
2998 4724 3097 4775 hoc
3134 4722 3314 4789 ipsum
3348 4713 3596 4789 pertinaci
3630 4708 3748 4770 iﬂ‘W‘

2236 4816 2413 4869 dentia
2445 4813 2737 4869 del‘ensavit
2755 4854 2768 4878 ,
2795 4826 3043 4867 asserens
3070 4812 3280 4866 Patrem
3308 4826 3420 4865 non
3442 4824 3503 4864 ex
3525 4804 3674 4867 seipSO
3687 4803 3747 4861 ἔθ’

2234 4910 2437 4978 nuisse,
2472 4909 2564 4963 sed
2613 4909 2943 4963 extrinsecus
3005 4908 3200 4961 Filium
3252 4908 3549 4963 creavisse.
3592 4899 3654 4953 Ac
3686 4898 3749 4978 vei

2232 5001 2337 5056 lt‘oc
2371 4998 2659 5054 secundum
2703 4999 2923 5051 istorum
2955 4996 3213 5051 nefandus
3241 5009 3466 5050 errores
3500 4976 3751 5070 frustra

2230 5096 2368 5147 c'tur
2398 5091 2570 5154 Pater,
2604 5089 2647 5143 si
2692 5104 2796 5142 nou
2838 5089 3050 5156 genuit;
3087 5088 3367 5141 incassum
3400 5081 3672 5155 appellatur
3691 5065 3751 5122 Fi-

2229 5183 2350 5247 lius,
2383 5196 2537 5251 quem
2572 5180 2805 5249 genitum
2840 5194 2943 5232 non
2971 5193 3089 5233 esse
3118 5177 3378 5232 haeretica
3412 5175 3640 5244 impietas
3660 5156 3753 5215 deii'

2227 5275 2380 5331 nivit.
2409 5273 2513 5326 Sed
2538 5270 2677 5341 quod
2710 5270 2823 5324 haec
2845 5277 3143 5323 commenta
3170 5268 3377 5322 iuerint
3402 5260 3678 5321 vanissima!
3695 5260 3756 5341 Si“

2230 5339 2584 5436 pcrsﬁtionis,
2624 5360 2958 5431 apertissima
3000 5360 3330 5414 Athanasius
3372 5357 3589 5412 veritate
3616 5339 3756 5436 ρετάίν

2227 5433 2366 5521 cuit,
2399 5451 2688 5509 ostendens
2713 5451 2922 5507 Patrem
2948 5466 3070 5505 vere
3092 5448 3369 5520 genuisse,
3412 5458 3467 5504 et
3490 5444 3661 5500 Filium
3678 5433 3756 5499 ipsa

2227 5545 2433 5616 paterni
2466 5543 2696 5598 nominis
2721 5543 2946 5598 veritate
2977 5555 3102 5597 vere
3138 5542 3389 5611 genitum
3436 5552 3575 5593 esse.
3726 5610 3734 5619 .

2298 5636 2411 5691 ΧΙΙ.
2451 5635 2629 5691 Cessit
2663 5636 2823 5706 igitur
2883 5634 3213 5689 mendacium
3268 5630 3523 5695 veritati,
3553 5620 3759 5681 etommi

2229 5729 2375 5785 fucus
2416 5728 2697 5783 adulterini
2726 5727 3013 5798 dogmatis,
3038 5726 3349 5798 integritate
3394 5723 3511 5779 ﬁdei
3556 5708 3759 5773 manifes-

555 4909 719 4963 larem
748 4905 904 4976 196
928 4918 1046 4959 esse
1075 4917 1354 4972 personam
1385 4905 1674 4972 putaverit.
1709 4903 1811 4958 Sed
1846 4903 1897 4956 in
1923 4910 2127 4957 tantum

552 5011 659 5051 non
686 5006 769 5050 est
795 5010 896 5050 una
921 5008 1168 5064 persona,
1192 4992 1286 5047 sed
1317 5001 1425 5047 tres
1449 4994 1736 5059 distinctas,
1764 5006 1823 5047 ut
1851 4993 2011 5047 Arius
2034 5008 2127 5049 eos

551 5088 863 5158 inaequales,
896 5095 952 5143 et
972 5096 1159 5141 natura
1185 5086 1327 5140 dicat
1368 5100 1486 5141 esse
1526 5087 1790 5141 diversos.
1849 5086 1988 5155 Ergo
2045 5088 2127 5140 in-

550 5181 829 5249 aequalitas
847 5180 954 5233 Arii
974 5178 1367 5233 distinctionem
1385 5178 1579 5231 indicat
1605 5192 1950 5246 personarum
1965 5178 2125 5232 .Con-

549 5268 685 5324 t'usio
727 5270 944 5326 Sabellii
1014 5278 1215 5324 natura:
1264 5268 1499 5338 apertius
1570 5268 1815 5322 unionem
1857 5269 2117 5325 ostendit.

549 5358 753 5414 Rursus
778 5360 903 5416 dum
946 5360 1202 5414 Photinus
1244 5360 1309 5414 ad
1340 5359 1795 5413 conﬁrmationem
1829 5361 2113 5414 sententim

550 5464 679 5513 suae,
712 5466 813 5520 qua
845 5459 991 5520 putat
1016 5450 1286 5505 Christum
1336 5464 1523 5518 purum
1555 5450 1821 5504 hominem
1852 5465 1991 5515 esse,
2024 5451 2114 5504 illa

549 5541 767 5609 replicat
802 5542 1103 5597 testimonia
1135 5556 1251 5611 quae
1280 5540 1417 5595 idem
1445 5539 1688 5595 Christus
1719 5541 1966 5596 humanae
1987 5557 2113 5597 con-

550 5629 691 5683 scius
715 5643 913 5686 naturae
937 5642 1027 5687 aut
1054 5634 1261 5687 loeutus
1287 5640 1389 5695 est,
1421 5643 1511 5685 aut
1532 5633 1733 5701 peregit
1758 5649 1771 5694 ;
1797 5634 1964 5699 idest,
1984 5634 2108 5689 dum

551 5719 761 5776 Patrem
783 5724 879 5791 sibi
897 5727 1181 5796 majorem,
1214 5734 1268 5784 et
1296 5742 1402 5784 non
1434 5740 1607 5794 suam,
1642 5726 1734 5782 sed
1768 5727 1881 5796 ejus
1904 5728 2030 5783 dicit
2052 5744 2112 5785 se
