3938 6376
186 440 281 495 257
1414 429 1501 482 DE
1541 428 1908 484 TRINITATE
1950 430 2073 484 LIB.
2105 436 2140 483 Ι.

3319 433 3421 487 258

177 563 300 617 tata,
333 550 546 605 tandem
598 550 887 619 aliquando
933 547 1180 603 evanuit:
1212 555 1370 614 atque
1411 553 1519 599 tota
1573 546 1736 598 nebu-
1765 549 1811 606 Α
1840 545 1884 598 si
1916 544 2015 597 sibi
2064 544 2319 612 prodesse
2367 545 2586 612 cupiunt
2631 543 2772 614 quod
2803 542 3093 598 Christiani
3119 543 3373 599 dicuntur
3403 591 3419 612 ,

174 648 294 699 losa:
321 642 632 697 assertionis
652 643 842 711 caliga,
860 658 977 710 qua:
1007 655 1191 695 crasso
1215 638 1451 706 perﬁdiae
1475 638 1735 692 velamine

174 739 426 791 humanas
454 736 749 789 obduxerat
784 747 1007 797 mentes,
1037 734 1106 786 ita
1140 733 1318 785 nitore
1346 730 1592 799 fulgentis
1616 729 1735 782 ﬁdei

176 841 339 895 usque
380 825 445 879 ad
480 840 665 893 purum
698 824 934 877 discussa
961 832 1079 884 est,
1113 832 1170 875 ut
1200 837 1265 876 ne
1301 820 1580 887 vestigium
1616 819 1735 887 qui-

172 917 280 970 dem
313 917 393 969 sui
428 915 659 983 potuerit
691 916 891 968 erroris
927 914 1248 980 relinquere.
1289 911 1438 965 Unde
1473 911 1656 962 hortor
1684 918 1738 962 et

170 1007 321 1059 simul
370 1007 419 1059 in
450 1020 731 1059 commune
761 1003 982 1065 suadeo,
1025 1012 1247 1057 cunctos
1274 1002 1362 1071 qui
1388 1016 1445 1055 se
1475 1010 1738 1055 noverunt

170 1095 413 1158 Sabellii,
447 1094 557 1147 Arii
586 1100 640 1147 ct
669 1094 900 1158 Photini,
945 1094 1029 1148 vel
1057 1093 1340 1162 cujuslibet
1365 1092 1588 1145 alterius
1633 1092 1741 1144 ﬁcti

170 1185 433 1252 dogmatis
461 1185 731 1238 erroribus
757 1184 1077 1252 implicatos,
1108 1186 1149 1237 si
1184 1184 1411 1251 prepriaa
1434 1183 1592 1235 saluti
1615 1196 1745 1235 con-

170 1277 385 1338 sulunt,
418 1275 461 1328 si
508 1274 695 1328 lumini
743 1276 1038 1330 caecitatem
1075 1290 1176 1326 non
1211 1272 1497 1343 prazferunt
1519 1313 1533 1335 ,
1567 1271 1611 1325 si
1641 1270 1744 1325 sibi

171 1364 359 1419 obesse
388 1364 576 1417 nolunt
620 1363 759 1432 quod
805 1373 909 1417 tam
957 1364 1046 1417 diu
1082 1379 1109 1417 a
1139 1364 1380 1418 veritatis
1423 1364 1621 1416 lumine
1654 1376 1747 1429 per

173 1456 471 1525 palpabiles
504 1456 741 1510 inanium
772 1456 1086 1524 opinionum
1120 1459 1378 1508 tenebras
1406 1461 1740 1515 erraverunt,

1852 633 2007 704 198
2059 636 2203 686 omni
2263 634 2599 688 verecundia:
2649 634 2850 701 pudore
2904 634 3226 702 postposito,
3260 636 3424 687 relinz

1843 715 2067 791 quentes
2096 721 2251 775 noxia
2286 722 2502 776 humani
2529 732 2826 776 Commenta
2856 722 3079 789 erroris,
3112 722 3301 791 quibus
3329 738 3423 775 vc-

1843 828 1959 867 l'tlltt
1987 814 2249 881 reperisse
2271 826 2329 866 se
2360 812 2677 867 fallebantur
2696 853 2711 877 ,
2738 824 2790 866 ct
2812 814 3003 881 quibus
3029 814 3129 868 sub
3157 823 3421 881 praetextu

1843 902 2135 957 Christiani
2170 902 2400 954 nominis
2449 918 2477 954 a
2517 903 2713 956 Christi
2744 903 3081 957 confessione
3115 905 3297 972 procul
3328 919 3423 959 ex-

1846 1003 2019 1045 torres
2064 991 2432 1056 habcbantur,
2482 993 2607 1046 totis
2639 994 2857 1056 vitibus,
2883 995 3113 1062 totisque
3137 994 3260 1048 ﬁdei
3291 994 3421 1048 nisi-

1850 1087 1968 1149 bus,
1992 1085 2057 1137 ad
2088 1099 2272 1138 verum
2306 1095 2361 1138 et
2392 1093 2594 1138 rectum
2624 1087 2931 1154 apltSIOIiC:B
2958 1086 3079 1141 ﬁdei
3112 1088 3377 1142 tramitem
3400 1126 3415 1151 ,

1848 1178 2001 1245 cujus
2028 1177 2351 1230 Athanasius
2393 1175 2621 1230 idoneus
2650 1187 2705 1231 et
2737 1178 2908 1232 ﬁdelis
2938 1180 3170 1233 assertdr
3192 1178 3418 1245 exstitit,

1851 1267 2188 1322 retinendum
2209 1268 2357 1320 ocius
2384 1264 2642 1321 featinare
2665 1269 3009 1329 contendant.
3040 1279 3095 1323 ut
3122 1284 3259 1323 verae
3277 1271 3417 1324 inte-
3442 1294 3447 1299 -

1845 1378 2060 1430 graeque
2105 1360 2456 1417 confessionis
2486 1362 2762 1431 praemium
2812 1364 3102 1417 indubitata
3150 1374 3293 1418 sorte
3329 1378 3418 1417 ca-

1849 1462 2086 1519 pessant.
2132 1455 2323 1505 Amen.

206 1573 3375 1617 ᾤ

726 1758 736 1767 .
802 1678 1557 1849 grant:
1666 1665 2787 1790 TAPSENSIS

1093 1864 1361 2006 DE
1439 1856 2500 2004 TRINITATE

1261 2076 1567 2158 LIBRI
1640 2071 2314 2169 DUODECIM,

736 2218 909 2292 Quos
946 2214 1135 2277 edidit
1168 2215 1287 2276 sub
1328 2212 1583 2273 nomine
1614 2210 1674 2269 S.
1713 2208 2067 2278 Athanasii,
2103 2206 2379 2285 episcopi
2416 2204 2858 2267 Alexandrini.

1187 2395 1667 2502 LIBER
1740 2390 2164 2495 PRIM
2184 2389 2399 2496 US.

1307 2536 1389 2594 De
1432 2534 1617 2593 unita
1654 2530 1969 2592 Trinitate
1998 2528 2268 2590 deitatis.

241 2632 620 2704 Interrogatio:
645 2632 724 2687 Tu
753 2633 1042 2688 unusDeus
1064 2632 1240 2697 Pater,
1273 2634 1574 2702 unlgenitus
1600 2632 1738 2685 Deus
1768 2633 1814 2692 Β
1842 2628 2055 2682 videtur
2086 2630 2350 2696 ignorare,
2383 2629 2471 2696 qui
2500 2627 2621 2682 huic
2655 2628 2969 2697 plenitudini
3010 2628 3202 2683 divina:
3241 2631 3416 2684 Trini~

165 2726 359 2787 Filius,
380 2724 519 2778 Deus
529 2722 759 2791 Spiritus
773 2726 1133 2792 sanctus,quia
1149 2738 1304 2777 unam
1318 2723 1571 2777 deitatem
1586 2720 1741 2775 nobis

163 2814 449 2870 declarasti
465 2855 479 2879 ,
510 2823 567 2871 et
590 2822 945 2872 sacrosanctae
961 2813 1126 2867 solius
1147 2811 1445 2866 divinitatis
1461 2810 1740 2865 indivisam

163 2908 392 2977 gloriam
407 2908 678 2973 revelasti,
696 2917 750 2962 et
782 2905 1071 2975 perfectam
1090 2903 1307 2973 gloriam
1319 2903 1599 2957 Trinitatis
1614 2912 1738 2967 tute,

164 3000 658 3071 sempiternamque
698 2997 1085 3070 plenitudinem
1152 2996 1565 3061 demonstrasti,
1619 2994 1740 3050 ideo

163 3092 425 3159 Optimum
464 3091 589 3147 duxi
612 3101 670 3147 ut
723 3100 809 3146 tua
860 3090 1057 3145 veritas
1099 3088 1356 3157 patefacta
1400 3088 1738 3155 claresceret,

162 3190 219 3235 et
261 3182 634 3238 haereticorum
681 3185 891 3239 detecta
922 3182 1136 3237 caecitas
1162 3178 1738 3247 innotesceret.'Prop-

162 3281 245 3327 ter
266 3272 407 3343 quod
438 3274 613 3330 subito
642 3276 692 3329 in
717 3273 1108 3329 tumulationem
1138 3286 1394 3326 accensus
1424 3280 1507 3325 est
1529 3272 1738 3325 animus

160 3345 361 3425 mens,
394 3377 447 3420 et
498 3374 699 3421 exarsit
752 3368 891 3420 sicut
963 3366 1101 3435 ignis
1158 3364 1385 3419 rutilans
1440 3365 1492 3418 in
1542 3364 1735 3418 densas

158 3457 415 3509 arborum
469 3457 650 3511 silvas.
712 3456 863 3512 Unde
904 3458 1026 3525 quia
1079 3456 1229 3509 multi
1284 3464 1618 3510 tentaverunt
1670 3454 1735 3508 ad

166 3547 327 3617 199
363 3548 555 3618 stylmn
590 3549 806 3604 luminis
849 3550 986 3602 viam
1015 3548 1382 3602 demonstrare
1404 3548 1623 3617 iustitiae
1648 3588 1662 3611 ,
1684 3556 1740 3601 et

158 3637 316 3691 nobis
351 3639 549 3708 placuit
579 3655 673 3709 per
699 3640 965 3695 anfractus
992 3640 1248 3709 angustia:
1299 3638 1417 3707 ejus
1476 3640 1577 3693 iter
1608 3639 1739 3693 diri-

156 3742 283 3797 gere
310 3770 323 3789 .
359 3740 412 3784 et
452 3731 609 3786 latam
652 3742 704 3787 et
740 3733 1025 3801 spatiosam
1071 3731 1209 3786 viam
1260 3734 1486 3800 primum
1533 3730 1734 3801 fugere,

154 3820 276 3887 quis
338 3834 443 3873 non
482 3822 680 3891 cupiat,
736 3823 947 3878 detersa
1003 3823 1293 3892 antiquitus
1346 3823 1589 3892 caligine,
1645 3837 1738 3891 per

153 3920 349 3976 aquam
382 3909 502 3963 vita:
534 3913 812 3978 renovari,
840 3924 893 3967 et
926 3922 1049 3982 post
1072 3914 1284 3968 steriles
1311 3923 1363 3967 et
1387 3914 1599 3983 jejunas
1624 3913 1737 3968 sili-

1849 2719 1973 2773 tatis
2000 2717 2197 2788 aliquid
2225 2718 2451 2772 voluerit
2476 2718 2754 2789 derogare,
2786 2719 2909 2773 dum
2933 2719 2999 2773 de
3028 2727 3079 2774 te
3107 2721 3273 2789 magis
3295 2734 3415 2774 sen-

1846 2808 2032 2874 serim,
2062 2823 2217 2878 quam
2244 2808 2456 2876 proprie
2501 2808 2699 2877 aliquid
2738 2810 2804 2864 de
2833 2825 2951 2864 meo
2986 2810 3233 2864 dixerim.
3266 2810 3418 2864 Nun-

1845 2901 1969 2969 quid
2000 2911 2166 2956 t0tum
2213 2901 2503 2956 secundum
2546 2902 2925 2970 professionem
2971 2906 3163 2973 regula:
3194 2906 3339 2958 credi
3372 2915 3420 2960 te

1848 3004 2047 3049 tantum
2091 2995 2409 3064 permisisti,
2438 3002 2493 3049 et
2536 2996 2678 3048 nullo
2716 2997 3024 3051 omnimodo
3066 2998 3280 3051 mentali
3309 3012 3419 3051 ser-

1845 3099 2002 3139 mone
2029 3084 2241 3139 deliniri
2269 3084 2518 3138 voluisti?
2550 3084 2793 3152 Nunquid
2818 3086 2941 3153 quia
2971 3088 3069 3155 per'
3092 3087 3247 3139 lidem
3268 3085 3419 3140 'credi

1845 3184 1896 3229 te
1936 3174 2241 3242 permisisti,
2281 3184 2335 3229 et
2378 3174 2629 3229 deitatem
2672 3175 2962 3229 divinitatis
3006 3188 3107 3230 tua:
3147 3176 3419 3229 immensas

1842 3266 1978 3334 apud
2013 3280 2111 3320 nos
2150 3277 2204 3319 ut
2225 3280 2536 3320 enarramus
2559 3267 2800 3334 iussisti?
2833 3266 3077 3335 Nunquid
3110 3268 3230 3337 quia
3263 3282 3290 3319 a
3324 3283 3419 3321 no-

1842 3355 1922 3409 bis
1945 3356 2161 3410 sentiris
2184 3357 2413 3426 proprie,
2444 3366 2497 3409 et
2523 3356 2747 3409 dicendo
2771 3357 3046 3411 deliniris?
3069 3360 3217 3413 Absit
3242 3402 3256 3425 ,
3292 3358 3417 3412 dum

1844 3444 1984 3499 Deus
2012 3455 2066 3500 tu
2096 3447 2187 3500 tibi
2217 3456 2420 3500 tantum
2448 3450 2592 3500 solus
2622 3449 2834 3516 proprie
2856 3462 2913 3501 es
2942 3450 3169 3517 agnitus.
3196 3449 3419 3515 Pro;.ter

1842 3535 1983 3604 quod
2014 3538 2233 3605 supplex
2274 3537 2667 3606 impensissime
2698 3538 2921 3592 obsecro
2954 3551 3056 3592 tua:
3089 3540 3418 3605 tranquillis-

1842 3628 1993 3683 simte
2025 3627 2299 3682 Trinitatis
2337 3629 2584 3697 gloriam,
2632 3637 2689 3682 ut
2726 3629 2982 3697 perducas
3011 3645 3095 3683 me
3122 3629 3187 3682 ad
3222 3638 3416 3683 statum

1844 3720 2137 3791 perfectum
2162 3720 2306 3786 ﬁdei,
2329 3720 2680 3776 confessionis
2709 3737 2839 3777 ιηθεε
2869 3722 3028 3776 verba
3059 3732 3415 3791 promentem.

1844 3814 1900 3870 Si
1927 3813 2124 3869 caelum
2158 3814 2237 3867 vel
2287 3814 2407 3869 εωιί
2438 3829 2543 3868 non
2573 3816 2844 3870 sufficiunt
2870 3815 2934 3868 ad
2976 3814 3299 3883 prodendam
3327 3831 3416 3869 sn-

1841 3904 2019 3959 blimis
2045 3904 2207 3974 200
2238 3905 2615 3973 magnitudinis
2641 3914 2741 3959 tua:
2767 3906 2975 3960 laudem
3002 3923 3014 3971 ;
3049 3906 3091 3959 si
3122 3921 3227 3959 non
3251 3908 3412 3960 satia-

152 4013 290 4066 qnas
325 4016 510 4068 panem
543 4004 671 4058 vita;
704 4005 884 4070 edere,
928 4014 1003 4071 ει,
1051 4007 1244 4060 omissa
1283 4007 1531 4075 voragine
1557 4007 1733 4073 poculi
1763 4003 1809 4065 ο
1842 4005 1926 4049 tur
1977 3996 2161 4049 oculus
2218 3995 2283 4048 ad
2320 3996 2626 4059 videndum,
2663 4006 2756 4049 aut
2809 3998 2950 4050 auris
2989 3997 3053 4051 ad
3093 3998 3413 4051 audiendum

150 4092 434 4157 venenosi,
476 4092 693 4146 culicem
740 4095 992 4147 salutaris
1038 4095 1303 4163 accipere,
1341 4104 1416 4159 et,
1466 4103 1730 4161 prostrata

150 4178 419 4233 idolorum
458 4182 675 4250 profana
709 4185 945 4247 cultura,
999 4184 1166 4238 Deum
1212 4200 1396 4238 verum
1440 4198 1734 4254 agnoscere

149 4277 482 4337 creatorem,
515 4279 570 4326 et
599 4271 650 4325 in
684 4288 867 4337 unum,
911 4282 1089 4341 spreta
1127 4275 1406 4329 inveterati
1436 4276 1735 4331 sibilatione

146 4361 425 4429 serpentis
446 4406 460 4429 ,
495 4362 749 4431 hymnum
783 4363 891 4418 Deo
916 4366 1148 4419 suaviter
1177 4365 1464 4421 decantare
1488 4407 1503 4431 ,
1540 4375 1595 4420 et
1620 4378 1734 4421 tan-

146 4454 296 4518 dem,
322 4451 564 4507 refutatis
593 4455 862 4522 squamosi
894 4455 1140 4513 draconis
1170 4455 1441 4525 uberibus,
1474 4472 1538 4511 ex
1568 4471 1735 4511 evan-

146 4541 336 4611 gelicis
361 4544 638 4610 praeceptis
663 4544 819 4597 melle
845 4553 897 4598 et
923 4544 1058 4599 lacte
1082 4545 1249 4612 putari
1275 4586 1288 4609 ,
1330 4553 1383 4598 et
1410 4559 1595 4599 rursus
1634 4561 1729 4614 per

152 4633 616 4688 immortalitatem
648 4643 973 4703 resumptam
1015 4637 1233 4704 angelos
1279 4645 1547 4705 apostatas
1586 4636 1729 4706 judi-

146 4740 271 4780 care
292 4770 307 4793 ,
340 4736 394 4780 et
419 4736 538 4795 post
563 4737 830 4782 terrenum
858 4728 1125 4782 hominem
1145 4728 1449 4783 cmlestibus
1471 4730 1648 4798 regnis
1674 4738 1729 4784 et

147 4818 471 4873 sublimibus
520 4818 573 4872 in
617 4819 911 4874 Jerusalem
945 4820 1472 4891 mancipari'lltogn,
1505 4838 1623 4890 qute
1671 4832 1726 4877 et

146 4919 343 4978 quanta
372 4918 455 4964 est
486 4911 598 4965 hate
620 4912 671 4964 in
703 4910 811 4965 Deo
833 4910 1175 4965 humanitatis
1197 4912 1429 4977 dilectio,
1465 4916 1551 4981 qui
1580 4922 1723 4967 tanta

150 5000 368 5064 praemia
402 5000 739 5055 credentibus
766 5001 1077 5069 pollicetur?
1108 5001 1237 5069 Quis
1254 5017 1357 5055 non
1388 5004 1530 5055 omni
1561 5004 1726 5057 avidi-

150 5096 251 5142 tate
279 5088 500 5143 festinet
525 5089 593 5144 de
625 5090 771 5159 gravi
818 5104 1007 5144 somno
1046 5104 1353 5159 exsurgere,
1399 5099 1453 5145 et
1493 5080 1727 5146 clarissié

148 5191 282 5230 mam
344 5178 517 5233 lucem
560 5194 679 5232 cum
726 5179 929 5232 inﬁnita
970 5180 1322 5234 admiratione
1368 5182 1728 5250 conspicere?

146 5268 309 5332 Quam
351 5270 509 5338 cupio
536 5285 641 5323 non
671 5270 737 5324 ad
759 5272 1009 5341 pupillam
1041 5272 1317 5325 oculorum
1347 5272 1621 5327 obtutibus
1642 5288 1731 5328 os-

1840 4098 2005 4153 opera
2035 4085 2442 4153 magniﬁcentiae
2473 4093 2577 4138 tua:
2597 4125 2611 4149 ,
2645 4084 2785 4138 unde
2812 4086 3006 4138 suflicit
3040 4089 3270 4152 parvitas
3296 4103 3413 4139 mea

1834 4177 2076 4245 geminas
2102 4177 2152 4228 in
2175 4176 2519 4229 confessione
2545 4174 2748 4229 referre
2772 4177 2864 4228 tibi
2897 4175 3154 4228 maximas
3175 4177 3309 4244 grati
3330 4178 3414 4229 .s?

1835 4266 1986 4321 Adeo
2035 4268 2244 4322 veniam
2276 4267 2519 4336 postulo,
2550 4282 2619 4321 ne
2660 4266 2796 4321 forte
2822 4281 2940 4320 cum
2981 4269 3412 4337 prmsumptionis

1837 4356 1979 4409 dicta
2009 4371 2371 4427 assumpsere,
2401 4367 2503 4410 tua:
2531 4358 2793 4426 maiestati
2818 4358 2998 4413 videar
3027 4360 3222 4427 aliquid
3254 4361 3412 4416 dero-

1833 4464 1985 4519 gare.
2016 4450 2123 4505 Sed
2150 4460 2447 4517 prostratus
2468 4451 2622 4518 jaceo
2652 4461 2775 4505 ante
2808 4462 2910 4505 tute
2933 4453 3274 4509 sublimitatis
3294 4456 3409 4525 glo-

1839 4547 1932 4599 ria:
1961 4545 2167 4612 sedem,
2201 4556 2260 4598 ut
2296 4546 2572 4612 permittas
2600 4561 2685 4599 me
2713 4546 2778 4599 de
2808 4544 3136 4614 plenitudine
3178 4549 3408 4603 thesauri

1834 4636 1909 4689 tui
1938 4637 2067 4706 legis
2091 4635 2294 4690 fontem
2327 4636 2534 4701 bibere,
2562 4648 2614 4691 et
2640 4637 2709 4692 de
2739 4646 2965 4706 quatuor
2994 4639 3411 4697 exuberantibus

1832 4726 2475 4795 liuminibusaquamvita:
2493 4729 2727 4783 haurire.
2753 4729 2833 4781 Ex
2859 4729 3049 4798 quibus
3075 4731 3409 4787 conﬁdenter

1833 4820 2203 4874 haereticorum
2247 4820 2599 4888 blasphemias
2640 4836 2734 4889 per
2781 4823 3152 4877 auctoritatem
3211 4827 3410 4893 regula:

1832 4911 2263 4980 prtescribamus,
2313 4922 2368 4965 et
2408 4912 2788 4966 catholicorum
2837 4928 2867 4967 a
2915 4915 3243 4982 sempiterno
3287 4916 3410 4970 vitae

1832 5002 2058 5070 Spiritu,
2086 5001 2231 5055 velut
2255 5000 2321 5055 de
2348 5001 2578 5055 nectaris
2604 5000 2749 5057 fon'e
2776 5002 2937 5057 corda
2962 5004 3257 5059 sitientium
3292 5006 3414 5058 irri-

1830 5107 2040 5161 gemus.
2090 5093 2211 5147 Haec
2239 5103 2343 5159 est,
2370 5094 2605 5163 inquam,
2647 5095 2881 5149 materiae
2903 5094 3133 5150 formula
3165 5097 3215 5150 in
3258 5096 3414 5150 colli-

1832 5186 1984 5241 sione
2008 5186 2382 5240 haereticorum
2408 5225 2422 5249 ,
2456 5194 2512 5240 et
2534 5186 2647 5240 haec
2677 5194 2759 5240 est
2783 5186 3149 5241 titulivictoria
3174 5186 3228 5239 in
3252 5185 3411 5238 abso-

1833 5280 2034 5333 lutione
2050 5278 2459 5342 catholicorum.
2479 5293 2640 5347 quam
2662 5279 2927 5347 signiﬁcat
2943 5278 3233 5349 principale
3257 5291 3408 5329 man-

147 5363 394 5423 tendere,
422 5361 516 5416 sed
545 5362 808 5432 religiosis
837 5363 1089 5417 fratribus
1119 5363 1171 5417 in
1214 5378 1409 5417 arcano
1439 5365 1617 5418 cordis
1642 5379 1728 5419 se-
1754 5378 1806 5438 1)
1830 5370 2010 5424 datum
2040 5369 2132 5425 Dei
2170 5358 2187 5422 ε’
2210 5369 2412 5422 Ειιηιεε
2443 5369 2692 5437 baptizata
2720 5384 2889 5423 omnes
2920 5378 3091 5439 gentes
3119 5368 3171 5419 in
3203 5366 3406 5418 nomine

148 5465 292 5508 creto
314 5453 628 5507 recondere.
659 5453 714 5508 In
746 5468 853 5523 quo
873 5470 978 5507 non
1002 5454 1269 5509 ambitiosi
1292 5455 1577 5510 voluminis
1598 5470 1729 5510 cono

149 5542 241 5598 feci
294 5542 593 5611 cumulum,
640 5558 706 5597 ne
751 5546 866 5609 plus
914 5547 1073 5600 verba
1132 5560 1504 5617 exaggerarem
1568 5563 1725 5617 quam

152 5646 364 5691 sensum
397 5635 839 5706 investigantibus
877 5636 1217 5700 iutimarem;
1257 5640 1349 5693 sed
1393 5640 1623 5693 breviter
1661 5656 1724 5694 ex

159 5739 296 5797 parte
317 5728 615 5782 secundum
645 5729 1050 5798 promissionem
1081 5729 1284 5784 inﬁnita
1315 5732 1722 5800 comprehendi,

166 5831 203 5876 it
232 5822 422 5875 humili
448 5835 693 5876 sermone
721 5820 968 5875 sublimia
1000 5820 1248 5875 iudicavi.
1285 5821 1436 5876 Unde
1466 5832 1630 5876 totum
1654 5822 1724 5876 ibi

172 5919 233 5968 ist
259 5912 500 5983 plenum,
530 5911 620 5967 ubi
648 5911 779 5967 nihil
808 5919 890 5967 est
932 5914 1127 5976 minus,
1167 5910 1270 5974 imo
1309 5911 1524 5972 penitus
1558 5921 1722 5967 totum

1835 5458 2028 5523 Patris,
2058 5470 2105 5515 et
2134 5460 2277 5525 Filii,
2310 5469 2356 5513 et
2387 5459 2613 5525 Spiritus
2641 5462 2801 5514 sancti
2823 5458 3036 5530 (Matth.
3060 5472 3246 5523 xxvrrt,
3274 5459 3355 5526 l9)
3383 5457 3404 5509 2

1836 5547 1970 5602 Audi
2010 5550 2061 5604 in
2098 5550 2199 5605 hoc
2236 5550 2554 5606 admirabile
2580 5564 2643 5605 ac
2676 5551 2851 5619 regale
2877 5548 3173 5611 decretum,
3206 5547 3258 5600 in
3299 5562 3406 5617 quo

1835 5654 1995 5695 omne
2023 5654 2414 5697 sacramentum
2445 5644 2499 5696 in
2530 5642 2729 5697 deitate
2748 5638 3032 5711 jrinEtatis
3073 5638 3247 5693 uniter
3271 5653 3404 5693 con-

1834 5732 2049 5787 tinetur.
2070 5734 2200 5800 Quia
2229 5734 2365 5787 dixit
2401 5736 2456 5788 in
2484 5734 2708 5798 nomine,
2737 5730 3014 5785 evidenter
3042 5746 3199 5785 unam
3234 5730 3403 5786 deita-

1835 5832 1937 5877 tem
1968 5826 2018 5876 in
2050 5824 2310 5877 Trinitate
2335 5824 2630 5877 censistere
2660 5818 2972 5875 declaraVit.
3006 5820 3073 5873 Et
3106 5823 3243 5890 quod
3275 5836 3402 5891 pro-

1831 5925 2045 5971 secutus
2083 5921 2189 5979 est,
2220 5912 2408 5978 Patris,
2442 5921 2486 5966 et
2524 5910 2671 5980 Filii,
2713 5922 2759 5967 et
2806 5909 3038 5979 Spiritus
3085 5914 3267 5978 sancti,
3309 5925 3402 5981 per
