3938 6376
598 352 698 406 239
1897 368 2114 425 VlGlLll
2151 368 2519 425 Tarsensis
3649 390 3720 449 ut

595 468 801 537 singula
836 471 1051 525 nontiua
1081 473 1315 544 singulas
1350 491 1606 545 personas
1636 479 1809 534 inesse
1837 481 2095 538 distinxit.

666 561 974 616 Hrereticus.
1001 564 1161 628 Sane,
1191 576 1245 620 ut
1271 569 1416 635 prius
1444 568 1568 623 mihi
1600 574 1903 627 summatim
1933 575 1999 630 de
2020 578 2170 632 unito

592 652 808 707 deitatis
862 655 1081 709 nomine
1136 659 1422 713 multifarie
1474 661 1673 714 dictum
1727 663 1791 716 ad
1848 665 2167 737 interrogata

591 759 852 812 exponas,
886 748 1118 813 postulo.
1156 759 1208 802 et
1238 751 1314 802 sic
1355 753 1420 803 de
1466 753 1772 809 nominibus
1819 772 2165 825 personarum

590 835 641 887 in
671 839 1043 904 prosequendo
1070 838 1386 907 distinguas.

660 925 1013 997 Interrogatio.
1046 927 1153 982 Cur
1185 932 1326 983 unita
1354 942 1437 985 est
1464 932 1671 987 deitas?

662 1015 960 1084 Responsio.
985 1018 1118 1084 Quia
1147 1021 1291 1075 nulla
1322 1030 1405 1077 est
1430 1022 1482 1076 in
1512 1022 1611 1077 bac
1638 1024 1966 1093 plenitudine
1989 1028 2164 1084 Trini-

585 1106 708 1159 tatis
737 1094 1072 1175 ambiguitas.

657 1200 785 1254 Inte.
803 1204 1021 1272 rogatio.
1069 1204 1173 1259 Cur
1199 1221 1336 1260 unus
1374 1216 1456 1262 est
1495 1208 1633 1263 Deus
1670 1210 1847 1278 Pater,
1878 1224 1932 1267 et
1970 1214 2158 1283 Filius,

580 1303 633 1347 et
664 1293 894 1363 Spiritus
926 1297 1193 1350 sanctus?

654 1378 952 1453 Responsio.
1005 1386 1152 1441 Unus
1202 1389 1288 1442 ubi
1341 1390 1544 1457 dixisti,
1586 1393 1650 1446 ad
1706 1396 1908 1451 ttnitum
1959 1414 2154 1454 nomen

578 1473 788 1529 deitatis
824 1487 878 1529 tu
921 1476 1035 1545 ipse
1070 1477 1296 1533 retulisti
1336 1483 1547 1536 nomina
1578 1498 1638 1538 ea
1670 1501 1789 1554 qua:
1829 1487 1881 1541 in
1910 1492 2157 1558 personis

578 1564 890 1621 dissinxisti.

647 1656 1013 1728 Interrogatio.
1041 1662 1147 1715 Cur
1174 1663 1319 1717 Solus
1343 1663 1518 1718 Deus?

650 1748 943 1816 Responsio.
998 1752 1195 1823 Utique
1240 1756 1363 1824 quia
1410 1756 1520 1811 sola
1569 1756 1742 1813 deitas
1786 1760 1839 1814 in
1886 1761 2149 1820 Trinitate

572 1839 840 1904 consistit,
866 1840 987 1894 ideo
1013 1843 1159 1896 solus
1190 1844 1351 1899 Deus.

640 1927 1004 1998 Interrogatio.
1033 1933 1141 1986 Cur
1173 1934 1517 2013 omnipotens
1549 1936 1725 1991 Dens?

642 2017 940 2088 Responsio.
968 2022 1015 2075 M
1054 2022 1265 2090 nifeste,
1294 2025 1541 2094 quoniam
1565 2029 1903 2098 omnipotens
1925 2042 2008 2088 est
2031 2034 2140 2105 ipsa

567 2110 741 2164 deitas
776 2112 1070 2167 Trinitatis.

636 2202 995 2274 Interrogat'o.
1030 2207 1135 2259 Cur
1166 2222 1304 2262 unus
1332 2224 1490 2263 verus
1524 2210 1661 2264 Deus
2086 2274 2089 2275 ν

638 2295 934 2365 Responsio.
984 2296 1167 2352 Procul
1204 2300 1363 2353 dubio
1394 2301 1519 2355 dum
1556 2317 1658 2355 una
1690 2317 1815 2357 vera
1852 2303 1920 2359 sit
1952 2316 2137 2361 natura

564 2385 862 2453 Trinitxtis,
896 2401 1175 2458 propterea
1202 2409 1336 2446 unus
1358 2402 1439 2448 est
1470 2409 1625 2448 verus
1658 2394 1817 2450 Deus.

629 2490 989 2563 Interrogatio.
1019 2492 1127 2545 Cur
1161 2509 1298 2547 unus
1331 2494 1502 2549 bonus
1532 2506 1610 2550 est
1645 2497 1820 2552 Deus?

562 2574 569 2581 ’
634 2579 928 2651 Responsio.
971 2583 1241 2648 Quatenus
1278 2585 1418 2639 nu'la
1450 2586 1729 2641 diversitas
1755 2589 1935 2661 dispar
1968 2601 2052 2646 est
2081 2591 2133 2646 in

562 2661 662 2722 una
713 2672 1007 2726 substantia
1052 2673 1244 2728 divinat
1294 2675 1587 2741 Trinitatis,
1622 2692 1682 2732 ac
1721 2694 1815 2749 per
1864 2680 1963 2736 hoc
1999 2698 2135 2737 unus

558 2754 712 2831 201
743 2762 913 2815 bonus
936 2773 1014 2817 est
1039 2764 1196 2819 Deus.

630 2861 993 2935 Interrogatio.
1026 2866 1131 2919 Cur
1157 2882 1396 2921 summus
1429 2868 1600 2923 Deus?

628 2961 928 3030 Responsio.
960 2964 1225 3032 Quon'am
1268 2966 1380 3021 haec
1424 2968 1610 3022 eadem
1660 2968 1771 3039 ipsa
1813 2985 2017 3025 summa
2052 2982 2131 3027 est

554 3054 849 3109 substantia
877 3056 1174 3111 Trinitatis.

544 3208 553 3215 ,
622 3153 985 3228 Interrogatio.
1012 3155 1120 3211 Cur
1146 3172 1280 3210 unus
1302 3167 1384 3212 est
1410 3159 1703 3214 Dominus?

546 3304 547 3307 η
622 3256 926 3325 Responsio.
972 3256 1239 3310 Memento
1280 3257 1477 3311 unitam
1519 3274 1641 3313 esse
1680 3259 2043 3316 dominatione
2072 3261 2125 3316 in

543 3357 736 3402 natura
767 3348 1104 3415 sempiterna:
1131 3347 1425 3414 Trinitatis,
1456 3358 1508 3403 et
1539 3350 1657 3403 ideo
1681 3366 1818 3404 unus
1849 3351 2124 3407 Dominus.

621 3438 983 3510 Interrogatio.
1017 3440 1120 3495 Cur
1160 3454 1263 3493 una
1310 3448 1394 3494 est
1433 3440 1605 3509 imago
1628 3440 1925 3498 invisibilis
1956 3443 2126 3497 Trini-

549 3532 707 3584 talis?

620 3630 916 3700 Responsio.
948 3632 1078 3700 Quia
1112 3647 1213 3687 una
1246 3632 1539 3703 eademque
1569 3632 1738 3688 dcitas
1774 3644 1857 3690 est
1902 3635 1952 3689 in
1995 3635 2125 3691 ima-

540 3721 667 3783 gine
697 3721 957 3774 veritatis.

542 3850 547 3853 ς
615 3819 978 3887 Interrogatio.
1011 3821 1115 3874 Cur
1143 3837 1279 3875 unus
1309 3831 1389 3876 est
1420 3823 1635 3893 spiritus
1665 3825 1805 3879 Deus

622 3921 918 3991 Responsio.
953 3922 1139 3977 Nonne
1168 3938 1271 3977 una
1303 3933 1385 3979 est
1415 3935 1599 3981 natura
1639 3926 1850 3981 deitatis
1890 3929 2121 3997 Spiritus

536 4016 739 4081 sancti,
769 4031 886 4084 qum
918 4017 969 4070 in
1004 4016 1175 4080 Patre,
1209 4025 1262 4071 et
1305 4017 1460 4082 Filio,
1494 4028 1548 4073 et
1589 4020 1637 4072 in
1673 4035 1793 4075 sese
1820 4022 2118 4077 consistens

543 4107 660 4160 est?
687 4106 808 4161 Ideo
839 4123 973 4162 unus
1002 4118 1079 4162 est
1110 4108 1338 4177 Spiritus
1364 4110 1519 4163 unius
1543 4109 1836 4177 Trinitatis,
1865 4114 1985 4183 quia
2012 4129 2114 4171 una

542 4210 625 4253 est
660 4201 985 4271 sempiterna
1028 4203 1077 4255 in
1122 4204 1218 4257 liae
1249 4204 1359 4270 ipsa
1389 4202 1649 4258 Trinitate
1681 4204 1952 4274 plenitudo
1983 4206 2117 4262 divi-

531 4292 743 4345 uitatis.

532 4400 537 4403 '
604 4388 977 4459 interrogatio.
1009 4390 1115 4444 Cur
1144 4392 1364 4461 :rqualis
1394 4404 1472 4446 est
1509 4410 1610 4447 una
1642 4397 1905 4452 Trinitas?

600 4490 914 4557 Responsio.
948 4489 1078 4556 Quia
1110 4499 1161 4543 et
1190 4492 1512 4559 sempiterna
1542 4504 1621 4546 est
1650 4496 1698 4547 in
1722 4496 1833 4562 ipsa
1855 4496 2114 4554 Trinitate

526 4579 731 4633 ’deitas.
766 4578 933 4646 Rogo,
967 4593 1069 4631 non
1099 4580 1481 4633 animadvertis
1502 4596 1688 4636 omnes
1715 4599 1850 4651 pene
1879 4584 2110 4642 ltmreses

532 4669 591 4721 in
620 4667 721 4722 hoc
752 4668 898 4721 titulo
930 4670 1126 4722 unitam
1151 4671 1398 4724 deitatem
1433 4671 1622 4737 Patris,
1653 4680 1707 4726 et
1740 4674 1875 4738 Filii,
1908 4685 1961 4729 et
1988 4676 2106 4745 Spi-

514 4759 670 4812 'ritus
696 4758 860 4811 saneti
888 4759 1274 4827 blaspliemare,
1298 4762 1421 4814 dum
1450 4762 1561 4815 lucc
1583 4778 1700 4831 qua:
1722 4767 1963 4832 superius
1989 4767 2108 4819 uni-

522 4858 619 4903 ter
651 4853 699 4903 in
720 4850 984 4904 ‘Trinitate
1014 4861 1134 4904 sunt
1161 4853 1296 4906 dicta
1322 4855 1386 4907 ad
1419 4870 1574 4908 unam
1608 4871 1885 4924 personam
1937 4859 2108 4914 Patris

530 4941 612 4995 illi
648 4942 1300 4996 tantummodoconferant
1340 4944 1489 5009 ?Qua
1519 4946 1585 5000 de
1614 4963 1673 5001 re
1710 4958 1924 5004 strenue
1953 4952 2106 5006 nobis

532 5030 882 5086 laborandum
908 5040 1008 5095 cst,
1042 5033 1146 5085 imo
1173 5032 1432 5086 adverSits
1464 5044 1538 5088 tot
1558 5047 1821 5092 sectarum
1853 5056 2103 5111 congres-

2196 487 2246 544 Α
2280 480 2532 538 Ρνωιενεα
2566 486 2811 538 duntaxat
2843 488 2904 540 de
2933 496 3248 569 sacrosancto
3277 492 3401 546 unita
3424 498 3589 551 nomine
3608 498 3720 555 Triui-

2987 568 3123 611 talis.

2342 646 2480 715 Ergo
2512 647 2597 702 ubi
2630 664 2787 702 unum
2824 650 2988 703 Deum
3023 650 3254 718 memini,
3293 669 3388 707 non
3416 656 3472 709 ad
3499 674 3620 712 unam
3645 671 3719 715 tan.

2270 737 2541 791 tummodo
2583 753 2860 807 personam
2894 740 3061 793 Patris
3111 741 3223 795 lucc
3268 742 3315 795 in
3355 743 3401 796 di
3434 747 3548 800 endo
3586 754 3718 813 laturi,

2265 826 2391 880 dum
2435 827 2623 881 FilLuin
2657 828 2723 884 de
2754 846 2854 882 una
2899 830 3069 884 Patris
3108 846 3224 885 esse
3266 833 3552 900 plenitudine
3575 838 3721 893 dcitaeis

2264 928 2317 971 et
2347 918 2603 987 Spiritum
2633 932 2871 975 sanctum
2902 938 3004 975 nun
3034 922 3235 999 negavi.
3264 924 3324 977 Et
3346 926 3495 979 solum
3518 927 3644 981 Deum
3663 932 3719 982 ubi

2266 1013 2577 1078 memoravi,
2623 1028 2726 1067 non
2766 1015 2830 1067 ad
2868 1016 3035 1069 solum
3075 1031 3346 1081 personam
3383 1016 3531 1070 Patris
3568 1020 3665 1083 hac,
3688 1030 3722 1073 ut

2262 1101 2432 1155 dicam
2471 1105 2664 1168 verius,
2691 1106 2913 1160 iudicavi
2944 1148 2959 1175 ,
2991 1108 3111 1176 quia
3147 1108 3327 1162 Filium
3350 1119 3398 1162 et
3418 1109 3626 1177 Spiritum
3649 1128 3723 1164 san-

2260 1208 2402 1250 etum
2430 1197 2496 1252 de
2533 1198 2631 1254 hac
2670 1199 2782 1265 ipsa
2827 1201 2937 1253 so'a
2986 1201 3277 1255 substantia
3324 1202 3578 1255 divinitatis
3610 1201 3722 1257 Palrit

2260 1303 2379 1343 esse
2407 1305 2510 1343 non
2544 1292 2749 1361 negavi.
2774 1290 3028 1346 Similiter
3059 1276 3456 1361 omnipotentem
3487 1293 3722 1351 Deum,sire

2263 1396 2445 1435 verum
2471 1381 2659 1446 Deum,
2684 1382 2765 1436 vel
2791 1382 2985 1436 bonum
3014 1384 3201 1449 Deum,
3229 1394 3315 1438 aut
3335 1376 3570 1437 summum
3595 1383 3722 1448 Deum,

2256 1486 2351 1523 seu
2374 1486 2535 1524 unum
2561 1472 2815 1541 Spiritum
2839 1482 3101 1539 sanctum,
3125 1474 3190 1528 de
3214 1490 3313 1541 quo
3335 1475 3599 1527 summatim
3619 1474 3722 1541 paulo

2257 1572 2381 1615 ante
2429 1563 2656 1635 narravi,
2692 1565 2850 1632 202
2890 1579 3065 1618 nonne
3104 1565 3216 1618 lucc
3246 1573 3425 1619 cuncta
3461 1562 3724 1617 vocabulaad

2256 1653 2457 1708 unitam
2489 1655 2815 1710 divinitatem
2850 1655 3040 1721 Patris,
3068 1666 3118 1711 et
3149 1656 3291 1720 Filii,
3323 1668 3373 1711 et
3400 1658 3544 1710 sancti
3567 1654 3724 1722 Spititus

2254 1730 2559 1799 declaravi?
2590 1746 2738 1799 Unde
2769 1746 3012 1816 quamvis
3058 1746 3106 1799 in
3148 1747 3249 1801 hoc
3294 1746 3408 1800 loco
3447 1745 3636 1814 copiose
3661 1745 3726 1797 sint

2180 1838 2222 1896 Β
2252 1838 2670 1907 signiﬁcationes
2712 1839 2886 1903 dictae,
2924 1849 3097 1893 tamen
3144 1840 3212 1893 ad
3261 1840 3451 1892 unitam
3482 1838 3723 1891 divinitatem

2250 1932 2520 2009 Tripitatis
2562 1933 2857 1988 evidentius
2906 1943 3028 1987 sunt
3076 1934 3399 2004 approbata}.
3447 1931 3558 1985 Nam
3594 1930 3726 1989 unitas,

2250 2028 2354 2076 no'n
2384 2032 2441 2076 ut
2460 2022 2697 2079 ltmretici
2721 2024 2829 2078 suis
2851 2025 3091 2091 oppressi
3116 2023 3455 2093 blaSpltemiis
3474 2021 3619 2074 dicere
3634 2030 3725 2085 sape

2247 2123 2640 2167 consueverunt
2662 2113 2714 2166 in
2744 2113 3019 2167 voluntate
3044 2127 3181 2178 csse,
3214 2128 3318 2166 non
3344 2112 3392 2164 in
3414 2112 3586 2165 deitate
3606 2127 3615 2159 :
3635 2105 3725 2176 quod

2245 2204 2404 2267 absit,
2437 2205 2562 2257 dum
2612 2203 2788 2257 unitas
2830 2219 2933 2257 non
2974 2203 3024 2256 in
3066 2204 3341 2257 voluntate
3371 2212 3553 2256 tantum
3580 2201 3645 2261 sit,
3667 2196 3725 2249 sed

2245 2294 2350 2347 imo
2382 2295 2432 2348 in
2458 2296 2674 2349 deitate.
2700 2296 2776 2349 Ac
2807 2310 2898 2362 per
2930 2296 3029 2349 hoc
3060 2294 3236 2349 unitas
3268 2296 3399 2357 nam,
3428 2302 3481 2347 ut
3507 2302 3649 2346 certus
3666 2288 3725 2349 sis,

2242 2400 2346 2439 non
2379 2385 2431 2438 in
2463 2384 2745 2441 concordia
2780 2394 2981 2439 tantum
3024 2395 3125 2451 est,
3163 2386 3256 2439 sed
3286 2386 3509 2447 realiter,
3539 2383 3623 2434 imo
3643 2378 3724 2431 sub-

2242 2475 2558 2531 stantiaiiler
2577 2484 2785 2530 constat
2814 2476 2866 2529 in
2896 2483 3082 2529 natura
3104 2475 3418 2529 divinitatis.
3446 2474 3566 2540 Ergo
3586 2468 3725 2539 postulo

2240 2582 2268 2619 a
2302 2574 2372 2631 te,
2407 2567 2494 2636 qui
2529 2567 2659 2636 legis
2684 2566 2820 2621 hanc
2848 2562 3001 2622 istius
3028 2568 3308 2636 scriptura:
3332 2582 3457 2621 mete
3484 2564 3584 2617 ﬁdei
3607 2560 3726 2613 catino-

2240 2659 2358 2713 lica:
2385 2658 2791 2727 professionem,
2817 2674 2883 2713 ne
2903 2658 2988 2712 hic
3016 2660 3289 2728 superﬂua
3312 2657 3397 2712 vel
3418 2654 3603 2727 profusa
3622 2649 3725 2703 verba

2239 2750 2545 2817 νενιιυίταε;
2582 2749 2675 2803 sed
2724 2747 2973 2815 strictim,
3012 2749 3305 2817 capaciter,
3355 2749 3456 2801 imo
3502 2742 3726 2814 spiritalilct

2236 2856 2354 2894 eum
2386 2855 2597 2894 summo
2626 2840 2801 2894 studio
2829 2840 2989 2905 dicta,
3022 2839 3087 2893 ad
3113 2840 3315 2910 stylum
3338 2853 3498 2893 sacrae
3521 2833 3727 2901 Seripttmt

2234 2932 2499 2998 conferas,
2552 2941 2606 2987 et
2659 2933 2949 2987 secundum
3003 2934 3205 3002 regula:
3259 2932 3547 3001 mquitatem
3589 2923 3727 2994 justiti:

2233 3026 2545 3080 moderante
2577 3024 2891 3094 perpendas.
2926 3023 3077 3079 Unde
3099 3023 3216 3093 jam
3249 3025 3430 3092 accipe
3458 3036 3549 3075 non
3576 3019 3726 3073 diserta.

2231 3118 2325 3173 sed
2356 3115 2545 3183 fortia;
2577 3132 2748 3186 neque
2772 3126 2980 3171 terrena
3009 3115 3289 3185 ﬁgmenta,
3308 3115 3399 3170 sed
3432 3128 3543 3168 vera
3564 3104 3727 3163 caelestia

2155 3197 2200 3258 C
2235 3213 2583 3275 documenta;
2636 3224 2807 3279 neque
2862 3208 3309 3278 philosophorum
3359 3205 3586 3261 lneretica
3624 3207 3726 3268 pra“

2230 3309 2552 3369 commenta,
2580 3301 2671 3355 sed
2699 3300 2929 3367 perfecta
2960 3300 3260 3369 apostolica
3288 3313 3479 3354 arcana
3504 3303 3729 3349 sacramen-

2232 3401 2311 3455 ta;
2346 3406 2517 3460 neque
2559 3392 2897 3459 grammatica
2921 3434 2937 3458 ,
2981 3406 3099 3461 qua:
3138 3391 3416 3459 superﬂua
3446 3396 3523 3443 est
3546 3379 3728 3440 doctrinm

2227 3482 2505 3550 sapientia,
2551 3482 2645 3537 sed
2697 3498 2759 3537 ex
2807 3483 3123 3551 evangelicis
3165 3482 3465 3551 Scripturis
3504 3490 3636 3545 super
3664 3465 3729 3522 n-el

2228 3583 2281 3626 et
2310 3575 2480 3625 favum
2514 3570 2749 3626 dulciora
2780 3582 2833 3626 et
2859 3572 3078 3627 meliora
3109 3572 3297 3627 divina
3332 3578 3595 3641 praecepta.
3630 3560 3730 3613 Disce

2229 3664 2406 3732 itaque
2434 3664 2554 3731 quia
2587 3664 2638 3717 in
2669 3666 2767 3718 hoc
2795 3663 3047 3732 sophisma
3100 3664 3264 3732 ltujus
3310 3662 3490 3717 mundi
3534 3656 3651 3712 stulti
3680 3646 3730 3700 tr]

2230 3755 2358 3808 muti
2394 3754 2511 3808 facti
2544 3763 2687 3823 sunt,
2720 3756 2965 3825 quoniam
2998 3756 3325 3823 sapientiam
3360 3768 3529 3809 veram
3566 3763 3647 3802 nun
3670 3755 3730 3795 σθ’

2226 3854 2543 3913 groverunt,
2573 3856 2624 3899 et
2654 3846 2773 3900 ideo
2814 3846 3022 3914 reprobi
3066 3846 3192 3899 facti
3242 3857 3393 3901 sunt.
3432 3846 3593 3912 itaque
3627 3838 3734 3927 inter-

2230 3935 2462 4003 rogantis
2493 3946 2653 4003 atque
2677 3935 2928 3990 solventis
2956 3936 3137 4006 accipe
3172 3952 3485 4006 personam,
3511 3947 3609 4002 qua:
3625 3925 3730 3990 eiii“

2224 4028 2322 4082 sibi
2354 4027 2462 4081 ﬁeri
2493 4028 2926 4083 satisfactionem.
3271 4091 3274 4094 ,
3588 4031 3597 4042 '

2297 4118 2657 4189 Interrogatio.
2699 4119 2807 4174 Cur
2855 4120 3010 4173 Pater
3052 4121 3285 4188 spiritus
3318 4120 3529 4181 dicitur,
3558 4122 3600 4167 et
3623 4104 3733 4162 Filius

2223 4207 2440 4276 spiritus
2467 4217 2821 4280 nuncupatur,
2850 4220 2903 4265 et
2932 4204 3163 4279 Spiritus
3209 4222 3436 4266 sanctus
3476 4206 3658 4277 Spiritus
3680 4208 3736 4262 IP'

2224 4299 2480 4368 pellatur?

2298 4392 2598 4457 Responsio.
2642 4391 2882 4447 Perfecto
2913 4392 2976 4446 ad
3017 4392 3133 4447 lucc
3178 4392 3540 4463 respondetur
3566 4398 3641 4453 pro
3663 4379 3738 4433 106°

2222 4482 2588 4552 interroganti.
2629 4483 2711 4537 An
2756 4483 2966 4552 ignoras
3002 4484 3125 4552 quia
3161 4484 3333 4539 Pater
3370 4496 3502 4537 unus
3540 4477 3653 4530 Deus
3670 4471 3736 4525 εείς

2220 4584 2273 4630 et
2316 4576 2481 4629 Filius
2530 4591 2665 4629 unus
2715 4576 2853 4630 Deus
2899 4584 3001 4642 est,
3044 4585 3096 4628 et
3140 4576 3395 4647 Spiritus
3434 4581 3629 4629 sanctus
3650 4568 3740 4615 millS

2216 4667 2356 4721 Deus
2383 4668 2497 4722 est?
2533 4668 2716 4722 Nonne
2740 4685 2875 4723 unus
2906 4670 3045 4723 Deus
3083 4680 3190 4738 est,
3221 4671 3355 4724 dum
3389 4655 3579 4723 unitum
3604 4663 3739 4748 nonis“

2216 4770 2299 4815 cst
2328 4762 2380 4816 in
2411 4771 2596 4817 natura
2626 4763 2794 4816 usim?
2838 4762 2926 4817 Sic
2969 4772 3021 4816 et
3064 4779 3211 4817 unus
3266 4764 3503 4833 Spiritus
3540 4766 3627 4818 esi.
3661 4755 3743 4817 αυιλ

2216 4853 2357 4906 unita
2391 4862 2470 4906 est
2498 4852 2668 4908 deitas
2695 4853 2954 4921 ejusdem.
3001 4853 3131 4905 Nam
3169 4853 3219 4907 si
3256 4864 3311 4906 tu
3351 4869 3447 4921 per
3475 4844 3745 4933 singula“?

2215 4945 2356 4997 mina
2405 4959 2748 5012 personarum
2795 4943 2995 4996 unitum
3042 4959 3249 4997 nomen
3299 4944 3532 5012 Spiritus
3560 4950 3627 4992 ter
3650 4931 3749 5025 des"-

2214 5038 2406 5104 gnasti,
2441 5036 2675 5105 nunquid
2724 5046 2831 5089 tres
2876 5036 3103 5104 Spiritus
3135 5036 3336 5109 dicere
3367 5024 3746 5109 οροτιεῑῖᾼέιενί·

530 5122 710 5176 siones
749 5123 998 5177 atrociter
1043 5138 1162 5177 cum
1209 5126 1409 5178 inﬁnita
1453 5129 1806 5185 sollicitudine
1840 5133 2098 5187 dimican-

530 5216 677 5280 dum,
710 5224 769 5269 ut
800 5215 1006 5284 penitus
1044 5216 1281 5270 discussa
1326 5217 1699 5275 haereticorum
1730 5224 1974 5292 caligine,
2006 5226 2095 5279 lux

527 5306 850 5375 evangelicae
896 5305 1215 5375 cognitionis
1259 5310 1513 5375 patefacta
1559 5311 1839 5378 clanscat,
1886 5326 1937 5369 et
1983 5317 2096 5371 bla-

527 5399 919 5467 sphemantium
952 5402 1157 5452 detecta
1187 5400 1399 5453 catcitas
1428 5401 1740 5457 innotescat.
1760 5404 1917 5461 Unde
1947 5409 2097 5463 nobis

522 5493 793 5558 paulisper
816 5507 913 5560 pro
935 5491 1325 5547 examinatione
1346 5494 1618 5559 superiora
1644 5499 1925 5551 retexenda
1949 5510 2097 5565 sunt,

530 5589 588 5633 ut
614 5582 909 5649 legentibus
940 5584 1023 5638 vel
1056 5584 1498 5652 investigantibus
1527 5587 1802 5642 veritatem
1832 5592 2003 5645 omnis
2034 5592 2096 5645 ad

509 5665 781 5734 ’liquidum
830 5674 1106 5743 scrupulus
1146 5674 1480 5730 inﬁdelitatis
1519 5675 1585 5730 de
1630 5692 1824 5732 arcano
1866 5681 2098 5749 pectoris

525 5757 821 5814 auleratur.

2210 5128 2359 5192 Quod
2388 5129 2432 5181 si
2464 5130 2562 5182 hoc
2594 5138 2799 5197 poterat
2826 5129 2948 5191 dici,
2981 5129 3084 5182 tale
3112 5138 3265 5196 erat,
3300 5140 3362 5183 ut
3391 5139 3447 5183 et
3478 5128 3572 5179 hoc
3592 5108 3747 5201 inicon'

2190 5218 2442 5273 fessiune
2458 5219 2675 5274 deberet
2693 5219 2975 5283 introduci,
3001 5230 3108 5273 tres
3138 5220 3283 5274 deos
3306 5222 3361 5274 in
3383 5215 3749 5287 ρῐυτ..1ἱιιιιηιιπι“ο

2210 5310 2503 5377 nuncupari
2530 5327 2541 5361 :
2567 5321 2635 5364 ut
2644 5310 2749 5378 jam
2773 5326 2874 5363 non
2899 5310 3115 5365 essetin
3139 5310 3232 5365 liis
3258 5312 3511 5391 personis
3529 5322 3618 5361 una
3640 5294 3752 5391 203

2208 5415 2395 5456 natura
2438 5402 2754 5470 divinitatis,
2800 5401 2894 5456 sed
2940 5403 3325 5472 unusquisque
3368 5386 3423 5481 in
3457 5398 3650 5471 pr0pria
3696 5383 3752 5437 \‘c'

2192 5497 2411 5549 diversa
2445 5505 2630 5549 natura
2663 5510 2756 5549 sua
2797 5496 3147 5557 consis'eret;
3197 5497 3354 5565 quod
3403 5496 3560 5551 absit.
3595 5489 3754 5561 interea

2200 5601 2391 5639 rursus
2423 5586 2607 5640 eadem
2639 5593 2844 5653 repeto,
2877 5597 2930 5640 et
2957 5586 3020 5640 ad
3049 5594 3137 5638 tua
3166 5588 3319 5641 dicta
3346 5589 3506 5663 verba
3534 5584 3752 5643 compar“

2204 5689 2257 5732 et
2302 5692 2517 5731 sensum
2559 5677 2856 5731 intellectus
2907 5678 3008 5731 mei
3062 5678 3164 5731 tibi
3212 5681 3423 5735 refero.
3475 5674 3757 5762 Patel‘f‘"s

2200 5770 2346 5823 Deus
2372 5777 2474 5821 est.
2511 5778 2563 5823 et
2594 5768 2758 5822 Filius
2790 5768 3088 5830 uttiyonitus
3128 5769 3284 5827 Deus
3334 5781 3441 5835 est,
3485 5778 3539 5824 et
3575 5760 3757 5830 59W";

3881 5473 3883 5591 i

3881 5870 3883 5999 1

3881 6036 3883 6145 i
