3938 6376
188 428 275 488 2H

1424 419 1513 476 DE
1554 418 1928 479 TBINITATE
1968 422 2094 482 LIB.
2124 424 2163 481 i.

3319 422 3437 477 2η

185 551 392 600 sanctus
422 535 603 592 unitus
627 534 680 589 in
708 530 864 589 Patre
888 541 938 586 et
973 528 1104 586 Filio
1132 530 1271 584 Deus
1295 540 1396 585 est.
1424 532 1609 587 Nonne
1628 534 1749 600 quia
1784 539 1830 596 Α
1859 550 1963 588 non
1983 536 2323 605 significavit,
2347 535 2499 591 Pater
2520 530 2675 598 dixit,
2694 542 2746 588 ct
2770 530 2937 590 Filius
2961 534 3104 603 fecit,
3126 544 3179 590 et
3204 533 3433 604 Spiritus

183 632 398 689 unitatis
425 642 639 690 nomen,
669 624 721 678 id
753 633 829 677 est
862 622 1098 688 deitatis,
1124 635 1218 688 per
1239 622 1473 690 singulas
1498 638 1751 690 personas

183 739 255 779 ter
281 719 581 790 designavi,
614 716 735 770 ide'o
765 726 873 767 trcs
907 714 1036 767 deos
1068 723 1248 782 potero
1269 714 1550 768 conliteri?
1578 715 1746 768 Absit.

184 813 325 869 Unde
354 808 597 880 quamvis
631 807 815 873 triplex
847 806 913 857 sit
940 805 1162 868 dictum,
1194 820 1355 857 unum
1389 816 1565 858 tamen
1607 814 1754 859 tenet

182 908 227 957 in
258 903 455 955 deitate
479 897 754 952 Trinitatis
782 896 1013 949 nominis
1038 894 1311 949 indicium.
1338 894 1552 950 Interim
1580 896 1666 949 vel
1698 894 1750 949 in

182 996 273 1055 hoc
324 991 479 1045 titulo
531 988 893 1043 animadverte
943 986 1207 1039 dicentem
1248 1003 1261 1036 :
1306 984 1416 1052 Ego
1457 1001 1569 1037 sum
1614 983 1753 1036 Deus

180 1086 453 1146 Abraham,
498 1081 634 1134 Deus
682 1080 850 1141 Isaac,
880 1089 926 1132 et
973 1076 1109 1131 Deus
1139 1077 1300 1129 .Iacob
1326 1076 1516 1146 (Exod.
1544 1090 1631 1138 οτιι,
1672 1075 1751 1142 6).

178 1175 417 1242 Nunquid
455 1174 505 1227 in
553 1173 652 1226 hoc
697 1171 842 1224 dicto
873 1179 983 1223 tres
1012 1169 1142 1223 deos
1176 1168 1359 1236 design
1380 1156 1490 1233 ivit,
1522 1182 1587 1222 eo
1615 1166 1752 1235 quod

178 1254 336 1324 unum
370 1280 561 1319 nomen
614 1272 694 1318 ter
735 1261 1024 1316 indicavit?
1068 1260 1238 1314 Absit.
1280 1259 1481 1313 Idcirco
1525 1274 1621 1313 nos
1662 1259 1753 1327 qui

178 1358 334 1412 ﬁdem
366 1354 726 1426 evangelium
775 1362 931 1421 atque
976 1350 1321 1419 apostolicam
1352 1349 1567 1404 Patrum
1608 1360 1756 1405 tene-

178 1465 318 1511 mus,
354 1462 454 1503 nec
485 1458 594 1501 tres
625 1446 777 1513 deos,
808 1460 904 1499 nec
936 1454 1043 1498 tres
1082 1442 1350 1507 dominos,
1380 1458 1476 1497 nec
1504 1453 1611 1498 tres
1647 1443 1755 1513 spi-

176 1542 335 1604 ritus,
367 1538 451 1593 vel
490 1546 684 1592 caetera
726 1535 1092 1604 hujuscemodi
1142 1534 1456 1603 pluralitatis
1483 1534 1620 1589 dicta
1656 1549 1754 1589 nec

175 1640 441 1695 tenemus,
474 1643 573 1683 nec
598 1629 648 1681 in
671 1627 831 1682 corde
858 1634 1037 1679 nostro
1060 1624 1381 1693 suscipimus
1412 1641 1425 1678 :
1456 1626 1751 1693 praesertim

178 1738 291 1778 cum
351 1736 447 1775 nos
493 1721 749 1774 unitatem
782 1718 992 1772 deitatis
1020 1716 1213 1784 uniter,
1254 1733 1358 1771 non
1402 1717 1673 1783 pluraliter
1701 1718 1751 1771 in

178 1812 439 1868 Trinitate
479 1810 773 1865 consistere
813 1809 1062 1863 sciamus.
1095 1808 1319 1876 Propter
1349 1808 1489 1875 quod
1528 1824 1631 1863 non
1662 1809 1756 1864 de-
1798 1876 1801 1881 η

1856 632 2074 678 sanctus
2124 626 2395 682 benedixit
2424 642 2437 692 ;
2468 627 2559 681 sed
2601 626 2828 681 breviter
2859 637 3169 695 prosecutus
3207 636 3287 680 est
3321 643 3332 677 :
3368 626 3437 679 Et

1856 714 1989 767 dixit
2032 714 2192 773 Deus.
2224 725 2278 770 et
2308 716 2431 771 fecit
2470 717 2629 783 Deus,
2661 726 2713 771 et
2756 716 2885 769 vidit
2928 716 3065 769 Dens
3106 716 3283 768 omnia
3318 730 3434 781 qua

1856 801 1990 855 facta
2017 816 2189 881 erant,
2221 814 2275 858 et
2304 807 2574 860 benedixit
2597 807 2701 871 il'a,
2734 806 2938 871 dicens,
2960 805 3176 859 Crescite
3225 816 3271 858 et
3298 809 3431 857 ntul-

1856 894 2180 961 tiplicamini,
2217 906 2262 949 et
2292 897 2478 961 replete
2510 908 2697 949 terram
2726 896 2872 966 (Gen.
2912 911 2948 958 t,
2978 894 3088 965 28).
3122 895 3283 947 Vides
3309 896 3430 963 quia

1857 1001 2013 1040 nemo
2055 986 2121 1040 ad
2170 986 2515 1055 semetipsum
2545 988 2694 1053 dicit,
2726 987 2835 1052 fiat,
2865 986 2955 1039 sed
2996 985 3059 1039 ad
3104 985 3381 1039 facientem
3416 1002 3430 1035 :

1854 1088 1908 1132 et
1956 1092 2113 1133 nemo
2153 1078 2239 1148 qui
2293 1078 2437 1142 facit,
2466 1078 2529 1131 ad
2576 1093 2722 1131 suam
2765 1092 3043 1147 personam
3087 1074 3339 1143 loquitur,
3376 1084 3432 1125 et

1857 1168 2000 1245 fecit.
2039 1169 2105 1223 Et
2152 1170 2271 1238 quis
2309 1168 2375 1222 de
2421 1183 2479 1222 se
2520 1168 2743 1233 iudicat,
2778 1178 2831 1223 et
2857 1169 3008 1229 vidit,
3037 1178 3091 1221 et
3122 1167 3433 1221 benrdixit?

1855 1260 1985 1315 Nam
2031 1262 2196 1315 verbo
2241 1269 2396 1315 tenus
2438 1260 2481 1313 si
2518 1275 2619 1314 una
2667 1268 2809 1315 esset
2852 1273 3074 1328 persona
3104 1255 3348 1319 diceuti-,
3377 1265 3432 1309 et

1855 1354 2120 1429 facientis,
2152 1363 2207 1409 et
2254 1353 2641 1416 benedicentis,
2682 1352 2760 1405 sic
2804 1352 3099 1405 intimasset
3138 1350 3329 1403 fecisse
3370 1362 3431 1401 se

1852 1452 1987 1520 ‘opus
2009 1466 2188 1517 suum,
2210 1460 2263 1503 et
2288 1449 2418 1513 dixi,
2443 1458 2497 1504 et
2518 1447 2639 1511 feci,
2658 1454 2710 1500 et
2733 1446 3001 1500 benedixi.
3021 1446 3150 1497 Dum
3173 1443 3428 1511 scriptum

1855 1544 1962 1601 sit:
1994 1544 2157 1599 Verbo
2181 1541 2389 1595 Domini
2416 1542 2525 1595 caeli
2547 1538 2736 1608 firmati
2757 1546 2894 1601 sunt,
2922 1545 2967 1589 et
2995 1536 3173 1605 spiritu
3198 1536 3299 1587 oris
3321 1534 3430 1603 ejus

1854 1638 2017 1691 omnis
2047 1638 2205 1691 virtus
2243 1650 2416 1688 eorum
2444 1632 2613 1703 (Psal.
2664 1646 2835 1695 xxxtt,
2870 1628 2947 1699 6).
2980 1629 3171 1698 Utique
3200 1628 3429 1682 Verbum

1855 1726 2048 1781 Filium
2082 1725 2329 1780 indicavit
2354 1740 2368 1777 :
2395 1725 2674 1778 Dominum
2703 1732 2878 1776 autem
2912 1721 3116 1774 Patrem
3145 1720 3261 1788 ejus
3292 1719 3433 1773 desi-

1855 1819 2051 1887 gnavit,
2079 1826 2134 1872 et
2156 1816 2411 1885 Spiritum
2436 1816 2545 1869 oris
2566 1814 2705 1884 ejus,
2730 1814 2984 1883 Spiritum
3010 1822 3247 1866 sanctum
3272 1812 3428 1867 dixit.

179 1902 365 1957 bemus
396 1909 504 1953 tres
535 1910 752 1953 naturas
780 1898 830 1953 in
862 1899 945 1952 his
979 1899 1223 1967 personis
1252 1908 1434 1952 contra
1475 1902 1561 1967 jus
1592 1915 1756 1954 evan-
1785 1896 1826 1956 Β
1859 1904 2019 1963 Vides
2049 1909 2099 1962 in
2135 1907 2215 1962 bis
2255 1907 2497 1973 personis
2537 1906 2740 1961 unitum
2770 1920 2890 1959 esse
2929 1919 3119 1958 nomen
3161 1904 3432 1957 Trinitatis

178 1990 359 2056 gelica:
402 2002 643 2041 censura:
685 1986 946 2055 profiteri,
977 2001 1096 2041 cum
1128 1987 1196 2040 sit
1225 2001 1362 2041 unus
1401 1987 1557 2042 Pater
1590 1988 1747 2055 Deus,

181 2088 232 2132 et
259 2080 563 2147 unigenitus
589 2077 658 2131 sit
687 2076 848 2129 Filius
869 2076 1029 2134 Deus.
1058 2086 1115 2130 et
1141 2076 1401 2145 ingenitus
1429 2078 1496 2131 sit
1524 2077 1752 2145 Spiritus

180 2179 394 2222 sanctus
426 2168 583 2222 Deus.
612 2167 734 2220 Ideo
760 2181 897 2220 unus
922 2175 1002 2219 est
1034 2166 1192 2230 Deus,
1218 2166 1337 2235 quia
1368 2166 1510 2219 unita
1534 2175 1615 2221 est
1640 2167 1753 2221 dei-

179 2266 280 2320 tas,
306 2258 442 2311 sirut
471 2271 562 2325 per
591 2256 827 2325 singulas
854 2271 1110 2324 personas
1131 2257 1384 2324 scriptum
1410 2266 1490 2311 est
1519 2274 1530 2309 :
1554 2266 1607 2312 et
1629 2260 1750 2326 quia

176 2348 357 2402 nullus
387 2349 527 2402 D.us
559 2350 655 2401 nisi
685 2363 842 2401 unus.
874 2347 1029 2401 Velut
1057 2348 1157 2400 hoc
1189 2365 1202 2401 :
1228 2348 1384 2412 Audi,
1414 2345 1600 2413 Israel,
1642 2348 1751 2402 Do-

180 2439 348 2490 minus
400 2420 534 2490 Dc’iis
584 2447 718 2500 tuus,
766 2437 900 2489 Deus
944 2452 1074 2487 unus
1114 2444 1183 2487 est
1210 2435 1385 2504 (Deut.
1418 2450 1490 2499 Vl,
1518 2437 1603 2503 4);
1643 2439 1754 2492 sive

178 2527 284 2583 hoc
314 2546 326 2581 ε
365 2528 471 2598 Ego
501 2528 746 2581 Dominus
780 2528 912 2582 Dens
939 2529 1141 2581 extendi
1177 2527 1355 2579 ccelum
1382 2527 1541 2593 solus,
1567 2539 1613 2582 et
1635 2532 1755 2584 soli-

180 2620 302 2671 davi
339 2629 524 2673 tcrram
558 2619 707 2689 (Isai.
747 2636 886 2685 κων,
916 2618 1030 2689 94).
1060 2618 1166 2674 Sed
1189 2628 1243 2673 et
1272 2619 1373 2673 hoc
1407 2637 1421 2672 :
1455 2620 1597 2676 Unus
1625 2624 1757 2677 enim

178 2711 323 2765 Deus
356 2712 410 2783 (I
434 2713 569 2767 Tim.
601 2731 656 2779 tt,
688 2716 773 2783 5);
807 2724 899 2768 aut
939 2714 1036 2767 hoc
1068 2732 1081 2768 :
1117 2714 1367 2768 Mediator
1406 2724 1572 2768 autem
1607 2717 1756 2770 unius

174 2816 279 2853 non
318 2811 411 2867 est,
446 2802 579 2856 Deus
600 2814 765 2857 autem
797 2820 925 2857 unus
951 2813 1023 2858 est
1045 2803 1186 2874 (Gal.
1220 2819 1297 2868 ut,
1328 2803 1442 2871 ΞΟ).
1467 2804 1574 2858 Nec
1609 2821 1753 2860 non:

184 2888 330 2943 Vade
356 2901 508 2956 retro,
555 2892 783 2957 Salano;
818 2895 1057 2964 scriptum
1101 2902 1176 2947 est
1222 2910 1242 2947 :
1282 2892 1553 2948 Dominum
1592 2896 1757 2949 Deum

174 2986 322 3030 tuum
349 2980 587 3033 adorabis
611 2990 655 3035 et
687 2983 763 3035 illi
791 2983 888 3035 soli
919 2985 1099 3037 seruies
1128 2982 1341 3055 (Matth.
1374 3001 1445 3050 tv,
1479 2985 1593 3049 10).
1622 2986 1752 3041 Nam

177 3073 235 3120 et
262 3068 363 3121 ltoc
393 3085 407 3121 :
443 3068 521 3123 Ea:
545 3069 747 3140 Spiritu
781 3072 866 3140 qui
895 3074 1139 3136 nascitur,
1175 3072 1399 3141 Spiritus
1426 3082 1537 3139 est;
1566 3084 1620 3130 et
1648 3076 1756 3130 alio

177 3157 229 3211 in
252 3159 403 3216 loco:
430 3161 555 3215 Iltec
577 3164 745 3218 omnia
774 3174 1013 3229 operatur
1038 3182 1168 3219 unus
1186 3177 1336 3235 atque
1352 3167 1483 3221 idem
1503 3168 1748 3239 Spiritus,

1858 2000 1908 2053 in
1941 2000 2164 2054 natura?
2203 1998 2619 2069 Psalmogrnpho
2657 2012 2866 2068 quoque
2895 1997 3220 2065 approbante
3250 2012 3261 2047 :
3299 1994 3432 2048 Pro-

1856 2101 2027 2159 pterea
2054 2093 2196 2145 unxit
2225 2099 2273 2145 te
2305 2091 2459 2155 Deus,
2493 2088 2629 2143 Deus
2659 2099 2772 2142 tuus
2808 2086 2975 2159 (Psal.
3008 2102 3149 2151 xt.tv,
3182 2085 3259 2155 8).
3291 2085 3429 2139 Ecce

1859 2183 2022 2237 Deum
2076 2192 2129 2237 et
2189 2182 2352 2237 Deum
2407 2199 2418 2235 :
2470 2195 2577 2236 non
2634 2191 2808 2235 tamen
2863 2180 3139 2249 pluraliter
3190 2178 3431 2231 invenies

1853 2272 2050 2327 dictum
2088 2272 2249 2328 fuisse
2296 2274 2349 2327 in
2397 2274 2477 2327 bis
2524 2273 2768 2341 personis
2814 2271 2944 2325 deos
2983 2284 3119 2324 :nec
3166 2284 3269 2322 non
3324 2268 3429 2320 Do-

1855 2365 2058 2419 minum
2113 2365 2181 2419 de
2234 2365 2500 2430 Domino,
2557 2365 2766 2418 Patrem
2819 2364 2886 2417 de
2937 2362 3067 2416 Filio
3120 2361 3240 2414 audi
3292 2368 3430 2414 atte-

1857 2463 2084 2510 stan‘em
2109 2470 2199 2523 per
2223 2453 2360 2509 Osee
2390 2455 2727 2523 prOphetam,
2758 2452 2979 2508 Salvabo
3003 2468 3085 2506 eos
3114 2452 3165 2503 in
3195 2451 3430 2511 Domino.

1860 2544 1965 2598 Deo
2021 2546 2247 2614 ipsorum
2297 2544 2456 2614 (Osee
2504 2560 2555 2608 ι,
2609 2545 2699 2611 7).
2759 2542 2864 2599 Sed
2922 2551 2973 2595 et
3025 2542 3125 2594 bne
3178 2541 3431 2609 scriptum

1859 2635 2016 2705 205
2064 2643 2148 2689 est
2198 2636 2266 2687 de
2324 2635 2473 2687 unito
2526 2634 2741 2687 nomine
2794 2631 3087 2686 divinitatis
3135 2647 3146 2681 :
3191 2630 3255 2683 Et
3306 2631 3435 2699 pluit

1866 2723 2111 2777 Dominus
2137 2742 2167 2777 a
2198 2724 2417 2777 Domino
2445 2722 2594 2793 (Gen.
2622 2738 2729 2785 xtx,
2748 2706 2860 2791 24.).
2884 2721 2973 2776 Vel
3007 2720 3107 2775 hoc
3134 2721 3436 2789 exemplum

1857 2813 2040 2882 accipe
2079 2816 2141 2867 ad
2172 2814 2340 2871 Jacob
2365 2814 2590 2869 dicentis
2629 2815 2680 2868 in
2724 2814 2861 2872 libro
2892 2812 3163 2867 Grnescos
3199 2830 3211 2865 :
3270 2812 3437 2881 Surge

1856 2912 1901 2956 et
1929 2904 2145 2958 ascende
2164 2906 2213 2957 in
2236 2907 2400 2958 locant
2423 2904 2617 2971 Bcthel,
2639 2913 2683 2956 et
2710 2902 2881 2955 habita
2908 2903 2995 2968 ibi,
3020 2911 3064 2955 et
3088 2903 3169 2972 fac
3190 2902 3257 2953 ibi
3277 2902 3435 2954 altare

1860 2996 1986 3059 Deo,
2028 2996 2106 3049 illi
2141 3000 2227 3064 qui
2264 2998 2505 3067 apparuit
2543 2996 2631 3049 tibi
2673 3012 2787 3048 cum
2821 3001 3022 3067 fugeres
3054 3011 3084 3046 a
3113 2996 3241 3063 facie
3263 2994 3436 3064 fratris

1858 3087 1931 3140 tui
1954 3086 2108 3157 (Gen.
2140 3104 2303 3152 xxxv,
2331 3086 2401 3156 1).
2426 3088 2490 3141 Ει
2518 3088 2567 3140 in
2601 3087 2736 3140 libro
2761 3087 3088 3141 Psalmnrum
3110 3095 3325 3140 cautum
3355 3086 3434 3139 in-

1856 3177 2097 3232 venimus
2127 3194 2139 3231 :
2165 3176 2307 3229 Dixit
2336 3175 2578 3229 Dominus
2613 3176 2828 3230 Domino
2860 3192 2987 3245 meo,
3014 3175 3147 3231 Sede
3169 3175 3237 3228 ad
3259 3176 3435 3228 dexte-

178 3247 410 3303 dicidens
433 3250 648 3321 singulis
674 3261 824 3321 prout
850 3254 986 3316 vult;
1015 3252 1125 3307 Sive
1152 3252 1253 3308 1100
1285 3269 1298 3308 ἒ
1332 3255 1547 3311 Servare
1586 3262 1753 3315 unita-
1781 3262 1825 3325 C
1858 3284 1968 3320 ram
1988 3283 2171 3335 meam,
2188 3268 2345 3320 donec
2362 3283 2545 3335 ponam
2568 3268 2799 3321 inimicos
2821 3279 2931 3321 tuos
2952 3267 3225 3319 scabellum
3249 3267 3432 3333 pedum

177 3344 277 3387 tem
307 3336 534 3403 Spiritus
574 3340 624 3393 iu
660 3340 862 3393 uinculo
901 3343 1040 3411 pacis
1074 3357 1094 3396 :
1124 3358 1276 3395 unum
1305 3359 1491 3415 corpus
1542 3360 1589 3402 et
1618 3366 1749 3405 unus

178 3423 425 3494 Spiritus.
448 3429 554 3484 Sed
572 3440 625 3485 et
642 3430 744 3485 hoc
768 3447 780 3484 :
805 3430 987 3485 Omnes
1005 3448 1160 3486 unum
1182 3432 1431 3502 Spiritum
1449 3440 1749 3505 potabimus.

176 3516 447 3575 Memento
487 3522 691 3577 unitum
727 3523 1024 3579 divinitatis
1070 3541 1262 3580 nomen
1296 3541 1416 3582 esse
1452 3528 1503 3582 in
1532 3530 1751 3599 singulis

176 3616 440 3677 personis.

248 3699 611 3773 Interrogatio.
632 3704 701 3760 Ut
722 3704 837 3761 haec
853 3705 992 3762 dicta
1013 3707 1081 3763 de
1100 3709 1433 3765 auctoritatis
1444 3710 1563 3780 jure
1579 3709 1751 3766 adhuc

173 3791 307 3846 mihi
332 3798 639 3865 conﬁrmes,
672 3801 901 3866 postulo.

244 3882 550 3954 Responsio.
604 3889 817 3958 lguoras
862 3892 1114 3961 scriptum
1156 3907 1296 3959 esse,
1347 3892 1749 3964 Intelligentibus

166 3974 337 4044 legent
366 3979 544 4048 loquor
573 3982 749 4050 (Rom.
793 4000 884 4051 vti,
933 3986 1008 4053 1).
1058 3987 1234 4054 Itaque
1273 3988 1435 4059 204
1461 3992 1547 4059 qui
1592 4006 1747 4047 aures

168 4063 379 4122 habent
405 4069 468 4122 ad
493 4072 813 4128 audiendum
851 4077 1066 4131 audiant
1106 4079 1234 4147 quid
1274 4082 1507 4149 Spiritus
1540 4098 1634 4151 per
1663 4084 1745 4138 bi-

166 4160 603 4227 storiograpbum
636 4165 867 4236 Moysem
908 4171 960 4223 in
1002 4180 1113 4226 toto
1148 4187 1285 4241 pene
1313 4175 1451 4228 libro
1478 4176 1749 4233 Geneseos

169 4250 432 4309 Ecclesiis
462 4266 684 4311 testetur
712 4276 727 4314 :
754 4261 1049 4331 intelligant
1075 4266 1241 4319 Deum
1267 4266 1483 4331 dixisse,
1508 4278 1561 4322 et
1586 4270 1748 4323 Deusn

165 4339 392 4410 fecisse,
410 4359 462 4401 et
484 4348 650 4402 Deum
676 4350 931 4415 adfuisse,
954 4353 1035 4407 vel
1068 4354 1405 4409 benedixisse
1424 4370 1505 4409 ea.
1533 4356 1673 4410 idem
1698 4368 1749 4413 et

163 4441 306 4496 dixit
335 4441 403 4496 ibi
432 4461 445 4496 :
472 4442 746 4497 Faciamus
768 4446 1023 4499 hont'nem
1046 4447 1115 4500 ad
1138 4447 1409 4517 imaginem
1434 4458 1483 4501 et
1508 4449 1749 4503 similitu-

164 4539 343 4591 dincm
380 4546 606 4590 nostram
648 4535 798 4605 (Gen.
850 4551 887 4601 t,
936 4536 1047 4607 26),
1081 4545 1136 4592 et
1172 4538 1247 4592 sic
1278 4549 1588 4606 prosccutus
1615 4547 1697 4593 est
1726 4558 1737 4593 :

1860 3367 2057 3411 tuorum
2090 3356 2260 3427 (Psal.
2291 3372 2400 3419 etx,
2434 3356 2512 3426 1).
2541 3356 2645 3412 Sed
2678 3366 2735 3411 et
2761 3367 2977 3410 sanctus
3002 3356 3163 3410 issias
3196 3355 3432 3409 indicati:

1861 3450 1949 3503 Sic
1978 3450 2101 3502 dicit
2131 3448 2378 3502 Dominus
2410 3447 2608 3501 Christo
2633 3464 2762 3512 meo,
2792 3449 2872 3499 cui
2903 3448 3036 3501 tenui
3070 3448 3343 3507 dexteram,
3379 3455 3436 3496 ut

1858 3538 2136 3592 obaudiunt
2163 3554 2277 3591 eum
2305 3553 2478 3591 omnes
2509 3550 2676 3609 gentes
2701 3536 2856 3607 (Isai.
2889 3554 3014 3602 va,
3047 3538 3123 3602 1),
3153 3546 3256 3589 etc.
3288 3536 3436 3591 Unus

1858 3641 2033 3685 tamen
2068 3631 2207 3683 Deus
2245 3631 2365 3697 quia
2397 3630 2543 3682 unita
2567 3640 2650 3683 est
2672 3628 2966 3683 dominatio
2995 3630 3045 3682 in
3076 3637 3265 3682 natura
3295 3643 3439 3681 sem-

1858 3725 2059 3792 piterna
2087 3742 2098 3776 :
2134 3724 2268 3782 sicut
2305 3735 2359 3777 et
2382 3724 2449 3776 de
2474 3737 2699 3791 persona
2726 3722 2894 3777 saltCIi
2922 3722 3152 3791 Spiritus
3203 3722 3305 3775 Vas
3331 3722 3437 3775 eius

1852 3815 2048 3870 ctionis
2076 3817 2307 3869 breviter
2338 3814 2568 3870 absolvit
2595 3815 2779 3870 dicens
2805 3831 2816 3867 :
2843 3814 2988 3868 Idem
3039 3814 3267 3882 Spiritus
3298 3814 3435 3867 idem

1852 3917 1899 3962 et
1936 3907 2199 3973 Dominus,
2230 3908 2359 3960 idem
2392 3916 2437 3960 et
2471 3906 2625 3973 Deus,
2657 3908 2746 3976 qui
2774 3907 3221 3972 operatur-omnia
3242 3907 3291 3959 in
3321 3922 3433 3959 am-

1856 4000 1998 4051 nibus
2027 3998 2075 4067 (Ι
2108 3997 2226 4052 Cor.
2254 4008 2359 4062 xu,
2384 3998 2493 4065 Η).
2521 3997 2585 4051 Et
2606 3998 2711 4050 alio
2736 3997 2786 4048 in
2818 3996 2940 4049 loco
2969 3996 3107 4049 idem
3136 3998 3249 4064 ipse
3278 4011 3434 4064 repe-

1857 4088 1954 4140 tit:
1989 4088 2121 4152 Quia
2153 4086 2400 4139 Dominus
2439 4095 2513 4138 cst
2556 4085 2783 4150 Spiritus
2818 4100 2835 4136 :
2865 4086 2948 4136 ubi
2990 4094 3158 4136 autem
3206 4084 3434 4151 Spiritus

1857 4177 2082 4241 Domini,
2123 4178 2191 4229 ibi
2230 4176 2436 4229 libtrtas
2474 4173 2570 4245 (ΙΙ
2596 4174 2730 4227 Cor.
2772 4189 2849 4238 ιιι,
2893 4176 3011 4241 17).
3048 4175 3139 4228 γει
3170 4176 3351 4238 accipe
3379 4177 3431 4227 in

1856 4282 2080 4337 persona
2112 4268 2281 4320 Patris
2313 4267 2363 4318 in
2395 4266 2687 4333 Evangelia
2712 4266 2775 4318 ad
2804 4265 3197 4320 Samaritanam
3228 4267 3427 4323 dictum

1857 4359 2041 4419 fuisse,
2064 4354 2350 4427 quia'Deus
2374 4357 2609 4425 Spiritus
2646 4368 2717 4410 est
2755 4358 2934 4428 (Joan.
2969 4373 3041 4421 Iv,
3073 4358 3187 4426 24).
3219 4359 3346 4413 Nam
3376 4370 3432 4415 et

1852 4451 1919 4504 de
1943 4464 2167 4518 persona
2193 4448 2307 4503 Filii
2338 4448 2598 4503 Jeremias
2622 4448 3022 4515 receptissimus
3047 4450 3426 4518 prophetarum

1854 4549 2077 4596 testatur
2117 4557 2128 4592 :
2178 4539 2402 4610 Spiritus
2461 4539 2612 4603 faciei
2660 4548 2847 4591 ιιοεινιε
2904 4537 3132 4592 Christus
3182 4538 3429 4596 Dominus

164 4628 317 4684 Fecit
363 4629 499 4683 Deus
543 4628 817 4691 hominem,
864 4629 934 4680 ad
974 4628 1240 4696 imaginem
1284 4626 1379 4681 Dei
1421 4630 1538 4696 fecit
1567 4629 1735 4695 illum,
1772 4628 1822 4687 Ι)
1844 4633 2063 4703 (Thren.
2096 4648 2165 4696 tv,
2198 4631 2310 4701 20).
2346 4632 2471 4685 Sive
2501 4629 2602 4685 hoc
2636 4647 2649 4683 :
2687 4631 2821 4695 Quia
2847 4632 2981 4683 misit
3016 4631 3153 4685 Deus
3193 4634 3427 4702 spiritum

164 4721 453 4773 masculum
470 4729 516 4773 et
539 4719 779 4787 feminam
797 4717 912 4783 fecit
937 4733 1039 4782 eos,
1062 4727 1108 4769 et
1130 4716 1387 4770 benedixit
1409 4734 1511 4782 eos,
1531 4718 1735 4772 dicens:

148 4806 388 4863 Crescite
433 4817 479 4861 et
527 4806 958 4873 multiplicamini,
1005 4816 1050 4858 et
1099 4808 1285 4875 replete
1324 4816 1509 4859 terram
1547 4807 1734 4879 (lbid.,

157 4899 246 4965 s7,
279 4900 397 4967 es).

231 4990 591 5061 Interrogatio.
625 4988 754 5055 Quae
785 4986 995 5040 tandem
1024 4994 1107 5040 est
1143 4999 1301 5040 causa
1342 5000 1501 5040 unum
1540 4984 1739 5042 dixisse

158 5086 434 5153 faciamus,
459 5092 512 5137 et
537 5098 699 5149 unum
725 5083 935 5149 fecisse,
967 5088 1021 5134 et
1043 5096 1205 5136 unum
1232 5082 1425 5136 dicenti
1448 5090 1500 5135 et
1523 5081 1732 5137 facienti

158 5176 486 5239 interfuisse,
516 5185 569 5228 et
599 5174 733 5227 bona
763 5172 899 5226 facta
923 5172 1119 5226 vidisse
1139 5180 1193 5225 et
1220 5171 1588 5226 benedixisse?
1607 5172 1731 5226 dum

156 5266 409 5331 faciamus
438 5266 592 5318 unius
625 5271 828 5317 tantum
858 5263 1083 5318 solitarii
1123 5278 1349 5331 persona
1379 5277 1483 5317 non
1516 5264 1607 5328 sit,
1640 5264 1733 5319 sed

156 5356 400 5413 facientis
430 5357 607 5411 uniter
633 5371 754 5411 cum
784 5371 872 5419 eo,
904 5363 959 5411 et
1002 5355 1075 5409 ad
1117 5355 1407 5423 imaginem
1444 5356 1535 5410 Dei
1568 5355 1729 5423 ipsius

157 5461 357 5508 tantum
402 5467 627 5519 persona
663 5451 754 5516 sit,
786 5450 878 5505 sed
910 5460 962 5505 et
996 5448 1223 5503 videntis
1261 5458 1318 5504 et
1362 5448 1727 5504 benedicentis

160 5536 257 5598 una
287 5561 410 5599 cum
437 5559 502 5598 eo
525 5545 612 5596 sit.

228 5635 534 5704 Responsio.
582 5634 703 5688 Non
748 5632 851 5687 tibi»
888 5632 1118 5695 videtur,
1148 5632 1395 5702 quoniam
1439 5647 1534 5702 per
1574 5632 1733 5688 tacita

158 5724 368 5779 nomina
396 5738 770 5792 personarum,
794 5724 1035 5793 quamvis
1066 5723 1354 5793 paulisper,
1377 5724 1590 5779 deitatis
1612 5725 1733 5778 uni-

158 5822 264 5868 tum
295 5814 568 5884 operantis
595 5829 784 5869 nomen
833 5824 915 5870 est
961 5816 1316 5869 insinuatum?
1358 5815 1567 5886 Utique,
1609 5820 1730 5886 quia

1846 4722 1973 4777 Filii
2002 4725 2081 4778 sui
2112 4726 2164 4776 in
2193 4723 2349 4775 corda
2377 4730 2572 4787 nostra,
2613 4722 2912 4774 clamantem
2944 4721 3081 4774 Abba
3108 4733 3250 4791 pater
3280 4722 3423 4793 (Cal.

1842 4830 1913 4879 tv,
1956 4815 2035 4883 6).
2085 4814 2160 4867 De
2205 4812 2408 4882 Spiritu
2447 4820 2625 4865 autem
2670 4810 2943 4879 principali
2977 4810 3137 4864 Filius
3170 4811 3367 4867 indicat
3403 4833 3417 4866 :

1847 4906 2077 4973 Spiritus
2110 4904 2193 4956 ubi
2224 4905 2325 4955 rult
2346 4904 2538 4972 spirat,
2570 4912 2613 4954 et
2656 4918 2820 4953 vocem
2848 4905 2957 4971 ejus
2981 4902 3148 4967 audis,
3192 4912 3242 4956 et
3266 4906 3426 4956 nescis

1847 4994 1981 5047 unde
2012 4994 2177 5047 veniat
2200 5032 2213 5056 ,
2240 4992 2316 5045 vel
2336 5008 2436 5059 quo
2464 5000 2561 5044 eat.
2598 4990 2685 5045 Sic
2712 5000 2781 5044 est
2805 4990 2972 5045 omnis
2991 4991 3078 5060 qui
3110 4993 3334 5046 nascitur
3362 5008 3425 5044 ex

1846 5099 1979 5153 aqua
2030 5092 2075 5137 et
2103 5082 2306 5150 Spiritu
2328 5092 2499 5136 sancto
2525 5080 2698 5150 (Joun.
2726 5097 2806 5148 ιιι,
2829 5082 2906 5152 8).
2932 5082 3071 5151 Ergo
3093 5093 3150 5137 ut
3173 5098 3425 5153 compen-

1844 5175 1932 5229 dio
1978 5174 2276 5242 Scriptura:
2311 5187 2527 5229 sensum
2569 5172 2639 5227 de
2691 5183 2876 5227 natura
2914 5173 3108 5228 divinae
3150 5174 3420 5228 Trinitatis

1843 5265 2020 5320 uniter
2050 5264 2275 5319 dicentis
2298 5264 2553 5332 colligas:
2594 5263 2723 5317 Vivit
2762 5263 3030 5329 Dominus,
3061 5273 3108 5317 et
3133 5264 3419 5316 benedictus

1845 5353 1983 5410 Deus
2018 5371 2177 5423 meus,
2220 5364 2268 5410 et
2290 5356 2536 5409 exaltetur
2571 5356 2707 5409 Deus
2734 5356 2910 5409 salutis
2936 5370 3057 5409 mea
3087 5356 3252 5424 (Psal.
3286 5370 3415 5417 xvn,

1842 5445 1959 5514 47).
1984 5445 2145 5499 Vides
2173 5460 2265 5512 per
2288 5445 2524 5515 singulas
2550 5445 2962 5514 signiﬁcationes
2989 5446 3192 5499 unitum
3220 5460 3414 5503 nomen

1834 5533 2046 5589 deitatis
2072 5543 2152 5589 tet:
2177 5535 2462 5590 indicatum
2487 5551 2502 5589 :
2531 5534 2632 5589 hoc
2655 5546 2757 5597 est,
2786 5535 2943 5598 Deus,
2972 5535 3132 5599 Deus,
3154 5545 3204 5588 et
3230 5535 3365 5589 Deus
3396 5553 3409 5589 :

1837 5643 1945 5684 non
1990 5637 2167 5684 tamen
2209 5629 2360 5684 deos.
2408 5628 2507 5683 Vel
2550 5642 2643 5695 per
2671 5626 2918 5681 eumdem
2959 5626 3158 5680 dictum
3190 5630 3409 5698 accipe:

1838 5721 2061 5776 lmmola
2094 5721 2198 5776 Deo
2231 5721 2539 5788 sacrificium
2562 5718 2750 5780 laudis,
2773 5723 2821 5769 et
2846 5716 3001 5770 redde
3021 5717 3278 5774 Altissimo
3298 5729 3412 5775 vota

1836 5823 1944 5868 tua.
1973 5813 2036 5867 Et
2056 5814 2236 5867 invoca
2257 5827 2336 5864 me
2355 5811 2406 5863 in
2428 5808 2508 5861 die
2534 5804 2871 5861 tribulationis
2892 5812 3014 5873 tua,
3036 5817 3082 5862 et
3104 5811 3314 5877 eripiam
3340 5821 3407 5878 te,
