3938 6376
550 357 654 418 248

1862 368 2084 424 VIGILII
2124 369 2492 429 TAPSENSIS

3635 391 3709 447 2U.

551 487 598 529 et
625 474 936 549 gloriﬁcabis
958 494 1036 535 me
1063 478 1232 552 (Psal.
1258 498 1398 551 mx,
1433 481 1540 553 14).
1568 480 1759 552 Utique
1785 483 1829 536 si
1854 498 1955 537 una
1981 473 2128 538 esset
2155 488 2203 547 Α
2232 486 2369 555 quod
2403 496 2509 541 tres
2540 496 2686 555 sunt,
2714 490 2839 558 quid
2862 489 3004 544 aliud
3027 492 3252 547 sentitur
3281 492 3431 549 fuisse
3448 510 3580 565 quam
3599 499 3710 557 Pater

553 570 922 625 tantummodo
960 572 1010 625 in
1043 573 1144 627 hoc
1174 573 1417 642 exemplo
1455 574 1555 626 tixa
1587 588 1837 642 persona,
1869 572 2133 627 debuerat

555 660 667 717 haec
695 662 811 717 sine
844 663 1020 733 aliqua
1049 664 1389 720 distinctione
1418 664 1472 718 in
1519 662 1893 733 prosequendo
1923 672 2131 727 taxare,

554 754 739 811 dicens
773 774 784 807 :
822 756 960 810 Vivit
991 748 1261 821 Dominus,
1297 754 1384 825 qui
1414 763 1494 809 est
1522 754 1850 809 benedictus.
1873 753 1979 808 Sed
2010 767 2129 806 cum

558 845 686 900 dicit
709 864 724 902 :
754 846 886 900 Vivit
910 847 1177 914 Dominus,
1200 856 1246 899 et
1268 845 1552 899 benedictus
1578 843 1714 896 Deus
1738 859 1898 905 meus,
1921 851 1967 895 et
1989 842 2132 895 eran

560 944 692 989 tetur
737 935 871 990 Dens
916 936 1103 990 salutis
1144 952 1266 991 mea:
1305 935 1474 1006 (Psal.
1514 951 1639 999 xvu,
1674 934 1797 1004 Π),
1843 936 1985 988 itane
2028 947 2132 987 non

562 1032 737 1086 uniter
766 1033 817 1086 in
859 1030 944 1085 his
972 1032 1211 1100 personis
1243 1040 1325 1086 εει
1362 1044 1556 1084 nomen
1600 1028 1894 1083 divinitatis
1936 1026 2131 1093 Patris,

560 1131 615 1176 et
652 1118 796 1186 Filii,
837 1130 889 1176 et
918 1120 1145 1190 Spiritus
1176 1121 1345 1175 sancti
1391 1120 1445 1174 in
1484 1120 1729 1175 omnibus
1764 1118 2136 1174 declaratum?

562 1215 720 1284 206
761 1213 811 1267 id
851 1222 930 1269 est
962 1215 1124 1279 Deus,
1151 1220 1204 1267 et
1252 1213 1412 1279 Deus,
1445 1220 1499 1267 et
1546 1213 1683 1266 Deus
1718 1228 1731 1264 :
1779 1212 1915 1266 sicut
1942 1210 2048 1264 alio
2081 1210 2134 1264 in

561 1309 680 1363 loco
725 1316 935 1361 cautum
982 1316 1065 1363 est
1110 1307 1175 1361 de
1234 1307 1381 1361 unito
1432 1305 1648 1382 nomine
1703 1300 2081 1357 dominationis
2120 1316 2133 1353 :

559 1397 750 1466 Alferte
793 1398 1013 1452 Domino
1052 1399 1231 1468 patria:
1273 1398 1517 1468 gentium,
1557 1391 1731 1461 afferte
1771 1392 1988 1447 Domino
2026 1393 2137 1463 glo-

559 1490 688 1543 riam
718 1498 764 1542 et
801 1489 1061 1553 honorem,
1106 1488 1283 1554 afferte
1325 1490 1544 1559 gloriam
1579 1488 1772 1541 nomini
1808 1488 1917 1556 ejus
1959 1484 2133 1554 (Psal.

560 1593 683 1644 xcv,
716 1578 790 1648 7).
824 1579 958 1643 Quia
991 1579 1034 1630 si
1066 1594 1166 1631 una
1199 1588 1340 1632 esset
1371 1576 1740 1631 tantummodo
1772 1592 1864 1646 per
1895 1591 1996 1632 ona
2026 1576 2137 1645 glo—

560 1671 693 1726 riam
735 1671 814 1725 sic
850 1670 1106 1724 debuerat
1132 1669 1378 1724 intimare
1413 1688 1427 1725 :
1459 1669 1658 1725 Aﬂerte
1692 1670 1918 1724 Domino
1950 1668 2135 1738 patria:

559 1761 823 1830 gentium,
854 1760 1041 1815 aderte
1070 1760 1117 1814 ei
1148 1761 1370 1829 gloriam
1397 1770 1450 1815 et
1480 1761 1763 1825 honorem,
1796 1759 1986 1814 atl'erte
2015 1760 2135 1828 glo-

2233 591 2409 639 verus,
2440 592 2596 642 unus,
2641 581 2723 633 vel
2750 580 2895 634 solus
2923 582 3009 649 qui
3049 584 3234 652 genuit
3278 585 3407 639 idem
3449 602 3539 642 non
3565 589 3618 643 sit
3651 596 3710 658 qui

2231 673 2285 720 et
2310 668 2612 733 unigenitus
2637 668 2704 721 ab
2734 669 2847 737 ipso
2868 681 2947 724 est
2973 687 2986 735 ;
3032 681 3086 726 et
3114 672 3278 727 Filius
3304 690 3430 729 unus
3451 678 3527 745 qui
3552 694 3636 732 non
3653 696 3712 749 εει

2232 757 2348 808 nuit
2373 756 2510 810 sicut
2539 758 2653 825 ipse
2678 773 2706 811 a
2738 758 2893 813 Patre
2920 761 3155 828 genitus,
3187 761 3340 817 Pater
3366 778 3462 818 non
3488 765 3575 835 siti;
3598 777 3639 821 et
3657 769 3714 824 hic

2233 846 2464 915 Spiritus
2503 863 2616 902 sani
2636 859 2721 903 tus
2751 850 2839 918 qui
2870 867 2968 906 nec
3004 852 3162 907 Pater
3190 869 3285 909 nec
3321 855 3473 911 Filius
3498 859 3597 912 est?
3620 860 3714 913 Pra-

2236 946 2379 991 terea
2403 939 2491 1005 qui
2516 955 2615 993 nec
2638 942 2843 1008 genuit,
2878 957 2975 996 nec
2992 942 3201 1011 genitus
3222 953 3321 1010 est,
3348 959 3457 998 cum
3483 946 3596 1001 alius
3616 950 3667 1001 sit
3682 950 3715 1002 in

2237 1042 2463 1095 persona
2497 1028 2584 1093 qui
2614 1030 2835 1097 genuit,
2868 1041 2922 1084 et
2953 1031 3087 1085 alius
3120 1033 3190 1086 sit
3226 1033 3279 1086 in
3315 1049 3519 1103 persona
3545 1038 3615 1106 qui
3639 1028 3714 1092 uni.

2236 1117 2449 1185 genitus
2476 1117 2542 1172 ab
2570 1119 2686 1186 ipso
2715 1129 2829 1184 est,
2859 1130 2913 1175 ct
2943 1123 3077 1177 alius
3109 1124 3329 1191 adteque
3371 1127 3417 1178 in
3449 1141 3658 1193 persona,
3683 1140 3717 1183 ut

2235 1205 2344 1260 dixi
2389 1210 2677 1262 secundum
2709 1210 2939 1265 divinam
2983 1212 3346 1281 Scripturam,
3375 1218 3456 1282 qui
3484 1232 3568 1270 nec
3594 1218 3717 1279 Pate'.

2236 1312 2333 1352 nec
2366 1296 2527 1353 Filius
2558 1309 2673 1365 est,
2711 1301 2794 1354 bit:
2825 1312 2907 1356 est
2933 1302 3164 1371 Spiritus
3187 1314 3415 1370 sanctus,
3437 1306 3520 1359 sed
3546 1306 3662 1375 plane
3676 1308 3719 1360 tle

2236 1389 2381 1442 unita
2410 1400 2597 1444 natura
2622 1399 2723 1445 est.
2749 1391 2873 1447 ldeo
2902 1395 2955 1446 in
2986 1393 3182 1449 deitate
3210 1396 3352 1449 unita
3380 1397 3563 1448 unitum
3587 1397 3731 1450 divini-‘

2240 1484 2362 1537 tatis
2396 1493 2591 1539 nomen
2621 1493 2722 1539 est.
2766 1486 2917 1540 Sicut
2956 1487 3007 1539 in
3048 1486 3293 1541 claritate
3320 1488 3603 1557 evangelica:
3625 1489 3720 1543 Serio

2239 1584 2407 1643 plura:
2439 1573 2506 1628 de
2541 1575 2745 1643 Spiritu
2793 1575 3055 1630 Paraclito
3096 1577 3265 1632 Filius
3301 1587 3525 1639 testatur.
3558 1562 3719 1632 dicens:

2238 1659 2317 1718 De
2350 1664 2503 1719 Patre
2531 1668 2754 1736 procedit
2796 1666 2973 1737 (Joan.
3007 1683 3094 1733 xv,
3126 1667 3239 1736 26).
3292 1668 3356 1722 Ει
3387 1668 3454 1723 sic
3490 1679 3722 1736 pro~ccuttts

2240 1768 2321 1813 est
2349 1776 2362 1811 :
2398 1758 2461 1812 Et
2492 1761 2555 1812 de
2579 1775 2691 1813 meo
2722 1761 2933 1828 accipiet
2976 1759 3153 1831 (Joan.
3182 1776 3269 1815 xvt
3292 1805 3305 1825 ,
3340 1761 3443 1830 14).
3474 1761 3531 1814 ΙΞι
3555 1762 3645 1814 ideo
3665 1760 3721 1811 ulti

560 1853 695 1908 riam
746 1853 948 1906 nomini
995 1852 1133 1922 ejus.
1178 1852 1309 1920 Quid
1356 1854 1624 1922 amplius?
1671 1853 1915 1923 Nunqu'd
1962 1854 2138 1906 adhuc
2169 1840 2216 1901 Β
2244 1865 2486 1920 persona:
2510 1852 2871 1917 requiruntur,
2897 1852 3107 1921 prOpria
3137 1853 3347 1906 nomina
3370 1868 3461 1921 per
3483 1852 3578 1904 hrcc
3594 1852 3722 1904 distin-

563 1944 718 1997 nobis
766 1944 830 1997 ad
872 1943 1289 2012 patefaciendam
1336 1946 1611 1999 veritatem
1653 1956 1963 2009 argumenta
2011 1952 2142 1999 sunt

566 2036 904 2090 necessaria?
952 2034 1199 2103 Nunquid
1237 2045 1423 2105 gentes
1452 2037 1645 2105 quibus
1673 2035 1922 2091 introitus
1959 2037 2139 2104 januze

564 2126 904 2181 credentibus
933 2126 999 2180 ad
1040 2126 1200 2180 vitam
1246 2135 1499 2181 ataternam
1540 2138 1725 2195 patens
1750 2137 1865 2191 est,
1900 2128 1952 2182 iu
1980 2144 2139 2184 unam

567 2216 935 2269 tantummodo
962 2231 1243 2284 personam
1275 2216 1444 2271 Patris
1470 2216 1850 2285 baptizantur?
1875 2226 1930 2273 et
1956 2234 2058 2273 non
2087 2220 2139 2276 in

566 2314 698 2372 tres,
732 2321 953 2374 quorum
983 2306 1196 2359 nomina
1227 2308 1340 2359 lucc
1365 2314 1489 2360 sunt
1519 2306 1569 2368 in
1597 2307 1838 2375 personis
1862 2307 2137 2376 distincta,

564 2396 759 2463 Patris,
783 2410 833 2452 et
860 2397 998 2460 Filii,
1028 2403 1081 2451 st
1104 2399 1272 2452 sancti
1303 2396 1552 2466 Spiritus,
1577 2399 1769 2463 quibus
1799 2408 1879 2453 est
1908 2415 2009 2454 una
2040 2415 2139 2455 na-

568 2501 684 2545 tura
727 2490 1036 2555 divinitatis,
1066 2490 1200 2544 sicut
1243 2491 1499 2560 scriptum
1529 2501 1631 2554 est,
1666 2490 1858 2545 Eunles
1892 2492 2142 2561 baptizata

563 2598 735 2637 omnes
755 2592 920 2654 gentes
942 2583 994 2636 in
1022 2583 1248 2648 nomine,
1282 2592 1334 2637 ct
1367 2583 1440 2637 sic
1471 2593 1786 2651 prosecutus
1815 2593 1919 2650 est,
1944 2583 2138 2652 Patris,

562 2684 608 2727 et
638 2674 785 2741 Filii,
814 2684 858 2728 et
891 2674 1111 2745 Spiritus
1138 2675 1295 2729 sancti
1317 2673 1529 2744 (Matth.
1554 2691 1737 2740 xxvtu,
1765 2676 1875 2745 i9).
1912 2676 2059 2732 Unde
2086 2677 2138 2731 in

565 2765 649 2820 bis
679 2767 926 2835 personis
956 2780 1051 2834 per
1086 2767 1261 2819 omnia
1297 2766 1347 2818 in
1379 2764 1580 2819 deitate
1611 2766 1900 2819 divinitatis
1932 2768 2138 2821 unitum

565 2874 761 2913 nomen
789 2866 894 2923 est,
916 2868 968 2911 et
992 2872 1086 2927 per
1107 2857 1219 2927 ipsa
1243 2857 1454 2911 nomina
1484 2856 1762 2910 Trinitatis
1791 2866 1992 2911 tantum
2023 2872 2142 2926 per-

565 2962 710 3004 sonze
733 2947 998 3003 distinctas
1032 2956 1175 3002 sunt.
1201 2947 1305 3003 Sed
1335 2955 1389 3002 et
1425 2946 1707 3016 Apostolus
1737 2946 1804 3001 ad
1838 2947 1949 3001 haec
1979 2956 2143 3003 testa-

568 3051 655 3096 tur
681 3058 692 3093 :
727 3041 940 3096 Servare
961 3042 1207 3095 unitatem
1226 3040 1452 3110 Spiritus
1478 3040 1530 3094 in
1561 3039 1761 3094 vinculo
1784 3040 1941 3107 pacis.
1970 3042 2141 3096 Unum

566 3147 771 3203 corpus,
811 3142 859 3186 et
900 3149 1027 3186 unus
1061 3132 1326 3198 Spiritus;
1359 3133 1485 3186 sicut
1514 3142 1561 3186 et
1591 3133 1757 3187 vocati
1790 3135 1909 3188 estis
1954 3134 2007 3187 in
2034 3151 2135 3188 una

567 3243 655 3296 spe
678 3226 960 3279 vocationis
987 3236 1164 3279 vestra:
1185 3224 1398 3297 (Ep/tes.
1428 3242 1503 3290 tv,
1528 3224 1604 3296 5).
1637 3226 1791 3282 Vides
1820 3227 2138 3282 servandum
2167 3194 2214 3257 c

568 3332 690 3374 esse
719 3318 923 3373 unitum
957 3317 1209 3387 Spiritum
1233 3356 1247 3383 ,
1280 3318 1332 3370 in
1361 3333 1520 3371 unum
1555 3332 1747 3387 corpus
1778 3318 2053 3382 Ecclesiae,
2087 3319 2140 3373 itt

569 3411 781 3469 vinculo
816 3412 995 3482 pacis,
1033 3410 1171 3478 quod
1212 3420 1294 3466 est
1323 3411 1375 3465 in
1404 3408 1742 3465 confessione
1785 3411 2005 3466 salutis?
2036 3411 2143 3467 Aut

570 3504 806 3574 nunquid
860 3502 1080 3561 unitatis
1110 3509 1315 3557 natura:
1341 3517 1534 3575 nomen
1566 3502 1797 3571 Spiritus
1825 3501 1876 3555 in
1900 3516 2001 3556 una
2030 3514 2143 3553 tan-

569 3597 845 3652 tummodo
876 3610 1103 3666 persona
1133 3596 1371 3666 ejusdem
1404 3596 1507 3650 dici
1540 3604 1734 3665 potest,
1767 3594 1894 3649 dum
1926 3593 2143 3648 unitatis

569 3696 771 3741 natura:
813 3703 1004 3741 nomen
1053 3690 1103 3743 in
1147 3687 1317 3741 tribus
1358 3688 1440 3740 bis
1489 3686 1730 3756 personis
1779 3685 1833 3739 in
1878 3685 2143 3753 baptismo

573 3781 734 3834 vitam
763 3779 1106 3834 credentibus
1129 3780 1368 3833 tribuat?
1390 3778 1446 3831 ln
1471 3793 1570 3847 qua
1602 3793 1696 3844 spe
1722 3790 1909 3830 omnes
1931 3790 2028 3829 nos
2051 3788 2143 3828 vo-

571 3873 675 3925 cati
704 3884 909 3925 sumus.
934 3869 1062 3936 Qua:
1096 3884 1218 3938 spes
1241 3869 1362 3925 ﬁdei
1394 3879 1589 3923 nostrae
1621 3868 1738 3922 hate
1762 3876 1865 3933 est,
1895 3876 1952 3921 ut
1978 3866 2030 3921 in
2057 3866 2146 3919 ba-

574 3967 767 4032 ptismo
793 3962 999 4018 unitum
1026 3963 1319 4017 divinitatis
1349 3976 1541 4016 nomen
1567 3964 1712 4030 prius
1743 3959 2069 4023 confitearis,
2091 3969 2146 4012 ιιι

572 4058 851 4112 remissam
890 4064 1109 4126 peccato
1142 4070 1227 4109 um
1260 4054 1312 4107 in
1354 4053 1435 4108 Itis
1467 4053 1712 4121 personis
1742 4052 1994 4121 consequi
2026 4065 2141 4104 mc-

572 4149 759 4203 rearis.
806 4147 944 4216 Ergo
970 4146 1212 4216 quamvis
1240 4145 1290 4199 in
1321 4144 1688 4213 superioribus
1716 4142 1979 4209 exemplis
2002 4141 2146 4197 Scri-

572 4247 849 4306 pturarum
873 4238 1026 4292 tacita
1058 4238 1166 4291 sint
1193 4238 1403 4290 nomina
1430 4250 1799 4304 personarum,
1827 4242 2003 4290 tamen
2029 4233 2146 4287 uni-

574 4338 687 4383 tum
730 4343 929 4381 nomen
977 4327 1276 4381 divinitatis
1322 4342 1419 4395 per
1460 4327 1637 4381 omnia
1688 4326 1782 4381 tibi
1828 4334 1912 4380 est
1960 4325 2011 4379 in
2063 4324 2147 4379 his

573 4421 1026 4481 demonstratum;
1058 4419 1194 4471 sicut
1218 4426 1272 4470 et
1309 4421 1361 4470 in
1392 4418 1493 4471 hoc
1521 4418 1766 4486 exemplo
1790 4416 2051 4479 veritatis,
2090 4415 2144 4470 in

574 4525 684 4581 quo
722 4508 935 4564 nomina
979 4522 1323 4577 personarum
1365 4506 1640 4561 evidenter
1677 4517 1797 4561 sunt
1827 4515 2061 4572 ostensa,
2093 4514 2148 4561 et

575 4606 783 4659 unitum
811 4618 1003 4657 nomen
1033 4601 1325 4656 divinitatis
1371 4600 1551 4655 clause
1577 4610 1658 4654 est
1686 4601 2008 4655 declaratum
2027 4642 2041 4666 ,
2061 4600 2146 4654 di-

576 4705 731 4755 cente
759 4695 965 4749 .Itiaune
994 4692 1322 4762 evangelista
1354 4693 1405 4745 in
1443 4691 1674 4760 Epistula
1711 4706 1807 4744 sua
1838 4709 1851 4744 :
1879 4690 2003 4744 Tres
2030 4702 2148 4745 sunt

576 4787 664 4857 qui
687 4786 1026 4840 testimonium
1056 4785 1231 4837 dicunt
1256 4785 1306 4836 in
1335 4785 1459 4838 caelo
1478 4823 1494 4849 ,
1543 4782 1715 4847 Pater,
1758 4793 1802 4836 et
1841 4782 2074 4847 Verbum,
2101 4791 2147 4837 et

580 4877 803 4947 Spiritus
827 4914 842 4942 ,
876 4884 919 4928 et
946 4876 997 4928 in
1019 4874 1217 4928 Christo
1239 4874 1363 4928 Jesu
1389 4891 1541 4927 unum
1564 4884 1677 4927 sunt
1702 4874 1750 4944 (Ι
1781 4874 1941 4928 Joan.
1971 4890 2023 4939 v,
2048 4874 2102 4945 7)
2131 4891 2146 4941 ;

580 4983 684 5023 tton
719 4978 891 5021 tamen
923 4982 1056 5020 unus
1092 4974 1206 5029 est,
1238 4966 1393 5037 207
1427 4966 1545 5034 quia
1578 4981 1681 5019 non
1716 4974 1797 5020 est
1839 4965 1892 5019 in
1932 4965 2013 5019 bis
2044 4982 2145 5021 una

2179 4559 2230 4619 D

582 5073 824 5131 persona.
841 5058 969 5112 Nam
992 5073 1151 5113 unum
1173 5058 1312 5127 quod
1339 5057 1469 5110 dixit
1490 5059 1557 5110 de
1587 5058 1978 5127 utrisque,qu‘id
2002 5057 2147 5112 aliud
2190 5040 2203 5049 ’

581 5151 913 5222 intelligitur,
933 5166 1089 5221 quam
1112 5150 1249 5220 quod
1274 5150 1413 5204 Deus
1436 5151 1592 5204 Pater
1612 5148 1911 5204 divinitatis
1932 5158 2145 5218 natura,

582 5244 721 5301 idem
754 5244 866 5313 ipse
888 5243 1093 5297 dicatur
1121 5249 1175 5295 ct
1205 5239 1491 5300 Dominus.
1523 5238 1663 5293 idem
1695 5239 1809 5307 ipse
1834 5241 1906 5292 sit
1942 5249 1994 5293 et
2030 5240 2151 5310 Spi-

581 5339 742 5404 ritus;
786 5347 839 5391 et
878 5334 1041 5388 Filius
1081 5332 1242 5397 Deus,
1286 5329 1539 5399 idemque
1583 5330 1651 5382 sit
1690 5329 1743 5383 in
1785 5328 2059 5383 divinitate
2098 5339 2153 5385 et

584 5428 837 5483 Dominus
860 5466 873 5490 ,
906 5424 1153 5491 idemque
1184 5422 1252 5475 sit
1283 5421 1332 5474 in
1362 5420 1559 5475 deitate
1589 5426 1642 5473 et
1671 5418 1931 5487 Spiritus;
1976 5420 2066 5474 sed
2097 5428 2152 5474 et

581 5518 807 5587 Spiritus
840 5514 1132 5569 Paraclitus
1167 5511 1308 5564 Deus
1347 5509 1595 5577 idemque
1628 5508 1696 5562 sit
1728 5518 1781 5561 et
1813 5508 2063 5563 Dominus
2096 5511 2151 5563 in

584 5618 768 5662 natura
797 5608 1007 5661 deitatis
1026 5649 1039 5674 ,
1082 5603 1222 5658 idem
1265 5603 1337 5655 sit
1366 5611 1417 5655 et
1447 5600 1703 5668 spiritus?
1731 5600 1892 5655 Vides
1940 5605 2060 5670 qua
2095 5602 2144 5656 in

585 5700 782 5754 deitate
804 5710 857 5752 et
887 5700 936 5752 in
966 5697 1258 5752 substantia
1291 5693 1636 5763 plenitudinis
1666 5708 1760 5763 per
1782 5694 1959 5747 omnia
1989 5710 2149 5747 unum

588 5797 733 5853 sunt,
772 5799 827 5844 et
857 5789 909 5843 in
947 5788 1251 5843 nominibus
1294 5800 1639 5856 personarum
1671 5792 1780 5841 tres
1822 5785 1978 5839 sunt?
2022 5784 2150 5840 Nam

2248 1955 2481 2013 guunlur
2507 1983 2522 2011 ,
2553 1943 2639 1998 ubi
2674 1953 2850 1998 autem
2884 1943 3062 1999 Deitas
3088 1944 3353 2013 poscitur,
3385 1944 3565 1997 unitum
3592 1955 3722 1993 nomen

2243 2034 2506 2089 indicatur
2540 2074 2556 2100 ,
2606 2036 2855 2102 quoniam
2889 2052 3065 2088 sumus
3104 2035 3171 2090 ad
3217 2036 3426 2089 nomina
3465 2045 3721 2103 personarum

2246 2129 2525 2198 pluraliter
2558 2127 2760 2182 dictum
2804 2127 3224 2182 demonstratur.
3269 2127 3346 2181 Ac
3376 2138 3463 2195 per
3489 2124 3574 2178 hoc
3595 2124 3633 2176 in
3653 2121 3723 2175 dei-

2244 2229 2352 2276 tate
2374 2220 2667 2275 divinitatis
2696 2219 2841 2273 unita
2864 2234 3028 2273 unum
3056 2228 3202 2281 sunt,
3227 2227 3282 2273 et
3310 2218 3361 2273 in
3382 2216 3641 2272 nominibus
3656 2227 3722 2281 per-

2242 2326 2494 2366 sonarum
2524 2320 2630 2365 tres
2656 2320 2779 2364 sunt
2807 2326 2820 2363 :
2853 2309 2992 2363 unde
3022 2318 3131 2363 tres
3155 2322 3322 2362 unum
3347 2317 3487 2369 sunt,
3506 2306 3601 2358 sive
3620 2316 3722 2355 unum

2245 2411 2354 2458 tres
2376 2413 2521 2457 sunt.
2553 2401 2691 2455 Sane
2723 2408 2783 2454 ut
2808 2413 3021 2454 omnem
3048 2398 3359 2467 scrupulum
3390 2395 3640 2466 legentibus
3654 2404 3723 2443 ant-

2244 2505 2513 2563 putemus,
2540 2491 2714 2546 adhuc
2736 2490 2972 2544 breviter
2987 2488 3314 2553 dilucidabo,
3331 2485 3589 2541 multil’arie
3605 2494 3723 2550 aptare

2242 2587 2377 2641 bans
2408 2586 2507 2639 hoc
2538 2584 2755 2638 unitatis
2779 2596 2970 2637 nomen
2998 2595 3120 2637 esse
3150 2580 3482 2635 verissimum
3506 2572 3723 2633 Trinitatis,

2244 2695 2360 2749 quae
2390 2689 2563 2733 tamen
2599 2677 2829 2733 refertur
2865 2678 2929 2732 ad
2963 2676 3310 2731 multifariam
3345 2672 3619 2745 sapientiam
3650 2666 3723 2730 Dei.

2244 2787 2364 2841 qua:
2393 2772 2567 2825 uniter
2597 2770 2649 2824 in
2681 2770 2857 2835 Patre,
2882 2780 2936 2825 et
2962 2769 3096 2825 Filio
3118 2810 3136 2837 ,
3164 2779 3218 2824 et
3246 2770 3443 2839 Spiritu
3469 2774 3621 2821 sancto
3639 2775 3722 2815 cott-

2244 2864 2416 2929 sistit;
2448 2863 2515 2918 de
2539 2878 2637 2930 qua
2667 2863 2711 2917 si
2741 2860 3009 2932 signiﬁces
3030 2854 3347 2931 sapientiam
3377 2860 3569 2915 deitatis
3591 2866 3632 2910 et
3652 2851 3724 2905 dei-

2246 2967 2406 3013 tatem
2430 2957 2725 3025 sapientize,
2758 2970 2932 3009 nonne
2956 2956 3068 3008 hinc
3087 2955 3203 3025 ipsa
3224 2966 3308 3010 est
3331 2955 3497 3009 unitas
3513 2944 3721 3017 sapientia

2245 3065 2361 3119 qua:
2392 3059 2448 3103 et
2471 3047 2727 3102 divinitas
2755 3046 3065 3101 Trinitatis?
3093 3046 3234 3116 Ergo
3270 3055 3330 3100 ut
3357 3040 3633 3111 compendio
3655 3036 3725 3089 iure

2249 3140 2602 3209 assignemus,
2627 3139 2739 3193 sive
2760 3139 3036 3205 sapientiae
3056 3137 3248 3207 gloria,
3281 3137 3393 3190 sive
3419 3134 3569 3190 deitas
3584 3126 3723 3199 gloria.

2244 3243 2334 3287 aut
2364 3231 2663 3296 summitas,
2691 3242 2781 3285 aut
2809 3230 3119 3293 dominatio,
3148 3240 3238 3284 aut
3271 3230 3510 3300 dignitas,
3531 3232 3605 3277 aut
3625 3216 3726 3275 clari-

2246 3336 2345 3392 tas,
2378 3332 2471 3378 aut
2498 3324 2660 3393 208
2688 3321 2957 3391 majestas,
2991 3331 3082 3376 aut
3112 3321 3414 3391 imperium,
3445 3329 3525 3373 aut
3547 3322 3660 3385 potes
3675 3321 3724 3367 as,

2244 3423 2338 3469 aut
2374 3414 2768 3482 sempiternitas
2796 3412 3119 3479 nominetur,
3160 3426 3344 3466 nonne
3382 3412 3491 3465 haec
3525 3397 3727 3461 multifaria

2244 3506 2487 3575 quamvis
2509 3505 2796 3568 sintdicta,
2821 3514 2997 3558 tamen
3024 3503 3092 3558 ad
3120 3504 3322 3557 unitam
3349 3503 3578 3557 deitttem
3596 3496 3728 3549 incom-

2248 3596 2535 3665 parabilem
2576 3594 2771 3658 Patris,
2804 3602 2859 3648 et
2898 3593 3041 3658 Filii,
3072 3601 3126 3647 et
3169 3593 3402 3662 Spiritus
3436 3589 3581 3645 sancti
3612 3581 3728 3637 uniter

2245 3699 2371 3744 sunt
2389 3687 2693 3742 declarata?
2714 3686 2819 3740 Aut
2846 3696 3003 3756 putas
3032 3694 3163 3755 quot
3190 3685 3586 3755 significationes
3608 3678 3727 3731 dictu;

2247 3789 2331 3834 tur
2362 3779 2427 3833 ad
2473 3780 2694 3849 gloriam
2733 3778 2965 3846 deitatis,
3009 3780 3339 3850 totidemque
3379 3780 3481 3833 sint
3512 3787 3558 3831 et
3591 3768 3729 3840 species

2245 3871 2605 3925 diversitatis?
2639 3870 2795 3923 Absit
2837 3912 2851 3936 ,
2902 3870 3026 3924 dum
3070 3870 3182 3924 hinc
3220 3873 3467 3925 universa
3505 3865 3562 3919 ad
3594 3861 3729 3916 unitam

2246 3962 2599 4017 substantiam
2628 3962 2766 4016 dicta
2797 3964 3119 4017 referuntur.
3142 3962 3275 4015 Nam
3319 3964 3361 4015 si
3391 3961 3497 4014 lucc
3523 3970 3605 4011 una
3629 3958 3732 4017 alth

2248 4056 2434 4110 eadem
2459 4056 2571 4124 ipsa
2601 4065 2683 4111 est
2710 4055 2983 4122 multiplex
3009 4069 3243 4125 praesaga
3266 4055 3517 4125 sapientia
3544 4046 3686 4106 Patris,
3701 4048 3733 4091 cl

2252 4146 2373 4200 Filii
2400 4154 2450 4199 et
2476 4146 2711 4212 Spiritus
2739 4146 2932 4209 sancti,
2962 4160 3079 4213 qua:
3108 4154 3192 4200 est
3228 4162 3334 4200 una
3364 4147 3538 4207 virtus,
3562 4140 3650 4195 sive
3669 4142 3731 4184 unt

2252 4236 2420 4291 forma
2446 4235 2844 4305 magnitudinis,
2868 4236 2980 4291 sive
3004 4251 3106 4290 una
3138 4236 3411 4306 maiestas.
3440 4238 3545 4290 sive
3568 4243 3648 4285 una
3668 4224 3735 4277 cll-

2249 4333 2408 4396 ritas,
2448 4345 2565 4399 qua:
2598 4330 2650 4384 in
2683 4331 2819 4383 hanc
2854 4329 3057 4383 unitam
3088 4329 3344 4384 deitatem
3375 4319 3734 4398 plenitudinissc-

2252 4420 2484 4477 cundum
2508 4421 2795 4490 Scriptum
2825 4421 3056 4489 regulam
3083 4421 3133 4473 in
3164 4420 3266 4475 hoc
3288 4421 3407 4476 loco
3428 4418 3621 4473 collecta
3639 4418 3735 4473 NW

2252 4513 2493 4579 riuntur;
2549 4512 2783 4580 nunquid
2829 4512 2906 4566 sic
2958 4512 3009 4565 in
3073 4512 3260 4566 eadem
3306 4512 3502 4566 deitate
3540 4492 3736 4561 Trinitalis

2256 4613 2433 4674 potest
2461 4604 2714 4659 adversus
2740 4603 3041 4673 Scripturas
3071 4604 3279 4669 referri,
3305 4615 3361 4659 ut
3386 4611 3492 4658 tres
3510 4591 3738 4667 sapientiast

2254 4706 2345 4752 aut
2374 4707 2483 4752 tres
2512 4697 2758 4761 virtutes,
2780 4703 2873 4749 aut
2900 4704 3005 4749 tres
3033 4696 3312 4762 imagines,
3337 4703 3429 4748 aut
3449 4704 3547 4746 tres
3566 4685 3740 4741 substan-

2257 4790 2359 4843 tias
2378 4832 2392 4856 ,
2422 4796 2514 4841 ant
2543 4787 2811 4841 claritates
2836 4826 2850 4851 ,
2877 4795 2965 4839 aut
2988 4794 3095 4840 tres
3127 4785 3482 4852 plenitudines
3508 4766 3742 4835 divinitatis

2255 4880 2339 4933 vel
2390 4887 2586 4932 caetera
2641 4875 3007 4945 hujuscemodi
3059 4874 3339 4944 pluraliter
3381 4864 3741 4927 Ariomnnitarum

2255 4984 2406 5023 more
2452 4968 2728 5022 dicamus?
2772 4967 2941 5020 Absit.
2989 4966 3138 5020 Sicut
3178 4976 3252 5029 tu,
3295 4965 3410 5030 Osi,
3439 4964 3540 5032 jam
3568 4960 3609 5011 in
3641 4956 3746 5040 suis

2259 5058 2483 5129 Ρτοιῖκε,
2509 5057 2598 5126 qui
2627 5071 2729 5109 non
2762 5070 2857 5125 per
2885 5055 3183 5110 rudimenta
3213 5057 3264 5109 in
3308 5053 3506 5125 synodo
3542 5042 3747 5129 SirmieltSl

2256 5126 2542 5207 Catholica:
2582 5158 2767 5203 auctor
2814 5148 2969 5203 fuisti
2996 5189 3010 5211 ,
3072 5148 3159 5203 ubi
3200 5148 3359 5201 [idem
3389 5156 3545 5207 tuam,
3572 5126 3747 5207 quamin

2255 5242 2428 5297 Nicaea
2453 5240 2872 5308 conscripseras,
2902 5239 3106 5293 irritam
3132 5237 3325 5301 fecisti,
3351 5237 3473 5289 dum
3497 5231 3631 5298 regite
3650 5227 3749 5288 Ρθίε·

2257 5332 2378 5386 stati
2408 5332 2763 5386 famulareris.
2808 5331 3069 5384 Pratterea
3099 5328 3187 5398 qui
3215 5328 3371 5382 morti
3401 5338 3539 5379 esses
3566 5319 3750 5387 ρετιιυδω

2258 5424 2483 5489 vicinus,
2515 5423 2593 5478 sic
2614 5424 2666 5477 in
2696 5423 2943 5491 laqueum
2969 5421 3232 5489 voraginis
3262 5417 3461 5473 baratri
3488 5404 3698 5468 incidisti,
3715 5401 3752 5447 Ili

2257 5513 2545 5568 excederes
2587 5525 2835 5581 tanquam
2876 5520 3118 5565 mortuus
3156 5525 3184 5563 a
3228 5508 3391 5563 corde
3417 5547 3430 5569 ,
3484 5511 3538 5559 ut
3566 5499 3752 5555 diceres:

2255 5604 2385 5670 Quis
2413 5604 2624 5671 ignorat
2654 5603 2862 5656 Patrem
2889 5600 3142 5669 majorem
3166 5614 3284 5655 esse
3309 5597 3525 5658 honore,
3541 5586 3753 5671 dignitate.

2255 5670 2497 5750 claritate
2518 5704 2569 5749 ct
2598 5695 2876 5764 majestate
2890 5694 2911 5746 ?
2924 5693 3084 5758 Quasi
3108 5692 3225 5746 duae
3249 5690 3329 5745 vel
3353 5697 3495 5743 certe
3514 5694 3611 5739 tres
3627 5670 3758 5770 esset!i

2258 5787 2546 5855 claritates,
2594 5796 2683 5843 aut
2726 5786 3032 5856 majestates
3076 5786 3129 5853 in
3170 5783 3388 5850 singulis
3430 5780 3508 5834 his
3550 5776 3754 5841 person!“-
