3938 6376
186 440 284 496 215

1424 426 1509 482 DE
1549 425 1915 481 TRINi’l‘ATE
1956 422 2077 480 LIB.
2122 424 2180 482 ll.

3325 427 3429 481 216

188 553 371 618 Patris,
398 559 451 607 et
470 547 589 604 Filii
621 555 673 602 rt
703 546 934 613 Spiritus
957 544 1147 600 sancti.
1181 541 1331 608 Quod
1364 540 1520 594 absit.
1546 540 1676 594 Nam
1706 540 1748 593 si
1783 544 1827 599 Α
1856 541 1935 592 det
1955 540 2089 591 vobis
2106 538 2339 607 spiritum
2360 537 2621 606 sapientia!
2639 542 2683 589 et
2698 535 3014 590 reuelationis
3033 535 3300 607 (Ephesw,
3319 538 3425 606 17),

189 647 296 700 btec
325 655 507 697 eorum
551 640 627 693 sic
653 653 711 693 se
755 635 1104 705 blasphemia,
1138 634 1205 687 ita
1240 644 1295 686 ut
1316 634 1481 694 aiunt,
1509 630 1749 695 haberet,

188 750 343 806 quare
370 733 477 802 jam
507 746 612 785 non
638 737 747 784 tres
784 728 914 782 deos
944 726 1136 797 plurali
1168 738 1390 778 numero
1430 728 1750 789 nuncupant,

188 841 247 878 ac
275 823 484 891 publica
514 836 646 875 voce
682 820 823 875 circa
857 819 1097 888 proprias
1134 816 1213 870 vel
1247 816 1483 869 diversas
1510 816 1756 866 substan-

191 915 284 967 tias
314 927 439 965 suas
466 910 815 981 pollicentur?
846 908 996 975 Quod
1028 906 1183 961 absit.
1221 906 1352 959 Dum
1379 903 1611 974 perfecte
1641 901 1757 955 unio

191 1015 294 1059 tum
339 1018 531 1059 nomen
575 1001 891 1066 divinitatis,
922 998 1209 1054 multifarie
1249 995 1492 1066 quamvis
1535 994 1755 1059 dictum,

192 1096 362 1151 uniter
392 1097 442 1150 in
472 1094 729 1149 Triuitate
750 1093 1023 1147 consistat.

257 1184 623 1256 Interrogatio.
665 1186 770 1241 Sed
820 1196 872 1239 ut
917 1185 1147 1239 breviter
1193 1182 1308 1237 haec
1342 1182 1456 1251 ipsa
1506 1180 1645 1235 dicta
1694 1180 1759 1235 de

190 1276 505 1330 auctoritate
538 1291 632 1345 per
659 1275 895 1344 singulas
934 1288 1189 1343 personas
1214 1274 1391 1328 uniter
1429 1285 1492 1325 ac
1516 1285 1757 1327 commu-

190 1368 330 1421 niter
359 1365 488 1419 mibi
519 1364 771 1420 emendas
803 1365 1028 1434 postulo.

259 1456 563 1526 Responsio.
609 1455 742 1510 Audi
788 1456 964 1510 uniter
996 1456 1048 1510 in
1077 1454 1336 1509 Trinitate
1362 1453 1559 1508 dictum
1604 1470 1616 1505 :
1657 1451 1759 1507 Sa-

189 1546 331 1617 piens
358 1555 431 1599 est
464 1545 637 1612 Deus,
670 1556 715 1600 et
739 1547 885 1615 fortis
914 1555 959 1598 et
1000 1562 1245 1618 magnus,
1277 1546 1367 1615 qui
1386 1544 1532 1615 jubet
1577 1543 1693 1606 soli,
1717 1550 1763 1597 et

190 1655 284 1691 non
334 1640 527 1702 oritur;
569 1639 655 1707 qui
701 1638 870 1691 sidera
915 1639 1181 1703 conclusit,
1228 1648 1276 1691 et
1324 1638 1543 1691 extendit
1582 1635 1763 1689 ctelum

187 1726 621 1799 quemadmodum
642 1731 822 1800 pellem
852 1747 868 1795 ,°
908 1733 997 1801 qui
1038 1730 1262 1783 ambulat
1290 1746 1444 1798 super
1477 1745 1618 1782 mare
1654 1740 1765 1782 tan-

188 1838 342 1891 quam
369 1838 520 1889 super
546 1824 707 1893 209
734 1824 956 1887 aridam,
997 1825 1084 1891 qui
1114 1823 1236 1891 facit
1266 1822 1542 1892 magnalia,
1571 1830 1619 1874 et
1648 1835 1763 1890 quae

1860 631 1926 683 Et
1952 630 2056 682 alio
2090 632 2143 682 in
2170 629 2287 683 loco
2317 628 2393 683 sic
2421 636 2633 683 cautum
2662 626 2966 682 invenimus
2991 643 3006 683 :
3040 628 3145 684 Sed
3172 630 3439 700 accipietis,

1855 722 2089 773 uirtutem
2133 721 2567 786 supervenientem
2617 718 2873 789 Spiritum
2916 728 3147 773 sanctum
3194 721 3249 773 in
3292 721 3452 775 vobis-

1857 812 1993 880 (Act.
2025 827 2062 877 t,
2097 811 2173 879 8).
2205 810 2329 865 Sive
2368 811 2468 866 hoc
2504 826 2600 881 per
2642 820 2886 865 sanctum
2931 810 3227 877 Micltteam,
3261 811 3447 880 ipsum-

1858 902 2138 956 Dominum
2173 900 2382 956 Patrem
2413 902 2596 971 accipe
2620 909 3002 971 protestantem
3028 917 3044 955 :
3080 900 3199 954 Nisi
3228 918 3318 971 ego
3339 901 3436 954 ad-

1858 997 2098 1066 impleam
2122 997 2356 1049 virtutem
2386 996 2438 1049 iu
2472 996 2672 1066 Spiritu
2700 1012 2810 1051 meo
2847 1004 3041 1062 sancto,
3071 1004 3115 1049 et
3136 996 3359 1067 judicio,
3389 1006 3437 1049 et

1862 1098 2103 1156 potestate
2145 1086 2357 1153 (Hic/tte
2387 1102 2466 1151 ιιι,
2497 1087 2577 1153 ὃ).
2611 1087 2875 1143 Memento
2905 1086 3025 1141 hinc
3047 1101 3166 1142 esse
3193 1095 3435 1141 sanctum

1860 1179 2112 1250 Spiritum
2149 1179 2425 1247 sapientia:
2463 1187 2518 1232 et
2555 1178 2765 1233 virtutis
2806 1194 2925 1233 cum
2964 1178 3154 1245 Patre,
3196 1187 3249 1233 et
3282 1177 3435 1231 Filio.

1862 1270 1986 1326 Sive
2016 1269 2191 1325 uniter
2220 1268 2590 1322 sanctimonia:
2628 1268 2906 1322 Trinitatis
2930 1310 2942 1331 ,
2988 1268 3183 1322 dictam
3225 1268 3439 1336 percipe

1863 1364 2040 1419 omnia
2074 1362 2335 1417 mirabilia
2368 1362 2421 1416 in
2448 1360 2617 1430 signis
2648 1369 2703 1414 et
2732 1362 2988 1431 prodigiis
3018 1372 3351 1429 operantem,
3384 1367 3440 1412 ut

1864 1454 2109 1523 superius
2131 1452 2349 1523 praedixi
2380 1470 2391 1504 :
2427 1451 2692 1507 Sanctitas
2718 1460 2763 1505 et
2799 1453 3135 1505 sanctimonia
3170 1453 3221 1503 in
3253 1455 3441 1503 sanrtt-

1865 1548 2099 1616 [icatione
2124 1550 2233 1618 ejus
2253 1544 2421 1616 (Psal.
2452 1561 2573 1609 xcv,
2593 1544 2675 1612 6).
2692 1543 2849 1597 Vides
2872 1544 3045 1612 itaque
3069 1558 3186 1597 esse
3207 1543 3259 1597 in
3285 1543 3443 1596 utris-

1867 1652 1970 1708 que
2007 1652 2165 1691 unam
2208 1636 2548 1705 sapientiam,
2573 1635 2684 1688 ~ive
2711 1634 2985 1697 virtutem,
3012 1642 3102 1689 aut
3131 1635 3323 1698 lucem,
3353 1643 3444 1686 aut

1866 1731 2225 1795 sanctitatem,
2256 1729 2334 1783 vel
2367 1729 2751 1797 operationem,
2776 1741 2875 1781 nec
2905 1742 3009 1780 non
3033 1735 3085 1779 et
3114 1727 3216 1779 alia
3251 1726 3437 1794 hujus-

1866 1822 2071 1876 cemodi
2123 1819 2487 1888 multipliciter
2534 1819 2697 1885 dicta,
2736 1833 2855 1887 quae
2900 1832 3003 1871 non
3049 1826 3173 1870 sunt
3214 1817 3278 1869 ad
3330 1818 3444 1870 hate

188 1913 479 1983 inrestigari
509 1930 608 1967 non
636 1924 845 1984 possunt
870 1914 1016 1983 (Job.
1050 1930 1126 1979 rx,
1152 1912 1205 1979 4,
1237 1913 1290 1976 7.
1320 1912 1375 1979 8,
1410 1912 1517 1980 lu).
1554 1911 1621 1966 Et
1647 1926 1762 1981 qua:
1796 1901 1841 1961 Β
1869 1916 2112 1985 exempla
2147 1916 2316 1982 illata,
2341 1929 2459 1984 qua!
2489 1913 2617 1967 satis
2641 1912 2857 1982 longum
2890 1923 2972 1966 est
3001 1925 3095 1979 per
3130 1910 3295 1979 ipsam
3324 1908 3443 1961 Tri-

190 2006 243 2059 in
273 2006 563 2061 Salomone
588 2006 665 2060 ait
690 2024 703 2059 :
739 2006 872 2061 Deus
903 2008 1147 2077 sapientia
1173 2023 1268 2060 sua
1292 2008 1528 2077 fundauit
1556 2016 1763 2071 terram,

192 2096 396 2162 paravit
423 2106 590 2150 autem
612 2098 762 2151 caelos
784 2099 1059 2167 prudentia
1082 2096 1266 2165 (Prov.
1301 2114 1379 2161 ιιι,
1414 2097 1520 2166 19).
1542 2097 1635 2152 Vel
1667 2097 1768 2154 hoc

192 2186 505 2253 Apostolum
532 2201 759 2256 agnosce
777 2188 1042 2242 dicentem
1069 2205 1083 2239 :
1109 2187 1364 2242 Christum
1392 2187 1485 2241 Dei
1533 2190 1768 2242 uirtutem

190 2286 239 2330 et
264 2275 358 2329 Dei
378 2278 675 2347 sapientiam
701 2277 751 2348 (1
780 2278 951 2343 Com,
978 2279 1093 2349 at).
1118 2280 1220 2334 Sed
1243 2288 1294 2334 et
1317 2279 1428 2348 ipse
1453 2293 1633 2334 rursus
1654 2281 1728 2334 ait
1752 2297 1765 2331 :

194 2370 264 2424 Ut
297 2371 485 2426 habiet
512 2374 565 2426 in
605 2390 682 2425 me
711 2374 867 2427 virtus
896 2372 1084 2427 Christi
1111 2372 1197 2442 (II
1230 2372 1349 2426 Cor.
1384 2389 1477 2436 ιιι,
1508 2372 1587 2441 9).
1620 2372 1686 2427 Et
1715 2374 1769 2427 in

194 2463 608 2531 psalntograplto
632 2465 890 2530 scriptum
918 2472 1001 2518 est
1025 2481 1036 2517 :
1068 2464 1408 2517 Ambulabunt
1430 2465 1491 2517 de
1518 2465 1701 2517 uirtute
1719 2464 1772 2517 in

192 2552 428 2604 uirtutem
458 2551 627 2623 (Psal.
660 2569 883 2617 Lxxxm,
916 2556 992 2622 8).
1022 2553 1138 2608 Non
1170 2562 1343 2608 tamen
1372 2554 1647 2621 pluraliter
1673 2568 1773 2608 sa-

196 2642 427 2711 pientias
449 2656 538 2698 aut
565 2646 787 2700 virtu'es
816 2648 867 2699 in
902 2646 982 2701 lt‘s
1016 2647 1259 2715 personis
1282 2661 1404 2703 esse
1434 2647 1771 2718 signiﬁcavit,

188 2736 333 2790 sicut
369 2738 507 2792 idem
553 2739 666 2808 ipse
694 2739 886 2807 repetit
920 2756 931 2790 :
968 2736 1218 2792 Dominus
1251 2737 1388 2792 Deus
1419 2740 1653 2792 virtutum
1684 2756 1774 2793 no-

188 2828 389 2881 biscum
428 2828 597 2895 (Psal.
635 2846 760 2897 va,
792 2831 869 2899 8).
905 2830 1008 2885 Sed
1042 2838 1097 2885 et
1140 2831 1241 2884 hoc
1270 2848 1281 2882 :
1318 2829 1547 2884 Laudate
1570 2846 1687 2884 eum
1718 2830 1771 2883 in

162 2904 515 2983 ﬁrmamento
545 2920 738 2973 uirtutis
761 2923 872 2986 ejus
899 2918 1075 2985 (Psal.
1100 2934 1185 2983 CL,
1208 2919 1280 2988 1).
1315 2918 1381 2973 Et
1408 2920 1457 2973 in
1482 2918 1587 2972 alio
1611 2920 1728 2973 loco
1756 2937 1767 2971 :

195 3007 261 3061 In
292 3008 485 3064 lumine
504 3022 589 3065 tuo
615 3011 892 3064 uidebimus
913 3012 1079 3066 lumen
1110 3011 1277 3077 (Psal.
1314 3027 1474 3078 xxxv,
1504 3012 1612 3079 10).
1638 3012 1768 3065 Nam

189 3108 245 3153 et
275 3100 341 3153 de
369 3116 595 3169 persona
625 3101 854 3171 Spiritus
885 3104 1051 3157 sancti
1091 3102 1344 3159 Salomon
1376 3104 1425 3157 in
1467 3103 1771 3159 Proverbiis

188 3190 386 3245 eadem
420 3192 492 3245 ait
521 3209 536 3245 :
570 3192 687 3247 Lua:
718 3193 921 3247 Domini
945 3195 1157 3263 spiritus
1185 3195 1445 3248 hominum
1468 3237 1483 3262 ,
1512 3196 1600 3266 qui
1630 3210 1772 3249 scru-

1872 2010 2090 2064 nitalem
2125 2009 2304 2064 uniter
2332 2008 2473 2062 dicta
2504 2016 2777 2061 enarrare.
2824 2004 3095 2068 Sufﬁciat,
3130 2004 3228 2057 etsi
3257 2014 3445 2071 pauca,

1872 2099 1935 2153 ad
1954 2095 2347 2170 probhtiouem,
2368 2113 2464 2167 pro
2482 2096 2661 2151 multis
2678 2097 2729 2151 in
2749 2095 3107 2165 cognitionem
3130 2092 3265 2147 lucis
3288 2091 3448 2146 fuisse

1872 2192 2112 2258 exposita
2144 2190 2484 2244 documenta.

1944 2282 2305 2352 Interrogatio.
2342 2282 2481 2351 Ergo
2527 2280 2571 2335 si
2623 2281 2801 2345 Pater,
2842 2288 2895 2335 et
2927 2279 3110 2344 Filius,
3138 2286 3191 2333 et
3222 2275 3449 2345 Spiritus

1874 2384 2091 2429 sanctus
2123 2373 2173 2427 in
2199 2374 2398 2427 deitate
2425 2374 2721 2428 divinitatis
2744 2388 2909 2427 unum
2940 2378 3082 2439 sunt,
3112 2370 3285 2424 adhuc
3317 2370 3449 2439 legis

1877 2464 2184 2519 testimonio
2217 2464 2346 2518 mihi
2368 2463 2665 2518 satisfacias
2694 2477 2896 2532 qute-o.

1952 2555 2250 2621 Responsio.
2279 2552 2394 2607 lam
2412 2548 2605 2607 audis'ti
2624 2553 2871 2622 superius
2892 2552 3219 2621 evangel'sta
3245 2570 3273 2601 ιι
3297 2550 3449 2604 Joan-

1879 2659 1999 2701 nem
2031 2647 2084 2697 in
2124 2643 2360 2712 Epistola
2401 2627 2501 2697 sua
2528 2652 2633 2697 tam
2679 2643 2923 2698 absolute
2952 2649 3233 2695 testantem
3272 2656 3285 2692 :
3332 2639 3452 2691 Tres

1877 2746 1991 2791 sunt
2016 2738 2105 2806 qui
2130 2735 2471 2790 testimonium
2510 2736 2634 2789 dant
2673 2736 2726 2789 in
2766 2735 2910 2798 (telo,
2944 2733 3120 2796 Pater,
3158 2731 3376 2786 Verbum
3405 2739 3453 2783 et

1880 2828 2105 2898 Spiritus
2133 2836 2339 2881 sanctus
2365 2843 2383 2881 :
2407 2836 2453 2882 et
2477 2829 2527 2880 in
2559 2827 2759 2882 Christo
2787 2827 2912 2881 .Iesu
2943 2842 3099 2882 unum
3129 2836 3243 2879 sunt
3273 2824 3450 2895 (Joon.

1876 2937 1928 2985 v,
1962 2920 2040 2993 7).
2094 2920 2285 2991 Utique
2313 2922 2429 2975 sine
2456 2920 2618 2975 dubio
2646 2920 2697 2974 in
2737 2920 2996 2975 Trinitate
3032 2918 3324 2973 divinitatis
3360 2932 3452 2985 per

1875 3012 2050 3065 omnia
2081 3024 2244 3064 unum
2279 3019 2423 3073 sunt,
2456 3018 2509 3064 ct
2551 3009 2601 3063 iu
2631 3010 2935 3065 nominibus
2967 3022 3311 3078 personarum
3344 3015 3451 3059 tres

1874 3110 2017 3156 sunt.
2050 3102 2249 3172 Itaque,
2276 3102 2438 3173 210
2464 3110 2521 3155 ut
2547 3102 2685 3156 scias
2708 3102 2775 3157 de
2799 3101 2879 3155 liis
2902 3116 3018 3171 qua!
3040 3100 3281 3169 superius
3306 3113 3451 3153 com-

1877 3193 2134 3260 prehendi
2155 3232 2171 3259 ,
2204 3194 2401 3247 nullam
2431 3191 2747 3248 divisionem
2788 3201 2877 3247 aut
2919 3190 3226 3246 distantiam
3260 3190 3313 3243 in
3346 3205 3445 3243 una

189 3290 335 3335 tatur
377 3284 618 3339 interiora
665 3286 833 3340 cordis
881 3285 1059 3357 (Prov.
1094 3302 1182 3353 xx,
1210 3286 1326 3356 27).
1375 3288 1471 3342 Vel
1522 3286 1623 3342 ltoc
1653 3307 1666 3342 :
1703 3286 1771 3341 Ut
1796 3269 1840 3330 (ἶ
1873 3285 2071 3341 deitate
2092 3286 2403 3340 substantiae
2427 3285 3055 3355 plenitudinisPatris,et
3072 3284 3186 3339 Filii
3210 3292 3263 3337 et
3284 3284 3453 3337 sancti

192 3372 353 3426 Pater
379 3374 514 3428 Deus
542 3376 743 3429 Domini
764 3379 925 3430 nostri
945 3378 976 3430 J
984 3395 1070 3432 esu
1091 3379 1298 3440 Christi,
1326 3377 1477 3431 Pater
1498 3379 1767 3443 claritatis,

1878 3380 2108 3450 Spiritus
2142 3381 2332 3435 fecisse
2361 3396 2445 3435 me
2474 3380 2713 3435 memini.

187 3460 3436 3487 W

1112 3532 1590 3637 LIBER
1668 3532 2561 3643 SECUNDUS.

825 3693 913 3755 De
958 3693 1243 3772 propriis
1281 3695 1611 3774 personis,
1666 3700 1723 3754 et
1783 3693 1857 3756 de
1913 3694 2092 3756 unito
2150 3695 2396 3757 nomine
2453 3697 2818 3760 Trinitatis.

269 3813 577 3870 llareticus.
619 3815 768 3871 Nunc
798 3832 893 3886 per
928 3818 1135 3887 singu’a
1163 3818 1374 3872 nomina
1402 3832 1773 3887 personarum,

191 3916 255 3962 ut
284 3922 482 3963 nomen
514 3909 728 3965 deitatis
757 3910 883 3965 mibi
914 3926 1150 3980 exponas
1181 3910 1414 3981 postulo.

264 4003 601 4058 Athanasius.
625 4004 780 4057 Audi.
810 4004 862 4058 Si
898 4004 1068 4058 Filius
1095 4006 1144 4058 in
1173 4006 1388 4058 nomine
1417 4004 1585 4057 Patris
1609 4005 1773 4067 venit,

188 4096 438 4160 nunquid
471 4097 584 4162 ipse
620 4102 704 4148 est
741 4095 897 4149 Pater
924 4096 1011 4163 qui
1058 4098 1169 4149 ait:
1204 4095 1313 4165 Ego
1338 4096 1449 4149 ιιίηὶ
1478 4096 1532 4148 in
1574 4096 1777 4149 nomine

189 4181 377 4235 Patris
399 4184 496 4235 mei
519 4181 695 4247 (Ioan.
712 4198 764 4245 v,
790 4184 876 4249 45)
904 4202 918 4237 -.
940 4184 1066 4238 dum
1088 4185 1258 4250 Pater,
1284 4184 1423 4237 Deus
1444 4184 1532 4246 sit,
1553 4184 1603 4235 in
1625 4197 1776 4246 cutis

1885 3823 2041 3892 211
2074 3820 2323 3873 Dominus
2349 3820 2457 3889 ipse
2482 3819 2788 3890 expugnauit
2814 3834 2920 3881 eos,
2941 3828 2989 3873 et
3011 3828 3369 3874 rememoratns
3384 3831 3456 3875 est

1886 3915 2081 3967 dierum
2100 3924 2423 3977 internarum,
2454 3911 2541 3981 qui
2557 3911 2731 3964 eduxit
2748 3910 2813 3963 de
2833 3921 2964 3964 terra
2982 3921 3232 3979 pastorem
3249 3914 3414 3966 ovium
3437 3931 3455 3978 ;

1880 4014 1937 4061 et
1957 4004 2231 4073 subiunxit
2263 4021 2274 4054 :
2308 4002 2405 4057 Ubi
2426 4012 2497 4056 est
2519 4003 2605 4070 qui
2638 4001 2805 4069 posuit
2833 4003 2887 4055 in
2918 4002 3020 4054 illis
3049 4004 3282 4071 spiritum
3306 4021 3456 4056 suum

1881 4095 2071 4164 (Ibid.,
2104 4093 2227 4162 ll)?
2255 4093 2416 4146 Vides
2446 4107 2573 4159 ergo
2602 4091 2670 4145 de
2698 4091 2849 4144 unito
2879 4100 3081 4144 natura:
3110 4092 3324 4145 deitatis
3364 4109 3455 4147 uo-

1884 4186 2047 4247 mine,
2070 4184 2294 4252 gloriam
2322 4182 2493 4237 Patris
2514 4190 2566 4235 et
2594 4180 2712 4234 Filii
2734 4192 2855 4233 esse
2877 4179 3017 4235 hunc
3039 4182 3315 4235 Dominum
3339 4183 3457 4251 Spi-

190 4270 423 4323 nomine
455 4270 619 4324 Filius
660 4272 807 4325 venit
850 4272 1165 4326 manifeste?
1200 4278 1270 4324 Ar
1301 4286 1394 4339 per
1422 4273 1523 4324 hoc
1553 4272 1604 4323 in
1632 4270 1772 4323 unita
1805 4293 1852 4352 ι)
1883 4278 2040 4329 ritum
2060 4282 2320 4336 sanctum,
2340 4271 2776 4339 quieduxitlilios
2794 4272 2954 4326 Israel
2973 4272 3039 4327 de
3055 4280 3194 4327 terra
3217 4271 3458 4342 Egypti-

186 4370 392 4415 natura
440 4361 733 4416 divinitatis
779 4378 945 4416 unum
989 4377 1183 4416 nomen
1224 4371 1307 4416 est
1346 4362 1770 4429 comprobatum,

182 4452 337 4507 sicut
376 4460 433 4507 et
472 4453 585 4522 ipse
622 4453 783 4508 Pater
821 4453 886 4507 ad
926 4452 1285 4523 legislatorem
1320 4454 1520 4508 Mosem
1553 4460 1775 4507 testatus

183 4553 296 4607 est,
326 4542 515 4598 dicens
554 4560 567 4596 :
611 4542 827 4597 Attende
857 4543 971 4607 illi,
1009 4553 1056 4597 et
1084 4559 1148 4597 ne
1174 4544 1333 4612 fueris
1358 4542 1652 4598 inobediens
1677 4543 1725 4596 ei
1754 4582 1769 4607 ,

182 4650 380 4688 nomen
404 4636 537 4688 enim
555 4650 722 4687 meum
742 4635 881 4688 estin
905 4635 993 4688 illo
1009 4633 1206 4704 (Exod.
1233 4650 1387 4700 xxttt,
1411 4634 1525 4705 21).
1554 4634 1633 4689 Ad
1660 4633 1773 4689 haec

185 4724 496 4793 patriarcha
529 4724 694 4778 David
724 4724 801 4778 sic
829 4726 904 4778 ait
931 4741 946 4779 :
977 4724 1278 4779 Benedictus
1317 4726 1406 4796 qui
1436 4726 1563 4779 venit
1590 4726 1644 4778 in
1678 4741 1772 4779 no-

183 4818 326 4869 mine
372 4814 582 4868 Domini
627 4814 799 4885 (Psal.
837 4830 1000 4881 cxvn,
1027 4814 1143 4885 26).
1192 4814 1324 4869 Nam
1353 4824 1407 4870 et
1449 4816 1493 4869 si
1545 4815 1775 4885 Spiritus

188 4906 490 4963 Paraclitus
514 4906 567 4960 in
598 4906 813 4961 nomine
842 4904 967 4960 Filii
1000 4908 1165 4971 venit,
1198 4915 1255 4960 ut
1282 4907 1398 4976 ipse
1426 4907 1576 4972 dicit,
1614 4908 1774 4974 Quem

182 4998 353 5051 mittet
384 4994 542 5050 Pater
568 4998 620 5050 in
642 4998 843 5051 nomine
867 5013 976 5051 meo
1006 4996 1187 5069 (Joan.
1225 5014 1344 5064 xtv,
1385 4998 1502 5065 26),
1532 4999 1774 5068 nunquid

186 5098 235 5144 et
265 5089 388 5157 ipse
420 5086 586 5141 Filius
611 5088 785 5143 dictus
810 5097 911 5152 est,
944 5103 1064 5143 cum
1092 5090 1210 5144 sine
1235 5088 1395 5143 dubio
1427 5103 1621 5143 nomen
1652 5089 1771 5143 Filii

185 5178 331 5236 Deus
354 5180 434 5235 sit
455 5181 508 5234 in
535 5194 637 5233 una
671 5180 977 5249 pariterque
1004 5190 1191 5234 natura
1226 5179 1517 5234 divinitatis
1538 5179 1561 5232 τ
1586 5179 1641 5234 ln
1672 5180 1772 5236 hoc

180 5284 313 5339 ergo
332 5271 553 5324 nomine
568 5268 842 5324 evidenter
859 5269 1153 5327 Paraclitns
1168 5272 1329 5325 venit.
1341 5269 1464 5325 Ideo
1478 5284 1575 5339 per
1590 5268 1772 5338 singu-

182 5361 260 5414 las
283 5374 551 5431 personas
573 5359 862 5414 secundum
890 5360 1238 5415 substantiam
1268 5368 1471 5415 natura).
1492 5359 1773 5415 Trinitatis

181 5456 397 5510 unitum
428 5470 622 5509 nomen
644 5462 728 5509 est
745 5455 838 5509 tibi
864 5455 1209 5510 declaratum.
1231 5455 1393 5510 Isaias
1414 5467 1629 5511 sanctus
1658 5456 1772 5513 lucc

182 5548 493 5615 approbans
515 5545 674 5602 dicit:
694 5545 960 5601 Descendit
974 5548 1200 5614 Spiritus
1218 5565 1249 5601 a
1266 5547 1444 5613 Deo,et
1464 5550 1641 5603 eduxit
1660 5566 1769 5617 eos;

180 5641 257 5692 sic
274 5641 502 5694 eduxisti
518 5641 762 5710 pupulum
776 5650 918 5693 tuum
928 5640 1093 5708 facere
1113 5641 1200 5693 tibi
1221 5656 1403 5694 nomen
1420 5640 1761 5711 glorithsai.

184 5744 338 5793 tant,
370 5728 495 5797 M);
523 5729 615 5783 sed
647 5738 699 5782 et
738 5729 851 5797 ipse
882 5728 1021 5783 idem
1054 5728 1253 5783 indicat
1286 5729 1411 5783 :‘Et
1438 5732 1765 5785 irritaverant

184 5819 452 5889 Spiritum
478 5829 793 5888 sanctum,.et
818 5835 1080 5876 com'ersus
1104 5829 1177 5875 est
1201 5819 1304 5875 illis
1324 5820 1756 5876 adinimicitiam.

1880 4368 2021 4420 sicut
2049 4363 2301 4433 propheta
2319 4364 2449 4418 dicit
2473 4380 2487 4417 :
2509 4362 2599 4418 Sic
2617 4363 2836 4418 eduxisti
2856 4364 3098 4434 populum
3119 4373 3261 4418 tuum
3290 4368 3457 4436 facere

1876 4447 1968 4511 tibi
1996 4470 2174 4509 nomen
2202 4456 2401 4525 gloria,
2429 4456 2517 4526 qui
2541 4467 2910 4521 conuersuscst
2931 4457 3052 4525 ﬁliis
3071 4455 3245 4510 Israel
3264 4459 3331 4512 ad
3354 4459 3455 4512 ini-

1880 4547 2123 4601 micitiam
2154 4545 2307 4616 (lsai:
2338 4562 2467 4601 Lxm
2490 4587 2503 4610 ,
2542 4546 2637 4609 ﬂ,
2669 4546 2803 4616 10)?

1948 4639 2318 4707 Interrogatio.
2352 4637 2520 4708 Rogo,
2546 4640 2587 4692 si
2622 4639 2827 4693 unitum
2852 4654 3046 4695 nomen
3074 4652 3155 4697 est
3188 4643 3238 4696 in
3257 4642 3457 4701 deitate

1876 4730 2061 4797 gloriae
2088 4727 2388 4791 Trinitatis.
2408 4743 2503 4783 cur
2528 4730 2889 4801 unusquisque
2911 4730 2964 4785 in
2991 4745 3089 4786 suo
3110 4734 3325 4789 nomine
3346 4736 3459 4791 'nou

1877 4822 2125 4876 venerit?
2158 4820 2330 4875 Porro
2369 4821 2522 4889 quasi
2552 4821 2653 4876 hoc
2684 4822 2823 4890 quod
2858 4816 3062 4878 unitum
3095 4840 3287 4881 nomen
3324 4828 3452 4881 sub-

1873 4911 2166 4967 stantivum
2199 4911 2265 4964 ad
2288 4910 2540 4967 deitatem
2567 4914 2743 4968 uniter
2764 4914 3016 4982 refertur,
3042 4915 3152 4985 jam
3178 4918 3453 4987 proprium

1878 5015 1998 5056 esse
2024 5015 2131 5056 non
2160 5001 2477 5056 ostenditur.

1952 5092 2259 5161 Responsio.
2291 5090 2483 5159 Utique
2510 5092 2562 5147 in
2597 5092 2697 5147 hoc
2724 5094 2996 5163 proprium
3018 5103 3120 5161 est,
3144 5095 3238 5151 sed
3265 5106 3316 5150 et
3338 5096 3455 5149 uni-

1880 5191 1990 5237 tum
2019 5197 2035 5237 :
2069 5194 2213 5245 nam,
2239 5191 2298 5235 ut
2320 5190 2500 5237 certus
2527 5184 2620 5249 sis,
2650 5185 2865 5240 nomina
2892 5186 2942 5240 in
2969 5187 3210 5253 personis
3236 5185 3452 5255 propria

1876 5281 2022 5337 sunt,
2054 5272 2149 5329 sed
2175 5288 2281 5327 non
2311 5274 2477 5330 unita.
2502 5273 2606 5330 Sed
2623 5276 2702 5331 ais
2719 5276 2847 5330 mibi
2880 5294 2893 5329 :
2917 5277 3024 5331 Cur
3050 5278 3100 5331 in
3120 5292 3219 5331 suo
3236 5275 3454 5329 nomine

1876 5364 2091 5433 proprio
2112 5408 2126 5432 ,
2169 5366 2311 5435 quod
2351 5374 2433 5421 est
2480 5367 2803 5433 nativitatis,
2834 5384 2939 5422 non
2980 5377 3155 5423 tamen
3186 5365 3357 5420 Patris
3385 5368 3453 5422 ad

1878 5456 2221 5511 indiscretum
2252 5457 2537 5525 deitatem,
2570 5459 2659 5513 ubi
2692 5459 2924 5514 refertur
2953 5476 2964 5511 :
3002 5459 3055 5512 In
3096 5472 3193 5526 qua
3222 5458 3443 5512 invenio

1874 5556 1960 5602 tur
1982 5548 2199 5603 unitatis
2234 5548 2327 5604 Dei
2357 5564 2575 5605 nomen.
2611 5548 2717 5605 Sed
2746 5552 2798 5606 in
2827 5564 2893 5605 eo
2915 5563 3046 5604 sane
3074 5548 3124 5601 in
3154 5562 3260 5616 quo
3291 5557 3345 5602 et
3371 5563 3452 5604 su-

1873 5639 2049 5705 perius
2093 5638 2477 5706 comprehendi
2522 5622 2748 5707 persona
2780 5638 2943 5705 ipsius
2970 5637 3341 5693 tantummodo
3366 5638 3451 5709 gi-

1871 5730 2080 5799 gnentia
2103 5728 2448 5799 distinguitur
2470 5770 2485 5795 ,
2520 5730 2607 5783 hic
2645 5729 2757 5797 ipse
2780 5728 2947 5782 Filius
2971 5743 3075 5785 non
3102 5730 3279 5786 venit:
3302 5730 3453 5797 audi,

1813 5872 1826 5888 ,
1871 5820 1994 5890 quia
2023 5820 2069 5876 si
2103 5822 2155 5875 in
2187 5820 2287 5877 boc
2310 5819 2533 5876 nomine
2564 5826 2765 5874 tantum
2791 5818 3051 5886 venisset,
3082 5824 3222 5893 quod
3254 5822 3449 5881 dicitur

3467 5012 3481 5087 ἰ
