3938 6376
599 380 703 437 2η

1936 381 2159 439 VlGlLll
2198 382 2564 441 TAPSENSIS
3661 398 3729 456 ili

572 495 865 558 ‘Filius,,et
897 507 999 547 non
1034 494 1084 548 in
1116 495 1406 550 substantia
1438 492 1650 548 deitatis
1681 493 1856 556 unita,
1894 495 2035 563 quod
2068 510 2157 548 no-
2192 500 2239 557 Α
2273 493 2539 547 Descendit
2580 495 2806 563 Spiritus
2851 513 2881 548 a
2914 495 3040 559 Deo,
3073 505 3118 551 et
3162 497 3328 551 eduxit
3354 517 3429 554 eos
3456 503 3553 555 :sic
3572 507 3725 563 eduxisti

593 587 829 640 minatur
867 585 1039 647 Dens,
1070 587 1308 640 dicturus
1336 601 1457 640 eras
1487 584 1615 639 mihi
1648 604 1660 638 :
1696 584 1809 639 Non
1842 596 1923 640 est
1961 587 2163 640 unitum

594 677 787 729 nomen
820 676 869 727 in
902 678 1083 728 natura
1113 675 1406 730 divinitatis
1429 676 1544 730 Filii
1572 690 1692 729 cum
1719 676 1894 739 Patre,
1922 676 2015 731 sed
2044 682 2163 746 pro;

593 769 796 836 prium;
832 779 887 821 ut
918 782 1019 821 non
1055 779 1256 822 tantum
1287 769 1498 823 nomina
1528 771 1737 837 propria
1761 772 1869 835 jam
1899 771 1950 823 in
1981 785 2163 838 perso-

592 859 675 912 nis
702 858 1083 926 distingueres,
1108 860 1200 913 sed
1233 861 1436 914 unitum
1465 876 1658 916 nomen
1689 861 1741 915 in
1764 861 1962 916 deitate
1985 862 2161 915 Trini-

591 950 712 1003 tatis
742 950 994 1003 tantidem
1026 966 1117 1017 per
1144 952 1282 1016 ipsas
1308 966 1566 1017 personas
1606 966 1884 1019 separares
1929 969 1941 1005 :
1978 961 2034 1005 ut
2068 962 2158 1006 aut

591 1043 790 1093 unitam
820 1041 1169 1093 substantiam
1203 1041 1254 1093 in
1281 1041 1447 1095 tribus
1477 1041 1716 1111 partibus
1746 1026 2036 1107 divideres,
2070 1043 2154 1096 vel

583 1139 733 1184 certe
765 1131 996 1197 s'ngulas
1030 1145 1285 1199 personas
1322 1132 1373 1184 in
1423 1132 1645 1199 singulis
1690 1132 1799 1200 jam
1846 1132 2154 1186 substantiis

584 1218 735 1272 nobis
777 1221 1072 1274 consistere
1111 1219 1398 1276 indit-ares.
1443 1220 1547 1275 Sed
1596 1223 1749 1289 plane
1787 1222 1831 1274 si
1880 1220 2068 1284 Pater,
2101 1231 2153 1275 et

582 1310 775 1373 li‘ilius,
802 1319 855 1364 et
882 1310 1111 1377 Spiritus
1135 1321 1347 1365 sanctus
1375 1311 1666 1364 secundum
1696 1312 1903 1380 singula
1936 1314 2148 1366 nomina

580 1416 928 1467 personarum
974 1403 1206 1468 perfecte
1237 1403 1635 1470 distinguuntur
1661 1442 1676 1467 ,
1708 1402 1945 1471 nunquid
1989 1403 2067 1459 sic
2096 1411 2149 1457 et

574 1493 867 1546 secundum
908 1494 1113 1547 unitam
1156 1493 1412 1547 deitatem
1446 1494 1787 1561 plenitudinis
1818 1493 2020 1547 unitum
2051 1507 2150 1548 no-

578 1605 699 1641 tuen
734 1588 789 1642 in
812 1588 893 1641 his
925 1588 1165 1655 personis
1202 1602 1295 1656 per
1325 1588 1559 1657 singulas
1588 1596 1789 1640 natura:
1816 1586 2148 1640 substantias

573 1680 863 1734 dividitur?
910 1681 1093 1747 Absit,
1143 1696 1269 1734 nam
1301 1682 1400 1734 etsi
1448 1689 1499 1733 tu
1529 1680 1767 1745 (Ariane)
1800 1679 1885 1733 ubi
1932 1680 2146 1733 nomina

575 1780 777 1825 tantum
826 1771 879 1824 in
925 1772 1165 1839 personis
1194 1770 1419 1825 deberes
1474 1770 1823 1838 distinguere,
1874 1770 1943 1823 ibi
1987 1770 2143 1824 simul

2268 586 2510 655 papulum
2549 596 2692 639 tuum
2731 588 2890 658 213
2918 588 3084 657 facere
3118 589 3204 642 tibi
3241 606 3406 645 nomen
3441 595 3588 662 gloriae
3622 597 3722 665 (Ini.

2265 689 2414 739 unt,
2448 677 2557 743 Il).
2588 676 2741 731 Disce
2765 676 2873 745 jam
2908 678 3110 733 unitum
3145 692 3331 734 nomen
3360 694 3467 737 esse
3508 684 3559 737 in
3597 698 3724 741 natura

2262 767 2459 822 divinae
2481 769 2776 823 Trinitatis.

2332 858 2691 929 Interrogatio.
2721 858 2940 914 Declara
2967 873 3095 930 ergo
3123 859 3249 915 mihi
3274 861 3316 915 si
3338 873 3481 917 verus
3514 874 3583 918 est
3598 865 3723 931 Filius,

2240 961 2349 1013 aut
2379 965 2502 1002 non.

2337 1041 2631 1111 Responsio.
2647 1040 2834 1097 Nonne
2853 1042 3029 1107 Pater,
3049 1050 3103 1095 ut
3120 1050 3217 1096 nos
3234 1041 3623 1111 intelligeretnus,
3636 1044 3724 1097 hanc

2255 1134 2699 1203 signiﬁcationem.
2717 1135 2913 1197 intulit,-
2928 1142 2984 1187 ut
2999 1134 3245 1187 deitatem
3262 1133 3523 1186 nativitatis
3534 1135 3724 1201 propriam

2255 1227 2377 1280 Filii
2426 1228 2507 1281 sui
2536 1226 2602 1280 de
2652 1227 2941 1294 semetipso
2971 1224 3281 1287 insinuaret,
3313 1222 3479 1276 dicens
3504 1240 3514 1274 :
3541 1220 3608 1274 Et
3630 1231 3724 1274 utea

2252 1327 2370 1369 ante
2406 1317 2683 1385 luciferum
2728 1315 2879 1385 genui
2926 1323 2972 1367 te
3017 1312 3188 1383 (Psal.
3236 1327 3351 1374 CII,
3380 1312 3451 1377 3).
3480 1310 3723 1365 Undele

2252 1409 2373 1477 qttia
2409 1408 2546 1462 Deus
2578 1408 2732 1462 Pater
2761 1416 2971 1461 uterum
2997 1415 3052 1459 ut
3078 1406 3238 1458 homo
3270 1403 3469 1467 habeat,
3489 1390 3563 1471 qui
3587 1404 3723 1455 incom-

2253 1498 2630 1568 prehensibilis
2653 1506 2735 1552 est
2769 1516 2782 1552 :
2816 1496 2908 1551 sed
2932 1496 3051 1550 ideo
3096 1496 3211 1549 haec
3238 1494 3303 1547 de
3336 1492 3515 1547 nostris
3554 1492 3723 1557 exempla

2254 1590 2624 1656 introducens,
2651 1589 2953 1658 signiﬁcans
2975 1588 3325 1657 comparavit,
3352 1600 3436 1655 per
3460 1583 3577 1652 quod
3602 1581 3723 1634 nativi-

2251 1691 2413 1736 tatem
2447 1681 2563 1735 Fili
2610 1683 2692 1735 sui
2742 1696 2919 1735 veram
2954 1679 3021 1734 de
3053 1676 3505 1747 semetipsomobis
3532 1674 3720 1743 propriam

2249 1776 2566 1831 insinuaret.
2590 1774 2883 1829 Considera
2912 1789 3040 1843 ergo
3072 1774 3124 1827 in
3145 1773 3249 1827 hoc
3280 1774 3392 1827 loco
3417 1779 3465 1823 et
3490 1780 3553 1831 tu,
3572 1768 3719 1828 Arione,

571 1878 691 1917 cum
726 1865 854 1932 ipsis
884 1864 1185 1919 nominibus
1217 1873 1269 1917 ct
1303 1873 1516 1917 naturas
1540 1879 1633 1932 per
1660 1863 1855 1931 gradus
1878 1864 2139 1932 singulos,
2180 1860 2221 1921 Β
2246 1869 2474 1938 qualiter
2504 1870 2573 1921 sit
2616 1869 2837 1922 dictum.
2871 1866 3117 1936 Nunquid
3152 1868 3239 1919 hic
3272 1866 3432 1917 factus
3467 1872 3564 1927 est,
3600 1859 3720 1927 quide

572 1954 655 2009 vel
689 1970 780 2022 per
810 1955 1024 2009 ordines
1054 1955 1296 2010 diversos
1319 1955 1610 2022 distinguas
1631 1995 1645 2020 ,
1682 1964 1734 2008 ut
1765 1963 1871 2007 tres
1902 1964 2142 2017 naturas,

579 2048 857 2117 majorem,
879 2048 1181 2102 inferiorem
1212 2060 1264 2103 et
1288 2062 1539 2116 perquam
1567 2048 1826 2100 minorem
1850 2045 2143 2100 secundum

576 2141 789 2193 nomina
822 2154 1164 2208 personarum
1189 2153 1306 2193 esse
1334 2138 1498 2199 dicas,
1534 2140 1691 2207 212
1716 2147 1769 2190 ut
1798 2152 1891 2205 per
1915 2138 2023 2205 ipsa
2052 2146 2147 2189 no-

572 2231 713 2284 Inina
744 2226 1108 2297 discrepantes
1142 2238 1195 2282 et
1239 2230 1565 2283 substantias
1593 2244 1712 2282 esse
1745 2227 2016 2297 fassignes,
2049 2241 2145 2280 cur

572 2322 881 2389 erubescis,
912 2330 965 2377 et
1000 2337 1103 2376 non
1135 2322 1275 2375 situt
1312 2330 1497 2388 genus
1542 2320 1732 2389 plurali
1778 2334 2000 2373 numero
2034 2328 2142 2374 tres

566 2414 833 2481 dominos,
860 2414 1141 2483 majorem,
1164 2412 1287 2467 infe:
1304 2413 1470 2467 iorem
1499 2420 1551 2466 et
1576 2425 1825 2481 perquam
1850 2411 2136 2475 minorem,

564 2514 749 2562 contra
783 2507 980 2560 unitam
1013 2521 1191 2561 veram
1216 2514 1456 2560 natuer
1484 2503 1688 2571 publica
1716 2518 1844 2558 voce
1874 2500 2138 2571 profiteris

564 2599 702 2651 circa
719 2598 959 2653 diversas
973 2598 1053 2652 vel
1071 2598 1312 2666 dispares
1329 2596 1652 2651 substantias
1666 2610 1787 2649 suas
1804 2596 2131 2650 consistere:

566 2698 624 2743 ut
646 2692 785 2744 soles
809 2692 1042 2757 profiteri
1075 2706 1259 2755 unum,
1298 2706 1478 2743 verum
1499 2732 1511 2753 ,
1541 2689 1946 2757 sempiternum,
1974 2688 2135 2741 inini-

566 2782 821 2842 tiabilem,
856 2781 1138 2845 infectum;
1164 2794 1213 2835 et
1235 2784 1457 2835 alterum
1483 2782 1811 2845 Initiahilem,
1843 2780 1908 2834 de
1930 2791 2133 2834 creatu-

571 2874 644 2926 ris
676 2873 1005 2941 profectum;
1033 2881 1087 2926 et
1113 2872 1326 2927 tertium
1355 2871 1423 2925 de
1456 2872 1741 2933 ministris,
1773 2870 1921 2939 quasi
1955 2869 2133 2937 subje-

564 2973 738 3029 ctum,
778 2973 829 3017 ut
860 2963 1003 3017 Patri
1037 2963 1543 3031 incomparabilem,
1597 2961 1676 3015 vel
1729 2960 2134 3015 inenarrabilem

567 3058 805 3109 ascrihas
836 3072 850 3118 ;
879 3056 991 3109 Filii
1017 3070 1190 3109 autem
1224 3071 1329 3123 pra:
1360 3056 1570 3109 caeteris
1590 3053 1655 3108 de
1683 3053 1884 3108 factura
1917 3048 2131 3122 ignobili

567 3148 942 3215 procedentem
970 3147 1314 3201 substan'iam
1348 3148 1683 3201 demonstres
1713 3162 1726 3210 ;
1764 3146 2018 3214 Spiritum
2039 3145 2133 3198 ad-

563 3255 713 3309 aeque
729 3249 968 3295 sanctum
991 3240 1057 3294 de
1081 3240 1337 3293 ministris
1354 3239 1556 3308 angelis
1580 3239 1861 3293 habentem
1886 3239 2108 3292 substan
2157 3216 2202 3277 (ἶ

566 3332 693 3385 tiam
723 3332 923 3387 indices
950 3334 971 3385 ?
1000 3332 1151 3387 Unde
1173 3332 1237 3386 ad
1273 3333 1370 3386 hoc
1400 3343 1733 3387 revertamur
1755 3374 1769 3400 ,
1804 3331 1869 3386 de
1894 3347 2001 3401 quo
2041 3344 2134 3400 per

562 3423 793 3492 singulas
824 3438 1083 3491 personas
1112 3424 1357 3492 superius
1404 3424 1783 3476 traeiabamus.
1840 3423 1942 3477 Sed
1987 3430 2040 3476 et
2087 3421 2132 3473 si

560 3515 789 3583 Spiritus
823 3515 1111 3569 Paraelitus
1164 3516 1215 3569 in
1260 3530 1357 3568 suo
1386 3515 1599 3569 nomine
1631 3524 1833 3567 tantum
1863 3514 2130 3581 venisset,

561 3608 699 3677 quod
726 3609 807 3662 dic
835 3616 919 3661 tur
948 3609 1174 3677 Spiritus
1206 3609 1516 3671 [’araclitus,
1548 3618 1599 3662 et
1631 3624 1733 3660 non
1760 3607 1811 3660 in
1840 3608 1980 3660 unita
2009 3609 2133 3661 sub-

562 3703 753 3755 stantia
780 3703 946 3755 Patris
977 3714 1025 3755 et
1057 3701 1353 3769 Filii,qttod
1372 3702 1674 3753 nominatur
1692 3689 1830 3754 Deus
1850 3701 1984 3767 ,jant
2013 3714 2135 3767 pro-

564 3794 733 3863 prium
765 3808 956 3847 nomen
980 3793 1095 3861 ejus
1130 3794 1181 3846 in
1212 3806 1437 3860 persona
1470 3807 1587 3845 esse
1618 3792 1911 3853 videretur,
1944 3798 1999 3844 et
2030 3803 2133 3843 non

564 3887 855 3941 secundum
884 3887 1083 3938 unitatn
1129 3891 1369 3937 natu'am
1398 3883 1609 3936 deitatis
1650 3883 1700 3934 in
1755 3881 2027 3949 utrisque,
2078 3891 2136 3934 ut

563 3987 769 4033 tantum
800 3978 1164 4047 unusquisque
1201 3976 1414 4030 nomina
1443 3974 1646 4044 singula
1679 3975 1729 4027 in
1762 3974 2001 4042 personis
2028 3975 2137 4027 suis

559 4069 1104 4137 ostenderet,deitatis
1119 4076 1292 4121 autem
1310 4067 1511 4120 unitum
1526 4080 1716 4120 nomen
1736 4082 1838 4119 non
1856 4065 2135 4119 indicaret.

565 4161 732 4215 Porro
764 4162 813 4215 in
841 4162 939 4213 hoc
961 4160 1109 4213 ιιιιίιο
1140 4158 1357 4213 nomine
1379 4158 1590 4211 deitatis
1615 4157 1785 4211 Patris
1814 4157 1956 4209 venit
1983 4171 2138 4209 verus

564 4251 751 4315 Filius,
779 4252 830 4304 in
856 4267 923 4318 qu
948 4272 958 4297 ι
982 4252 1178 4304 dic'tnr
1204 4252 1369 4312 Deus,
1407 4250 1457 4302 in
1493 4263 1599 4317 quo
1642 4248 1903 4301 claritatis
1943 4262 2134 4300 nomen

562 4352 646 4395 est
666 4352 785 4395 eum
808 4343 983 4394 Patre.
1013 4343 1066 4394 In
1105 4341 1255 4407 cujus
1282 4349 1486 4393 natura:
1515 4338 1729 4392 nomine
1755 4339 1900 4392 venit
1930 4347 1981 4391 et
2013 4338 2137 4404 Spi-

567 4434 700 4487 ritus
728 4433 1015 4485 Paraclitns
1041 4472 1054 4495 ,
1086 4433 1208 4497 quia
1239 4433 1291 4483 in
1322 4432 1419 4483 ltac
1451 4432 1559 4499 ipsa
1588 4439 1927 4483 sacrosancta
1955 4429 2138 4483 Trini-

569 4535 676 4579 tate
707 4524 805 4578 hoc
834 4538 1023 4576 nomen
1056 4521 1497 4584 substantialiter,
1526 4522 1639 4574 sive
1668 4523 1840 4574 uniter
1862 4520 2135 4583 consistit,

562 4618 702 4671 sicut
731 4616 969 4684 superius
1000 4615 1241 4682 praedixi,
1271 4613 1424 4666 Patre
1451 4613 1516 4665 de
1542 4612 1675 4665 Filio
1709 4628 1807 4664 suo
1836 4613 2133 4664 indicante:

567 4710 767 4765 Nomen
795 4724 955 4763 meum
976 4718 1050 4762 est
1075 4709 1126 4761 in
1150 4709 1239 4760 illo
1267 4707 1460 4777 (Fxod.
1484 4721 1631 4767 XXIII,
1653 4704 1768 4774 91).
1792 4704 1853 4757 Et
1872 4704 2005 4756 Filio
2028 4704 2140 4757 hate

561 4802 703 4855 dicta
735 4802 1085 4855 cnnlirmante
1117 4816 1131 4851 :
1168 4798 1277 4869 Ego
1302 4799 1409 4851 veni
1435 4799 1487 4850 in
1517 4798 1719 4850 nomine
1745 4794 1915 4849 Patris
1938 4796 2067 4857 mei,
2095 4804 2141 4847 et

568 4908 669 4947 non
694 4908 768 4945 me
790 4892 1045 4961 recepistis
1070 4907 1088 4954 ;
1132 4902 1245 4942 cum
1275 4900 1442 4942 autent
1465 4890 1603 4941 alius
1638 4888 1828 4941 venerit
1855 4887 1908 4938 in
1940 4886 2141 4938 nomine

563 4999 676 5046 suo,
723 4998 834 5035 eun
865 4979 1115 5048 recipietis
1166 4977 1342 5047 (Joan.
1392 4995 1442 5039 v,
1471 4978 1583 5045 45).
1619 4976 1723 5031 Sed
1763 4984 1817 5029 et
1841 4976 1907 5029 de
1938 4974 2141 5042 Spiritu

562 5079 748 5125 sancto
764 5071 880 5139 ipso
907 5083 1117 5123 rursum
1140 5078 1414 5136 repetente
1438 5086 1449 5120 :
1474 5068 1635 5131 Quem
1650 5069 1803 5119 mittet
1825 5065 1980 5119 Pater
2002 5081 2140 5118 meus

561 5164 615 5214 in
644 5161 846 5214 nomine
886 5175 995 5213 meo
1025 5157 1206 5229 (Joan.
1243 5174 1360 5223 xtv,
1389 5158 1503 5228 26).
1543 5158 1608 5211 Et
1636 5159 1888 5226 deinceps
1917 5172 2039 5211 eum
2074 5156 2142 5209 de

564 5256 780 5308 nomine
802 5268 900 5306 suo
921 5252 1043 5305 audi
1067 5252 1354 5319 discipulos
1398 5252 1700 5304 hortantem
1730 5266 1743 5302 :
1779 5250 1965 5302 Omnia
2000 5263 2141 5317 qua!-

564 5362 756 5416 cunque
780 5346 1025 5415 petieritis
1062 5362 1096 5398 α
1139 5344 1289 5397 Patre
1326 5345 1378 5396 in
1420 5345 1623 5397 nomine
1665 5359 1805 5411 meo,
1840 5342 1977 5394 dabit
2006 5341 2141 5394 vobis

566 5439 745 5508 (Joan.
780 5451 902 5503 xvr,
932 5438 1047 5507 ‘23).
1082 5436 1186 5491 Sed
1228 5436 1523 5503 apostolum
1566 5433 1788 5488 Paulum
1827 5432 2017 5487 eadem
2065 5442 2143 5484 Ie-

567 5543 793 5586 stantem
821 5550 836 5586 :
866 5532 971 5586 Sed
1010 5530 1170 5582 abluti
1215 5530 1333 5581 estis
1359 5569 1373 5592 ,
1405 5527 1493 5579 sed
1522 5526 1825 5593 sanctiﬁcati
1857 5525 1976 5576 estis
2004 5564 2017 5588 ,
2052 5522 2142 5575 sed

566 5624 831 5693 iustiﬁcati
869 5623 988 5674 estis
1030 5622 1081 5673 in
1110 5621 1311 5673 nomine
1340 5616 1543 5669 Domini
1590 5616 1749 5667 nostri
1774 5614 1901 5667 Jesu
1930 5612 2137 5678 Christi,

571 5723 617 5767 et
645 5713 843 5779 Spiritu
871 5714 961 5766 Dei
990 5714 1145 5766 nostri
1175 5710 1227 5769 ll
1252 5712 1367 5765 Cor.
1402 5726 1447 5764 γι
1466 5752 1479 5775 ,
1508 5709 1614 5777 ll).
1641 5708 1772 5762 Audi
1796 5716 1848 5760 et
1870 5707 2057 5760 Isaiam
2078 5707 2144 5761 de

574 5806 722 5861 unite
770 5805 985 5860 nomine
1030 5804 1214 5872 gloriae
1258 5806 1423 5859 sancti
1462 5801 1692 5871 Spiritus
1725 5799 2091 5855 declarantem
2129 5816 2139 5850 :

2253 1968 2403 2012 utero
2450 1958 2762 2011 substante:
2800 1956 2973 2009 Patris
3021 1954 3447 2009 inenarrabiliter
3490 1957 3616 2002 natus
3646 1944 3721 1997 est?

2246 2050 2495 2119 Nunquid
2529 2051 2613 2104 hic
2640 2052 2804 2102 fictus
2833 2057 2915 2101 est
2944 2048 3031 2117 qui
3070 2048 3147 2101 sic
3176 2044 3466 2112 unigeni'us
3486 2040 3543 2093 ab
3566 2050 3719 2103 evange

2246 2142 2362 2195 lista
2392 2140 2544 2194 nubis
2575 2140 2921 2193 annuntiatus
2941 2146 3044 2201 est,
3066 2136 3281 2190 dicente
3303 2152 3316 2186 :
3340 2134 3433 2199 Qui
3454 2146 3541 2184 non
3562 2124 3719 2179 crediti!t

2245 2248 2377 2294 eum,
2402 2236 2514 2302 jam
2545 2231 2812 2303 judicatus
2843 2238 2951 2293 est,
2982 2228 3101 2297 quia
3135 2243 3235 2279 non
3278 2224 3477 2276 credidit
3502 2224 3545 2271 in
3579 2215 3714 2268 nomine

2242 2326 2485 2397 unigeniti
2522 2324 2640 2377 Filii
2671 2324 2765 2376 Dei
2804 2320 2979 2390 (.Ioan.
3012 2336 3101 2383 III,
3154 2318 3265 2387 18).
3294 2316 3393 2371 Sed
3424 2313 3532 2367 etin
3561 2304 3718 2376 Epistula

2242 2430 2335 2470 sita
2369 2417 2483 2470 haec
2523 2415 2709 2469 eadem
2756 2414 2956 2466 indicat
2986 2428 3000 2463 ε
3046 2409 3111 2465 Et
3158 2424 3331 2461 sumus
3354 2448 3367 2471 ,
3399 2402 3567 2470 inquit,
3590 2398 3628 2450 in
3649 2408 3717 2446 iero

2240 2506 2379 2561 Filio
2403 2507 2495 2561 Dei
2516 2505 2550 2559 J
2555 2523 2643 2559 esu
2660 2504 2883 2569 Chi-isto,
2896 2505 2981 2571 qui
3004 2512 3073 2556 est
3096 2502 3214 2572 (ait)
3239 2516 3401 2559 verus,
3420 2506 3460 2549 e:
3480 2494 3565 2546 rita
3578 2498 3716 2543 eterna.

2192 2596 2197 2599 ⁷
2239 2610 2286 2654 et
2312 2601 2614 2653 resurrectio
2645 2609 2815 2651 nostra
2845 2596 2891 2667 (Ι
2926 2596 3084 2649 Joan.
3114 2610 3164 2658 v,
3194 2592 3313 2659 20).
3364 2590 3487 2644 Ecce
3531 2584 3659 2667 habes
3682 2588 3717 2628 α

2242 2702 2408 2757 utero,
2432 2706 2558 2746 ecce
2577 2692 2627 2743 in
2651 2690 2908 2759 unigenito
2933 2687 3045 2751 Dei,
3066 2700 3188 2739 ecce
3208 2686 3261 2737 in
3284 2697 3396 2736 vero
3417 2677 3459 2729 1⁴⁴
3464 2676 3540 2729 ilio
3555 2672 3625 2725 Dei
3640 2666 3717 2761 lat

2240 2780 2561 2849 Christo,qui
2586 2791 2656 2832 est
2678 2778 2795 2848 (ait)
2812 2794 2977 2841 verus,
2998 2786 3043 2829 et
3065 2776 3167 2829 vita
3193 2783 3410 2833 aeterna,
3434 2776 3475 2821 et
3501 2768 3716 2817 resurrectio

2240 2883 2432 2939 nostra,
2453 2875 2587 2926 sicut
2609 2873 2722 2939 ipse
2747 2871 3000 2924 Dominus
3020 2868 3086 2921 de
3107 2882 3163 2920 se
3190 2873 3413 2920 testatus
3440 2868 3512 2914 est
3530 2874 3542 2907 ι
3557 2852 3717 2946 Egestum

2238 2969 2316 3021 via
2337 3011 2349 3033 ,
2381 2968 2560 3020 veritas
2606 2976 2650 3018 et
2679 2967 2777 3017 vita
2812 2962 2996 3033 (Joan.
3030 2966 3137 3025 sui,
3168 2958 3247 3027 6).
3288 2958 3351 3010 Et
3378 2951 3594 3008 similiter
3615 2943 3716 2995 Isaiti

2242 3058 2573 3127 prophetavit
2602 3075 2614 3109 :
2648 3054 2990 3112 Servientibus
3018 3068 3132 3105 vero
3177 3049 3304 3101 milii
3332 3041 3568 3100 vocabitur

2238 3166 2442 3213 ηουιυην
2472 3150 2607 3216 quod
2647 3148 2967 3202 benedicetur
2995 3159 3147 3213 super
3175 3157 3376 3196 omnem
3402 3147 3580 3191 terram.
3601 3124 3646 3177 Et
3667 3122 3715 3221 lc-

2238 3242 2463 3295 nedicent
2508 3242 2667 3293 Deum
2705 3255 2873 3292 verum
2909 3254 2927 3301 ;
2954 3245 3000 3291 et
3029 3235 3115 3305 qui
3145 3243 3263 3287 sunt
3294 3245 3441 3298 super
3471 3224 3714 3281 τοπικήν

2237 3336 2419 3390 rabunt
2462 3352 2549 3404 per
2592 3333 2758 3388 Deum
2794 3334 2957 3386 vivum
2989 3347 3008 3388 :
3043 3330 3397 3383 obliviscantur
3430 3314 3715 3404 tribulatiottf)‘

2236 3430 2521 3497 pristinam,
2565 3441 2653 3478 nec
2679 3424 2911 3477 ascendet
2953 3424 3004 3474 in
3034 3422 3122 3474 co'r
3146 3435 3324 3472 eorum
3352 3413 3493 3485 (lsai.
3521 3395 3711 3497 Lit-i5}-

2244 3520 2398 3573 Vides
2459 3533 2649 3572 nomen
2688 3523 2881 3571 novum
2914 3529 3033 3569 esse
3060 3510 3500 3567 Christianorum,
3528 3489 3715 3586 quod

2239 3610 2501 3665 nedicitur
2520 3625 2680 3677 super
2711 3618 2906 3662 terram
2935 3621 2963 3658 a
3006 3604 3251 3659 Domino.
3285 3600 3414 3656 Nam
3450 3594 3538 3663 ipsi
3570 3577 3717 3681 bellidl‘

2236 3712 2364 3755 cunt
2396 3701 2557 3754 Deum
2586 3676 2790 3763 verum,
2820 3698 3029 3752 Patrem
3080 3704 3133 3749 et
3165 3694 3383 3756 Filium,
3414 3689 3512 3742 imo
3545 3676 3716 3769 ei???"

2238 3802 2345 3846 tum
2376 3802 2615 3845 sanctum
2642 3809 2654 3843 :
2684 3800 2737 3843 et
2767 3788 3023 3859 jurabunt
3062 3800 3158 3854 per
3186 3785 3355 3838 Deum
3388 3782 3567 3832 vivum.
3594 3766 3640 3820 El
3663 3766 3716 3856 1ης

2238 3884 2447 3949 rabnnt,
2479 3883 2569 3943 ait,
2602 3896 2695 3948 per
2726 3880 2892 3935 Deum
2918 3892 3127 3941 verum,
3150 3875 3294 3944 quod
3324 3880 3403 3927 est
3424 3863 3634 3922 divinitus
3650 3864 3718 3905 unl'

2240 3980 2346 4025 tum
2366 3986 2577 4025 nomen.
2598 3970 2764 4040 Rogo,
2785 3983 2901 4037 qua:
2921 3976 3003 4022 est
3025 3976 3169 4020 tanta
3197 3949 3717 4058 hmretirorumdemw"

2240 4066 2328 4125 tia,
2355 4077 2536 4115 verum
2571 4060 2758 4114 Ftliutn
2779 4068 3073 4114 creatorem
3094 4056 3314 4110 laetum
3332 4066 3438 4105 sue
3462 4043 3714 4130 compelliei

2240 4159 2343 4208 Αυί
2370 4170 2487 4222 Qua:
2513 4155 2724 4208 catellas
2748 4160 2889 4205 tanta
2924 4159 3026 4213 est,
3052 4158 3250 4202 tantam
3284 4141 3510 4200 veritatis
3531 4129 3718 4222 probante

2241 4260 2360 4299 nem
2391 4221 2552 4297 falsis
2600 4242 2923 4311 argumentis
2955 4237 3371 4308 blasphetnare?
3414 4233 3526 4286 dum
3553 4221 3721 4313 centurio

2240 4335 2636 4403 adhuc’gentilis
2651 4307 2813 4388 homo
2824 4335 2888 4387 ad
2913 4342 3055 4386 tuam
3078 4307 3444 4385 confusionem
3462 4307 3719 4403 ἰιιιΙίιιινίὶΐίξε

2248 4429 2377 4484 Vere
2404 4392 2572 4482 ilius
2605 4428 2695 4481 Dei
2738 4435 2845 4481 erat
2876 4427 2970 4481 iste
3022 4422 3234 4495 (Matth.
3267 4433 3437 4481 xxvn;
3476 4411 3613 4465 Marc.

2314 4521 2673 4593 Interrogatio.
2706 4521 2770 4572 Et
2790 4515 3235 4588 quemadmodum
3264 4513 3465 4567 unitum
3500 4488 3721 4593 nomen?

2244 4617 2295 4669 in
2344 4585 2538 4668 natura
2576 4585 2885 4677 divinitatis,
2933 4610 3058 4664 dum
3085 4608 3222 4662 alter
3251 4607 3306 4659 in
3333 4598 3541 4657 alterius
3576 4585 3725 4642 uomit!c

2243 4710 2453 4763 venisse
2483 4705 2766 4760 videatur?
3606 4768 3615 4773 _

2314 4797 2475 4870 214,
2498 4797 2795 4862 Responsio.
2825 4794 2962 4847 Vere
2993 4805 3197 4845 veneno
3220 4782 3541 4842 suntinfecta
3553 4761 3729 4870 subtilia“

2244 4851 2365 4945 cum
2377 4851 2506 4942 dolo
2528 4851 2641 4941 huic
2663 4886 2849 4940 obtusa
2871 4883 3029 4938 corda
3053 4876 3430 4948 interrogantis
3448 4878 3586 4935 atque
3604 4851 3728 4945 de“?

2247 4980 2439 5034 dentis.
2472 4978 2661 5032 Procul
2692 4975 2852 5030 dubio
2880 4975 2929 5027 in
2964 4976 3063 5026 hoc
3100 4985 3229 5026 sane
3257 4969 3403 5021 alius
3443 4968 3517 5015 est
3551 4948 3730 5045 93‘3"}

2243 5085 2469 5141 persona
2496 5070 2583 5139 qui
2611 5083 2733 5122 vere
2760 5065 2972 5137 genuit;
3004 5074 3060 5120 et
3098 5067 3150 5117 iu
3195 5062 3296 5115 hoc
3334 5058 3466 5112 alter
3486 5036 3730 5141 εςι-ῊΙΙῘἪ

2246 5126 2401 5217 Patre
2430 5162 2482 5215 in
2512 5173 2737 5230 persona
2766 5158 2856 5227 qui
2884 5170 3008 5211 vere
3022 5154 3089 5208 ab
3108 5167 3173 5207 eo
3196 5149 3407 5220 genitus
3428 5151 3525 5198 est.
3647 5126 3734 5237 ‘2'“

2246 5257 2347 5309 hoc
2375 5213 2615 5307 alius'est
2649 5251 2701 5305 in
2732 5213 2957 5319 persona
2988 5247 3218 5311 Spiritus
3249 5243 3340 5295 hic
3371 5213 3733 5319 principalis}:

2245 5345 2483 5406 raclitus,
2508 5343 2595 5411 qui
2619 5343 2671 5394 in
2695 5297 3009 5395 Pentecoste
3030 5338 3081 5390 in
3105 5333 3376 5402 apostolos
3395 5297 3736 5411 effusus-eiiit

2246 5435 2365 5489 ideo
2398 5401 2816 5500 haec-sigillatim
2859 5428 2998 5481 dieta
3039 5430 3307 5479 memento
3327 5458 3343 5480 ,
3376 5426 3432 5471 ut
3462 5404 3647 5500 nomine
3667 5401 3735 5500 Si:

2246 5477 2363 5489 μην
2398 5477 2510 5486 .-υ-ν
2549 5477 2816 5500 -.σω-----
2864 5477 2998 5481 νη
3040 5477 3068 5479 ,κ
3103 5477 3118 5479 -
3195 5477 3198 5478 ν
3331 5477 3339 5480 .

2244 5525 2366 5595 gula
2402 5525 2453 5578 in
2486 5522 2727 5591 personis
2769 5534 2890 5574 esse
2919 5517 3185 5572 distincta.
3224 5512 3386 5566 Vides
3423 5502 3535 5575 quia
3566 5477 3737 5595 allii-ib

2245 5578 2434 5676 altero,
2462 5578 2573 5667 sive
2604 5612 2737 5666 alius
2768 5611 2833 5665 ab
2856 5610 2982 5675 alio,
3016 5608 3070 5660 in
3099 5616 3323 5674 persona
3358 5603 3546 5652 tantum
3574 5578 3737 5678 dilicti..-

2244 5717 2299 5761 et
2354 5673 2457 5759 non
2510 5706 2563 5758 in
2609 5700 2937 5770 plenitudine
2970 5673 3262 5753 divinitatis
3310 5689 3472 5747 asiae,
3522 5673 3738 5770 sicut

2250 5754 2814 5853 Dom-inus'aittzAlius
2841 5800 2917 5848 est
2941 5792 3027 5860 qui
3060 5770 3610 5850 testintoniumperltibet
3635 5754 3736 5812 mihi.
