3938 6376
136 440 237 499 249

1330 434 1415 489 DE
1454 425 1821 490 TRINITATE
1862 428 1988 487 LIB.
2031 427 2094 488 ll.

3257 436 3366 495 250

134 560 215 625 qui
246 555 476 610 memisii
504 542 658 608 Pater
687 553 865 624 (Ioan.
897 568 926 607 v
948 594 963 619 ,
1016 552 1123 619 32).
1155 549 1258 605 Sed
1283 559 1335 604 et
1362 550 1465 605 alio
1494 550 1545 603 in
1568 549 1687 603 loco
1721 554 1764 610 Α
1798 549 1898 603 hoc
1946 562 2141 603 nomen
2195 550 2372 603 uniter
2403 547 2816 604 honorillcatum
2848 550 3117 605 invenitur
3142 564 3265 608 csso
3308 556 3360 606 in

139 650 269 702 idem
302 650 413 715 ipse
446 661 729 715 personam
751 645 921 699 sancti
950 644 1181 712 Spiritus
1211 642 1446 697 indicat:
1482 642 1690 711 Ragabo

136 738 335 793 Patrem
360 754 541 801 meum,
564 745 612 790 et
642 738 802 789 alium
832 735 1145 789 Paraclitum
1169 734 1325 786 mittet
1350 732 1485 785 vobis
1510 731 1688 801 (Joan.

138 848 241 899 HV,
274 832 381 897 16).
414 830 558 883 Scito
585 828 742 881 alium
764 827 831 880 ab
853 827 980 889 alio,
1012 825 1125 879 sive
1179 824 1404 878 alterum
1432 823 1498 875 ab
1521 824 1691 877 altero

133 923 181 976 in
213 936 435 991 persona
467 930 667 973 tantum
700 919 941 982 differre,
972 928 1025 971 et
1055 932 1159 970 non
1189 917 1240 970 in
1275 916 1419 969 unita
1451 915 1683 983 plenitu-

130 1012 247 1066 dine
285 1010 581 1065 divinitatis
614 1011 762 1063 usitr.
791 1008 920 1062 Nam
944 1007 986 1061 si
1021 1006 1309 1061 secundum
1338 1005 1550 1059 nomina
1575 1006 1689 1057 sine

125 1103 238 1171 gula
272 1115 623 1170 personarum
668 1099 804 1152 alter
832 1099 899 1150 ab
926 1097 1094 1151 altero
1123 1097 1239 1151 sine
1268 1095 1430 1149 dubio
1458 1093 1560 1149 dici
1592 1107 1688 1160 po-

128 1202 241 1254 test,
273 1191 515 1260 nunquid
545 1190 623 1243 sic
645 1199 698 1242 et
722 1190 771 1240 iu
804 1188 946 1242 unita
971 1188 1169 1241 deitate
1189 1186 1323 1240 alter
1347 1186 1490 1240 Deus
1517 1192 1689 1253 potest

127 1281 458 1349 pronuntiari
492 1281 667 1340 Pater.
698 1280 849 1346 quasi
881 1279 952 1332 sit
980 1279 1030 1332 in
1066 1287 1250 1331 natura
1281 1277 1523 1331 diversus
1551 1291 1581 1329 a
1604 1278 1690 1332 Fi-

124 1374 219 1431 lto;
250 1377 304 1423 et
340 1366 471 1422 alter
494 1358 632 1423 Deus
656 1377 833 1438 potest
861 1368 967 1422 dici
996 1366 1161 1421 Filius
1188 1380 1215 1420 a
1238 1367 1413 1428 Patre,
1444 1367 1594 1435 quasi
1622 1368 1691 1420 sit

124 1464 169 1513 in
195 1461 399 1515 deitate
425 1460 595 1523 alter;
632 1470 684 1513 et
720 1460 856 1513 alius
886 1458 1024 1512 Deus
1055 1465 1232 1526 potest
1260 1456 1493 1523 proﬁteri
1521 1455 1689 1521 Spiri-

125 1562 202 1604 tus
228 1559 473 1617 sanctus,
502 1550 649 1617 quasi
674 1550 742 1603 sit
773 1548 824 1601 in
860 1547 1157 1603 substantia
1184 1546 1521 1613 discrepanle
1542 1563 1568 1597 a
1592 1546 1688 1599 Pa-

122 1652 197 1696 tre
245 1651 297 1696 et
325 1656 355 1695 a
381 1642 554 1695 Filio?
582 1640 764 1695 Absit:
795 1638 919 1693 dum
944 1639 1150 1692 unitum
1179 1651 1376 1691 nomen
1404 1638 1473 1690 sit
1502 1638 1554 1691 in
1586 1651 1688 1690 una

122 1749 236 1788 vera
269 1742 485 1795 natura,
515 1748 575 1785 ac
608 1748 703 1801 per
728 1732 827 1785 ltoc
860 1746 993 1785 unus
1022 1744 1180 1783 verus
1210 1738 1290 1783 est
1315 1729 1475 1783 Deus.

184 1824 552 1892 Interrogatio.
598 1823 663 1875 Et
701 1820 967 1889 quomodo
1005 1820 1056 1874 in
1089 1819 1391 1875 nominibus
1432 1833 1691 1886 persona.

1792 639 2079 708 gentibus?
2104 641 2241 693 sicut
2272 655 2542 709 prrsagus
2564 640 2794 709 Spiritus
2823 652 3037 695 sanctus
3070 657 3162 711 per
3202 644 3363 697 Mala-

1792 730 1965 783 cbiam
1999 731 2311 797 prephetam
2354 740 2610 784 testatur:
2646 731 2779 797 Quia
2818 749 3055 801 magnum
3082 743 3152 785 est
3182 749 3360 784 nomen

1792 837 1957 875 meum
1994 822 2047 874 in
2096 822 2327 891 gentibus
2352 862 2369 885 ,
2401 824 2524 876 dicit
2576 822 2824 877 Dominus
2860 822 2992 876 Deus
3045 824 3359 892 omnipatens

1791 910 2014 977 (Malae.
2047 927 2083 975 ι,
2119 911 2227 980 tl),
2260 912 2409 977 Quod
2431 912 2665 966 Joannes
2696 912 2926 980 Baptista
2949 912 3215 966 absolvit:
3250 912 3358 980 ligo

1790 1006 1999 1075 quidem
2025 1021 2109 1058 vos
2152 1005 2354 1072 baptizo
2384 1005 2437 1056 in
2463 1021 2599 1072 aqua
2629 1004 2965 1072 pmnitentia',
3011 1012 3121 1070 post
3152 1018 3229 1055 me
3258 1019 3358 1054 au-

1790 1107 1890 1151 tem
1934 1098 2097 1151 veniet
2141 1101 2235 1166 qui
2260 1113 2348 1150 ves
2386 1096 2656 1165 baptisabit
2704 1096 2903 1165 Spiritu
2950 1105 3125 1150 sancto
3169 1106 3214 1148 et
3245 1096 3359 1164 igne

1790 1186 2003 1256 (Matth.
2039 1202 2115 1251 In,
2142 1186 2253 1253 ll).

1860 1275 2227 1345 Interrogatio.
2262 1276 2480 1330 Declara
2523 1273 2654 1329 mihi
2691 1275 2735 1328 sl
2767 1290 2959 1331 nomen
2989 1276 3162 1330 Patris
3185 1284 3266 1329 est
3297 1276 3350 1328 in

1789 1367 1924 1421 Filio
1944 1368 2069 1421 etin
2098 1364 2295 1430 Spiritu
2326 1373 2532 1420 sancto.

1862 1458 2163 1527 Responsio.
2198 1455 2315 1511 Jam
2350 1455 2657 1524 frequenter
2687 1454 2755 1509 de
2783 1456 3104 1509 auctoritate
3124 1454 3358 1522 Scrlptu-

1789 1563 1967 1603 rarum
2002 1547 2095 1602 tibi
2123 1556 2396 1602 ostensum
2429 1556 2535 1610 est,
2575 1547 2738 1601 Deum
2770 1546 2981 1599 Patrem
3015 1560 3107 1614 per
3148 1545 3359 1613 legisla-

1788 1647 1955 1695 torem
1986 1638 2187 1693 Morem
2233 1645 2516 1691 testatum:
2560 1635 2672 1708 Ego
2710 1646 2878 1690 autem
2912 1634 3159 1689 Dominus
3200 1636 3358 1701 Deus,

1789 1732 1885 1783 hoc
1914 1740 1987 1784 est
2025 1746 2206 1783 nomen
2238 1745 2403 1782 meum
2450 1729 2743 1783 memorialo
2791 1728 3155 1794 sempiternum
3186 1729 3238 1779 in
3268 1745 3357 1797 ge-

1786 1825 2078 1877 nerationes
2097 1831 2141 1875 et
2161 1822 2423 1891 progenies
2445 1821 2639 1892 (Exod.
2673 1837 2760 1884 ιιι,
2794 1821 2903 1889 l5).
2939 1820 3019 1875 De
3036 1820 3161 1873 Filii
3177 1829 3356 1873 autem

119 1930 227 1968 rum
254 1931 417 1968 unum
443 1914 507 1967 de
534 1928 641 1967 uno
661 1954 675 1978 ,
712 1920 804 1966 aut
838 1913 1069 1965 alterum
1093 1911 1161 1964 de
1189 1910 1360 1964 altero
1378 1950 1394 1975 ,
1439 1908 1542 1964 hoc
1579 1918 1680 1974 est,
1714 1903 1763 1965 Β
1790 1929 2012 1981 persona
2040 1916 2116 1968 sic
2144 1914 2247 1968 ait:
2286 1914 2488 1968 Nomen
2510 1931 2675 1969 meum
2701 1925 2773 1968 est
2795 1915 2845 1967 in
2872 1915 2961 1966 illo
2986 1912 3177 1977 (Exod.
3204 1928 3354 1974 xxtn,

118 2003 303 2057 Filium
338 2004 405 2058 de
436 2003 591 2057 Patre
620 2017 738 2055 esse
766 2000 1077 2071 signiﬁcas?

185 2093 489 2160 Responsio.
538 2092 753 2160 Ignoras
793 2107 953 2145 unum
1002 2091 1211 2145 Patrem
1281 2090 1349 2145 de
1393 2092 1684 2161 semetipso

116 2184 362 2251 genuisse
393 2182 578 2237 Filium
602 2182 624 2234 ?
654 2182 791 2248 Quia
813 2196 970 2236 nemo
996 2180 1314 2248 sibimetipsi
1351 2190 1502 2250 pater
1531 2193 1681 2250 pater

115 2281 209 2325 est.
240 2273 303 2325 Et
339 2273 456 2340 quis
486 2271 798 2339 sibimetipsi
842 2272 979 2325 lilius
1008 2271 1149 2325 illius
1191 2280 1272 2325 est
1293 2271 1319 2323 ἲ
1350 2270 1483 2325 Dum
1530 2272 1683 2326 Pater

114 2379 213 2417 non
245 2365 315 2418 sit
336 2364 563 2430 genitus,
587 2372 640 2416 et
664 2364 826 2416 Filius
848 2377 952 2415 non
976 2362 1045 2415 sit
1072 2362 1339 2429 ingenitus
1364 2378 1377 2423 ;
1407 2362 1501 2416 sed
1527 2363 1681 2430 plane

110 2452 267 2505 Pater
301 2454 534 2507 Filii‘est
566 2466 720 2519 quem
760 2451 961 2519 genuit,
984 2460 1039 2504 et
1068 2450 1229 2503 Filius
1259 2460 1341 2503 est
1367 2451 1561 2514 Patris,
1593 2467 1640 2518 ῳ
1667 2452 1682 2505 i

108 2556 238 2596 vere
279 2543 347 2595 de
374 2543 490 2610 ipso
516 2542 725 2609 genitus
747 2550 848 2593 est.
880 2543 1215 2609 Quapropter
1241 2554 1346 2593 non
1380 2549 1435 2591 ιιι
1464 2540 1591 2607 quid
1632 2557 1680 2592 ιιι

105 2632 290 2684 ςοιυιιι
317 2630 748 2698 ιιιαθιιιιειιιτιιιιεε
777 2647 825 2682 ιη
854 2629 1190 2682 confessione
1214 2628 1550 2684 introducere
1577 2630 1681 2684 duo

108 2737 214 2775 non
246 2730 371 2773 nata
398 2721 677 2789 principia,
703 2731 757 2775 ut
785 2728 837 2773 et
878 2720 930 2773 in
965 2728 1074 2774 toto
1109 2734 1207 2773 nec
1235 2720 1444 2773 Patrem
1475 2736 1680 2787 verum,

109 2828 206 2865 nec
237 2812 426 2865 Filium
466 2812 843 2879 proﬁteantur:
883 2810 1007 2863 dum
1044 2811 1202 2865 Pater
1229 2810 1347 2865 sine
1392 2812 1525 2865 Filio
1564 2827 1678 2866 om-

109 2906 233 2956 nino
260 2903 364 2955 dici
397 2917 500 2955 non
534 2903 732 2969 posdt;
763 2903 884 2971 quia
918 2917 1055 2956 unus
1077 2903 1142 2956 de
1168 2918 1295 2967 uno,
1324 2904 1372 2956 id
1400 2914 1481 2957 est
1517 2903 1680 2958 Filius

109 2996 172 3047 de
196 2994 355 3047 Patre
378 3001 461 3047 est
484 3008 498 3057 ;
530 3004 581 3047 et
604 3008 738 3049 unus
764 2994 813 3045 in
838 3008 942 3046 uno
971 2992 1129 3047 Pater
1160 2995 1217 3046 in
1237 2993 1370 3047 Filio
1392 3004 1492 3060 est,
1522 3004 1573 3048 et
1602 2994 1683 3047 Fi-

109 3084 208 3137 lius
241 3085 291 3136 in
324 3084 476 3137 Patre
507 3093 607 3137 est.
636 3083 749 3149 Qua
786 3084 851 3137 de
882 3098 938 3137 re
967 3084 1103 3138 alter
1136 3070 1216 3137 est
1247 3084 1299 3137 in
1332 3098 1559 3153 persona
1588 3085 1677 3153 qui

108 3190 234 3229 vere
272 3176 702 3230 inenarrabiliter
734 3176 935 3245 genuit,
973 3183 1026 3229 et
1061 3176 1195 3230 alius
1219 3176 1448 3246 adteque
1474 3178 1525 3231 in
1557 3192 1679 3247 per-

1787 2006 1902 2074 2|).
1927 2005 1993 2059 Et
2014 2006 2119 2059 alio
2141 2006 2190 2058 in
2222 2004 2342 2059 loco
2371 2006 2510 2059 idem
2542 2006 2659 2073 ipse
2682 2004 2837 2058 Pater
2858 2004 3088 2071 repetit:
3126 2002 3235 2071 Ego
3254 2003 3357 2056 Do-

1785 2097 1948 2150 minus
1966 2096 2346 2158 Demarati-aco
2371 2112 2553 2149 nomen
2575 2104 2713 2147 tuum
2739 2094 2876 2147 Deus
2897 2092 3059 2146 Israel
3078 2090 3209 2161 (Isa.
3235 2108 3363 2159 XLV,

1781 2186 1872 2255 3);
1903 2187 2040 2256 quod
2088 2188 2202 2255 ipse
2236 2186 2402 2240 Filius
2446 2186 2783 2240 conﬁrmavit
2827 2184 2987 2255 216
3007 2184 3219 2237 dicens:
3253 2183 3358 2252 Ego

1782 2279 1894 2329 veni
1934 2278 1985 2330 itt
2015 2278 2216 2330 nomine
2243 2276 2414 2330 Patris
2442 2278 2561 2340 mei,
2592 2286 2636 2329 et
2659 2292 2758 2329 non
2788 2291 2866 2327 me
2894 2276 3151 2344 recepistis
3177 2274 3355 2343 (Joan.

1784 2383 1836 2429 v,
1870 2366 1980 2433 43).
2014 2368 2078 2422 Et
2104 2368 2261 2420 David
2289 2367 2353 2421 ad
2398 2368 2509 2420 haec
2540 2368 2650 2421 ait:
2694 2366 2997 2420 Benedictus
3022 2368 3107 2433 qui
3138 2366 3269 2417 venit
3304 2366 3358 2418 in

1785 2457 1984 2509 nomine
2026 2456 2227 2509 Domini
2258 2457 2429 2526 (Psal.
2453 2472 2621 2521 cxvn,
2654 2458 2769 2523 26).
2796 2457 2925 2509 Nam
2954 2465 3007 2509 et
3036 2457 3101 2509 de
3132 2472 3357 2523 persona

1784 2546 2011 2616 Spiritus
2060 2548 2231 2601 sancti
2285 2547 2449 2600 Filius
2496 2556 2717 2600 testatus
2766 2557 2868 2609 est,
2920 2547 3141 2599 dicens:
3200 2546 3358 2609 Quem

1788 2640 1947 2691 mittet
1997 2638 2154 2691 Pater
2200 2639 2252 2690 in
2300 2638 2502 2690 nomine
2544 2653 2653 2689 meo
2682 2635 2861 2708 (Joan.
2897 2652 3007 2699 le,
3047 2635 3159 2702 ‘26).
3202 2634 3359 2688 Vides

1788 2726 1978 2780 Filium
2030 2729 2079 2779 in
2132 2726 2231 2780 ltoc
2283 2726 2497 2780 n0tnine
2542 2726 2751 2779 venisse
2791 2725 2931 2794 quod
2978 2732 3032 2779 et
3078 2724 3131 2777 in
3163 2723 3360 2777 deitate

1786 2820 1957 2873 Patris
1986 2821 2159 2873 uniter
2187 2831 2305 2872 esse
2347 2816 2677 2881 ostenditur;
2712 2824 2766 2871 et
2792 2815 3025 2885 Spiritus
3055 2824 3273 2869 sanctus
3304 2815 3356 2868 in

1783 2910 1884 2964 ltoc
1915 2910 2128 2963 nomine
2154 2910 2367 2962 venisse
2392 2907 2672 2971 indicatur,
2708 2915 2761 2960 et
2791 2904 2940 2970 Filii;
2972 2904 3243 2974 apostolos
3264 2918 3359 2956 au~

1754 3008 1888 3055 tem
1936 3001 2129 3054 missos
2161 2999 2324 3053 fuisse
2372 3006 2426 3051 ut
2457 2997 2795 3062 baptizarent
2836 3010 3023 3049 omnes
3070 3003 3256 3063 gentes
3304 2995 3358 3048 in

1781 3092 1929 3145 unito
1959 3091 2038 3145 vel
2068 3091 2333 3145 communi
2366 3091 2581 3142 nomine
2604 3088 2840 3154 deitatis,
2872 3087 3015 3155 quod
3044 3094 3128 3140 est
3156 3094 3358 3139 natura:

1781 3183 2086 3248 invisibilis,
2124 3183 2294 3235 sancti
2325 3181 2589 3249 Spiritus,
2625 3181 2763 3235 sicut
2790 3180 3050 3249 scriptum
3084 3186 3203 3234 est:
3239 3176 3356 3231 No-

108 3278 234 3316 sona
266 3263 357 3332 qui
402 3266 467 3318 de
508 3265 623 3333 ipso
658 3273 810 3319 natus
838 3275 939 3320 est.
970 3264 1108 3319 Sane
1144 3266 1315 3319 deitas
1341 3282 1524 3321 eorum
1547 3283 1675 3321 cum
1700 3251 1746 3315 ο
1781 3274 1869 3327 lite
1894 3274 2195 3326 contristare
2225 3272 2478 3341 Spiritum
2514 3281 2746 3325 sanctum
2791 3271 2886 3323 Dei
2910 3312 2926 3335 ,
2962 3272 3013 3325 in
3040 3287 3140 3340 quo
3168 3270 3358 3339 signati

108 3356 173 3407 sit
202 3356 377 3419 unita,
406 3358 567 3426 215
595 3356 728 3409 alter
751 3357 835 3410 hic
864 3356 1001 3410 Deus
1023 3356 1093 3409 ab
1117 3356 1204 3410 illo
1226 3358 1335 3410 alio
1370 3358 1479 3412 Deo
1513 3359 1676 3413 verbo

109 3456 259 3501 tenus
284 3448 390 3501 dici
416 3464 519 3500 non
543 3457 734 3516 potest,
757 3448 878 3517 quia
902 3449 1105 3502 unitum
1129 3463 1319 3502 nomen
1337 3459 1419 3504 est
1439 3450 1551 3503 etin
1574 3451 1678 3519 plc-

109 3541 351 3595 nitudine
379 3540 689 3604 divinitatis,
721 3550 775 3595 et
814 3542 934 3594 ideo
963 3554 1098 3593 unus
1128 3548 1209 3593 est
1241 3540 1399 3595 Deus.
1454 3542 1594 3609 Ergo
1633 3543 1683 3597 si-

109 3630 266 3685 Filins
299 3632 351 3684 in
386 3632 599 3685 nomine
636 3632 805 3685 Patris
827 3632 1001 3693 venit,
1043 3638 1097 3684 et
1128 3630 1357 3698 Spiritus
1385 3629 1680 3684 Paracltns

108 3722 155 3773 in
196 3722 417 3776 nomine
469 3722 586 3775 Filii
633 3726 799 3788 venit,
842 3722 979 3775 sicut
1006 3721 1178 3774 Filius
1212 3721 1280 3774 de
1324 3736 1388 3774 eo
1421 3729 1675 3776 testatur:

108 3809 267 3875 Quem
301 3812 459 3865 mittet
491 3810 647 3865 Pater
679 3812 731 3864 in
770 3811 976 3864 nomine
1011 3827 1119 3863 meo
1154 3808 1333 3879 (Joan.
1385 3826 1494 3873 xtv,
1541 3811 1671 3880 26);

105 3914 208 3953 non
270 3900 366 3953 tibi
396 3901 605 3956 videtur
647 3902 767 3970 quia
795 3901 988 3969 duplex
1025 3909 1079 3954 et
1109 3899 1193 3953 hic
1226 3901 1565 3954 contineatur
1595 3902 1678 3953 in-

103 3990 371 4056 tellectus,
404 3992 453 4044 id
477 4001 637 4045 estut
669 3992 721 4045 in
755 3991 968 4046 nomine
998 4005 1346 4059 personarum
1382 4000 1583 4045 tantum
1610 3995 1679 4046 sit

100 4084 395 4150 distinctio,
428 4085 479 4138 in
510 4085 707 4138 deitate
748 4094 924 4139 autem
954 4084 1097 4138 nulla
1126 4086 1194 4138 sit
1232 4083 1536 4139 discretio?

167 4174 552 4245 Interrogatio:
600 4176 661 4227 lit
690 4190 852 4243 quare
891 4177 945 4229 in
982 4177 1197 4231 n0mine
1225 4176 1469 4244 Spiritus
1509 4175 1677 4229 sancti

94 4280 259 4319 nemo
287 4268 498 4320 venisse
521 4267 825 4319 invenitur?

169 4357 461 4422 Responsio
486 4372 503 4409 :
541 4356 710 4411 Duces
732 4356 882 4425 caeci,
910 4371 1179 4425 nunquam
1212 4356 1313 4411 hoc
1340 4355 1675 4424 proverbium

97 4451 146 4502 in
179 4446 478 4514 Scripturis
527 4446 730 4500 sanctis
772 4446 858 4500 vel
907 4446 1100 4499 divinis
1130 4446 1388 4500 audistis:
1425 4445 1537 4499 Non
1568 4447 1680 4515 glo-

100 4545 264 4597 rietur
302 4540 559 4610 gibbosus
590 4539 731 4593 sicut
769 4539 984 4593 rectus?
1016 4538 1069 4592 In
1100 4538 1254 4607 cujus
1286 4538 1435 4591 nnito
1474 4548 1676 4591 natura:

1780 3365 1897 3418 estis
1926 3364 1977 3416 in
2017 3364 2101 3415 d'e
2138 3363 2495 3430 redemptionis
2537 3371 2716 3414 vestra:
2758 3362 2972 3430 (Ephes.
3001 3377 3072 3426 tv,
3107 3360 3239 3429 50);
3273 3360 3356 3413 Vel

1782 3453 1915 3505 hoc:
1950 3450 2013 3504 Et
2036 3466 2206 3505 omnes
2237 3465 2393 3502 unum
2440 3450 2691 3517 Spiritum
2721 3450 3000 3520 potavimus
3029 3446 3080 3519 (1
3111 3448 3228 3503 Cor.
3259 3465 3356 3514 xtl,

1788 3540 1894 3607 l5).
1924 3541 2051 3595 Sive
2076 3540 2297 3593 unitatis
2319 3552 2514 3593 nomen
2539 3539 2804 3606 baptismo
2829 3550 3084 3609 Operante
3106 3542 3315 3608 suscipe
3338 3580 3353 3605 ,

1780 3632 2037 3685 dicentis:
2070 3629 2133 3682 Et
2156 3647 2240 3683 vos
2266 3632 2405 3684 eritis
2431 3630 2555 3681 mihi
2579 3630 2630 3683 in
2657 3630 2793 3698 ﬁlios
2821 3640 2868 3683 et
2908 3631 3065 3697 ﬁlias,
3094 3631 3218 3683 dicit
3250 3627 3359 3683 Do-

1781 3723 1952 3777 minus
1995 3724 2315 3793 omnipotens
2344 3720 2399 3793 (1
2408 3721 2433 3774 Ι
2468 3720 2587 3777 Cor.
2619 3738 2669 3775 vr
2689 3761 2703 3788 ,
2735 3722 2845 3792 l8).
2875 3722 2972 3776 Vel
3005 3721 3104 3775 hoc
3127 3721 3312 3788 accipe
3339 3739 3353 3774 :

1786 3817 1865 3870 Ea:
1893 3816 1997 3870 Deo
2019 3817 2125 3870 nati
2151 3827 2270 3870 sunt
2300 3817 2477 3886 (Joan.
2511 3831 2550 3883 ι,
2582 3816 2693 3885 ll).
2721 3814 2827 3871 Nec
2857 3829 2963 3870 non
2990 3833 3001 3867 :
3031 3814 3098 3869 Et
3128 3814 3357 3881 baptise.

1781 3922 1863 3964 tur
1884 3911 2227 3979 unusquisque
2270 3920 2487 3963 vestrum
2518 3912 2569 3962 in
2600 3910 2804 3963 nomine
2843 3904 2968 3963 Iesu
2996 3906 3185 3961 Christi
3217 3907 3361 3976 (Aet.

1784 4015 1841 4067 ιι,
1872 4001 1989 4069 εδ).
2024 4000 2087 4054 Et
2112 4000 2218 4053 alio
2244 4001 2294 4052 in
2323 3999 2481 4053 loco:
2509 3997 2613 4053 Sed
2643 3998 2804 4051 abluti
2842 3999 2983 4062 estis,
3012 3998 3097 4051 sed
3126 3996 3358 4062 sanctiﬁ-

1784 4092 1885 4143 cnti
1914 4093 2054 4156 estis,
2088 4090 2174 4142 sed
2207 4089 2481 4159 justi/irati
2511 4089 2626 4141 estis
2656 4089 2706 4140 in
2734 4088 2936 4139 nomine
2967 4085 3169 4137 Domini
3197 4087 3358 4138 nostri

1781 4179 1906 4233 Iesu
1963 4179 2172 4241 Christi,
2208 4188 2255 4231 et
2282 4179 2335 4230 in
2377 4176 2561 4246 spiritu
2593 4176 2683 4229 Dei
2714 4176 2873 4239 nostri
2902 4173 2953 4245 (1
2987 4174 3101 4227 Cor.
3139 4190 3214 4238 vt,
3246 4174 3358 4243 Η).

1783 4272 1886 4326 Sed
1932 4280 1985 4325 et
2014 4276 2152 4338 quod
2189 4285 2260 4324 ex
2307 4270 2416 4323 Deo
2462 4275 2617 4322 natus
2656 4276 2757 4333 est,
2816 4266 3048 4321 Joannes
3097 4275 3359 4321 testatur:

1786 4361 1848 4415 In
1878 4378 1971 4414 sua
2001 4363 2152 4425 venit,
2172 4369 2218 4413 et
2236 4360 2314 4412 sui
2341 4375 2455 4412 eum
2494 4374 2594 4411 non
2620 4365 2949 4426 receperunt:
2985 4356 3240 4425 Quotquot
3264 4372 3359 4408 au-

1783 4462 1879 4505 tem
1906 4459 2200 4517 receperunt
2221 4465 2352 4513 eum,
2377 4449 2516 4503 dedit
2538 4450 2609 4501 eis
2628 4457 2923 4518 potestatem
2945 4448 3080 4515 ﬁlios
3105 4446 3197 4499 Dei
3218 4446 3356 4515 ﬁeri,

1784 4541 2097 4597 credentibus
2119 4541 2168 4593 in
2195 4542 2395 4593 nomine
2418 4540 2562 4608 ejus:
2592 4540 2679 4608 qui
2703 4554 2803 4592 non
2826 4553 2889 4591 ea:
2910 4538 3175 4608 sanguine,
3201 4553 3359 4605 neque

101 4632 387 4685 divinitatis
416 4630 633 4684 nomine
662 4629 814 4683 missi
840 4640 962 4683 sunt
996 4630 1218 4697 apostoli
1242 4630 1263 4681 ?
1294 4629 1395 4697 Ite,
1426 4630 1678 4695 baptizata
1710 4602 1753 4661 υ
1780 4652 1842 4689 ea:
1870 4634 2127 4689 uoluntate
2150 4634 2335 4700 carnis,
2352 4650 2507 4703 neque
2533 4649 2595 4686 ex
2620 4632 2877 4685 υοιιιηιαιε
2904 4631 2999 4685 vin“
3017 4671 3032 4695 ,
3061 4632 3151 4685 sed
3170 4647 3236 4684 ex
3254 4631 3358 4685 Deo

104 4738 268 4774 omnes
291 4730 463 4790 gentes
491 4721 544 4773 in
574 4720 797 4781 nomine,
816 4728 870 4773 et
898 4720 976 4772 sic
998 4728 1310 4787 prosecutus
1335 4728 1415 4773 est
1441 4735 1536 4787 per
1563 4720 1673 4772 sin-

104 4812 246 4874 gulas
264 4823 543 4879 personas,
578 4808 767 4875 Patris,
788 4808 938 4873 Filii,
955 4818 999 4861 et
1022 4808 1247 4874 Spiritus
1270 4811 1434 4863 sancti
1460 4808 1671 4878 (Matth.

106 4915 277 4962 xvvnt,
335 4899 460 4966 l9)?
498 4898 689 4953 Nonne
739 4901 942 4952 unitum
987 4900 1284 4952 divinitatis
1336 4900 1425 4953 Dei
1473 4914 1668 4953 nomen

109 4991 241 5053 prius
271 4990 434 5043 tacite
466 4990 640 5043 uniter
663 4989 937 5058 prmmisit,
963 4998 1014 5043 et
1045 4990 1123 5042 sic
1147 4988 1196 5041 in
1223 4988 1531 5042 nominibus
1556 5004 1674 5055 per-

108 5094 347 5136 sonarutn
382 5081 719 5149 apertissime
750 5080 1074 5143 declaravit,
1110 5079 1282 5132 Patris
1310 5118 1323 5140 ,
1368 5088 1420 5130 et
1463 5076 1575 5131 Filii
1598 5088 1675 5141 ,et

109 5170 324 5237 Spiritus
353 5171 571 5225 sancti?
613 5171 777 5224 Porro
802 5168 1040 5237 nunquid
1077 5168 1444 5237 potestarceri
1483 5168 1549 5222 de
1573 5169 1674 5222 hoc

108 5261 247 5315 unito
263 5260 481 5315 deitatis
513 5259 728 5312 nomine
769 5258 1000 5326 Spiritus
1032 5259 1289 5310 sanctus?
1312 5258 1416 5309 Aut
1439 5256 1673 5324 nunquid

110 5362 291 5421 potest,
323 5360 511 5406 contra
563 5350 799 5419 regulam
836 5349 1137 5403 traditionis
1168 5349 1488 5417 evangelica:
1534 5363 1667 5403 cen-

108 5457 252 5512 surae,
286 5444 359 5499 de
418 5441 517 5495 hoc
546 5442 694 5495 unito
721 5440 1001 5495 Trinitatis
1029 5441 1246 5494 nomine
1298 5441 1469 5494 sancti
1499 5440 1671 5509 Spiri-

112 5544 185 5592 tus
214 5541 426 5594 sublata
464 5535 544 5589 vel
576 5535 731 5589 tacita
768 5549 996 5604 persona
1034 5534 1295 5602 baptisma
1340 5536 1390 5588 in
1431 5535 1670 5589 Ecclesia

111 5629 391 5695 perlectum
421 5625 719 5685 celebrari?
752 5626 927 5680 Absit.
960 5626 1171 5694 Alioqui
1201 5625 1467 5691 quomodo
1493 5627 1545 5680 in
1572 5629 1672 5680 hoc

111 5734 288 5776 nomen
318 5723 557 5786 deitatis,
592 5718 783 5781 Patris,
816 5728 870 5773 et
895 5718 1031 5783 Filii,
1063 5727 1117 5772 et
1150 5718 1318 5772 sancti
1352 5718 1584 5787 Spiritus
1619 5719 1669 5772 in

112 5808 205 5868 dde
234 5814 479 5886 baptismi
531 5813 708 5869 uniter
739 5811 1076 5867 credentibus
1105 5810 1286 5866 datum
1338 5811 1455 5865 est?
1482 5811 1671 5867 Nonne

1782 4731 1891 4781 nati
1922 4727 2100 4793 (Ioan.
2127 4742 2164 4788 t.
2191 4726 2279 4794 ll)
2304 4735 2446 4779 sunt.
2478 4726 2628 4778 Disce
2653 4738 2781 4791 ergo
2806 4722 2907 4775 ltoc
2932 4722 3137 4775 unitum
3166 4735 3359 4777 nomen

1779 4829 1896 4867 esse
1926 4813 2308 4879 sempiternum
2332 4812 2382 4863 in
2412 4809 2609 4864 deitate
2639 4808 2836 4873 Patris,
2868 4814 2924 4860 et
2950 4806 3072 4860 Filii
3100 4816 3153 4860 et
3186 4809 3359 4861 sancti

1778 4904 2036 4973 Spiritus:
2068 4903 2207 4957 sicut
2232 4911 2286 4955 et
2316 4915 2475 4953 unum
2522 4899 2785 4968 baptisma
2816 4905 2901 4953 est
2932 4896 3080 4960 lidei,
3105 4897 3245 4965 quod
3279 4898 3358 4951 vi-

1782 5006 1886 5047 tam
1933 5001 2187 5046 aaternam
2231 4990 2573 5046 credentibus
2602 4989 2805 5044 tribuit.
2838 4988 2971 5055 Quia
3011 4988 3149 5042 sicut
3195 5003 3357 5042 unum

1780 5099 1973 5138 nomen
2002 5093 2087 5138 est
2115 5082 2167 5137 in
2211 5091 2395 5136 natura
2425 5080 2719 5146 Trinitatis,
2748 5082 2816 5133 ita
2866 5088 2920 5133 et
2960 5094 3125 5133 unum
3155 5079 3356 5131 donum

1783 5191 1874 5244 per
1896 5176 2216 5244 baptismum
2248 5172 2559 5227 divinitatis.
2596 5172 2884 5239 Apostolus
2909 5171 3013 5224 ait:
3048 5169 3162 5223 Una
3194 5168 3355 5235 ﬁdes,

1776 5282 1932 5319 unum
1961 5266 2207 5335 baptisma
2252 5262 2470 5336 (Ephes.
2516 5279 2587 5329 tv,
2618 5262 2705 5332 5);
2753 5262 2955 5317 idcirco
2984 5262 3125 5330 quod
3158 5272 3352 5313 nomen

1779 5355 1951 5410 Patris
1976 5357 2047 5409 sit
2076 5357 2126 5410 in
2158 5354 2459 5420 divinitate,
2491 5356 2590 5408 hoc
2620 5368 2808 5408 nomen
2840 5353 2908 5407 sit
2931 5362 2986 5406 et
3018 5351 3139 5406 Filii
3166 5349 3220 5402 in
3254 5362 3351 5400 na-

1782 5459 1896 5501 tura
1946 5447 2196 5511 deitatis,
2240 5447 2319 5501 sic
2358 5456 2413 5501 et
2454 5445 2623 5499 saneti
2662 5444 2893 5511 Spiritus
2924 5440 3216 5495 identidem
3253 5438 3357 5490 hoc

1780 5552 1973 5592 nomen
2018 5539 2087 5590 sit
2134 5538 2186 5592 in
2231 5537 2527 5590 substantia
2557 5536 2836 5590 claritatis.
2872 5531 3000 5584 Nam
3051 5529 3130 5583 vis
3176 5526 3354 5580 sciret

1784 5642 1903 5681 cum
1949 5627 2001 5680 in
2023 5626 2297 5681 divinitate
2333 5626 2505 5680 Patris
2534 5638 2754 5685 nomen,
2787 5620 2838 5672 id
2870 5628 2953 5672 est
2983 5618 3074 5672 Dei
3106 5617 3221 5671 sive
3253 5616 3355 5669 Do-

1780 5716 1943 5783 mini,
1975 5725 2067 5771 aut
2097 5716 2327 5785 Spiritus
2365 5714 2640 5775 nominas,
2679 5711 2883 5763 unitum
2916 5722 3110 5763 nomen
3151 5717 3206 5763 et
3235 5706 3353 5760 Filii

1775 5819 1829 5863 et
1861 5809 2024 5866 sancti
2070 5808 2299 5877 Spiritus
2351 5806 2401 5859 in
2453 5805 2551 5858 hoc
2600 5801 2824 5855 indicas.
2883 5797 3007 5855 ideo
3062 5799 3353 5856 secundum
