3938 6376
597 378 715 445 2517

1899 388 2118 447 vn;th
2159 391 2532 451 rApsENSIs
2650 436 2653 439 .
2682 462 2695 467 _
3674 410 3739 467 tsi.

602 494 772 562 ipsam
822 496 1204 565 plenitudinem
1261 507 1462 555 natura:
1508 499 1801 555 divinitatis
1832 502 1960 557 dum
2000 505 2170 560 refers
2197 509 2246 567 Α
2350 507 2649 576 Responsio.
2680 462 2868 562 .Plane
2916 507 3084 562 divisa
3117 517 3197 563 est
3237 512 3292 564 in
3316 512 3581 567 nominiva
3606 526 3741 577 tantum

603 588 830 649 unitum,
864 606 1056 643 nomen
1082 607 1175 657 per
1196 593 1371 645 omnia
1403 593 1454 644 in
1490 593 1573 647 his
1599 607 1720 647 esse
1743 595 2007 649 ostendis.
2032 596 2175 650 Sane

601 678 689 732 hic
710 682 1001 735 secundum
1025 698 1276 751 personas
1301 685 1571 753 paulisper
1594 686 1810 740 tacitum
1832 686 2046 741 deitatis
2065 691 2175 742 uni-

602 778 710 823 tum
737 785 928 826 nomen
957 782 1060 827 est.
1090 773 1219 827 Dum
1246 782 1421 827 autem
1455 775 1693 845 singulas
1716 792 1972 844 personas
2003 778 2175 833 nomi-

602 861 779 913 nando
813 864 1101 930 perennis,
1155 864 1367 918 nomina
1418 867 1629 935 propria
1674 867 1851 922 inesse
1902 867 2172 937 designas.

606 951 760 1008 Unde
789 962 998 1022 oportet
1040 956 1196 1025 217
1238 972 1336 1012 nos
1387 974 1573 1013 rursus
1615 960 1681 1014 ad
1723 961 2000 1029 superiora
2037 962 2175 1016 dicta

604 1059 915 1109 recurrere,
945 1048 988 1101 si
1022 1059 1195 1116 potest
1224 1050 1279 1104 in
1311 1052 1461 1104 unito
1490 1053 1702 1109 nomine
1745 1063 1949 1109 natura:
1978 1055 2177 1110 divini-

607 1136 730 1187 tatis
757 1138 834 1190 vel
865 1136 1141 1192 Trinitatis
1168 1140 1372 1208 aliquid
1403 1144 1690 1211 superaddi
1724 1145 1809 1201 vel
1834 1140 2021 1202 minui.
2048 1146 2180 1202 Res-

607 1227 780 1296 ponde
830 1228 983 1283 mihi.
1032 1231 1086 1284 In
1120 1231 1220 1287 hoc
1254 1232 1377 1287 loco
1413 1249 1599 1291 omnes
1638 1237 1873 1292 confusae
1904 1247 2027 1291 sunt
2055 1252 2179 1292 sen-

609 1319 786 1372 tentia:
810 1318 1207 1376 haereticorum.
1240 1323 1508 1379 Prmterca
1537 1327 1627 1381 ubi
1662 1327 1840 1382 nullus
1868 1314 1966 1381 nec
1996 1341 2182 1381 nume-

609 1422 720 1473 rus,
753 1410 845 1462 sed
879 1426 980 1465 nec
1023 1404 1199 1483 aliqua
1230 1413 1527 1471 ditierentia
1570 1417 1623 1472 in
1654 1420 1797 1472 ttnita
1851 1418 2183 1489 plenitudine

609 1498 844 1563 deitatis,
878 1500 1055 1556 Patris
1082 1513 1137 1557 et
1168 1504 1287 1559 Filii
1315 1516 1368 1561 et
1408 1510 1578 1562 sancti
1609 1509 1842 1578 Spiritus
1874 1510 2139 1564 invenitur
2162 1550 2178 1575 ,

606 1590 731 1642 dum
761 1605 896 1644 unus
926 1592 977 1645 in
1005 1594 1227 1648 alterius
1256 1597 1471 1652 nomine
1497 1598 1748 1655 distincte
1778 1600 1831 1654 in
1859 1600 2138 1666 divinitate
2162 1638 2177 1663 ,

608 1688 662 1732 et
685 1689 863 1736 tamen
897 1685 1074 1737 uniter
1112 1688 1433 1742 continetur.

679 1771 1039 1845 Interrogatio.
1068 1776 1244 1832 Pande
1266 1778 1444 1850 itaque
1465 1781 1591 1835 mihi
1606 1783 1874 1852 quomodo
1894 1792 2002 1839 tres
2021 1798 2183 1837 unum

609 1874 756 1928 sunt,
784 1876 875 1920 aut
903 1884 1062 1922 unum
1092 1878 1200 1924 tres
1229 1885 1374 1926 sunt.

678 1954 979 2024 Responsio.
1007 1959 1271 2016 Memento
1310 1964 1430 2032 quia
1466 1965 1644 2033 Pater,
1676 1978 1725 2020 et
1757 1966 1947 2031 Filius,
1984 1976 2039 2021 et
2066 1967 2187 2035 Spi-

608 2045 739 2099 ritus
770 2058 986 2103 sanctus
1028 2062 1136 2105 tres
1158 2064 1278 2129 sunt
1305 2095 1319 2119 ,
1346 2057 1433 2123 qui
1467 2056 1517 2108 in
1550 2072 1652 2109 una
1687 2068 1875 2110 natura
1909 2058 2187 2111 Trinitatis

609 2136 929 2191 consistunt.
957 2139 1082 2194 ldeo
1113 2150 1221 2197 tres
1249 2160 1410 2198 unum
1434 2154 1580 2212 sunt,
1610 2147 1724 2200 sive
1753 2163 1916 2200 unum
1949 2157 2075 2201 tres.

680 2223 1040 2299 Interrogatio.
1076 2230 1335 2288 Nimirum
1363 2234 1531 2290 divisa
1560 2246 1644 2291 est
1671 2236 1786 2291 haec
1814 2237 2085 2303 Trinitas,
2117 2251 2183 2291 an

614 2316 875 2373 .ndivisa?
915 2320 1079 2377 dicito
1114 2319 1267 2379 mihi.

625 2409 866 2428 -οοὴ-

2281 613 2657 668 personarum,
2690 599 2747 652 in
2778 598 2977 655 deitate
3007 609 3181 654 autem
3216 603 3427 655 indivisa
3454 614 3541 658 est.

2350 689 2711 760 Interrogatio.
2747 690 2959 746 Edicito
2990 691 3118 747 mihi
3158 694 3414 764 quomodo
3461 696 3741 768 interpretatur

2278 782 2473 838 unitas.

2356 874 2669 940 Responsio.
2718 874 2904 930 Nescis
2932 876 3054 945 quia
3082 892 3185 931 una
3212 886 3293 933 est
3314 878 3495 943 Patris,
3529 889 3572 934 et
3592 880 3692 947 Filii,
3712 893 3741 937 et

2280 965 2515 1037 Spiritus
2544 967 2714 1021 sancti
2747 966 3044 1022 divinitas?

2357 1056 2719 1127 Interrogatio.
2739 1058 2874 1123 Quid
2925 1057 3242 1127 intelligitur
3273 1058 3322 1113 in
3354 1060 3445 1114 hoc
3470 1059 3569 1115 loco
3590 1066 3741 1115 natura?

2355 1149 2655 1218 Responsio.
2699 1148 2809 1203 Hoc
2836 1148 2976 1217 quod
3007 1150 3239 1203 sentitur
3257 1149 3462 1215 veritas,
3486 1165 3541 1204 ac
3572 1150 3741 1213 dealitas,

2282 1242 2394 1295 sive
2419 1238 2712 1294 substantia
2735 1279 2750 1303 ,
2796 1238 2863 1293 de
2888 1254 2991 1308 qua
3017 1239 3185 1293 Grzeei
3214 1240 3393 1294 dicunt
3422 1242 3554 1305 uda,
3592 1256 3676 1311 qua
3694 1254 3741 1293 est

2284 1331 2564 1386 manifeste
2600 1330 2742 1383 unita
2775 1330 3050 1398 plenitudo
3082 1330 3394 1385 divinitatis.

2356 1420 2719 1491 Intermgatio.
2752 1419 2886 1484 Quid
2918 1428 2998 1473 est
3020 1434 3127 1473 una
3152 1419 3420 1474 Trinitas?

2360 1511 2660 1580 Responsio.
2706 1510 2896 1577 Utique
2921 1510 3043 1577 quia
3077 1524 3179 1563 una
3226 1520 3309 1565 est
3345 1511 3394 1563 in
3443 1510 3541 1579 ipsa
3566 1509 3741 1564 Trinitatc

2287 1602 2563 1672 plenitudo
2593 1600 2921 1663 divinitatis;
2956 1601 3026 1654 ita
3052 1609 3109 1655 et
3148 1601 3365 1655 unitatis
3407 1612 3581 1655 natura:
3618 1616 3739 1654 nomen

2287 1696 2464 1750 uniter
2483 1695 2532 1748 in
2560 1692 2824 1747 Trinitate
2850 1693 3149 1748 consistere
3170 1694 3479 1756 declaratur,
3506 1704 3551 1748 et
3568 1694 3651 1762 ipsa
3669 1693 3739 1746 Tri-

2288 1787 2428 1840 nitas
2468 1784 2690 1852 adarqne
2722 1798 2817 1852 per
2840 1784 3047 1852 singula
3093 1784 3305 1838 nomina
3350 1799 3644 1852 personarum
3672 1798 3740 1850 pct-

2216 1878 2259 1936 B
2290 1876 2423 1929 recte
2445 1875 2865 1929 demonstratur.
2888 1872 3120 1927 Omnino
3146 1874 3234 1929 hic
3256 1875 3362 1944 jam
3386 1874 3586 1927 breviter
3604 1872 3741 1927 estdic-

2292 1976 2423 2030 tum,
2452 1963 2591 2033 quod
2633 1964 2878 2031 superius
2907 1979 3027 2017 cum
3073 1964 3263 2033 grandi
3309 1965 3498 2018 cautela
3541 1962 3739 2017 secundum

2291 2055 2489 2124 Stylum
2517 2053 2807 2121 Scriptum
2833 2052 3032 2121 regula:
3058 2054 3339 2107 catholica:
3360 2063 3437 2108 est
3460 2053 3691 2114 collectum,
3708 2059 3738 2101 ut

2289 2144 2427 2198 sicut
2452 2144 2502 2196 in
2531 2141 2807 2195 divinitate
2852 2141 3126 2196 conﬁteris
3155 2157 3279 2196 esse
3308 2142 3531 2205 Patrem,
3555 2142 3614 2194 sic
3645 2139 3739 2207 pmi-

2291 2233 2453 2288 tearis
2472 2246 2592 2287 esse
2620 2231 2809 2287 Filium
2836 2240 2890 2285 et
2918 2230 3171 2300 Spiritum
3203 2246 3456 2288 sanctum.

871 2416 3735 2441 ww

1578 2484 2056 2592 LIBER
2149 2480 2468 2588 TER
2496 2478 2899 2584 TIUS.

1244 2641 1328 2702 De
1358 2645 1778 2722 assumptione
1814 2643 2097 2713 hominis,
2131 2647 2355 2703 contra
2386 2637 2828 2701 Marcellinum
2859 2636 3240 2700 hwretieum.

681 2763 846 2832 218
900 2762 1679 2831 Iltereticus.Quemadmodum
1729 2766 1782 2820 in
1836 2780 1941 2820 una
1989 2765 2187 2820 deitate

614 2850 907 2918 eademque
959 2870 1115 2908 unam
1165 2856 1525 2924 tequalitatem
1577 2856 1852 2912 conﬁteris
1901 2856 2023 2911 Filii
2068 2870 2189 2913 esse

2294 2762 2550 2831 gentium.
2593 2758 2867 2813 Christum
2899 2758 3124 2812 formam
3159 2759 3254 2812 Dei
3304 2758 3466 2813 Patris
3502 2770 3598 2811 esse
3633 2765 3739 2820 neges.

2293 2854 2347 2909 Si
2371 2868 2497 2923 ergo
2526 2851 2692 2908 forma
2723 2852 2841 2923 ejus
2882 2863 3001 2919 est,
3045 2856 3235 2923 itaque.
3256 2855 3418 2908 forma
3446 2869 3529 2908 sua
3554 2855 3735 2914 incompa-

615 2956 733 2996 eum
765 2943 920 2999 Patre
945 2987 959 3011 ,
990 2961 1110 3001 eum
1144 2948 1257 3017 ipse
1286 2948 1354 3003 de
1383 2963 1442 3003 se
1481 2949 1840 3005 testimonium
1873 2950 2185 3019 perhibeat:
2215 2974 2261 3037 ο
2294 2946 2531 3001 rabiliter
2557 2946 2724 3015 major
2752 2961 2870 3037 esse
2900 2961 3008 3001 non
3040 2955 3249 3015 potest;
3284 2961 3349 3001 ne
3370 2960 3466 3000 non
3486 2934 3733 3037 Christo,st:tl

618 3032 721 3098 Qui
748 3035 880 3087 misit
908 3052 1005 3100 me,
1037 3039 1201 3106 major
1231 3055 1307 3092 me
1326 3050 1399 3093 est
1426 3038 1606 3110 (loan.
1638 3056 1752 3106 xw,
1781 3040 1913 3111 28)?

693 3122 1025 3179 Athanasius.
1070 3125 1205 3180 Proh
1229 3128 1417 3183 dolor!
1467 3130 1511 3183 si
1559 3129 1639 3184 sic
1690 3131 1941 3199 intelligis
1990 3130 2189 3186 dictum

618 3208 807 3280 fuisse,
841 3214 954 3282 ipse
980 3229 1039 3269 se
1063 3215 1170 3284 jam
1210 3217 1351 3286 apud
1385 3228 1435 3273 te
1467 3219 1781 3289 impugnare
1807 3220 2149 3291 cognoscitur
2172 3261 2186 3286 ,

618 3317 740 3357 cum
792 3306 897 3360 alio
944 3306 995 3362 in
1029 3307 1144 3362 loco
1190 3310 1363 3365 dicat:
1402 3310 1511 3380 Ego
1542 3322 1587 3366 et
1626 3310 1783 3367 Pater
1808 3330 1964 3367 unum
2017 3329 2192 3368 sumus

619 3393 800 3463 (loan.
828 3412 879 3461 ι,
908 3397 1020 3468 50).
1063 3400 1198 3466 Quid
1238 3403 1400 3471 ergo?
1428 3404 1473 3457 si
1502 3404 1676 3457 minor
1705 3412 1838 3468 erat,
1871 3403 2011 3459 Patri
2041 3416 2100 3457 se
2138 3411 2194 3458 et

618 3482 673 3538 iu
703 3485 815 3554 ipsa
845 3490 1168 3558 sempiterna
1197 3502 1386 3547 natura
1415 3510 1519 3549 non
1541 3495 1803 3550 debuerat
1829 3510 2145 3565 comparare
2168 3497 2192 3548 't

625 3582 729 3631 Aut
755 3582 1044 3649 quomodo,
1079 3584 1120 3637 si
1150 3586 1330 3653 dispar
1357 3598 1492 3651 erat,
1519 3597 1574 3642 et
1600 3587 1652 3641 in
1684 3591 1793 3657 ipsa
1834 3589 2032 3644 deitate
2053 3589 2195 3642 divi-

625 3677 803 3732 nitatis
830 3695 935 3734 non
964 3693 1079 3737 erat
1106 3683 1245 3738 Patri
1275 3686 1587 3754 eoaequalis,
1610 3686 1738 3740 dicit
1765 3703 1779 3740 :
1808 3688 1908 3751 Qui
1938 3704 2016 3741 me
2038 3688 2189 3751 videt,

623 3780 755 3833 videt
783 3789 828 3833 et
854 3780 1059 3836 Patrem
1090 3801 1255 3838 meum
1289 3785 1463 3855 (Joan.
1493 3803 1599 3855 inv,
1626 3789 1725 3857 9)?
1752 3789 1846 3854 Qui.
1882 3790 2061 3857 utique
2079 3792 2189 3843 evi-

624 3870 835 3935 denter,
870 3874 913 3927 si
942 3890 1047 3927 non
1079 3886 1221 3930 esset
1249 3877 1299 3931 in
1334 3876 1415 3931 bis
1447 3892 1551 3931 una
1584 3881 1865 3935 invisibilis
1893 3881 2067 3950 imago
2097 3898 2194 3935 na-

622 3972 758 4019 tura:
810 3965 1083 4031 veritatis,
1119 3983 1388 4038 nunquam
1436 3984 1657 4039 prorsus
1686 3987 2016 4040 praesumens
2056 3974 2193 4027 indi-

619 4068 812 4122 casset,
858 4060 957 4123 Qui
1003 4076 1081 4113 me
1107 4062 1266 4129 videt,
1302 4065 1431 4117 videt
1454 4072 1502 4118 et
1536 4063 1742 4118 Patrem
1771 4081 1957 4120 meum.
2006 4066 2112 4121 Sed
2143 4076 2196 4121 ιι

620 4147 933 4217 Αρτιειυιιηη
957 4152 1077 4206 audi
1101 4154 1365 4209 dicentem
1385 4154 1451 4209 de
1467 4155 1700 4210 Christo:
1726 4156 1826 4222 Qui
1836 4172 1949 4209 cum
1963 4159 2012 4210 in
2031 4161 2194 4227 forma

620 4239 719 4294 Dei
754 4252 881 4296 esset
905 4284 919 4307 ,
951 4261 1050 4297 non
1080 4248 1319 4313 rapinam
1347 4248 1620 4301 arbitratus
1645 4258 1717 4301 est
1735 4264 1843 4302 esse
1877 4265 1930 4301 se
1947 4250 2193 4317 wqualem

2291 3038 2581 3105 semetipso
2625 3030 2982 3107 Pater‘major
3012 3039 3114 3105 sit,
3149 3038 3276 3107 quia
3326 3038 3482 3092 forma
3510 3052 3584 3089 sui
3608 3048 3630 3086 ι
3653 3028 3739 3081 vobis

2291 3130 2463 3198 major
2498 3144 2617 3185 esse
2646 3130 2859 3205 dicitur.
2894 3130 3045 3198 Quod
3099 3130 3217 3185 ﬁeri
3265 3131 3409 3185 nullo
3450 3128 3586 3183 modo
3610 3126 3739 3192 potest.

2290 3222 2416 3277 dum
2448 3237 2606 3278 nemo
2631 3223 2922 3291 semetipso
2970 3223 3143 3292 major
3172 3224 3262 3277 sit.
3294 3222 3398 3278 Sed
3436 3236 3496 3275 ne
3523 3218 3629 3272 forte
3647 3214 3739 3267 etiam

2293 3313 2395 3367 hoc
2445 3326 2773 3382 praesumas,
2826 3314 3055 3379 Ariane,
3089 3313 3354 3368 dicendo:
3402 3311 3543 3364 Pater
3567 3308 3606 3359 in
3629 3311 3740 3356 natura

2292 3405 2509 3460 deitatis
2556 3421 2740 3476 parem
2786 3420 2893 3460 non
2940 3405 3099 3460 habet
3140 3391 3740 3465 lormm-Filiicompantio-

2292 3512 2415 3553 nem
2446 3515 2459 3550 :
2511 3512 2671 3552 nemo
2716 3499 2765 3552 ei
2810 3497 2970 3567 digne
2998 3497 3393 3566 comparandus
3430 3500 3522 3548 est.
3551 3489 3600 3543 Et
3627 3478 3740 3551 utquid

2294 3603 2575 3643 coruscum
2602 3589 2750 3643 Pauli
2779 3588 3005 3658 apostoli
3040 3589 3338 3643 intonantis
3365 3584 3598 3655 eloquium
3618 3572 3742 3632 renuis:

2296 3685 2554 3740 dicentis:
2599 3683 2849 3744 Christus.
2877 3686 2963 3755 qui
3010 3686 3133 3739 dum
3160 3686 3213 3738 in
3242 3690 3405 3757 {arma
3432 3680 3516 3735 Dei
3550 3684 3667 3732 esset.
3687 3680 3744 3719 ποι

2294 3785 2530 3851 rapinam
2557 3783 2832 3836 arbitratus
2846 3793 2915 3836 est
2944 3799 3050 3836 esse
3066 3799 3118 3837 se
3138 3780 3383 3852 (aqualem
3416 3779 3510 3833 Deo
3537 3771 3694 3847 (Philip.
3709 3779 3741 3825 It,

2297 3876 2388 3942 6)?
2419 3874 2512 3930 Vel
2542 3874 2641 3928 hoc
2688 3874 2947 3943 intellige,
2979 3874 3099 3941 quia
3146 3887 3307 3928 nemo
3335 3866 3611 3935 sibimetipsi
3636 3860 3745 3913 form

2297 3967 2516 4036 aequalis
2546 3974 2906 4033 comparetur,
2938 3978 3059 4018 cum
3092 3963 3262 4018 forma
3293 3962 3503 4033 aequalis
3524 3959 3566 4012 in
3589 3965 3661 4009 uni
3677 3959 3743 4015 PC"

2296 4073 2426 4112 sona
2460 4056 2708 4124 (Sabelli)
2747 4055 2850 4109 dici
2878 4068 2981 4107 non
3014 4056 3217 4125 possit,
3252 4056 3377 4109 dum
3409 4052 3539 4105 unita
3565 4038 3744 4110 :equslitis

2299 4152 2351 4204 in
2401 4150 2647 4219 utrisque
2675 4148 2964 4212 consistat;
3036 4156 3089 4202 et
3137 4150 3252 4202 hinc
3283 4148 3424 4200 unita
3454 4138 3745 4226 thlalilasllil“

2297 4250 2500 4297 tantum
2531 4242 2582 4294 in
2612 4241 2883 4294 voluntate
2932 4239 3237 4295 concordia:
3280 4240 3368 4303 sit,
3400 4236 3482 4291 sed
3520 4234 3605 4286 imo
3627 4226 3661 4279 in
3681 4219 3745 4272 dei

622 4331 766 4396 Deo,
797 4338 885 4386 sed
926 4338 1249 4404 semetipsum
1273 4338 1568 4400 exinanivit,
1615 4340 1831 4409 formam
1881 4342 2008 4393 servi
2051 4343 2192 4394 arci-
2224 4351 2273 4411 ι)
2300 4346 2403 4391 tate
2424 4377 2438 4401 ,
2470 4337 2595 4390 dum
2629 4335 2743 4391 haec
2784 4335 2953 4390 forma
2980 4335 3199 4405 :cqualis
3228 4334 3444 4389 omnino
3494 4330 3537 4384 in
3563 4325 3747 4411 partettoﬁ

623 4426 785 4493 piens,
815 4426 868 4477 in
912 4426 1301 4480 similitudinem
1343 4428 1605 4481 hominum
1640 4432 1804 4499 {actus
1828 4472 1841 4493 ,
1891 4441 1935 4484 et
1965 4432 2195 4486 inventus

622 4523 679 4567 ut
715 4514 902 4580 homo;
934 4515 1168 4571 obediens
1214 4533 1371 4587 usque
1400 4518 1467 4571 ad
1514 4530 1720 4572 mortem
1745 4562 1758 4581 ,
1790 4528 1997 4573 mortem
2024 4532 2197 4575 autem

622 4608 789 4660 crucis
817 4605 1042 4677 (Philip.
1074 4624 1129 4677 ιι,
1164 4609 1242 4678 6).
1288 4610 1387 4677 Qui
1415 4619 1593 4665 autem
1638 4611 1689 4663 in
1736 4611 1903 4664 forma
1947 4612 2037 4665 Dei
2076 4621 2194 4678 est,

624 4702 800 4754 minor
820 4716 940 4756 esse
971 4716 1073 4756 non
1102 4712 1297 4771 potest.
1341 4703 1523 4771 Rogo,
1551 4703 1820 4771 quomodo
1853 4703 2008 4756 Patcr
2032 4704 2133 4772 maj
2176 4719 2202 4756 r

622 4793 951 4860 praeponitur
964 4793 1119 4858 Filio,
1143 4803 1197 4847 et
1220 4793 1387 4848 Filius
1410 4795 1587 4848 minor
1608 4793 1854 4848 subditur
1877 4794 2053 4861 Patri,
2075 4811 2193 4850 eum

635 4885 805 4937 forma
838 4885 929 4938 Dei
982 4901 1084 4938 una
1118 4885 1347 4954 perfecta
1378 4887 1473 4951 sit;
1505 4893 1559 4940 et
1588 4889 1638 4940 in
1671 4896 1821 4956 parte
1858 4887 2075 4954 :cqnalis
2098 4928 2110 4949 ,
2142 4897 2199 4940 et

623 4975 676 5028 in
710 4986 861 5043 parte
904 4976 1196 5031 divinitatis
1238 4980 1516 5047 inasqualis
1560 4979 1666 5033 dici
1724 4995 1827 5033 non
1861 4980 2065 5048 poSsit?
2097 4980 2200 5033 uti-

624 5081 730 5135 que
756 5069 845 5135 qui
876 5077 966 5121 aut
992 5077 1134 5122 totus
1156 5070 1207 5123 in
1240 5076 1349 5123 toto
1381 5079 1521 5123 totus
1543 5071 1613 5123 sit
1634 5072 1795 5141 219
1820 5071 2046 5140 :equalis
2070 5072 2118 5135 *,
2145 5078 2202 5124 ttt

623 5156 764 5225 apud
792 5172 889 5212 nos
911 5159 1247 5212 manifestum
1265 5168 1380 5223 est;
1411 5169 1503 5213 aut
1531 5170 1670 5214 totus
1713 5161 1764 5215 in
1796 5170 1907 5214 toto
1926 5172 2066 5215 totus
2088 5176 2197 5214 nou

624 5245 715 5311 sit,
740 5246 833 5301 sed
865 5248 1024 5301 simul
1056 5250 1106 5301 in
1129 5257 1242 5302 toto
1270 5250 1341 5303 sit
1373 5251 1674 5319 inaequalis,
1699 5260 1757 5304 ut
1790 5251 1928 5319 apud
1959 5266 2071 5305 vos.
2094 5252 2193 5321 lgi-

626 5347 712 5392 tur
736 5339 874 5409 elige
897 5340 990 5393 tibi
1024 5356 1184 5393 unum
1216 5340 1282 5395 de
1312 5341 1541 5405 duobus,
1575 5354 1664 5396 aut
1690 5358 1792 5396 una
1818 5350 1899 5397 est
1929 5343 1980 5396 in
2013 5342 2095 5396 his
2116 5344 2196 5397 di-

627 5429 860 5484 vinitatis
891 5429 1073 5499 gloria:
1101 5431 1394 5500 inqualitas,
1429 5443 1518 5486 aut
1544 5447 1647 5486 una
1674 5433 2009 5503 inaequalitas
2029 5476 2041 5497 ,
2069 5433 2195 5488 dum

628 5519 793 5573 forma
832 5536 925 5575 sua
971 5535 1128 5577 nemo
1154 5522 1224 5577 sit
1256 5522 1427 5593 major
1468 5524 1549 5579 vel
1580 5526 1783 5580 minor.
1817 5524 1970 5579 Aliud
2004 5532 2084 5578 est
2106 5566 2121 5591 ,
2154 5525 2197 5579 si

634 5621 817 5665 contra
870 5615 1239 5670 auctoritatem
1291 5614 1585 5671 beatissimi
1636 5615 1912 5684 Apestoli,
1961 5616 2197 5669 doctoris

2300 4428 2589 4482 d'vidatur.
2622 4428 2753 4495 Quia
2784 4426 2872 4481 ubi
2896 4442 2995 4481 una
3036 4428 3311 4496 azqualitas
3339 4434 3433 4490 est,
3482 4423 3541 4477 ibi
3566 4409 3749 4472 diversius

2314 4519 2457 4572 nulla
2506 4527 2615 4572 est:
2649 4519 2732 4572 vel
2758 4519 2846 4572 ubi
2874 4534 2975 4572 una
2999 4519 3270 4587 :equalitas
3294 4526 3406 4581 est,
3438 4516 3555 4569 alter
3572 4502 3750 4562 alterinoﬂ

2302 4610 2645 4678 πηίθροηίίιιτ
2670 4650 2685 4674 ,
2727 4608 2821 4663 scd
2863 4624 2961 4663 nec
3002 4609 3370 4678 prmpouitur,
3402 4612 3491 4661 net:
3533 4592 3751 4664 subjicitur;

2303 4704 2429 4758 dum
2451 4704 2597 4757 unita
2622 4704 2896 4773 aequalitas
2924 4703 3213 4758 indiscreta
3239 4703 3329 4768 sit,
3354 4715 3467 4772 qua:
3486 4704 3557 4751 est
3572 4678 3752 4783 ρῑερξξξιάίξ

2308 4784 2616 4849 divinitatis.
2651 4793 2896 4860 Nunquid
2925 4795 3049 4863 quia
3075 4782 3335 4861 aequalem
3369 4792 3556 4846 Patrem
3583 4790 3621 4836 et
3637 4774 3754 4830 Filium

2310 4886 2362 4938 in
2388 4884 2603 4949 deitate,
2618 4884 2911 4940 secundum
2932 4884 3304 4938 auctoritatem
3326 4876 3645 4947 evangelicam
3660 4867 3757 4927 Μυε

2308 4977 2651 5046 apostolicam
2680 4976 2908 5030 dicimus
2928 5015 2945 5042 ,
2992 4976 3221 5043 aliquam
3254 4976 3598 5042 comparantes
3621 4962 3757 5013 manu.

2309 5083 2420 5122 ram
2453 5069 2503 5121 in
2536 5067 2615 5121 his
2664 5083 2784 5122 esse
2827 5067 3119 5138 (lucretice)
3152 5066 3451 5136 posuimus;
3481 5059 3586 5114 dum
3626 5051 3758 5138 interi"

2312 5160 2567 5229 parabilis
2596 5160 2664 5213 sit
2708 5134 2843 5213 hch
2869 5159 3011 5213 unita
3069 5134 3345 5229 aequalitas
3376 5134 3758 5229 dit'iiiitatisittltlla

2298 5226 2365 5306 de
2387 5261 2457 5316 te,
2481 5252 2641 5316 Dt-us,
2670 5251 2927 5306 senserim
2950 5266 3108 5321 quam
3128 5250 3453 5321 adliquidum
3470 5226 3759 5321 dixerim.
3856 5226 3857 5287 ἕ

2299 5342 2367 5398 de
2396 5309 2484 5405 let.
2537 5309 2694 5407 Deus,
2721 5309 3075 5408 credendum,
3101 5351 3154 5396 et
3331 5309 3762 5419 definiendumill“:l
3856 5332 3857 5371 ξ

2299 5439 2441 5493 enim
2481 5436 2701 5491 credere
2727 5435 2931 5505 jussum
2975 5443 3086 5498 est,
3128 5450 3230 5487 non
3265 5432 3517 5486 discutere
3540 5411 3762 5508 periri-‘35:?

2304 5538 2405 5584 est.
2436 5529 2561 5583 ideo
2582 5492 2826 5583 Christus
2850 5526 2943 5581 Dei
2976 5525 3145 5579 forma
3162 5567 3177 5593 ,
3200 5524 3281 5580 vel
3312 5522 3475 5588 imago
3498 5522 3600 5567 vera
3620 5498 3686 5593 Diii

2306 5620 2403 5673 tris
2450 5617 2755 5683 invisihi'is,
2806 5620 2927 5685 quia
2960 5633 3061 5670 una
3093 5590 3172 5671 est
3210 5616 3261 5669 iu
3295 5613 3375 5669 his
3399 5611 3545 5665 forma
3570 5607 3614 5653 et
3641 5590 3763 5662 Bm”:e

696 5745 725 5778 ‘
755 5744 965 5801 Phrasis
988 5750 1171 5804 vitiosa
1204 5766 1301 5807 nec
1317 5751 1381 5806 fat
1401 5752 1469 5807 ile
1494 5748 1848 5805 medicabilis.
1880 5750 2078 5804 Seruus
2101 5750 2243 5804 idem
2291 5748 2502 5803 videtur
2526 5764 2646 5805 esse
2688 5762 2750 5804 ac
2777 5747 2822 5803 si
2844 5746 3102 5817 scriptum
3128 5755 3266 5803 esset
3292 5763 3304 5797 :
3339 5742 3507 5809 Utique
3526 5736 3599 5785 aut
3620 5724 3763 5779 10m”

649 5822 755 5867 toto
774 5824 867 5877 est,
900 5826 1004 5871 etc.
1039 5818 1189 5873 Enn.
