3938 6376
131 414 228 477 953

1368 399 1453 456 DE
1491 398 1858 456 TRINITATE
1897 398 2020 456 LIB.
2064 400 2146 455 Ill.

3114 444 3127 469 ι
3238 401 3364 477 est

132 530 429 603 mqualitas;
456 539 633 581 nonne
659 523 914 592 scriptum
944 525 1028 574 est
1057 534 1069 569 :
1102 516 1279 569 Omnis
1312 515 1574 584 plenitudo
1603 514 1686 603 di-
1716 519 1762 577 Α
1792 525 1845 569 et
1872 516 1938 571 de
1968 516 2123 571 Patre
2148 518 2357 571 venitur
2376 514 2441 571 ad
2470 514 2679 570 Filium.
2714 513 2982 585 Nunquid,
3009 522 3066 569 ut
3090 514 3200 584 jam
3230 495 3377 586 prmo.

134 602 349 679 vinitatis
374 616 707 689 corporaliter
735 614 925 667 habitat
972 613 1025 663 in
1076 610 1186 677 ipso
1235 606 1373 674 (Col.
1405 621 1463 673 tt,
1496 604 1591 675 9)?
1633 602 1690 658 Si

136 715 326 785 aliquid
353 714 526 766 minus
557 721 661 775 eSt,
707 710 794 763 ubi
841 706 1015 761 omnis
1048 702 1320 773 plenitudo
1350 703 1474 756 est?
1507 705 1609 755 Aut
1648 700 1695 756 si

136 806 327 877 aliquid
355 805 524 868 deest,
555 801 643 859 ubi
674 808 840 854 tutum
862 807 943 852 est
972 795 1131 867 220
1163 790 1418 863 plenum?
1451 790 1694 859 Nunquid

139 901 186 954 in
223 911 329 964 quo
369 893 545 948 omnis
593 890 866 958 plenitudo
895 886 1185 942 divinitatis
1214 882 1565 951 corporaliter
1597 882 1690 933 Ita-

138 991 288 1050 bitat,
305 985 355 1039 id
383 996 484 1049 est,
510 985 657 1035 utsic
679 980 907 1043 dicatur,
931 977 1176 1038 desliter,
1206 972 1330 1042 quid
1356 972 1692 1041 potestinve-

139 1080 233 1133 ttiri
268 1080 318 1130 in
353 1077 466 1144 ipso
497 1072 704 1127 minus?
726 1070 991 1138 Nunquid,
1016 1084 1049 1122 ο
1076 1068 1352 1133 ιιωτθιίεε,
1383 1066 1571 1136 plurali
1598 1079 1691 1117 ntt-

138 1184 283 1223 mcro
314 1164 699 1235 plenitmlines,
731 1170 823 1214 aut
852 1160 1161 1214 divittitates
1184 1203 1199 1225 ,
1231 1168 1322 1211 aut
1354 1157 1573 1221 formas,
1607 1163 1699 1208 aut

138 1260 423 1327 imagines,
457 1266 549 1308 aut
583 1252 915 1322 mqualitates
963 1251 1016 1305 in
1064 1250 1145 1303 his
1187 1248 1433 1318 personis
1462 1262 1490 1300 s
1519 1260 1698 1301 sacro-

135 1359 315 1402 sancta
352 1345 622 1413 Scriptura
653 1341 755 1396 dici
804 1339 1060 1405 invenies,
1093 1352 1210 1391 cum
1242 1336 1385 1391 unita
1411 1335 1480 1390 sit
1508 1336 1688 1389 Deitas

134 1438 482 1497 earumdem?
533 1433 777 1503 Nunquid
822 1441 950 1501 quot
995 1428 1412 1499 signiﬁcationes
1455 1428 1703 1482 dicuntur

134 1532 195 1587 ad
216 1531 444 1601 gloriam
470 1528 705 1591 deitatis,
731 1524 1057 1592 totidemque
1075 1529 1198 1575 sunt
1217 1530 1271 1575 et
1297 1519 1502 1589 species
1529 1519 1705 1572 diver-

132 1626 339 1682 sitatis?
367 1625 542 1678 Absit.
581 1623 717 1687 Dum
756 1618 870 1672 ilth
900 1619 1147 1672 universa
1186 1614 1251 1669 ad
1296 1614 1548 1669 deitatem
1582 1612 1699 1666 uni-

136 1728 235 1772 tam
282 1714 595 1770 substantia:
641 1710 934 1764 divinitatis
976 1709 1105 1761 asia:
1137 1707 1278 1765 dicta
1316 1706 1695 1766 declarentur,

132 1805 256 1862 illud
271 1806 474 1861 accedit
497 1804 563 1857 ad
594 1816 807 1857 causam
830 1817 845 1855 :
873 1797 1114 1868 Nunquid
1142 1798 1229 1851 ubi
1257 1796 1401 1849 unita
1431 1793 1705 1864 plenitudo

1800 607 1928 671 dixi,
1961 608 2147 675 plurali
2179 624 2401 662 numero
2434 607 2784 675 plenitudines
2831 608 2881 661 in
2926 607 3025 660 hoc
3076 607 3194 661 loco
3223 607 3369 661 desi-
3440 650 3449 673 ι

1799 701 2000 772 gnavit,
2024 716 2055 754 ο
2075 701 2323 757 Ιιωτθιίεθ
2339 745 2354 770 ,
2378 702 2501 755 dum
2518 701 2656 755 unita
2679 702 2748 755 sit
2764 700 3034 769 plenitudo
3049 699 3364 763 divinitatis.
3440 720 3449 735 ·

1798 806 1916 861 qum
1961 792 2123 845 vitam
2164 800 2417 846 :eternam
2468 801 2717 860 operatur
2759 789 3142 845 credentibus?
3174 788 3367 858 Utique

1799 896 1986 936 omnes
2012 881 2297 936 credentes
2319 882 2385 936 de
2418 882 2514 934 hac
2543 882 2654 951 ipsa
2678 883 2821 936 unita
2850 880 3175 950 plenitudine
3197 879 3369 933 Patris

1800 982 1854 1028 et
1886 970 2027 1036 Filii,
2060 972 2165 1024 imo
2195 980 2248 1025 et
2268 972 2436 1025 sancti
2461 972 2691 1039 Spiritus
2720 972 3041 1040 accepimus,
3072 980 3127 1025 et
3155 984 3369 1038 semper

1801 1075 1883 1120 est
1912 1065 2152 1132 plenum,
2192 1063 2313 1133 quia
2346 1063 2476 1117 nihil
2508 1063 2575 1117 de
2604 1063 2886 1118 indiscreta
2915 1061 3173 1117 Trinitate
3197 1060 3369 1116 deita-

1806 1156 1873 1209 tis
1896 1164 1977 1209 est
2002 1156 2195 1208 minus.
2222 1155 2298 1207 Ac
2322 1167 2415 1221 per
2444 1151 2545 1206 hoc
2576 1168 2675 1206 una
2705 1162 2788 1208 est
2816 1153 3111 1221 rqualitas,
3142 1166 3261 1220 qua:
3290 1160 3373 1205 est

1805 1247 2175 1301 inenarrabilis
2204 1247 2525 1315 sempiterna
2548 1244 2779 1299 claritas.
2812 1245 2951 1300 Sane
2977 1245 3027 1299 in
3061 1244 3142 1297 his
3173 1245 3373 1298 diutius

1805 1340 2171 1403 immorentur,
2196 1348 2246 1392 ct
2262 1338 2601 1393 excusatione
2616 1340 2885 1408 exquisita
2909 1338 3091 1393 tandiu
3115 1339 3371 1409 prolixam

1805 1429 2098 1484 orationem
2121 1429 2423 1497 fecerimus,
2454 1428 2594 1484 utde
2618 1430 2911 1499 qumstione
2941 1430 3051 1485 Arii
3074 1445 3376 1499 proponen-

1807 1530 1906 1583 tes,
1934 1536 2037 1575 non
2074 1530 2321 1589 tanquam
2354 1520 2663 1575 cavillantes
2682 1520 2877 1589 fugisse
2900 1521 3192 1575 videamur.
3222 1520 3377 1574 Denii-

1805 1628 1909 1683 que
1930 1612 2117 1666 Isaiam
2138 1612 2351 1665 audiant
2367 1610 2625 1665 adversus
2648 1610 2891 1680 dogmata
2918 1610 3207 1677 iniquitatis
3230 1611 3377 1678 ipso-

1805 1719 1922 1758 rum
1955 1702 2091 1758 hanc
2116 1718 2209 1757 seu
2236 1703 2433 1757 entiam
2464 1703 2815 1773 irrogantem:
2845 1702 3046 1757 Stultus
3071 1704 3205 1756 enim
3219 1704 3378 1757 stulta

1807 1798 2052 1866 loquitur,
2082 1806 2128 1850 et
2154 1813 2240 1850 cor
2266 1798 2376 1867 ejus
2406 1813 2533 1849 vana
2562 1796 2820 1867 intelligit,
2852 1805 2898 1850 et
2938 1806 3250 1850 consummat
3276 1798 3379 1851 ini-

135 1899 424 1953 divinitatis
453 1908 558 1961 est,
588 1909 710 1963 pars
738 1894 947 1948 diversa
995 1891 1076 1945 vel
1106 1890 1284 1945 excisa
1318 1889 1370 1943 in
1400 1897 1551 1957 parte
1579 1890 1704 1941 ina2-
1736 1888 1782 1948 B
1807 1903 1926 1957 qua,
1954 1897 2000 1939 et
2023 1888 2247 1954 loquitur
2268 1890 2333 1940 ait
2361 1887 2631 1940 Dominum
2655 1902 2899 1950 errorem,
2931 1886 2997 1937 ad
3017 1886 3380 1954 disperdendas

133 1989 304 2059 qualis
342 1988 395 2041 in
435 2002 496 2042 ea
535 1985 813 2059 esti'Dum
860 1980 1129 2050 plenitudo
1159 1980 1356 2034 nullam
1393 1978 1705 2034 diminutio—

136 2079 216 2134 nis
256 2089 459 2149 partem
509 2076 754 2130 admittat
804 2074 904 2129 sibi
961 2072 1172 2143 proprie
1223 2071 1544 2140 comparari,
1578 2084 1699 2123 cum

136 2172 303 2225 forma
330 2170 422 2224 Dei
451 2182 661 2223 omnem
688 2165 1070 2235 plenitudinem
1102 2164 1155 2218 in
1174 2179 1231 2218 se
1261 2163 1532 2216 contineat
1561 2160 1697 2214 divi-

136 2262 343 2326 nitatis,
360 2269 416 2315 et
438 2262 548 2329 ipsa
578 2267 916 2313 sacrosancta
933 2252 1568 2322 indiscretioaaqualitatis
1590 2252 1709 2305 nul-

133 2353 237 2406 lam
261 2352 491 2421 patiatur
513 2348 869 2404 differentiam
898 2344 1221 2414 majestatis,
1253 2348 1389 2397 sicut
1410 2344 1523 2411 ipse
1546 2349 1709 2394 testa-

133 2452 252 2494 tur:
289 2439 399 2509 Ego
441 2439 493 2491 in
534 2436 710 2499 Patre,
742 2444 788 2488 et
823 2433 975 2488 Pater
1022 2437 1074 2486 in
1103 2449 1179 2485 me
1210 2430 1389 2501 (Joan.
1437 2446 1553 2492 xw,
1586 2428 1708 2495 lU);

128 2528 228 2582 sed
258 2536 313 2581 et
355 2526 517 2580 Isaias
558 2526 672 2578 haec
696 2523 1054 2591 comprobans
1081 2522 1242 2574 dicit:
1276 2520 1530 2584 Quoniant
1570 2518 1619 2570 in
1667 2526 1713 2571 te

129 2628 206 2672 est
241 2617 413 2683 Deus,
444 2626 492 2670 et
519 2633 619 2670 non
645 2622 717 2668 est
752 2613 887 2667 Deus
914 2622 1095 2683 praeter
1126 2621 1171 2663 te
1194 2628 1212 2676 ;
1241 2620 1295 2663 tu
1322 2610 1455 2662 enim
1476 2625 1528 2661 es
1555 2607 1708 2671 Deus,

126 2719 178 2763 et
205 2710 573 2772 nesciebamus,
589 2706 722 2759 Deus
749 2703 914 2757 Israel
935 2704 1173 2758 Salvator
1200 2718 1229 2752 a
1260 2700 1369 2753 Deo
1401 2696 1557 2769 (Isai.
1590 2711 1711 2763 va,

132 2800 222 2864 ts,
259 2798 474 2867 £5).Vel
504 2798 569 2851 ad
596 2798 696 2850 hoc
725 2794 1037 2863 Apostolutn
1059 2791 1183 2846 audi
1209 2800 1493 2845 teStantem
1520 2806 1534 2843 :
1566 2790 1707 2854 Quo-

132 2891 274 2943 niam
306 2888 445 2943 Deus
470 2897 576 2942 erat
604 2888 655 2940 in
687 2885 919 2950 Christo,
961 2884 1207 2936 mundum
1254 2880 1589 2934 reconcilians
1618 2880 1713 2933 sibi

132 2979 218 3049 (II
244 2979 363 3034 Cor.
396 2996 450 3045 v,
484 2980 591 3047 19).
625 2978 783 3031 Vides
828 2976 1081 3046 quoniam
1110 2973 1283 3027 omnis
1332 2970 1605 3041 plenitudo
1631 2970 1713 3023 di-

132 3071 373 3125 vinitatis
401 3069 570 3123 Patris
612 3070 664 3123 in
700 3068 834 3123 Filio
859 3076 976 3132 est,
1006 3074 1060 3121 et
1090 3074 1233 3119 totus
1263 3064 1428 3119 Filius
1460 3064 1510 3117 in
1553 3062 1712 3117 Patre

133 3164 249 3219 est?
279 3162 403 3216 Ideo
432 3161 607 3216 unitas
625 3168 709 3214 est
733 3160 785 3213 in
817 3160 897 3212 his
918 3157 1159 3228 personis
1179 3156 1507 3225 sempiterna
1529 3169 1711 3225 :equa-

1807 1980 2006 2032 auimas
2026 1980 2320 2044 esurientes,
2342 1988 2390 2033 et
2405 1979 2600 2032 animas
2622 1979 2842 2033 sitientes
2867 1978 3042 2032 inanes
3063 1978 3230 2043 faciet.
3249 1979 3380 2031 Con‘

1806 2070 1977 2124 silium
2005 2070 2139 2123 enim
2166 2070 2417 2123 malorum
2437 2071 2610 2138 inique
2640 2071 2874 2139 cogitavit
2895 2070 3187 2139 disperdere
3213 2069 3381 2122 Immi-

1808 2161 1878 2214 les
1906 2162 1955 2213 in
1982 2156 2295 2215 sei'monibus
2320 2162 2531 2230 iniquis,
2571 2171 2618 2215 et
2650 2161 2897 2231 dissipare
2926 2160 3075 2213 verba
3113 2159 3382 2213 Itumil'unt

1808 2253 1859 2305 in
1877 2254 2077 2322 judicio
2100 2252 2250 2323 (lsa‘.
2278 2268 2445 2315 χχιιι,
2470 2252 2545 2322 6).
2580 2252 2709 2307 Nam
2743 2252 2812 2320 pii
2842 2252 3155 2321 sapientiam
3180 2252 3380 2320 cog'ta.

1810 2354 2029 2409 verunt,
2053 2356 2105 2399 et
2136 2346 2234 2398 hoc
2265 2346 2547 2399 consilium
2576 2345 2842 2410 manebit,
2874 2344 3017 2397 unde
3045 2353 3257 2413 oportet
3285 2358 3383 2397 nos

1814 2436 2063 2489 universa
2115 2436 2405 2490 secundum
2456 2436 2691 2504 regulam
2724 2436 3079 2504 evangelicam
3112 2437 3379 2501 limantes,

1814 2526 1896 2580 vel
1922 2524 2309 2594 distinguentes
2332 2525 2395 2577 ad
2418 2540 2631 2578 causam
2663 2525 2997 2594 cogitationis
3018 2524 3385 2579 contradicen.

1816 2619 1885 2672 tis
1912 2617 2169 2672 accedere
2198 2618 2248 2670 in
2279 2617 2553 2685 superiore
2579 2617 2805 2671 dice‘ntis
2831 2636 2842 2669 :
2880 2617 2978 2684 Qui
3010 2633 3087 2670 mc
3111 2618 3246 2669 misit
3279 2634 3386 2670 ma-

1808 2710 1896 2779 jor
1928 2725 2006 2762 me
2030 2718 2101 2762 est
2132 2706 2308 2777 (Joan.
2325 2724 2435 2774 stv,
2456 2709 2570 2777 ‘20).
2593 2709 2974 2763 Animadverte
2994 2724 3152 2763 causa
3181 2722 3387 2761 assum-
3436 2694 3443 2703 ’

1817 2802 1888 2869 pti
1919 2799 2151 2854 hominis
2190 2799 2388 2854 dictum
2422 2801 2609 2869 fuisse,
2642 2802 2794 2855 sicnt'
2810 2802 3067 2869 scriptum
3098 2811 3217 2856 est:
3247 2800 3388 2853 Misit

1814 2892 1877 2945 de
1896 2908 2095 2945 summa
2132 2900 2178 2945 et
2200 2893 2393 2959 accepit
2424 2908 2519 2953 nte,
2555 2894 2827 2960 assumpsit
2858 2909 2937 2946 me
2973 2892 3037 2945 de
3062 2892 3389 2945 multitudine

1812 2996 2065 3050 aquarum
2092 2979 2262 3049 (Psal.
2291 2996 2417 3047 xv",
2452 2980 2559 3051 l7).
2596 2982 2680 3047 Et,
2716 2981 2905 3035 Beatus
2928 3000 3075 3051 quem
3105 2984 3300 3053 elegisti
3339 2992 3386 3035 et

1812 3072 2133 3142 assuntpsisti
2165 3069 2337 3139 (Psnl.
2356 3086 2501 3135 utv,
2535 3072 2609 3141 5).
2654 3073 2761 3126 Nec
2785 3087 2889 3126 non
2919 3070 3193 3137 Dominus,
3214 3084 3385 3126 autem

1814 3164 2088 3228 assumpsit
2117 3180 2193 3216 me
2242 3161 2430 3231 (Psal.
2458 3179 2607 3227 ml,
2643 3162 2751 3228 10).
2800 3162 3176 3231 Nunquidnam
3226 3162 3388 3217 homo

134 3254 415 3323 litas,qnia
432 3264 513 3308 est
541 3254 799 3308 immensa
822 3252 1013 3314 deitas,
1037 3250 1520 3317 sicutevangelista
1535 3248 1700 3303 dixit:
1733 3244 1779 3307 C
1813 3253 1979 3308 Deum
2004 3257 2313 3321 assumpsit,
2345 3265 2398 3309 et
2426 3271 2529 3309 non
2563 3255 2703 3310 Deus
2736 3256 3044 3311 hominem?
3094 3255 3236 3309 Deus
3286 3256 3388 3309 uti-

132 3344 355 3415 Prapler
384 3348 477 3399 hoc
525 3345 689 3416 magis
718 3338 1009 3414 quam-bant
1038 3359 1153 3395 eum
1190 3342 1364 3395 Judaei
1388 3341 1668 3405 interﬁcere
1689 3355 1709 3393 :

132 3439 371 3508 quoniam
432 3454 531 3491 non
578 3441 745 3490 solum
772 3436 989 3489 solret'at
1052 3433 1335 3500 sabbatum,
1384 3434 1470 3486 sed
1502 3432 1711 3500 etquod

134 3526 342 3582 Patrem
371 3543 523 3580 suum
552 3527 746 3579 dicebat
800 3524 983 3589 Deum,
1015 3525 1261 3594 a'qualem
1286 3539 1340 3575 se
1364 3526 1558 3593 faciens
1605 3522 1710 3577 Deo

134 3617 313 3688 (Joan.
362 3634 424 3683 v,
474 3617 583 3689 18).
642 3617 730 3671 Vel
778 3618 880 3670 tale
909 3616 1111 3670 dictum
1143 3616 1362 3684 accipe:
1399 3613 1475 3668 Tu
1503 3632 1616 3669 cum
1643 3616 1711 3668 sis

134 3711 283 3765 homo
307 3751 324 3777 ,
374 3713 618 3780 a’qttalem
666 3722 713 3763 te
742 3710 871 3780 facis
905 3708 1011 3763 Deo
1042 3708 1224 3778 (Joau.
1256 3724 1285 3761 ι
1306 3748 1320 3773 ,
1352 3708 1465 3777 33).
1519 3708 1622 3763 Sed
1653 3714 1710 3762 et.

134 3802 272 3857 hoc:
310 3802 376 3857 Ut
402 3819 573 3856 omnes
600 3802 935 3871 honori/iectu
970 3801 1179 3865 Filium,
1212 3802 1342 3853 sicut
1366 3800 1711 3867 Itonoriﬁcattt

134 3892 371 3959 Patrem;
397 3896 634 3963 quoniam
659 3895 744 3959 qui
784 3911 884 3947 non
916 3894 962 3946 It:
982 3892 1213 3959 noriﬁcat
1233 3890 1279 3942 [τ’
1284 3892 1451 3955 ilium,
1484 3908 1582 3944 non
1613 3890 1711 3944 Ito-

134 3985 372 4053 noriﬁcat
419 3984 647 4049 Patrem,
679 3984 765 4053 qui
814 3986 947 4036 misit
973 4000 1086 4037 eum
1109 3981 1287 4051 (Joan.
1323 3998 1373 4046 v,
1402 3981 1517 4050 εδ).
1565 3982 1712 4035 Scito

134 4092 299 4131 unum
328 4086 380 4131 et
409 4078 663 4145 mqualetn
694 4078 745 4130 in
788 4076 869 4129 his
900 4092 1019 4130 esse
1046 4076 1302 4129 honorem
1331 4075 1566 4128 deitatis.
1610 4074 1712 4129 De-

131 4170 300 4236 nique
324 4170 493 4235 ipsum
520 4168 640 4221 audi
668 4168 731 4219 ad
758 4168 963 4219 Patrem
995 4169 1350 4221 clamantem:
1396 4166 1582 4219 Omnia
1607 4183 1715 4219 mea

134 4268 224 4311 tua
244 4267 383 4324 sunt,
412 4266 459 4310 et
482 4267 569 4309 tua
600 4272 707 4309 mea
727 4265 839 4308 sunt
883 4256 1061 4327 (Jottn.
1092 4272 1220 4320 xvlt,
1251 4256 1364 4324 10).
1395 4256 1499 4309 Sed
1524 4246 1713 4310 et‘alio

132 4350 186 4403 in
220 4348 345 4400 loco
374 4347 513 4401 idem
545 4347 658 4416 ipse
695 4347 919 4415 repetit:
957 4348 1142 4400 Omnia
1181 4363 1293 4414 qua:
1337 4346 1509 4401 Patris
1556 4359 1713 4413 sunt,

133 4457 246 4495 mea
276 4449 393 4492 sunt
419 4438 594 4511 (Joan.
625 4454 733 4503 xvt,
764 4438 871 4508 15).
914 4438 968 4494 Si
1015 4440 1081 4492 ad
1125 4438 1481 4493 divinitatem
1503 4439 1673 4494 refers
1696 4478 1712 4503 ,

135 4546 298 4586 unum
330 4540 474 4596 sunt,
516 4531 562 4597 si
586 4532 650 4584 ad
679 4530 1045 4599 attentionem
1085 4530 1307 4584 factura:
1336 4529 1562 4590 indicas.
1594 4532 1714 4583 uni-

1818 3360 1922 3415 que
1946 3348 2235 3412 hominem,
2275 3363 2379 3401 non
2411 3350 2569 3401 homo
2594 3349 2757 3401 Deum
2790 3336 3078 3416 assumpsit
3108 3364 3119 3398 :
3152 3361 3273 3400 natn
3289 3346 3389 3401 etsi

1813 3440 2100 3504 assumpsit
2130 3436 2195 3491 de
2236 3438 2395 3491 Maria
2430 3438 2670 3507 Virgine,
2711 3454 2815 3491 non
2840 3440 2982 3508 quod
3013 3453 3228 3505 semper
3265 3447 3391 3491 ante

1815 3528 1974 3596 222
2017 3529 2435 3594 assuntpt‘onem
2485 3528 2722 3582 hominis
2766 3544 2868 3583 una
2925 3544 3044 3583 cum
3088 3528 3244 3581 Patre
3292 3527 3392 3580 fuit

1815 3618 2013 3681 amisit,
2043 3616 2136 3671 sed
2169 3633 2342 3687 neque
2364 3618 2530 3674 deitas
2577 3620 2693 3688 ejus
2722 3621 2773 3673 in
2800 3620 3014 3673 homine
3042 3627 3386 3688 augmentum

1813 3717 1906 3764 ant
1931 3708 2305 3765 detrimentum
2329 3711 2491 3765 ullum
2526 3712 2780 3765 suStinuit
2809 3756 2823 3779 ,
2864 3726 2986 3765 cum
3021 3711 3139 3765 talis
3186 3711 3240 3764 in
3289 3709 3390 3763 ho-

1815 3804 1956 3855 m‘ne
1983 3799 2139 3855 fuerit
2174 3801 2421 3869 prmsenti
2462 3811 2732 3870 tempore,
2768 3803 2939 3871 qualis
2969 3811 3022 3855 et
3057 3802 3108 3854 in
3139 3802 3257 3855 sinu
3294 3800 3391 3855 Pa-

1816 3892 1911 3946 tris
1955 3907 2166 3961 semper
2214 3904 2337 3948 ante
2378 3895 2797 3962 assuntptionem
2830 3893 3064 3948 hominis
3114 3908 3215 3946 una
3266 3907 3387 3947 eum

1816 3984 1972 4038 Patre
2002 3986 2164 4040 fuisse
2186 3986 2551 4055 cognoscitur.
2596 3985 2701 4040 Sed
2732 4001 2761 4040 e
2788 3986 3007 4040 diverso
3036 3985 3171 4039 dicis
3214 3986 3343 4039 mihi
3374 4002 3389 4040 ε

1815 4076 2274 4142 Quemadmodum
2317 4078 2587 4130 hominem
2633 4079 2775 4130 Deus
2813 4077 3139 4144 assumpsit?
3179 4078 3393 4145 Ignoras

1816 4168 2003 4223 Isaiam
2034 4168 2384 4236 prnpltetasse
2413 4184 2425 4219 :
2460 4164 2594 4219 Ecce
2620 4169 2761 4236 virgo
2790 4168 2841 4219 in
2870 4178 3012 4219 utero
3052 4168 3319 4235 concipiet,
3349 4176 3396 4220 et

1816 4260 1975 4328 pariet
2011 4258 2194 4324 ﬁliuni,
2225 4268 2268 4311 et
2308 4258 2512 4310 vocabis
2545 4273 2728 4310 nomen
2752 4261 2861 4329 ejus
2896 4255 3235 4320 Emmanuel;
3260 4256 3395 4325 quod

1816 4349 2182 4418 interpretatur
2220 4348 2499 4401 Nobiscum
2533 4348 2667 4402 Deus
2705 4346 2871 4419 (lsai.
2902 4364 3004 4414 vtt,
3046 4347 3165 4417 14).
3209 4347 3316 4403 Sed
3344 4356 3394 4404 el

1819 4441 2105 4507 Apostolus
2138 4439 2250 4493 haec
2292 4439 2575 4494 confirmat
2618 4440 2804 4495 dicens
2851 4440 3075 4495 formam
3128 4439 3247 4506 Dei,
3289 4439 3393 4494 τοι-ς

1819 4547 1957 4585 mam
1982 4531 2119 4585 servi
2151 4531 2451 4599 suscepisse
2492 4530 2723 4602 (Philip.
2752 4548 2817 4600 tt,
2850 4533 2962 4601 79).

137 4632 216 4677 ter
272 4621 414 4677 facta
470 4622 585 4677 haec
651 4623 827 4675 omnia
892 4622 1168 4687 Scriptura
1223 4620 1401 4675 divina
1459 4629 1701 4676 te~tatur.
1736 4613 1788 4673 D
1883 4621 2183 4677 Ilwreticus.
2227 4624 2563 4692 Quapropter
2590 4625 2869 4678 nobiscum
2902 4624 3088 4679 Deus?

137 4712 229 4767 Vel
275 4714 329 4767 in
380 4711 482 4768 hoc
531 4713 766 4781 intellige
810 4714 1189 4781 evangelistam
1238 4714 1495 4768 Joannem
1527 4712 1710 4767 dicen-

140 4812 272 4860 tem:
322 4804 508 4858 Omnes
563 4805 625 4857 de
657 4804 972 4874 plenitudine
1020 4806 1131 4875 ejus
1174 4805 1495 4874 accepimus,
1549 4807 1704 4874 221

139 4906 179 4946 et
210 4897 431 4965 gratiam
460 4882 744 4965 pro'gratia
769 4895 948 4967 (Joan.
974 4912 1010 4959 t,
1044 4896 1157 4963 16).
1198 4896 1346 4962 Quod
1379 4898 1489 4964 ipse
1525 4896 1707 4950 Domi-

141 5001 232 5040 nus
254 4987 479 5041 absolvit
510 5005 521 5039 :
548 4988 693 5041 Sicut
715 4987 847 5040 enim
866 4985 1019 5039 Pater
1040 4987 1249 5039 suscitat
1276 4996 1502 5039 mortuos
1526 4997 1570 5039 et
1592 4987 1715 5039 rivi-

142 5076 273 5144 ﬁxat,
296 5079 371 5132 sic
393 5087 440 5131 et
463 5076 628 5131 Filius
655 5093 781 5146 quos
803 5077 909 5130 vult
930 5076 1148 5145 vivificat
1172 5074 1352 5145 (Joan.
1377 5092 1429 5140 v,
1452 5076 1565 5143 2i).
1589 5076 1715 5130 Sive

144 5164 273 5221 hoc:
310 5167 470 5222 Pater
500 5186 637 5223 meus
676 5186 833 5234 usque
862 5168 1011 5221 modo
1038 5176 1300 5237 aperatur,
1336 5176 1384 5220 et
1416 5182 1508 5238 ego
1538 5179 1715 5234 operor

145 5256 321 5326 (tum.
355 5261 465 5329 l7).
502 5260 566 5314 Et
594 5262 700 5314 alio
729 5261 782 5314 in
815 5261 933 5316 loco
961 5259 1101 5314 idem
1143 5258 1256 5326 ipse
1281 5259 1517 5313 indicat:
1555 5258 1713 5323 Qme-

146 5363 329 5419 cunque
345 5352 481 5404 enim
511 5349 667 5404 Pater
697 5352 841 5418 facit,
870 5351 1044 5405 cadent
1071 5357 1118 5403 et
1147 5349 1271 5419 facit
1296 5350 1529 5403 similiter
1547 5347 1594 5402 F
1597 5350 1713 5404 ilius

148 5438 319 5510 (lbid.,
358 5443 474 5508 19).
508 5442 661 5498 Disce
692 5442 829 5495 hanc
857 5442 1055 5495 unitam
1092 5454 1214 5495 esse
1245 5441 1609 5510 operationem
1657 5441 1710 5495 in

147 5543 321 5585 natura
373 5533 688 5597 divinitatis,
736 5546 854 5601 qua:
899 5532 1240 5588 credentibus
1263 5533 1426 5587 vitam
1456 5542 1709 5587 aeternam

148 5624 338 5679 tribttit.
376 5620 633 5691 Et,Nema
660 5626 790 5679 venit
815 5626 883 5678 ad
913 5642 1011 5693 me,
1037 5626 1138 5679 nisi
1166 5625 1323 5679 Pater
1351 5627 1575 5680 adducat
1597 5642 1709 5680 eum

150 5710 315 5778 μοαη.
350 5731 422 5778 vt,
444 5714 557 5784 4i).
594 5716 679 5781 Et,
706 5714 868 5768 Nemo
893 5716 1027 5768 vadit
1050 5717 1118 5768 ad
1147 5715 1353 5770 Patrem
1390 5718 1491 5770 nisi
1517 5734 1608 5787 per
1630 5732 1709 5769 me

152 5801 321 5867 (Joan.
344 5822 458 5871 sttt,
488 5806 565 5876 6;.
592 5807 745 5863 Disce
763 5809 883 5878 quia
908 5820 1003 5876 per
1028 5807 1219 5863 Filium
1247 5808 1351 5863 itur
1376 5808 1442 5863 ad
1469 5808 1706 5873 Patrem,

1885 4714 2214 4767 Athanasius.
2252 4716 2385 4781 Quid
2413 4715 2557 4769 aliud
2593 4716 2906 4782 intelligitur
2927 4731 3084 4786 quam
3100 4716 3239 4786 quod
3259 4717 3394 4769 Deus

1814 4820 1971 4859 verus
2027 4806 2293 4860 hominem
2330 4821 2513 4859 verum
2554 4804 2621 4859 dc
2653 4807 2809 4859 Maria
2845 4806 3059 4876 Virgine
3098 4822 3195 4876 pro
3225 4806 3394 4860 saluto

1813 4898 2165 4965 assntnpserit
2193 4898 2413 4951 nostra?
2440 4899 2568 4964 Quae
2593 4909 2768 4953 tamen
2794 4900 2957 4953 Maria
2986 4916 3048 4953 ex
3082 4900 3220 4954 tribu
3256 4899 3390 4954 Jttde

1814 5003 2001 5042 semen
2025 4988 2183 5040 traxit
2208 4987 2390 5040 David.

1892 5078 2196 5133 Ilwreticus.
2236 5078 2335 5144 Qui
2360 5078 2467 5146 jam
2503 5094 2602 5134 nec
2632 5079 2791 5134 homo
2813 5080 3084 5134 solitarius
3113 5081 3228 5134 sine
3263 5080 3385 5142 Deo,

1815 5170 1909 5223 sed
1960 5184 2058 5224 nec
2105 5171 2375 5223 solitarius
2416 5172 2531 5225 sine
2570 5171 2786 5226 homine
2827 5188 2984 5240 quem
3024 5172 3258 5239 suscepit
3288 5170 3390 5223 dici

1819 5268 2015 5328 potest,
2069 5260 2209 5314 unde
2242 5260 2407 5315 Filius
2437 5262 2529 5316 Dei
2574 5272 2627 5316 et
2669 5262 2836 5317 Filius
2864 5262 3098 5316 hominis
3129 5261 3392 5315 vocitatus

1818 5353 1938 5405 est?

1893 5441 2220 5495 Athanasius.
2289 5442 2441 5498 Sicut
2491 5442 2731 5499 claritate
2780 5443 3101 5513 evangelica:
3151 5452 3391 5493 censura:

1817 5542 2029 5587 Cautum
2046 5543 2146 5598 est,
2170 5532 2272 5587 Fili
2289 5533 2473 5600 Dauid,
2496 5536 2729 5589 ntiserere
2742 5532 2992 5599 nteitLuc.
3008 5547 3155 5595 xvut,
3169 5532 3258 5592 58,
3274 5530 3387 5599 39).

1817 5623 1969 5690 Quod
2004 5624 2109 5678 Vas
2136 5625 2414 5679 electionis
2440 5627 2671 5679 breviter
2694 5622 2949 5683 absolvit,
2996 5620 3094 5686 Qui
3125 5622 3289 5690 factus
3316 5631 3389 5675 est

1819 5716 1865 5767 ci
1895 5730 1957 5768 ea:
1984 5717 2171 5769 semine
2198 5715 2365 5769 David
2389 5715 2666 5770 secundum
2692 5726 2895 5766 carnem
2922 5709 3100 5777 (Rom.
3131 5728 3166 5776 t,
3192 5713 3270 5781 5).
3301 5712 3385 5778 Et,

1815 5807 1903 5874 qui
1940 5808 2329 5874 prtedestiuatus
2357 5816 2429 5861 est
2474 5804 2521 5857 F
2524 5806 2643 5859 ilius
2675 5803 2769 5857 Dei
2806 5802 2858 5854 in
2903 5800 3084 5857 virtute
3112 5805 3387 5859 secundum
