3938 6376
639 390 747 453 255

645 604 781 657 Ecce
828 601 1119 656 secundum
1171 600 1461 664 hominem,
1512 612 1636 652 ecce
1678 596 1971 650 secundum
2016 595 2201 648 Deum.

640 692 814 749 Unam
864 701 1038 746 tamen
1088 704 1364 758 personam
1399 688 1597 755 duplici
1644 686 2037 756 signiﬁcatione
2088 698 2211 738 esse

646 782 901 846 ostendit,
933 781 1069 834 sicut
1096 781 1234 834 idem
1264 780 1377 847 ipse
1404 780 1507 833 alio
1537 782 1589 832 in
1618 778 1735 834 loco
1769 777 1964 845 repetit
2006 794 2019 831 :
2064 776 2210 829 Unus

636 876 771 927 enim
801 874 953 927 Deus.
986 874 1048 927 Et
1074 888 1175 926 non
1216 874 1269 926 in
1299 873 1399 925 alia
1430 885 1657 939 persona
1687 870 1803 924 hzec
1830 868 2059 922 dicendo
2102 868 2209 921 dis-

646 966 803 1019 tinxit
826 982 840 1018 :
893 965 1032 1020 Unus
1051 974 1122 1017 est
1146 965 1392 1016 mediator
1411 962 1503 1015 Dei
1525 972 1570 1016 et
1592 962 1871 1025 hominum,
1892 960 2045 1013 homo
2061 958 2209 1013 Chri-

637 1068 745 1109 stus
776 1054 926 1108 Jesus
953 1053 1008 1121 (I
1031 1054 1165 1106 Tim.
1197 1070 1256 1120 ll,
1286 1054 1360 1122 5).
1404 1052 1555 1108 Sicut
1582 1052 1839 1120 scriptum
1879 1058 1960 1105 est
1991 1066 2004 1104 :
2041 1050 2208 1103 Homo

640 1155 734 1208 est,
763 1154 809 1198 et
831 1146 941 1213 quis
962 1146 1187 1213 agnoscit
1218 1160 1331 1197 eum
1367 1142 1574 1214 (Jerem.
1612 1158 1739 1206 xvn,
1767 1142 1860 1211 9)?
1901 1141 2061 1195 Vides
2087 1140 2210 1210 quia

635 1235 928 1289 mediator?
966 1234 1073 1289 Nec
1109 1235 1216 1303 jam
1248 1236 1384 1289 Deus
1422 1243 1622 1288 tantum
1667 1248 1801 1302 pure
1842 1233 1961 1288 sine
1996 1233 2212 1287 homine

637 1340 794 1393 quem
826 1326 1111 1393 assumpsit
1132 1325 1234 1379 dici
1264 1333 1573 1393 potest,nee
1595 1325 1755 1379 homo
1780 1326 1894 1379 sine
1918 1310 2048 1378 Deo.
2076 1324 2211 1378 Cun-

640 1416 817 1470 sidera
846 1417 969 1486 quia
991 1417 1185 1485 duplex
1217 1426 1297 1472 est
1332 1416 1384 1470 in
1416 1432 1515 1470 una
1542 1431 1765 1485 persona
1798 1415 2106 1471 mediatoris
2135 1414 2211 1469 si-

631 1506 926 1573 gniﬁcatio,
970 1507 1110 1561 Deus
1131 1516 1185 1561 et
1213 1507 1374 1561 homo
1407 1524 1420 1561 :
1463 1506 1588 1561 dum
1632 1507 1700 1562 de
1730 1508 1837 1561 Deo
1867 1507 2007 1562 Deus
2035 1508 2124 1571 sit,
2154 1516 2209 1561 et

636 1599 933 1653 secundum
960 1613 1178 1653 carnem
1204 1598 1341 1653 idem
1373 1598 1484 1668 ipse
1514 1599 1651 1653 illius
1683 1599 1914 1654 hominis
1954 1599 2044 1652 sit.
2087 1597 2210 1652 Ideo

634 1701 794 1743 verus
820 1688 977 1751 Deus,
1003 1697 1057 1741 et
1095 1689 1252 1743 homo
1284 1703 1440 1742 verus
1462 1698 1542 1743 est
1571 1688 1655 1743 hic
1681 1688 1959 1754 mediator,
1988 1689 2125 1743 sicut
2157 1698 2209 1742 et

633 1780 806 1834 forma
832 1779 945 1843 Dei,
963 1789 1015 1835 et
1037 1781 1204 1834 forma
1228 1780 1477 1836 hominis.
1502 1781 1654 1836 Unde
1674 1782 2070 1849 receptissimus
2095 1794 2209 1849 pro-

1958 384 2180 443 VlGlLll
2218 383 2592 471 TAPSENSIS
3679 399 3739 455 256

644 511 895 580 Spiritum
922 510 1336 577 sanctificationis
1376 478 1439 563 ea:
1470 506 1829 561 resurrectione
1864 513 2203 558 mortuorum.
2242 506 2285 561 Α
2318 501 2432 569 fieri
2460 508 2643 569 potest,
2678 498 2896 567 transfer
2926 498 3130 553 calicem
3162 498 3302 553 istum
3343 516 3369 552 a
3407 518 3471 555 me
3513 503 3653 571 (Marc.
3674 524 3737 575 nr,
3818 480 3819 541 ἶ

2314 592 2434 658 36),
2466 592 2511 645 si
2552 590 2668 645 ιιωο
2697 591 2940 644 universa
2969 591 3234 645 divinitati
3259 601 3375 645 sunt
3401 594 3739 662 imputandalAb-

2311 683 2400 736 sit.
2457 682 2591 734 Cum
2644 680 2729 734 hic
2779 681 2941 733 homo
2987 696 3112 736 vere
3143 696 3237 749 pro
3266 682 3406 736 nobis
3428 698 3580 750 passus
3601 689 3649 739 sit
3688 694 3738 755 qui

2315 782 2559 826 naturam
2586 772 2653 827 de
2692 772 2909 841 Virgine
2942 786 3009 826 ex
3040 771 3215 825 radice
3244 784 3410 826 nostra
3446 774 3612 827 inlirma
3648 779 3741 847 ω

2315 865 2367 919 in
2391 879 2449 919 se
2470 864 2676 917 habuit.
2719 863 2843 917 ldeo
2869 873 3081 917 nostras
3113 862 3429 919 inﬁrmitates
3465 868 3669 931 mortalis,
3694 870 3740 922 nl

2315 956 2582 1025 passibilis
2613 955 2776 1009 homo
2799 971 2922 1009 vere
2944 957 3222 1019 sust'nuit,
3252 956 3335 1023 qui
3368 967 3475 1023 post
3504 958 3741 1023 passionem:

2315 1047 2424 1100 Deo
2453 1060 2637 1101 rursus
2662 1061 2785 1100 vere
2816 1054 3125 1113 assumptus
3157 1054 3257 1100 est.
3304 1046 3441 1113 Quod
3469 1047 3561 1113 ipse
3580 1048 3743 1099 Dominus

2313 1136 2544 1190 absolvit
2566 1152 2581 1193 :
2610 1134 2726 1206 Ego
2749 1152 2883 1203 pono
2902 1137 3125 1189 animum
3143 1151 3319 1207 meant,
3344 1145 3393 1188 ut
3414 1137 3567 1188 iterum
3586 1139 3742 1200 accipiam

2315 1243 2445 1281 eam.
2488 1226 2653 1281 Nemo
2684 1228 2819 1280 tollit
2850 1242 2961 1279 eam
2990 1244 3021 1279 ιι
3053 1243 3151 1289 me,
3192 1228 3277 1281 sed
3314 1244 3395 1299 ego
3421 1244 3536 1297 pono
3559 1244 3641 1280 eam
3666 1243 3744 1277 ant

2316 1315 2496 1388 (Joan.
2530 1332 2585 1381 ι,
2620 1316 2731 1387 17).
2776 1317 2957 1387 Itaque
2984 1318 3243 1387 intellige,
3272 1321 3384 1387 quia
3419 1318 3542 1385 prius
3566 1318 3630 1369 hic
3649 1317 3743 1369 homo

2315 1407 2367 1461 in
2400 1408 2677 1463 nativitate
2707 1408 2774 1461 de
2804 1408 2963 1463 Maria
3002 1408 3217 1478 Virgine
3255 1416 3530 1476 assumptus
3566 1415 3640 1460 est.
3667 1406 3743 1459 etin

2317 1500 2568 1568 passione
2595 1500 2941 1569 permittente
2984 1508 3247 1570 potestate
3272 1499 3381 1569 ejus
3418 1498 3602 1553 traditus
3627 1505 3695 1558 est,
3717 1504 3745 1547 et

2316 1600 2433 1660 post
2468 1592 2771 1659 passionem
2800 1592 2977 1645 denuo
3006 1600 3314 1660 assumptus
3352 1590 3412 1643 ab
3449 1590 3547 1657 ipso
3570 1589 3631 1641 vel
3656 1601 3745 1639 acte

2316 1692 2435 1749 ptus
2460 1690 2563 1747 est,
2596 1684 2733 1736 sicut
2760 1683 3015 1750 scriptum
3046 1690 3165 1736 est:
3203 1682 3335 1734 Nam
3357 1681 3441 1735 etsi
3486 1679 3745 1743 craeiﬁmat

2312 1788 2379 1824 ea:
2400 1772 2701 1837 inﬁrmitate
2728 1780 2934 1835 nostra,
2964 1773 3054 1824 sed
3077 1772 3195 1824 vivit
3232 1786 3292 1824 ea:
3311 1770 3478 1823 virtute
3497 1768 3574 1821 Dei
3607 1764 3665 1835 (ll
3680 1764 3745 1818 Cn.

636 1872 921 1939 pbetarum
935 1872 1196 1927 Jeremias
1218 1873 1282 1927 ad
1308 1874 1418 1927 haec
1442 1873 1568 1927 dicit
1594 1890 1606 1926 :
1641 1872 1743 1926 Hic
1772 1883 1841 1927 est
1868 1873 2003 1926 Deus
2024 1886 2208 1940 noster,
2249 1864 2288 1921 Β
2323 1878 2436 1928 sui,
2466 1863 2543 1933 Α).
2586 1863 2765 1917 Vides.
2798 1863 2896 1929 Qui
2928 1863 3222 1917 secundum
3253 1861 3575 1916 inﬁrmitatem
3602 1865 3745 1909 ιιοειηω

635 1973 682 2019 et
712 1980 810 2016 non
837 1964 1168 2017 (estimabitur
1192 1966 1325 2017 alius
1352 1965 1539 2034 absque
1566 1965 1655 2017 illa
1680 1980 1697 2017 :
1722 1966 1808 2035 qui
1829 1966 2082 2017 adinrenit
2106 1980 2212 2016 om-

636 2071 750 2108 nem
778 2057 907 2107 viam
938 2056 1181 2124 scientiae,
1223 2066 1269 2109 et
1299 2058 1433 2109 dedit
1474 2073 1581 2115 eam
1611 2055 1773 2109 Iacob
1813 2072 1971 2125 puero
2010 2073 2123 2120 suo,
2165 2044 2214 2109 ετ

642 2143 809 2198 Israel
837 2144 1019 2198 dilecto
1046 2162 1158 2198 suo.
1202 2145 1324 2199 Post
1355 2146 1464 2199 hcec
1484 2148 1536 2199 in
1565 2148 1709 2199 terris
1734 2148 1865 2199 visus
1894 2157 1987 2209 est,
2020 2157 2066 2200 et
2096 2164 2211 2199 cum

635 2234 923 2288 hominibus
945 2247 1266 2290 conversatus
1290 2246 1360 2290 est
1388 2236 1611 2305 (Baruch
1630 2253 1704 2302 in,
1724 2235 1835 2303 56).
1864 2238 2020 2307 223
2054 2238 2211 2291 Vides

640 2338 789 2391 ergo,
821 2338 854 2377 ο
882 2323 1150 2390 hmretiee,
1173 2326 1334 2379 Deum
1358 2341 1453 2395 per
1467 2328 1829 2394 Operationem
1859 2343 2027 2390 suam,
2055 2326 2104 2379 id
2128 2336 2209 2381 est

638 2416 936 2479 hominem,
972 2416 1133 2470 fuisse
1157 2417 1415 2484 agnitum.
1446 2416 1500 2471 Si
1528 2432 1653 2470 vero
1684 2416 1819 2471 hanc
1846 2426 2049 2470 tantum
2085 2433 2209 2485 pro-

629 2505 900 2561 bationem
934 2506 1329 2573 Scripturarum
1376 2522 1482 2561 non
1522 2508 1741 2575 accipis,
1781 2509 2125 2578 interrogabo
2155 2518 2209 2564 te

627 2596 698 2651 de
729 2596 1024 2651 mediatore
1056 2611 1195 2660 meo,
1232 2598 1339 2650 imo
1364 2599 1599 2651 omnium
1625 2609 1886 2653 nostrum.
1923 2599 2208 2669 Responde

635 2687 765 2740 mihi
792 2688 943 2755 cujus
981 2702 1139 2741 causa
1169 2688 1422 2755 scriptum
1452 2689 1535 2743 vel
1566 2689 1875 2745 distinctum
1909 2693 2205 2760 invenitur;

633 2788 814 2831 utrum
846 2779 957 2846 Dei,
991 2796 1059 2833 an
1091 2780 1345 2844 hominis,
1376 2782 1464 2849 qui
1498 2782 1740 2844 csurivit,
1771 2793 1859 2835 aut
1882 2782 2076 2849 sitivit,
2118 2796 2210 2839 aut

637 2871 961 2938 lacrymatus
983 2880 1089 2935 est,
1113 2880 1166 2924 et
1192 2870 1243 2924 in
1273 2873 1459 2939 agonia
1484 2873 1685 2939 positus
1711 2875 2025 2942 sanguinem
2050 2876 2209 2929 suda-

634 2962 732 3025 vit,
756 2970 809 3015 et
832 2961 896 3015 ad
923 2972 1247 3030 postremum
1266 2963 1561 3031 passionem
1584 2964 1771 3017 mortis
1794 2981 1917 3019 vere
1934 2967 2213 3020 sustinuit?

632 3051 691 3105 Si
722 3052 884 3105 Deum
918 3054 1125 3121 proprie
1147 3055 1313 3105 sumis
1336 3052 1560 3106 dicendo
1584 3054 1693 3106 haec
1724 3057 1963 3109 universa
1998 3072 2209 3124 perpes-

631 3158 749 3197 sum
791 3145 972 3211 fuisse,
1014 3159 1145 3197 oecu
1180 3144 1249 3197 rit
1289 3144 1377 3197 tibi
1419 3144 1575 3199 Isaias
1614 3147 2025 3201 Contradicens:
2073 3147 2207 3202 Deus

2318 1955 2477 2008 homo
2508 1971 2632 2009 vere
2661 1955 2946 2009 cruciﬁxus
2977 1963 3077 2019 est,
3100 1964 3155 2009 et
3184 1954 3465 2011 secundum
3492 1952 3677 2003 virtutem
3696 1946 3745 1996 Dii

2316 2046 2465 2099 vivit.
2528 2046 2768 2114 Denique
2822 2045 3101 2100 considera
3135 2047 3299 2099 Deum
3350 2060 3437 2112 pro
3476 2036 3745 2109 dispensatione

2317 2138 2549 2191 hominis
2574 2139 2677 2202 sui,
2710 2153 2865 2205 quem
2904 2137 3214 2205 assumpsit,
3258 2136 3475 2191 locutum
3503 2125 3744 2183 fuissezsw

2286 2229 2408 2282 vite
2433 2231 2675 2297 templum
2705 2230 2819 2292 hoc,
2862 2240 2907 2282 et
2947 2229 2998 2281 in
3039 2228 3197 2280 tribus
3238 2228 3408 2279 diebus
3448 2219 3648 2275 suscitabo
3673 2214 3745 2265 ill“

2317 2322 2495 2393 (Joan.
2525 2338 2582 2386 ιι,
2611 2322 2719 2391 l9).
2752 2322 2937 2375 Nonne
2959 2323 3023 2376 de
3054 2321 3256 2387 templo
3283 2316 3509 2387 corporis
3531 2314 3593 2366 sui
3624 2312 3745 2363 locutus

2313 2426 2397 2469 est
2423 2416 2556 2481 haec,
2579 2415 2718 2483 quod
2753 2422 2871 2481 post
2899 2414 3130 2467 tr'duum
3154 2413 3269 2482 ipse
3288 2405 3572 2466 suscitavita
3589 2396 3746 2456 mortuis?

2313 2508 2555 2576 Nunquid
2589 2508 2747 2561 homo
2776 2508 2863 2576 qui
2896 2506 3083 2560 orabat
3140 2518 3193 2559 ut
3226 2506 3359 2559 calix
3388 2503 3448 2556 ah
3474 2500 3549 2552 illo
3574 2494 3744 2549 transiret.

2311 2610 2491 2653 eontra
2520 2614 2578 2653 se
2606 2598 2815 2653 dicebat
2845 2616 2857 2651 :
2894 2598 3200 2652 Potestatem
3233 2597 3386 2651 habeo
3416 2590 3599 2660 ponendi
3617 2586 3745 2637 annos

2313 2705 2494 2753 meam,
2564 2703 2609 2743 et
2663 2701 2961 2760 potestatem
3010 2690 3168 2744 habeo
3213 2704 3387 2743 rursus
3423 2678 3656 2738 assumendi
3692 2687 3748 2726 πῆ

2314 2780 2493 2851 (Joan.
2532 2798 2585 2845 x,
2619 2783 2746 2851 i8)?
2792 2782 2950 2836 Vides
2978 2782 3097 2851 quia
3131 2781 3217 2835 ubi
3248 2780 3414 2834 omnis
3435 2783 3642 2846 potestas,
3668 2766 3745 2819 nulla

2312 2875 2363 2927 in
2396 2874 2595 2929 deitate
2618 2862 2915 2927 auctoritas
2958 2874 3145 2927 mortis
3175 2874 3298 2927 est?
3338 2870 3426 2926 Ubi
3449 2877 3593 2921 autem
3620 2854 3749 2952 inﬁrmi:

2315 2976 2395 3018 tas
2453 2969 2693 3032 corporis
2747 2973 2850 3029 est,
2892 2964 2960 3017 ibi
3012 2964 3233 3018 tristitia
3278 2960 3447 3016 cordis
3474 2968 3560 3011 est.
3602 2945 3747 3011 Nunquid

2313 3054 2474 3107 homo
2500 3054 2791 3118 solitarius,
2824 3053 3048 3108 Photine
3075 3069 3107 3107 ο
3136 3053 3407 3113 hmreticc,
3436 3049 3536 3101 sine
3560 3044 3641 3097 Deo
3656 3046 3749 3103 illi”

2312 3146 2364 3197 in
2393 3145 2571 3198 vinum
2603 3146 2906 3199 transmlit?
2944 3156 3033 3199 aut
3064 3143 3385 3200 conﬁdentia
3427 3154 3508 3195 sua
3534 3148 3644 3189 mare
3666 3125 3748 3196 pedi

633 3245 871 3297 teterntts,
909 3233 1045 3287 Deus
1065 3235 1149 3304 qui
1178 3236 1204 3303 f
1227 3238 1292 3287 cit
1314 3246 1533 3288 extrema
1562 3245 1731 3299 terrm,
1764 3254 1863 3290 non
1891 3241 2097 3304 esuriet,
2123 3258 2210 3295 κε·-
2236 3221 2278 3283 C
2318 3234 2415 3287 Ιιυε
2440 3234 2768 3288 οῐηδιιιδνὶῑῗ
2798 3235 3043 3304 Nuntium
3076 3235 3240 3290 homo
3269 3236 3357 3303 «ιιιί
3388 3240 3584 3287 ῐηυτιοῐη
3608 3218 3751 3304 um“

630 3342 729 3394 que
758 3325 1025 3387 laborabit,
1064 3342 1154 3379 nec
1192 3337 1265 3379 est
1302 3327 1525 3379 inventio
1551 3330 1835 3396 prudentia
1880 3334 2026 3400 ejus;
2078 3332 2208 3387 darts

630 3416 973 3469 esurientibus
1002 3417 1187 3479 cibum,
1222 3428 1267 3469 et
1299 3419 1641 3471 laborantibus
1673 3420 1903 3473 virtutem
1933 3421 2081 3491 (lsai.
2116 3440 2204 3491 χι,

631 3504 749 3568 28).
799 3506 902 3560 Sed
932 3517 985 3561 et
1023 3516 1237 3563 sanctus
1264 3508 1525 3563 Jeremias
1556 3510 1752 3565 iudicat
1781 3529 1793 3564 :
1834 3511 2081 3582 Nunquid
2108 3514 2208 3566 eris

635 3604 689 3647 ut
716 3596 869 3649 homo
900 3598 1172 3663 dormiens,
1215 3608 1257 3651 et
1283 3600 1410 3653 sicut
1442 3602 1516 3652 vir
1552 3603 1637 3668 qui
1689 3617 1790 3653 non
1842 3612 2001 3670 potest
2038 3606 2207 3658 salvus

635 3685 747 3750 ﬁeri
774 3684 989 3754 (Jerem.
1016 3703 1121 3750 xlv,
1151 3688 1241 3755 9)?
1269 3688 1424 3742 Vides
1450 3690 1571 3758 quia
1598 3692 1734 3743 Deus
1758 3706 1860 3745 non
1885 3695 2084 3763 esuriet
2107 3708 2207 3746 un~

634 3789 823 3842 quam,
849 3776 940 3843 qui
969 3778 1215 3831 universa
1242 3794 1305 3830 ex
1327 3780 1495 3831 nihilo
1517 3782 1811 3833 constituit.
1842 3783 1944 3835 Sed
1976 3798 2074 3835 nec
2097 3784 2207 3836 dei-

632 3873 716 3917 tas
746 3866 865 3933 ejus
895 3866 1123 3934 aliquam
1159 3868 1459 3935 passionem
1488 3869 1764 3932 sustinuit,
1793 3886 1909 3923 cum
1939 3872 2003 3925 ad
2041 3875 2205 3940 ipsius

640 3962 826 4009 nutum
862 3958 1110 4010 universa
1138 3969 1394 4025 regantur
1420 3968 1472 4012 et
1498 3960 1854 4013 vivilicentur.‘
1878 3962 2209 4031 Quapropter

631 4049 809 4103 omnis
858 4058 1092 4118 potestas
1130 4050 1400 4119 signorum
1444 4053 1525 4105 vel
1569 4054 1933 4119 prodigiorum
1967 4055 2076 4108 Deo
2125 4056 2202 4107 fa-

634 4139 797 4193 cienti
844 4149 926 4193 est
975 4139 1312 4204 ascribenda,
1362 4150 1416 4194 et
1449 4141 1625 4193 omnis
1656 4142 1947 4196 necessitas
1976 4144 2203 4199 tristitia:

635 4230 897 4297 passionis
929 4230 1132 4284 homini
1165 4239 1249 4284 est
1275 4231 1609 4300 imputanda,
1643 4233 1781 4286 sicut
1813 4234 2055 4301 legimus,
2086 4249 2208 4304 pro-

638 4320 799 4387 pheta
832 4320 1041 4375 dicenle
1068 4340 1079 4372 :
1109 4321 1277 4373 Homo
1300 4324 1350 4373 in
1374 4322 1523 4391 plaga
1550 4325 1764 4391 positus,
1797 4327 1956 4378 sciens
1982 4326 2113 4393 ferre
2134 4328 2209 4379 in-

637 4409 902 4475 ﬁrmitates
930 4425 949 4463 :
977 4411 1215 4476 quoniam
1253 4421 1484 4462 aversata
1515 4420 1585 4463 est
1617 4415 1770 4481 facies
1798 4418 1929 4483 ejus,
1972 4426 2017 4466 et
2051 4416 2206 4468 deho-

637 4508 834 4553 nestata
856 4500 947 4567 est,
982 4516 1067 4552 nec
1085 4500 1280 4565 aliquid
1306 4502 1555 4554 wstinwta
1569 4513 1657 4554 est.
1689 4502 1733 4554 Η
1743 4505 1786 4554 ic
1810 4515 2012 4573 peccata
2036 4518 2207 4558 nostra

2314 3325 2594 3379 videbatur
2659 3328 2775 3380 sine
2825 3326 2933 3381 Deo
2983 3336 3224 3380 mortuos
3252 3302 3751 3378 suscitasseiavenitur?

2311 3418 2557 3487 Nunquid
2582 3417 2798 3487 SimeOn
2830 3421 3139 3487 phantasma
3172 3419 3313 3473 ulnis
3339 3394 3571 3485 gestavit?
3594 3394 3747 3497 Νυηφξὶιξ

2313 3524 2406 3576 per
2450 3510 2737 3576 potentiam
2792 3509 3021 3563 hominis
3064 3510 3289 3564 solitarii
3330 3518 3462 3563 terra
3506 3484 3753 3556 contremuit?

2310 3607 2400 3652 aut
2431 3612 2589 3666 rupes
2620 3608 2675 3652 et
2711 3613 2836 3653 saxa
2874 3614 2994 3654 sese
3042 3600 3305 3654 illidentia
3330 3582 3755 3653 dissilueruntlliuﬂ'

2312 3692 2433 3758 quid
2465 3691 2625 3744 homo
2648 3691 2763 3744 sine
2793 3692 2899 3745 l‘eo
2928 3691 3203 3745 daemones
3233 3688 3545 3758 increpabat,
3571 3685 3639 3733 aut
3657 3673 3756 3724 virtu-

2312 3789 2390 3833 tes
2419 3780 2675 3833 iat'it‘btlt?
2704 3780 2948 3847 Nunquid
2984 3780 3143 3836 homo
3172 3783 3291 3835 sine
3320 3780 3422 3834 Deo
3448 3772 3594 3829 ventis
3617 3768 3757 3853 iml‘elf:

2314 3871 2419 3933 hat,
2443 3882 2493 3923 et
2519 3869 2749 3938 placidas
2774 3843 3185 3935 (equorisundas
3208 3862 3586 3937 compescebat?
3606 3843 3757 3916 Νυιτιιυέά

2312 3962 2468 4014 homo
2486 3962 2756 4017 solitarius
2778 3977 2803 4014 a
2824 3963 3047 4016 mortuis
3062 3977 3341 4032 resurgere
3358 3957 3514 4030 potuit
3531 3991 3542 4007 .
3564 3945 3683 4003 autin
3699 3950 3758 4032 mt-

2311 4056 2399 4105 dTo
2421 4052 2807 4121 discipulorum
2828 4053 3005 4121 janu's
3030 4053 3226 4106 clausis
3246 4051 3393 4105 stetit
3412 4048 3539 4101 inter
3557 4026 3760 4097 illos,eld°'

2308 4144 2418 4195 cuit
2446 4156 2543 4196 eos
2564 4142 2630 4196 de
2660 4158 2823 4211 regno
2842 4142 2971 4195 Dei?
3000 4141 3246 4209 Nunquid
3269 4142 3422 4195 homo
3438 4130 3657 4190 solitarius
3671 4126 3759 4215 sui?"

2306 4250 2499 4288 oinnes
2519 4235 2685 4289 caelos
2716 4235 3005 4289 ascendere
3033 4249 3061 4287 a
3089 4235 3382 4301 semetipso
3408 4232 3514 4285 sine
3542 4226 3627 4277 Deo
3644 4204 3762 4297 valuxtl

2312 4327 2434 4380 llaec
2466 4335 2653 4379 cuneta
2684 4326 2949 4379 mirabilia
2982 4326 3118 4378 facta
3144 4339 3265 4378 cum
3291 4325 3429 4378 Deus
3448 4328 3583 4373 causa
3601 4306 3761 4361 assllmi'"

2312 4416 2542 4470 hominis
2569 4418 2648 4469 sui
2671 4416 2740 4470 sit
2754 4426 3023 4484 operatus,
3041 4416 3160 4471 ideo
3173 4414 3351 4470 omnis
3368 4416 3579 4482 potestas
3592 4399 3763 4480 εἱεηοτυξυ

2310 4516 2361 4559 ei
2386 4506 2741 4575 PPOd’giorum
2771 4507 2877 4560 Deo
2903 4504 3114 4559 facienti
3143 4516 3226 4559 est
3254 4497 3572 4557 ascr‘ihenda,
3598 4496 3639 4541 et
3659 4489 3764 4575 nmlth

638 4599 826 4659 portat,
859 4600 905 4642 et
936 4566 1027 4658 pro
1055 4591 1194 4643 nobis
1226 4592 1361 4643 dolet
1393 4588 1543 4658 (lsai.
1580 4608 1697 4655 LIII,
1727 4566 1819 4660 5)..
1842 4594 1901 4646 Et
1922 4596 2000 4649 sic
2022 4612 2205 4663 prose-
2234 4586 2283 4646 Ι)
2309 4566 2466 4667 23:5
2513 4566 2791 4649 inﬁrmitas
2848 4596 3109 4664 passionis
3167 4593 3370 4648 homini
3422 4597 3497 4644 est
3543 4566 3767 4667 imputanda:

635 4689 795 4734 cutus
819 4691 901 4735 est
932 4700 945 4733 :
979 4680 1045 4733 Et
1076 4680 1329 4735 Dominus
1362 4684 1571 4736 tradidit
1603 4700 1717 4736 eum
1756 4701 1848 4751 pro
1876 4689 2091 4754 peccatis
2117 4705 2204 4742 no-

635 4771 752 4823 stris
767 4787 785 4823 :
806 4782 849 4823 et
866 4772 972 4839 ipse
990 4774 1109 4840 quia
1124 4773 1253 4825 male
1275 4783 1519 4827 tractatus
1538 4784 1610 4829 est
1633 4793 1731 4828 non
1745 4778 1942 4845 aperuit
1959 4795 2013 4832 os
2035 4796 2199 4834 suum.

638 4861 706 4918 Ut
734 4865 838 4917 ovis
858 4866 925 4918 ad
951 4866 1247 4920 occisionem
1273 4867 1454 4920 ductus
1480 4878 1549 4920 est
1578 4886 1593 4931 ;
1619 4877 1668 4920 et
1699 4871 1828 4922 sicut
1849 4886 2009 4941 agnus
2034 4888 2205 4926 coram

636 4954 874 5006 tondente
894 4970 946 5006 se
969 4956 1077 5007 sine
1107 4970 1239 5021 voce,
1269 4958 1339 5008 sic
1365 4973 1461 5009 non
1483 4960 1680 5025 aperuit
1705 4976 1758 5011 os
1782 4975 1929 5013 suum
1958 4960 2011 5013 in
2036 4961 2208 5015 humi—

634 5046 795 5100 litate.
828 5046 958 5100 Nam
989 5048 1114 5115 quid
1142 5050 1370 5116 amplius
1399 5066 1552 5118 quum
1576 5051 1716 5119 quod
1742 5053 1853 5120 ipse
1880 5053 2041 5108 homo
2062 5054 2128 5108 de
2149 5068 2207 5108 se

636 5147 861 5192 testatur
888 5154 901 5191 :
936 5138 1069 5203 Qud
1094 5156 1171 5191 me
1199 5143 1423 5207 quem-itis
1453 5143 1703 5208 occidere,
1736 5143 1988 5198 hominem
2018 5147 2105 5213 qui
2131 5161 2206 5199 ve-

633 5229 840 5282 ritatem
870 5230 1064 5283 locutus
1090 5246 1204 5283 sum
1232 5233 1366 5284 vobis
1407 5230 1582 5300 (Joan.
1618 5249 1732 5297 vtlt,
1764 5235 1832 5288 40
1856 5237 1871 5303 )
1898 5236 1920 5289 2
1960 5236 2207 5305 Nunquid

642 5318 708 5372 ad
739 5320 990 5372 deitatem
1026 5320 1252 5387 pertinet
1299 5323 1397 5373 hoc
1430 5322 1624 5375 dictum
1660 5340 1673 5377 :
1719 5322 1898 5376 Tristis
1934 5335 2009 5378 est
2036 5328 2209 5379 anima

634 5427 746 5465 mea
788 5428 945 5479 usque
988 5412 1055 5463 ad
1094 5421 1299 5464 mortem
1351 5412 1566 5481 (Matth.
1602 5430 1751 5480 Χινι,
1788 5416 1923 5484 38)?
1961 5415 2209 5485 Nunquid

639 5518 796 5558 causa
826 5507 913 5560 Dei
945 5507 1197 5573 scriptum
1230 5516 1311 5560 est
1337 5524 1348 5558 :
1387 5506 1518 5573 Quia
1549 5516 1744 5574 oportet
1770 5506 1963 5561 Filium
1990 5509 2207 5562 hominis

634 5599 800 5649 multa
826 5599 933 5667 pati
961 5615 993 5650 a
1022 5597 1319 5664 senioribus,
1349 5608 1393 5650 et
1427 5598 1737 5667 principibus
1776 5600 2122 5665 sacerdotum,
2156 5608 2201 5651 et

637 5686 834 5750 scribis,
866 5698 908 5741 et
936 5691 1116 5753 occidi,
1140 5699 1184 5743 et
1215 5691 1361 5742 tertia
1386 5689 1467 5741 die
1493 5704 1754 5757 resurgere
1784 5688 1936 5758 (Luc.
1974 5706 2052 5751 ix,
2084 5691 2201 5759 2‘2).

639 5772 897 5844 Nunquid
928 5791 1081 5831 causa
1119 5779 1209 5833 Dei
1261 5778 1376 5833 inec
1414 5779 1585 5833 oratio
1627 5772 1847 5835 offertur
1884 5797 1896 5834 :
1942 5779 2118 5847 Pater,
2159 5782 2203 5833 si

2313 4690 2453 4745 Sane
2477 4690 2560 4742 hic
2588 4688 2879 4742 secundum
2917 4687 3237 4741 invisibilem
3280 4682 3486 4739 deitatis
3521 4660 3768 4728 natur'tmt'o'l

2313 4794 2417 4834 non
2452 4780 2683 4833 hominis
2720 4779 2860 4833 dicta
2896 4780 3107 4845 accipe,
3149 4778 3374 4831 dicentis
3406 4791 3420 4825 :
3455 4772 3542 4836 Qui
3577 4777 3637 4813 me
3670 4749 3771 4848 ιῖξάιξξ

2308 4872 2439 4923 videt
2462 4879 2506 4922 et
2531 4869 2739 4922 Patrem
2758 4886 2919 4923 meum
2959 4844 3138 4938 (Joan.
3182 4885 3291 4932 ιη,
3340 4867 3415 4933 9).
3454 4858 3543 4915 Sed
3584 4860 3626 4905 ει
3657 4844 3769 4941 flii"?

2314 4963 2431 5016 loco
2464 4963 2601 5015 idem
2633 4961 2744 5029 ipse
2772 4920 3004 5028 repetit\:
3035 4959 3199 5012 Nemo
3235 4958 3358 5011 vidit
3390 4953 3600 5006 Patrem.
3628 4920 3773 5029 "mf:

2315 5055 2431 5106 lius.
2464 5051 2621 5104 Nemo
2643 5019 2732 5104 scit
2756 5019 2974 5115 Filium,
2995 5052 3095 5103 nisi
3118 5048 3273 5101 Pater
3296 5042 3499 5113 (Matth.
3524 5052 3583 5098 xl,
3598 5028 3684 5093 97h

2311 5105 2412 5194 hoc
2446 5156 2460 5195 :
2498 5140 2661 5195 Nemo
2690 5140 2812 5193 vidit
2847 5105 3009 5193 Deuin
3048 5152 3093 5192 et
3133 5140 3256 5192 vixit
3302 5105 3496 5207 iExod.
3533 5133 3679 5180 ιιιίι,

2308 5232 2411 5286 Sed
2442 5241 2497 5286 et
2522 5232 2808 5300 Apostolus
2831 5233 2894 5287 ad
2916 5232 3032 5286 haec
3062 5239 3286 5285 testatur
3365 5225 3459 5291 Qui
3483 5228 3545 5273 est

2309 5286 2585 5376 invisibili;
2623 5322 2757 5387 (Col.
2802 5338 2840 5389 l,
2874 5323 2986 5391 15).
3039 5322 3189 5389 Quod
3241 5286 3543 5388 ipse'VPater
3582 5286 3777 5393 invisibili:s

2311 5413 2539 5465 absolvit
2572 5430 2583 5463 :
2617 5410 2887 5464 Faciamus
2917 5412 3171 5465 hominem
3205 5410 3272 5463 ad
3314 5403 3565 5475 imaginem
3602 5400 3637 5444 ει
3659 5374 3779 5485 "imi?

2312 5504 2540 5557 tudinem
2566 5512 2790 5556 nostram
2822 5502 2971 5570 (Gen.
3003 5519 3040 5568 ι,
3069 5500 3183 5569 26).
3217 5498 3377 5554 Vides
3404 5504 3543 5546 unam
3575 5492 3669 5538 esse

2311 5596 2575 5650 sibilitatis
2619 5595 2814 5649 divina:
2855 5603 3057 5649 naturas
3098 5592 3376 5663 imaginem
3422 5580 3591 5639 Patris,
3610 5558 3779 5669 ﬁlim."

2315 5689 2419 5741 imo
2451 5698 2503 5741 et
2536 5689 2700 5742 sancti
2731 5687 2961 5755 Spiritus
3005 5700 3163 5754 pure,
3200 5660 3357 5755 quam
3401 5688 3543 5732 nemo
3579 5660 3685 5759 vidit

2313 5796 2467 5848 quam
2502 5749 2813 5848 hominum,
2860 5792 2957 5835 nec
2998 5749 3176 5835 videre
3218 5749 3413 5844 potest.
3453 5765 3572 5821 δίουί
3597 5749 3779 5815 “rw”

3835 2634 3837 2743 Υ

3839 3158 3841 3305 i
