3938 6376
609 338 719 395 259

1922 318 2145 397 VlGlLll
2184 342 2555 403 raessnsrs
3678 364 3745 423 tu

609 452 829 523 gratiam
856 457 973 503 ante
1004 448 1184 502 Deum.
1223 448 1355 503 Ecce
1377 451 1629 520 concipit's
1659 451 1711 505 in
1742 461 1905 516 utero,
1949 463 1996 507 et
2025 457 2189 520 paries
2219 464 2267 520 Α
2297 457 2459 511 Forte
2490 457 2731 510 dicturus
2760 470 2839 523 es,
2867 457 3076 513 Absens
3101 459 3168 514 ab
3198 460 3284 515 il'o
3320 471 3433 517 tunc
3465 465 3747 549 divitiusqus

610 544 797 611 ﬁlium,
824 550 872 594 et
894 542 1089 596 vocabis
1110 558 1291 595 nomen
1311 545 1421 609 eius
1448 542 1625 595 Jesum
1655 542 1809 612 (Luc.
1847 561 1895 610 ι,
1931 543 2025 614 50)
2049 563 2063 611 ;
2108 551 2189 602 vel

608 631 931 701 evangelista
963 632 1028 685 ad
1072 633 1186 686 haac
1218 642 1487 688 testante:
1524 633 1587 687 Et
1629 637 1825 703 peperit
1863 637 2030 703 ﬁlium
2076 640 2190 709 pri-

520 718 525 789 Ῐ
609 725 951 792 mogenitum,
987 733 1036 776 et
1076 724 1258 793 pannis
1297 741 1409 777 eum
1439 725 1671 789 involvit,
1719 737 1766 778 et
1808 730 1971 797 posuit
1997 744 2111 782 eum
2139 730 2191 782 in

610 814 856 883 prasepio
890 812 1037 881 (Luc.
1067 829 1121 877 ιι,
1157 815 1243 881 7);
1279 815 1323 868 si
1348 816 1622 883 phantasia
1662 817 1755 871 tibi
1801 819 2032 881 vidvtur,
2063 820 2190 889 quid

616 906 864 972 concepit
894 905 973 959 vel
1007 908 1229 973 peperit,
1260 917 1350 960 aut
1381 908 1503 976 quid
1546 910 1738 977 pannis
1785 910 2003 963 involvit
2044 919 2100 964 et
2140 912 2191 965 in

613 1006 860 1061 praesepe
889 993 1095 1061 posuit?
1129 993 1251 1048 Sive
1294 995 1395 1050 hoc
1423 998 1726 1066 exemplum
1771 1000 1986 1068 accipe,
2033 1014 2193 1069 ange-

611 1082 722 1135 lum
774 1085 838 1137 ad
889 1096 1134 1152 pastores
1182 1094 1468 1141 testantem
1497 1103 1509 1139 :
1546 1086 1609 1139 Et
1644 1089 1772 1142 dicit
1797 1089 1899 1143 illis
1934 1090 2147 1161 angelus
2170 1106 2190 1145 :

611 1172 793 1228 Nolite
828 1176 1198 1230 timere:Ecce
1249 1178 1381 1231 enim
1429 1180 1719 1250 evangelise
1760 1182 1894 1234 vobis
1946 1183 2191 1250 gaudium

612 1283 853 1337 magnum
882 1268 1020 1337 quod
1046 1270 1141 1322 erit
1170 1272 1309 1324 omni
1332 1272 1495 1341 plebi;
1522 1274 1644 1341 quia
1672 1282 1820 1327 natus
1840 1287 1911 1328 est
1938 1274 2075 1328 vobis
2098 1276 2192 1330 ho-

611 1359 694 1412 die
722 1358 984 1428 Salvator,
1008 1361 1094 1430 qui
1122 1371 1196 1415 est
1226 1360 1454 1417 Christus
1476 1362 1743 1431 Dominus,
1776 1368 1825 1420 in
1857 1367 2053 1422 civitate
2078 1368 2189 1423 Da-

612 1450 712 1502 vid.
748 1447 817 1503 Et
846 1450 943 1504 hoc
971 1452 1109 1505 vobis
1135 1454 1339 1521 signum
1382 1469 1399 1505 :
1432 1448 1702 1510 Invenietis
1733 1459 1976 1529 infantem
2011 1463 2191 1531 pannis

610 1542 899 1596 obvolutum
929 1551 976 1595 et
1024 1545 1248 1612 positum
1274 1545 1328 1598 in
1352 1549 1619 1615 praesepio.
1663 1548 1730 1601 Et
1765 1551 1931 1604 subito
1962 1552 2097 1621 facta
2121 1562 2195 1607 est

617 1648 733 1685 cum
755 1650 818 1687 eo
840 1634 1139 1705 angelorum
1164 1636 1431 1689 multitudo
1456 1640 1702 1692 exercitus
1735 1642 1943 1694 caelestis
1979 1644 2195 1695 laudan-

614 1722 741 1775 tium
762 1720 950 1787 Deum,
980 1732 1028 1776 et
1058 1725 1333 1778 dicentium
1359 1743 1378 1780 :
1401 1725 1579 1781 Gloria
1607 1730 1660 1782 in
1681 1732 1889 1785 excelsis
1916 1730 2047 1797 Deo,
2072 1743 2116 1786 et
2138 1734 2193 1788 in

613 1822 749 1867 terra
788 1830 892 1883 pas:
933 1817 1218 1871 [caminibus
1250 1818 1394 1873 bona:
1434 1820 1708 1877 voluntatis
1745 1822 1930 1893 (Ibid.,
1975 1825 2193 1897 ill-l3),

615 1903 863 1973 Nunquid
886 1920 981 1975 pro
1003 1906 1312 1976 phantasma
1334 1911 1507 1979 angeli
1536 1913 1936 1968 exsultaverunt
1956 1915 2010 1969 in
2036 1916 2197 1971 cosio?

624 1995 870 2065 Nunquid
902 1997 1177 2066 phantasia
1219 1998 1318 2054 fuit
1362 2002 1501 2071 quod
1529 2003 1888 2059 adoraverunt
1935 2007 2071 2075 magi
2101 2021 2197 2062 ve-

622 2085 831 2140 nientes
874 2086 942 2141 ah
984 2087 1239 2143 Oriente?
1289 2090 1534 2161 Nunquid
1579 2093 1857 2163 phantasia
1903 2097 2197 2151 secundum

620 2178 793 2245 legem
827 2186 1014 2261 octava
1052 2180 1142 2234 (ιθ
1186 2181 1429 2236 manibus
1468 2185 1714 2253 palpatur
1740 2187 1820 2240 vel
1865 2186 2199 2241 circumcidi-

618 2268 744 2321 tur?
774 2268 1018 2338 Nunquid
1061 2284 1158 2338 pro
1202 2271 1480 2340 phantasia
1532 2274 1760 2330 infantes
1813 2277 1976 2332 occisi
2031 2278 2199 2332 sunt?

622 2357 866 2428 Nunquid
891 2360 1167 2429 phantasia
1186 2361 1420 2418 Joannes
1441 2367 1685 2420 manibus
1705 2376 1899 2422 attrect
1916 2384 1995 2423 ins
2024 2369 2197 2438 bapti-

615 2450 792 2505 zavit?
834 2451 1081 2520 Nunquid
1120 2453 1431 2523 phantasma
1488 2466 1603 2511 erat
1658 2472 1822 2528 super
1868 2476 2025 2529 quem
2065 2462 2197 2517 vidit

613 2541 847 2619 Joannes
886 2543 1143 2612 Spiritum
1196 2557 1437 2602 sanctum
1491 2550 1542 2603 in
1582 2553 1761 2620 specie
1814 2554 2078 2609 columba:
2112 2569 2198 2610 ve-

611 2632 846 2688 nientem
880 2640 935 2689 et
960 2644 1265 2691 manentem
1299 2637 1351 2692 in
1385 2639 1483 2692 eo?
1509 2640 1757 2711 Nunquid
1790 2644 2063 2711 phantasia
2106 2660 2195 2715 pe-

612 2723 709 2780 des
734 2724 1115 2794 discipulorum
1139 2730 1384 2784 manibus
1410 2731 1570 2786 lavit?
1599 2734 1845 2805 Nunquid
1880 2738 2191 2805 phantasma

614 2830 744 2871 vere
772 2815 1109 2871 manducavit
1138 2828 1189 2872 et
1216 2818 1381 2873 bibit?
1408 2820 1658 2891 Nunquid
1707 2825 1979 2894 phantaia
2026 2828 2191 2881 lutum

613 2906 680 2959 de
709 2914 869 2974 sputo
901 2904 1046 2973 fecit,
1074 2916 1129 2962 et
1160 2907 1333 2963 linivit
1355 2912 1538 2966 oculos
1558 2915 1707 2980 caeci,
1756 2926 1810 2970 et
1858 2917 2022 2971 vidit?
2053 2917 2194 2972 Nun-

614 2995 737 3063 quid
769 2995 1046 3064 phantasia
1078 2997 1336 3054 Lazarum
1373 3002 1626 3058 fetentem
1667 3016 1858 3076 quanto
1901 3007 1987 3062 die
2025 3011 2194 3062 susci-

616 3088 780 3141 tavit?
804 3087 1049 3157 Nunquid
1082 3090 1355 3159 phantasia
1380 3096 1596 3149 unicutn
1628 3099 1782 3152 matri
1819 3113 1929 3154 suae
1957 3100 2196 3155 viviﬁca-

616 3178 728 3230 vit?
748 3177 995 3248 Nunquid
1026 3180 1302 3251 phantasia
1333 3187 1634 3239 centurioni
1662 3204 1885 3257 puerum
1925 3190 2194 3245 condona—

616 3268 725 3322 vit?
772 3268 1020 3339 Nunquid
1076 3273 1351 3339 phantasia
1417 3276 1468 3329 in
1527 3291 1685 3332 cruce
1742 3280 2023 3347 pependit,
2069 3298 2190 3337 cum

616 3358 945 3415 tremefactis
970 3361 1276 3416 cardinibus
1316 3366 1495 3419 mundi
1550 3367 1735 3422 videns
1788 3373 2031 3426 centurio
2059 3386 2190 3426 con-

615 3450 907 3506 fessionem
952 3452 1117 3516 dedit,
1171 3454 1375 3523 d.cens,
1437 3463 1565 3511 Vere
1616 3457 1786 3513 Filius
1842 3459 1941 3514 Dei
1990 3474 2061 3516 est
2111 3462 2195 3517 hic

611 3539 832 3612 (Matth.
863 3542 1182 3613 xxvu,54)?
1226 3544 1470 3616 Nunquid
1514 3550 1845 3618 phantasiam
1878 3554 1929 3605 in
1969 3552 2195 3609 sindone

617 3634 845 3686 involvit.
889 3633 1112 3704 Joseplt,
1155 3648 1209 3690 et
1255 3639 1429 3707 posuit
1452 3639 1503 3694 in
1539 3643 1918 3698 monumento?
1948 3644 2193 3715 Nunquid

614 3723 932 3791 phantasma
974 3740 1002 3777 a
1048 3727 1267 3781 mortuis
1298 3739 1415 3797 post
1456 3740 1535 3785 tre
1602 3733 1717 3786 dies
1756 3736 2087 3802 resurrexit,
2138 3744 2196 3792 et

612 3814 652 3868 ἱ.
687 3815 851 3868 caelos
875 3817 1134 3883 ascendit,
1159 3828 1213 3872 et
1241 3822 1381 3874 sedit
1408 3822 1472 3875 ad
1496 3825 1767 3879 dexteram
1794 3828 2001 3882 Patris?
2019 3830 2190 3898 Absit,

608 3920 652 3959 Io
689 3905 1008 3973 Manichae,
1041 3909 1093 3963 in
1119 3925 1226 3980 quo
1255 3911 1501 3968 diabolus
1533 3917 1778 3971 univetsa
1825 3924 2191 3989 phantasmata

606 3998 818 4051 erroris
830 4009 907 4050 cst
926 4010 1178 4068 operatus
1205 4018 1218 4054 :
1248 4005 1545 4072 prtesertim
1561 4020 1681 4061 cum
1695 4009 1807 4062 haec
1828 4019 2018 4065 cuncta
2038 4027 2195 4081 supe-

606 4089 726 4142 sius
757 4101 1069 4155 memorata,
1096 4108 1213 4161 qua:
1229 4095 1534 4163 specialiter
1564 4112 1660 4166 pro
1691 4099 1907 4156 homine
1933 4102 2191 4158 mirabilia

612 4178 904 4245 suntdicta,
922 4181 1061 4236 Deus
1076 4197 1233 4238 Verus
1252 4187 1301 4238 in
1319 4187 1481 4257 229
1498 4188 1731 4255 homine,
1744 4198 1837 4244 aut
1847 4208 1943 4261 pro
1956 4192 2188 4262 homine,

606 4277 706 4320 aut
725 4284 819 4335 per
840 4270 1107 4326 hominem
1121 4289 1303 4328 verum
1317 4279 1385 4330 sit
1401 4290 1671 4345 oueratus.
1692 4280 1919 4352 Ideoque
1931 4297 2192 4354 cognosce

610 4357 667 4413 in
701 4359 800 4411 hoc
832 4361 947 4414 loco
976 4371 1031 4416 et
1061 4373 1138 4431 tu,
1170 4380 1202 4418 o
1229 4368 1447 4432 Ariane,
1480 4386 1635 4439 quem
1682 4373 1926 4430 diabolus
1966 4378 2020 4430 in
2063 4392 2190 4447 agro

608 4448 886 4504 dominico
914 4451 1052 4506 inter
1083 4452 1278 4508 bonum
1319 4457 1549 4514 triticum
1588 4479 1748 4519 ausus
1779 4476 1863 4521 est
1901 4467 1965 4520 ad
2015 4470 2192 4523 eradi-

610 4540 842 4593 candum
878 4557 1061 4597 semen
1099 4560 1255 4599 suum
1278 4547 1501 4604 zizania:
1531 4557 1820 4623 seminare,
1847 4568 1902 4612 ut
1932 4564 2183 4631 scriptum

613 4636 697 4683 est
727 4646 738 4680 :
770 4629 890 4684 Scio
934 4647 1087 4701 opera
1115 4642 1220 4703 tua,
1255 4641 1392 4707 quod
1419 4656 1601 4696 nomen
1641 4645 1793 4701 habes
1825 4656 2020 4704 tantum
2044 4629 2181 4722 quod

613 4720 775 4785 vivas,
808 4730 854 4775 et
889 4738 1000 4777 ecce
1028 4736 1256 4781 mortuus
1279 4746 1348 4783 es.
1375 4730 1498 4786 Esto
1523 4734 1690 4804 itaque
1716 4740 1950 4808 vigilans,
1982 4754 2030 4797 et
2058 4720 2182 4798 con-

614 4808 835 4863 stabilito
855 4813 1048 4881 reliqua
1068 4830 1178 4883 qua:
1207 4820 1451 4873 moritura
1477 4834 1611 4877 sunt.
1648 4825 1769 4880 Non
1812 4832 1946 4882 enim
1986 4834 2184 4889 invenio

612 4913 767 4969 apem
780 4912 862 4954 tua
873 4903 1020 4973 plena
1049 4921 1220 4960 coram
1247 4909 1482 4967 Domino.
1501 4914 1746 4971 Memento
1758 4926 2183 4990 quemadmodum

611 4997 863 5065 acceperis
874 5002 1181 5067 etquomodo
1200 5004 1458 5072 audieris;
1478 5025 1619 5063 serva
1639 5023 1686 5065 et
1706 5029 1800 5084 age
1820 5020 2184 5083 paenitentiam.

613 5085 713 5140 Sin
734 5101 865 5152 vero,
884 5092 1078 5143 veniam
1101 5095 1166 5144 ad
1192 5102 1237 5146 te
1258 5106 1309 5147 ut
1331 5096 1435 5165 fur,
1459 5112 1503 5151 et
1526 5105 1686 5156 nescis
1712 5122 1811 5173 qua
1835 5106 1963 5161 hora
1984 5112 2184 5165 veniam

610 5180 682 5233 ad
703 5191 748 5232 te
775 5180 957 5251 (Apoc.
980 5199 1056 5251 Ill,
1076 5185 1152 5255 ‘2).
1176 5190 1359 5253 Audis,
1383 5208 1415 5245 ο
1437 5194 1706 5263 lia-retice,
1729 5200 1818 5269 qui
1845 5218 2039 5259 nomen
2068 5217 2186 5261 tan-

612 5281 724 5326 tum
778 5272 1065 5330 Christiani
1116 5279 1300 5349 habes,
1332 5294 1386 5337 et
1417 5302 1508 5340 ore
1538 5288 1732 5345 diaboli
1777 5292 2045 5362 loqueris,
2088 5299 2180 5368 qui

610 5363 828 5433 ignoras
857 5381 1013 5422 causa
1042 5370 1258 5441 dispens
1277 5371 1456 5432 ttioiiis
1486 5379 1715 5436 hominis
1741 5385 1941 5440 dictum
1972 5363 2138 5449 fuisse
2168 5412 2181 5448 :

615 5454 716 5519 Qui
739 5472 818 5510 me
841 5459 996 5528 misit,
1029 5465 1193 5533 major
1221 5482 1299 5519 me
1325 5478 1398 5521 est
1428 5469 1607 5541 (Joan.
1642 5492 1745 5540 xw,
1779 5477 1896 5547 28‘).

684 5549 985 5608 ﬂwreticus.
1031 5556 1143 5625 Dic,
1177 5560 1506 5631 orthodoxe,
1556 5570 1600 5622 si
1647 5586 1742 5640 pro
1788 5575 2183 5645 dispensatione

614 5637 868 5710 hominis,
904 5655 961 5702 ut
984 5651 1201 5721 asseris,
1239 5656 1466 5723 positum
1498 5668 1619 5716 est:
1648 5662 1748 5728 Qui
1791 5683 1868 5721 me
1916 5673 2051 5726 misit
2076 5693 2185 5729 nta-

610 5732 698 5806 jor
725 5753 803 5794 me
827 5750 933 5811 est,
968 5759 1094 5818 ergo
1129 5764 1236 5819 quo
1276 5761 1514 5823 tempore
1557 5759 1661 5816 mis
1694 5776 1754 5817 us
1791 5778 1821 5820 a
1864 5765 2021 5824 Patre
2058 5777 2183 5831 est?

2295 548 2461 601 fuisse
2483 549 2850 616 cognoscitur.

2364 639 2698 695 Athanasius.
2743 640 2789 695 0
2823 641 2955 696 satis
2990 642 3208 697 confusa
3256 646 3560 703 conscientia?
3592 654 3748 718 cacitas,

2294 746 2413 800 qua:
2438 746 2657 800 prorsus
2695 733 2963 803 serpentis
2991 749 3195 789 veneno
3231 749 3287 790 es
3328 736 3526 792 inlecta!
3565 739 3704 811 Utique
3722 748 3748 800 si

2293 827 2485 881 absens
2513 843 2541 881 a
2578 825 2734 883 Patre
2761 828 2876 894 fuit,
2909 828 3177 897 quomodo
3200 829 3410 884 indivisa
3438 840 3594 885 natura
3619 845 3699 897 est;
3720 848 3749 889 et

2292 919 2336 972 si
2361 919 2565 973 divisus
2594 928 2695 984 est,
2731 920 3000 988 quomodo
3048 934 3183 973 unus
3226 922 3277 973 in
3317 935 3414 975 uno
3439 922 3545 974 est?
3563 922 3664 976 Etsi
3694 926 3749 979 ab.

2294 1028 2418 1068 scus
2446 1004 2713 1081 fuit,'cum
2747 1015 2800 1067 in
2833 1014 3047 1068 homine
3073 1013 3166 1067 fuit
3196 1023 3247 1067 et
3275 1024 3349 1068 est
3368 1055 3381 1079 ,
3407 1029 3492 1068 cur
3523 1030 3547 1067 a
3574 1014 3749 1082 piscatore

2292 1107 2496 1161 Joanne
2564 1106 2717 1161 nobis
2784 1107 2835 1159 in
2889 1106 3006 1159 sinu
3055 1105 3224 1159 Patrfs
3266 1120 3421 1174 agens
3460 1119 3581 1157 unius
3611 1118 3749 1172 sempr

2293 1199 2637 1252 annuntiatus
2663 1206 2745 1252 est
2785 1196 2993 1250 dicente
3027 1214 3038 1248 :
3074 1196 3233 1248 Deum
3278 1210 3413 1249 nemo
3442 1194 3550 1249 vidit
3584 1210 3747 1260 unquam,

2294 1292 2393 1343 nisi
2425 1289 2746 1358 Unigenitus,
2786 1286 2871 1355 qui
2911 1298 2983 1340 cst
3029 1287 3082 1339 in
3122 1286 3238 1339 sinu
3262 1283 3442 1346 Patris,
3470 1284 3561 1351 ipse
3582 1280 3749 1333 euenerit

2294 1382 2473 1455 (Joan.
2504 1396 2543 1447 ι,
2577 1382 2708 1449 ιδγι
2741 1378 2980 1446 Denique
3009 1376 3076 1431 ad
3112 1376 3227 1429 hatc
3263 1376 3426 1443 ipsum
3467 1371 3570 1426 audi
3606 1372 3750 1438 loquen-

2296 1482 2403 1528 tem
2435 1490 2448 1526 :
2487 1471 2650 1526 Verba
2680 1486 2792 1539 qum
2815 1470 2951 1523 vobis
2977 1469 3174 1522 locutus
3196 1483 3304 1520 sum
3331 1482 3426 1519 non
3450 1474 3549 1518 sunt
3579 1479 3675 1525 mea,
3698 1462 3750 1513 sed

2293 1558 2405 1633 ejus
2430 1563 2516 1632 qui
2544 1578 2623 1616 me
2644 1562 2778 1614 misit
2809 1559 2981 1613 Patris
3012 1557 3191 1629 (Joan.
3228 1573 3333 1624 xw,
3358 1555 3467 1649 2d).
3493 1554 3581 1609 Sed
3603 1552 3749 1649 lethaei

2299 1651 2469 1723 Opera
2488 1667 2600 1722 quae
2627 1666 2718 1721 ego
2740 1651 2874 1718 facio
2900 1664 3001 1701 non
3024 1658 3139 1701 sunt
3163 1663 3293 1714 mea,
3315 1645 3399 1699 sed
3426 1647 3523 1712 ejus
3545 1642 3614 1711 qui
3629 1655 3683 1691 me
3700 1642 3749 1689 ni

2293 1741 2569 1809 sitPatris,
2602 1743 2708 1812 ipse
2729 1752 2966 1811 aperatur
3002 1755 3157 1808 Opera
3178 1756 3273 1792 sua
3295 1736 3463 1808 (Joan.
3488 1750 3579 1797 xlv,
3606 1729 3749 1797 l0).Et,

2305 1832 2366 1887 Si
2395 1832 2518 1885 ntihi
2544 1849 2643 1885 non
2665 1832 2888 1897 creditis,
2916 1832 3151 1897 operibus
3175 1829 3386 1892 credite,
3413 1826 3520 1896 quia
3543 1840 3614 1893 ego
3634 1824 3671 1875 in
3687 1819 3750 1871 Ρι-

2302 1930 2399 1991 tre,
2431 1902 2477 1977 et
2505 1923 2661 1978 Pater
2688 1924 2741 1976 in
2762 1937 2840 1977 me
2872 1921 3049 1993 (Joan.
3084 1938 3133 1987 ι,
3159 1921 3275 1991 58).
3303 1921 3434 1995 [gere
3454 1918 3568 1973 Filio
3591 1916 3751 1984 loquente

2298 2012 2457 2070 Pater
2486 2014 2739 2083 10quitur,
2768 2024 2820 2067 et
2847 2022 3103 2083 operante
3131 2012 3264 2067 Filio
3302 2012 3449 2065 Pater
3480 2009 3622 2063 uniter
3636 2018 3750 2073 open-

2299 2118 2404 2178 tur,
2438 2119 2495 2166 et
2518 2120 2769 2165 manente
2798 2111 3021 2166 Patrein
3048 2110 3207 2174 Filio,
3228 2115 3404 2163 manet
3422 2105 3568 2161 Filius
3583 2103 3623 2157 in
3643 2101 3749 2154 Patre.

2303 2201 2463 2256 Vides
2510 2200 2789 2255 indivisatn
2835 2215 2955 2256 esse
3002 2211 3250 2255 naturam
3283 2198 3550 2254 divinitatis
3584 2191 3750 2248 Patriset

2298 2295 2441 2363 Filii,
2464 2298 2591 2350 dum
2618 2295 2763 2365 quod
2793 2295 3027 2365 loquitur
3049 2304 3241 2348 natura
3269 2292 3417 2357 Filii,
3445 2290 3592 2344 uniter
3605 2284 3751 2352 loquitur

2298 2402 2351 2445 et
2381 2392 2583 2455 Patris;
2626 2400 2680 2446 et
2719 2390 2859 2459 quod
2906 2399 3158 2459 operatur
3208 2398 3395 2442 natura
3422 2386 3545 2449 Filii,
3581 2383 3665 2435 hac
3688 2379 3750 2445 iw

2299 2481 2474 2535 uniter
2503 2495 2689 2535 natura
2736 2480 3024 2535 divinitatis
3060 2490 3314 2551 operatur
3344 2488 3397 2534 et
3423 2477 3591 2532 Patris.
3612 2472 3660 2525 Et
3683 2480 3752 2521 ω

2299 2582 2478 2626 manet
2508 2572 2823 2627 naturaliter
2857 2572 3021 2627 Filius
3044 2573 3094 2625 in
3124 2571 3306 2635 Patre,
3338 2570 3469 2625 idem
3498 2564 3670 2621 in'vicem
3691 2573 3750 2611 nt:-

2299 2674 2390 2721 net
2428 2666 2857 2721 substantialiter
2891 2675 2947 2723 et
2984 2667 3141 2721 Pater
3171 2665 3230 2721 in
3255 2666 3408 2721 Filio.
3435 2662 3567 2720 Unde
3591 2668 3633 2714 ut
3649 2662 3750 2711 certus

2297 2758 2371 2811 sis
2398 2756 2537 2812 inter
2566 2767 2847 2812 exeuntem
2876 2766 2931 2811 et
2958 2772 2987 2810 a
3015 2771 3119 2826 quo
3144 2757 3361 2820 exierit,
3393 2764 3443 2809 ut
3470 2753 3566 2822 ipse
3587 2748 3667 2802 ait:
3688 2740 3749 2812 [ιδ

2298 2863 2329 2900 a
2362 2845 2518 2901 Patre
2542 2849 2701 2913 exivi,
2745 2848 2903 2919 23o
2932 2856 2978 2900 et
3017 2849 3129 2901 veni
3160 2845 3339 2917 (Jomi.
3384 2860 3485 2909 XVI.
3511 2841 3604 2911 93),
3625 2836 3751 2933 mil"?

2297 2936 2348 2990 in
2380 2940 2621 3006 personis
2648 2941 3019 3004 ostenduntur,
3044 2950 3096 2993 et
3127 2954 3237 2993 non
3269 2940 3409 2993 unita
3443 2933 3660 3006 plenitudo
3677 2926 3751 2981 diti-

2296 3030 2476 3084 uitatis
2505 3046 2623 3100 quae
2648 3040 2730 3085 est
2758 3030 3066 3095 indiscreta,
3099 3030 3394 3085 dividithr:
3425 3029 3536 3083 dum
3568 3023 3635 3094 qui
3660 3016 3750 3073 sit-

2297 3131 2378 3177 tre
2408 3120 2527 3188 fuit,
2568 3130 2622 3177 et
2668 3130 2772 3188 est,
2826 3130 2887 3176 ut.
2928 3123 3042 3191 ipse
3089 3132 3352 3176 testatur:
3388 3120 3487 3190 ligo
3521 3118 3566 3170 in
3592 3109 3750 3202 Ροπττξί

2296 3214 2452 3270 Pater
2469 3217 2521 3270 in
2546 3232 2624 3270 me
2644 3226 2717 3270 est
2747 3214 2925 3287 (Joan.
2952 3231 3055 3279 xlv,
3086 3214 3199 3281 ll).
3224 3211 3481 3271 Przetere‘a
3505 3209 3608 3264 dum
3631 3209 3668 3256 et
3686 3195 3751 3250 ubi

2296 3321 2401 3377 que
2455 3320 2690 3375 praesens
2743 3307 2811 3360 sit
2842 3306 2955 3360 haec
3008 3306 3228 3361 unitatis
3275 3302 3550 3376 plenitudo,
3587 3304 3628 3351 et
3660 3299 3751 3342 omne

2295 3396 2583 3466 adimpleat
2607 3397 2830 3452 interius
2856 3407 2907 3451 et
2938 3400 3203 3464 exterius,
3226 3413 3255 3452 a
3287 3397 3567 3452 summitate
3587 3385 3751 3442 calorum

2297 3502 2465 3557 usque
2493 3487 2558 3541 ad
2583 3487 2904 3557 profundum
2936 3487 3256 3556 inferorum,
3284 3491 3417 3544 sicut
3450 3485 3655 3554 scriptum
3680 3480 3751 3526 et:

2295 3578 2408 3652 Ego
2447 3579 2695 3634 Dominus
2735 3579 2871 3635 Deus
2912 3582 3000 3651 qui
3042 3583 3228 3652 impleo
3262 3584 3465 3647 calum,
3501 3589 3541 3632 et
3573 3571 3751 3664 terrenti

2296 3671 2466 3724 omnia
2493 3687 2605 3739 quae
2634 3673 2687 3725 in
2720 3672 2791 3725 eis
2831 3683 2949 3725 sunt
2973 3671 3185 3743 (Jerem.
3222 3691 3384 3741 mu,
3414 3672 3517 3743 24).
3548 3667 3666 3721 ὶίάις

2296 3772 2403 3818 tam
2431 3780 2550 3821 esse
2588 3766 2723 3822 hanc
2769 3766 3175 3838 plenitudinem,
3211 3771 3534 3825 indiscretum
3569 3775 3658 3818 esse
3674 3755 3752 3808 ditis

2296 3854 2535 3909 nitatem.
2566 3855 2744 3927 Itaque
2773 3861 3075 3922 censidera,
3101 3863 3223 3929 quia
3246 3861 3491 3932 quidquid
3522 3856 3576 3912 ad
3594 3854 3752 3908 deitatem

2294 3945 2540 4012 refertur,
2575 3948 2829 4002 unitatem
2862 3951 3200 4006 indiscreta")
3251 3968 3370 4009 esse
3408 3934 3753 4035 designatzquil'

2294 4034 2421 4103 quid
2466 4050 2683 4092 causam
2724 4039 2958 4094 hominis
2999 4042 3232 4111 iudicat,
3267 4057 3503 4099 naturam
3542 4034 3755 4095 ιηιιιωίιιιις

2293 4126 2544 4193 ostendit,
2574 4128 2709 4183 sicut
2740 4129 2855 4199 ipse
2884 4133 2978 4198 ait,
3012 4133 3243 4199 Spiritus
3287 4151 3482 4190 carnem
3511 4143 3550 4187 et
3588 4142 3673 4183 assa
3698 4133 3753 4173 ιθπ

2293 4224 2457 4284 habet,
2485 4222 2615 4275 sicut
2657 4240 2734 4276 me
2760 4224 2935 4277 videtis
2966 4226 3153 4281 habere
3185 4228 3337 4296 (Luc.
3370 4245 3505 4292 xxtv,
3528 4224 3618 4291 59).
3643 4219 3755 4273 Nonne

2293 4311 2345 4364 in
2399 4311 2499 4365 hoc
2544 4311 2688 4367 dicto
2741 4314 3008 4370 hominem
3058 4320 3339 4373 ostendit?
3392 4319 3512 4374 Nam
3562 4306 3754 4367 secondum

2293 4398 2459 4455 Deum
2486 4402 2563 4455 sic
2603 4417 2916 4470 prosecutus
2952 4419 3033 4462 est
3058 4428 3068 4459 ε
3098 4409 3328 4479 Spiritus
3374 4421 3442 4465 est
3476 4409 3552 4479 qui
3581 4401 3754 4467 virilia":

2291 4507 2408 4545 nam
2430 4508 2549 4546 caro
2571 4493 2702 4546 nihil
2724 4497 2964 4564 prodest:
2989 4499 3135 4551 verba
3164 4516 3279 4567 qua:
3317 4517 3407 4570 ego
3427 4502 3601 4553 locutus
3620 4497 3756 4544 ιιιιιιεθ·

2215 4600 2263 4659 ι)
2290 4582 2383 4648 bis,
2416 4586 2623 4652 spiritus
2650 4595 2697 4639 et
2719 4590 2816 4641 vita
2835 4600 2954 4642 sunt
2985 4589 3163 4661 (Joan.
3204 4610 3277 4659 vi,
3307 4593 3417 4664 64).
3450 4593 3586 4645 Vides
3607 4585 3690 4654 quia
3709 4573 3758 4630 ubi

2289 4677 2658 4732 auctoritatem
2682 4680 2861 4745 refert,
2885 4683 3213 4743 divinitatem
3248 4690 3515 4743 indivisam
3542 4697 3635 4739 esse
3648 4685 3758 4731 osten-

2291 4766 2395 4831 ἀὶι;
2423 4767 2508 4820 ubi
2530 4768 2594 4822 ad
2615 4770 2904 4838 hominem,
2924 4786 3162 4831 naturam
3185 4779 3500 4834 inﬁrmitatis
3514 4776 3707 4841 designat.
3718 4764 3761 4815 At

2292 4871 2387 4925 per
2409 4859 2509 4911 hoc
2532 4862 2703 4913 omnis
2732 4872 2964 4929 potestas
2997 4867 3108 4922 Deo
3137 4880 3220 4924 est
3256 4869 3573 4932 ascribenda,
3596 4875 3635 4917 et
3653 4853 3761 4912 omnis

2295 4948 2577 5005 infirmitas
2600 4952 2801 5008 homini
2829 4966 2912 5012 est
2936 4959 3265 5029 imputanda,
3306 4966 3440 5019 sicut
3464 4965 3563 5033 ipse
3587 4960 3643 5011 ait
3664 4972 3672 5004 :
3694 4946 3763 5002 Τνδ·

2294 5044 2385 5095 stis
2413 5053 2487 5096 est
2507 5048 2678 5099 anima
2703 5065 2814 5103 mea
2834 5067 2987 5121 usque
3008 5055 3076 5108 ad
3102 5068 3313 5112 mortem
3341 5059 3539 5131 (Matth.
3560 5067 3672 5110 uti.
3692 5043 3761 5109 5⁸)·

2294 5134 2464 5204 Rogo,
2496 5139 2585 5205 qui
2624 5141 2827 5210 major?
2860 5145 2949 5214 qui
2983 5150 3297 5218 assumpsit,
3330 5166 3396 5204 an
3436 5151 3516 5219 qui
3552 5143 3765 5202 assumi)ms

2293 5230 2409 5282 est?
2443 5229 2613 5299 Deus,
2658 5248 2725 5288 an
2769 5238 2962 5291 homo?
2990 5239 3090 5295 hoc
3133 5252 3215 5297 est
3244 5243 3414 5298 forma
3444 5243 3546 5307 Dei,
3582 5233 3765 5292 aulam“I

2291 5320 2435 5372 servi
2468 5319 2732 5379 hominis?
2754 5328 2840 5395 qui
2868 5329 3144 5397 clariﬁcat,
3169 5344 3262 5389 aut
3286 5339 3372 5404 qui
3403 5334 3677 5390 clarificattts
3694 5314 3768 5375 θείῗ

2292 5409 2427 5463 sicut
2453 5412 2567 5481 ipse
2590 5414 2756 5470 dicit:
2785 5418 2937 5474 Nunc
2972 5423 3285 5493 clari/iratus
3319 5438 3393 5483 est
3421 5427 3575 5481 Filius
3603 5413 3768 5473 Ιιοιιιίκίει

2292 5510 2337 5552 et
2372 5498 2505 5555 Deus
2534 5504 2888 5575 honori/ienuit
2914 5529 3026 5567 eum
3061 5519 3112 5570 in
3146 5534 3199 5573 se
3239 5520 3417 5589 (loan.
3446 5536 3547 5583 χιιι,
3568 5515 3659 5583 31)-
3682 5507 3755 5561 Co“

2282 5592 2465 5648 sidera
2492 5596 2603 5665 jam
2640 5600 2691 5655 in
2740 5604 2821 5659 his
2864 5605 3021 5664 dictis
3048 5627 3201 5667 unam
3234 5630 3509 5683 personam
3533 5606 3687 5679 duplici
3714 5613 3771 5652 ωε

2291 5689 2481 5744 cabulo
2525 5691 2850 5753 declaratam
2891 5716 3031 5765 esse,
3076 5708 3165 5762 Dei
3215 5719 3272 5763 et
3314 5709 3553 5773 hominis,
3588 5692 3772 5770 ΑΡ⁰⁶¹⁰¹⁰

2292 5777 2543 5837 dicente:
2581 5784 2726 5843 Unus
2772 5792 2903 5846 enim
2942 5794 3103 5861 Deus,
3153 5816 3285 5856 unus
3324 5812 3369 5858 et
3404 5800 3623 5857 mediator
3657 5787 3769 5844 οειει
