3938 6376
145 366 236 428 2t]

1367 368 1449 423 DE
1489 363 1858 423 TlllNlTATE
1903 365 2031 421 LIB.
2074 368 2156 422 Ill.

3274 380 3382 437 26!

145 481 425 545 hominum,
467 480 620 533 homo
660 478 886 533 Christus
925 478 1073 531 .lesus
1112 476 1162 547 (1
1196 476 1330 531 Τιηι.
1377 495 1433 542 ιι,
1460 478 1541 548 5).
1570 477 1694 532 Sive
1724 478 1777 537 Α
1803 492 1881 529 me
1902 478 2038 530 misit
2074 481 2240 547 major
2263 493 2342 534 me
2365 488 2438 534 est
2478 480 2657 551 (Joan.
2702 481 2964 546 xtv,28l.
3004 484 3133 539 Slve
3176 487 3234 541 iu
3279 489 3381 546 hoc

146 573 273 626 hoc:
301 569 554 623 Mediator
574 582 742 623 autem
768 572 917 623 unius
944 586 1041 622 non
1070 578 1161 621 est.
1201 568 1335 622 Deus
1362 578 1530 622 autem
1571 585 1705 622 unus

144 671 209 716 est
237 659 379 732 (Gal.
414 675 491 723 tn,
519 660 628 725 20).
692 660 848 713 Vides
889 674 1049 713 unum
1095 674 1213 712 csse
1250 659 1433 724 Deum,
1489 669 1543 712 et
1598 674 1703 711 non

142 752 359 804 alterum
379 749 435 804 in
461 764 684 818 perSuna
706 765 826 804 esse
857 750 1200 804 mediatorum
1224 749 1315 802 Dci
1334 758 1388 803 et
1404 749 1697 814 hominum,

141 841 400 894 Christum
432 838 633 893 Iesum.
666 839 771 893 Sed
793 855 823 893 e
846 839 1059 894 diverso
1085 839 1220 893 dicis
1248 840 1397 903 mihi,
1425 840 1699 894 hmretice:

143 931 189 982 lu
228 946 332 983 una
368 945 595 998 persona
625 930 747 999 quit
788 937 960 998 potest
1008 930 1277 984 discerni?
1329 931 1469 1000 Ergo
1511 931 1554 985 si
1598 944 1701 986 non

139 1022 416 1086 discernis,
441 1030 620 1074 certus
645 1029 761 1075 esto
809 1023 931 1089 quia
962 1030 1015 1075 et
1044 1021 1293 1085 deitatem
1318 1036 1527 1091 passam
1546 1022 1703 1076 simul

138 1123 250 1162 esse
278 1108 535 1163 ostendis.
567 1108 741 1164 Etcur
770 1120 822 1163 tu
856 1111 907 1164 in
926 1125 1030 1164 uno
1049 1110 1261 1166 homine
1287 1127 1500 1166 causam
1514 1112 1702 1167 animas

138 1200 413 1264 discernis,
456 1200 706 1255 hmretice
759 1202 1049 1255 secundum
1088 1202 1411 1257 dominicum
1479 1202 1700 1270 dictum,

137 1305 195 1343 ro
218 1291 362 1360 quod
391 1305 495 1345 non
525 1290 718 1346 debeat
747 1291 923 1345 timeri
946 1294 1123 1357 homo,
1146 1294 1236 1361 qui
1262 1292 1454 1348 habeat
1475 1304 1704 1362 potesta-

136 1392 232 1435 tem
266 1383 517 1437 occidere
536 1396 758 1451 corpus,
782 1384 1012 1437 animam
1035 1394 1209 1438 autem
1242 1400 1345 1439 non
1376 1388 1541 1453 possit
1562 1386 1704 1440 occi-

135 1474 291 1528 dere?
324 1474 380 1529 Si
410 1483 465 1528 tu
493 1474 548 1528 in
582 1478 676 1528 hac
712 1489 869 1529 causa
908 1475 1139 1529 animam
1174 1474 1329 1547 331
1362 1487 1564 1531 tantum
1595 1479 1704 1532 dis-

134 1564 307 1616 cernis
330 1564 381 1615 in
408 1578 510 1617 una
554 1578 779 1631 persona
821 1563 1071 1628 hominis,
1103 1580 1221 1634 qua:
1259 1565 1325 1619 ab
1357 1566 1568 1619 Itom‘ne
1594 1580 1701 1622 non

137 1653 490 1707 interimitur:
521 1664 721 1723 quanto
760 1656 925 1723 magis
956 1670 1053 1708 nos
1084 1654 1135 1708 in
1162 1670 1262 1709 una
1287 1670 1512 1724 persona
1538 1656 1627 1710 Dei
1650 1664 1702 1711 et

133 1743 379 1808 hominis,
414 1744 514 1798 hoc
557 1753 657 1809 cst,
691 1744 807 1798 Filii
856 1745 977 1809 llei,
1010 1760 1223 1799 causam
1268 1746 1699 1814 immortalitatis,

1804 563 1972 629 dicto,
2004 568 2053 620 in
2081 582 2187 636 quo
2216 569 2358 624 soles
2389 572 2749 639 argumentari
2776 588 2795 625 :
2830 573 2966 637 Q..id
3004 590 3083 627 me
3119 575 3247 631 dicis
3288 577 3378 632 bo—

1804 656 1962 707 num?
1990 672 2134 708 nemo
2184 660 2364 723 bonus,
2409 660 2507 713 nisi
2549 661 2687 714 solus
2723 658 2861 715 Deus
2906 662 3058 729 (Luc.
3106 679 3216 728 xvt,
3264 666 3377 736 lli);

1803 755 1924 795 cum
1954 744 2059 797 alio
2082 743 2134 797 iu
2166 745 2283 801 loco
2310 748 2422 816 ipse
2454 748 2634 804 dicat:
2661 751 2738 803 An
2784 753 2960 804 oculus
2997 761 3116 807 tuus
3161 770 3377 823 nequam

1802 841 1897 895 est,
1928 833 2047 901 quia
2076 848 2166 903 ego
2197 834 2358 889 bonus
2384 853 2496 891 sum
2530 838 2741 909 (Matth.
2764 856 2852 906 xx,
2886 841 3012 910 lii)?
3040 843 3143 898 Sed
3168 853 3223 899 et
3245 845 3374 900 hoc:

1805 918 1916 989 Ego
1938 938 2051 975 sum
2070 933 2239 991 pastor
2263 926 2421 980 bonus
2453 926 2631 997 (Joan.
2664 945 2717 996 ι,
2754 930 2865 999 ii).
2898 930 3047 986 Sicut
3077 942 3130 987 et
3156 934 3221 987 de
3253 949 3376 1001 per-

1802 1025 1932 1065 sona
1960 1014 2127 1068 sancti
2149 1013 2377 1083 Spiritus
2418 1019 2497 1073 sic
2538 1030 2750 1075 cautum
2785 1022 3121 1077 invenimus:
3151 1024 3377 1092 Spiritus

1802 1110 1920 1155 tuus
1944 1104 2104 1156 bonus
2126 1105 2337 1159 deducet
2367 1124 2443 1159 me
2470 1110 2521 1161 in
2559 1111 2638 1162 ria
2682 1120 2817 1165 recta
2849 1110 3021 1182 (Paul.
3050 1128 3187 1167 chtt
3214 1154 3228 1175 .
3265 1115 3375 1182 10).

1806 1190 1962 1246 Disce
1992 1208 2149 1247 unam
2172 1208 2293 1249 esse
2321 1195 2609 1252 bonitatem
2645 1199 2697 1253 in
2728 1212 2917 1254 natura
2946 1202 3139 1268 P..tris,
3158 1214 3209 1257 et
3233 1205 3376 1269 Filii,

1801 1290 1855 1337 et
1879 1286 2048 1339 sancti
2093 1284 2343 1355 Spiritus.
2388 1287 2554 1357 Igitur
2608 1291 2691 1345 vel
2734 1306 2874 1345 nunc
2922 1294 3192 1364 perpende
3252 1296 3375 1364 quia

1796 1375 1976 1429 omnis
2014 1377 2293 1432 inﬁrmitas
2342 1378 2545 1433 homini
2594 1389 2679 1436 est
2722 1382 3055 1453 imputanda,
3098 1395 3152 1441 et
3198 1388 3376 1441 omnis

1802 1473 2039 1532 potestas
2067 1465 2320 1521 bonitatis
2349 1468 2619 1538 signorum
2666 1472 2749 1525 vel
2792 1474 3152 1543 prodigiorum
3192 1477 3376 1535 deitati

1801 1554 2091 1611 indiscrete
2120 1556 2395 1613 Trinitatis
2416 1568 2498 1613 est
2524 1561 2864 1617 ascribenda.

1874 1646 2173 1702 ﬂareticus.
2214 1650 2556 1722 lnterrngabo
2604 1662 2656 1709 te
2688 1669 2819 1724 ergo
2856 1654 2901 1709 si
2932 1670 3032 1709 una
3062 1667 3246 1712 natura
3278 1659 3376 1716 Pa-

1803 1740 1900 1795 tris
1947 1753 2001 1796 et
2031 1741 2150 1796 Filii
2185 1742 2469 1799 indiscreta
2496 1754 2574 1800 est
2605 1746 2694 1815 qui
2735 1747 2812 1800 ait
2839 1763 2852 1799 :
2883 1745 2992 1817 Ego
3023 1747 3076 1800 in
3116 1747 3293 1817 Patre,
3326 1760 3377 1806 et

134 1835 182 1888 id
212 1844 295 1890 est
313 1836 566 1891 deitatem
605 1836 671 1891 ab
699 1837 928 1891 hominis
955 1836 1163 1892 inﬁrma
1204 1847 1395 1892 natura
1430 1838 1694 1891 discerni-
1724 1834 1772 1896 Β
1805 1829 1960 1886 Pam
1988 1833 2042 1887 ίη
2068 1850 2145 1885 me
2170 1832 2344 1901 (10M-
2378 1851 2489 1903 λιν,
2520 1837 2608 1907 Η)
2646 1853 2662 1901 ;
2689 1846 2743 1892 el
2770 1852 2928 1891 causa
2966 1838 3377 1907 dispensationis

132 1929 276 1985 mus?
304 1929 543 1999 Denique
569 1930 734 1984 Deum
775 1930 958 1985 adhazc
988 1932 1109 1986 audi
1142 1932 1441 2001 loquentem
1470 1951 1480 1984 :
1510 1933 1702 1988 Solvite

132 2025 367 2093 templum
394 2024 508 2088 hoc,
536 2034 581 2078 et
606 2026 657 2078 in
680 2026 839 2079 tribus
854 2025 1030 2079 diibus
1056 2025 1309 2079 suscitabo
1346 2026 1477 2079 illud
1516 2024 1697 2094 (Joun.

130 2130 184 2178 ιι,
216 2116 329 2183 l9).
355 2116 606 2185 Nunquid
638 2116 810 2171 deitas
830 2118 1087 2173 dissoluta
1117 2127 1220 2184 est,
1253 2119 1523 2175 Marcellio
1551 2120 1700 2175 Mon-

129 2209 314 2270 tensis,
354 2216 410 2262 ut
444 2222 741 2275 asseveras,
785 2210 899 2263 sive
928 2209 1215 2278 sapientia,
1251 2210 1335 2264 vel
1382 2211 1552 2265 virtus
1601 2211 1698 2269 Dei

128 2296 321 2363 Patris,
348 2308 402 2352 et
433 2313 537 2353 non
568 2299 762 2354 homo?
787 2299 973 2369 Utique
1003 2300 1162 2355 homo
1202 2317 1327 2357 vere
1362 2318 1551 2373 passus
1593 2312 1693 2373 est,

126 2387 213 2456 qui
243 2388 496 2456 templum
530 2389 624 2443 Dei
657 2389 826 2443 factus
851 2400 954 2454 est,
988 2391 1075 2459 qui
1111 2391 1178 2445 ab
1216 2392 1332 2461 ipso
1356 2396 1697 2450 resuscitatus

100 2486 229 2541 est,
262 2476 399 2529 sicut
419 2476 695 2545 Scriptura
723 2478 899 2532 divina
941 2489 1164 2533 testatur
1192 2497 1203 2531 ε
1229 2481 1434 2551 Con/iga
1472 2483 1628 2537 clavis
1667 2499 1700 2538 a

123 2566 307 2616 timore
336 2576 421 2616 tuo
441 2581 616 2617 carnes
641 2581 777 2618 meas
798 2564 966 2632 (Psal.
1003 2581 1191 2633 cxvm,
1221 2568 1364 2637 1:20).
1402 2569 1531 2625 Sive
1563 2570 1695 2626 hoc:

124 2652 194 2704 Et
215 2654 453 2707 uidebunt
476 2656 525 2706 in
548 2670 693 2723 quem
722 2664 1155 2723 transpunxerunt
1190 2657 1368 2730 (Joan.
1413 2676 1499 2713 ιιι
1527 2702 1539 2722 .
1584 2660 1697 2729 '57).

122 2742 367 2811 Nunquid
390 2743 721 2799 divinitatem
750 2744 912 2799 clavis
935 2746 1193 2813 ﬁxerunt,
1225 2758 1315 2802 aut
1353 2750 1532 2805 lancea
1561 2752 1698 2807 iura-

122 2834 348 2887 verunt?
378 2832 554 2887 Absit.
582 2833 769 2889 Nonne
799 2850 901 2905 una
923 2849 1147 2904 persona
1190 2837 1305 2892 Filii
1340 2839 1430 2894 Dei
1469 2850 1571 2906 cst,
1606 2856 1700 2911 per

124 2940 281 2995 quam
306 2940 463 2979 causa
488 2933 633 2979 tanta
661 2925 1042 2995 distinguitur?
1063 2928 1226 2999 Rogo,
1258 2930 1303 2985 si
1327 2932 1439 2999 ipse
1469 2932 1695 2988 i..ﬁrmi-

127 3027 285 3072 tatem
320 3016 569 3083 hominis,
612 3033 770 3086 quam
802 3020 1130 3090 assumpsit,
1169 3022 1553 3079 immortalitati
1585 3041 1695 3081 sum

125 3122 229 3161 non
255 3107 554 3177 imputavit,
591 3120 645 3163 tu
690 3117 890 3164 tantam
935 3120 988 3165 et
1034 3119 1139 3165 tam
1169 3113 1481 3169 immensam
1527 3116 1696 3170 deita-

1806 1920 2046 1977 hominis
2068 1922 2269 1977 dictum
2311 1924 2473 1981 fuisse
2513 1930 2710 1981 assetis
2741 1945 2752 1979 :
2789 1928 2891 1993 Qui
2923 1944 3000 1983 me
3038 1928 3172 1983 misit
3210 1934 3377 2001 major

1801 2028 1881 2067 me
1909 2018 1981 2068 est
2008 2012 2186 2082 (Joan.
2214 2030 2323 2083 xiv,
2354 2015 2447 2086 ‘28)
2479 2034 2492 2070 :
2525 2016 2647 2086 quid
2669 2017 2776 2086 jam
2808 2018 2873 2073 de
2897 2032 3118 2086 persona
3148 2018 3376 2088 Spiritus

1800 2101 2049 2158 Paracliti
2080 2103 2318 2159 dicturus
2347 2106 2446 2160 es?
2483 2108 2657 2160 minor
2709 2121 2816 2161 non
2872 2118 2975 2172 est,
3032 2108 3119 2175 qui
3167 2122 3195 2160 a
3243 2108 3377 2164 Filio

1799 2199 1994 2254 missus
2020 2200 2139 2255 est?
2166 2200 2302 2254 sicut
2332 2202 2443 2268 ipse
2465 2202 2540 2255 ait
2565 2219 2578 2253 ε
2610 2202 2669 2258 Si
2713 2218 2815 2255 non
2855 2202 3048 2269 abiero,
3078 2199 3376 2259 Paraclitus

1797 2306 1898 2345 non
1928 2291 2107 2346 veniet.
2141 2288 2208 2344 Et
2238 2292 2282 2345 si
2304 2292 2495 2357 abiero,
2521 2292 2718 2345 mittam
2747 2307 2862 2344 eum
2901 2292 2969 2344 ad
3000 2306 3085 2345 ros
3103 2331 3118 2355 ,
3142 2302 3187 2344 et
3220 2292 3374 2346 doce-

1800 2378 1870 2434 bit
1894 2396 1980 2433 vos
2008 2396 2205 2432 omnem
2228 2382 2485 2434 ueritatem
2517 2378 2695 2451 (Joan.
2729 2396 2833 2448 va,
2867 2380 2961 2450 7)?

1870 2469 2202 2522 Athanasius.
2227 2470 2270 2523 0
2297 2469 2533 2523 inaudita
2564 2471 2736 2524 adhuc
2763 2471 2973 2538 penitus
2997 2480 3101 2526 tam
3125 2473 3376 2541 inqu'sita
3420 2502 3427 2507 ·

1800 2558 2135 2627 perscriptio.
2172 2557 2353 2624 Itaque
2380 2569 2696 2628 suggerente
2724 2560 2841 2629 ipso
2868 2561 2935 2615 de
2963 2576 3022 2616 se
3045 2574 3232 2618 sancto
3254 2566 3376 2635 Spi-

1800 2648 1927 2712 ritu,
1956 2662 2097 2700 nunc
2125 2657 2336 2715 Oportet
2381 2663 2477 2702 nos
2525 2664 2687 2703 unum
2730 2664 2830 2719 pro
2872 2652 3053 2708 multis
3102 2655 3377 2723 pertinens

1799 2736 1929 2793 dare
1974 2738 2308 2793 auctoritatis
2353 2741 2679 2808 exemplum.
2726 2740 2994 2798 Memento
3046 2747 3377 2815 reciprocam

1798 2844 1921 2886 esse
1952 2834 2088 2887 hanc
2117 2841 2321 2887 naturae
2348 2833 2601 2888 virtutem
2642 2835 2901 2890 mittentis
2936 2846 2991 2891 ct
3027 2839 3198 2902 missi.
3245 2840 3375 2896 dum

1798 2921 1886 2975 hic
1913 2923 2000 2991 qui
2046 2938 2185 2976 nunc
2216 2923 2409 2978 missus
2453 2932 2557 2990 est,
2607 2925 2720 2993 ipse
2755 2924 2868 2994 jam
2914 2928 3118 2995 pridem
3163 2931 3375 2987 misisse

1796 3012 2095 3067 mittentem
2128 3012 2447 3068 inveniatur.
2480 3014 2719 3085 Denique
2757 3031 2851 3086 per
2893 3030 3134 3074 sanctum
3183 3021 3375 3078 Isaiam

1800 3106 2081 3161 Dominum
2110 3106 2200 3161 Dei
2248 3107 2441 3162 Filium
2471 3109 2655 3178 accipe
2685 3117 2965 3166 testantem
3002 3129 3015 3165 :
3043 3114 3279 3169 Accedite
3302 3118 3374 3171 ad

124 3207 249 3264 rem,
296 3213 391 3267 ρει-
418 3213 577 3268 quam
625 3201 801 3255 omnia
836 3211 960 3257 sum
1000 3203 1156 3267 facta,
1208 3204 1408 3259 ιιοιηῖηε
1452 3209 1688 3277 pun-ibin
1717 3195 1763 3260 ο
1795 3213 1894 3259 me.
1934 3206 1980 3251 et
2009 3196 2181 3251 audite
2219 3199 2344 3252 ha'c.
2377 3196 2501 3251 Non
2541 3198 2605 3252 ab
2644 3199 2791 3254 initio
2829 3201 2884 3253 in
2927 3202 3125 3255 occulto
3174 3203 3375 3259 locutus

120 3290 377 3344 ascribisi
405 3289 554 3346 Sicut
587 3300 643 3345 et
680 3299 734 3346 tu
778 3291 1013 3363 (Ariane)
1046 3295 1186 3349 soles
1215 3309 1517 3367 proponere
1550 3300 1695 3368 Apo-

120 3379 315 3435 s:olum
341 3380 543 3437 dixisse
569 3398 581 3434 :
611 3382 796 3437 Omnia
835 3385 1057 3457 subjecta
1096 3398 1214 3441 sunt
1253 3390 1319 3454 ei,
1362 3401 1545 3458 praeter
1579 3407 1693 3445 eum

119 3472 203 3537 qui
233 3472 448 3544 subjecit
479 3474 525 3527 ei
558 3474 747 3529 omnia.
786 3474 925 3529 Nam
966 3493 1081 3529 cum
1126 3477 1350 3547 subjecta
1388 3482 1465 3533 illi
1500 3481 1691 3549 fuerint

119 3565 308 3630 omnia,
340 3565 511 3636 etipse
530 3567 785 3637 subjectus
808 3569 904 3619 erit
937 3568 984 3621 ei
1030 3569 1116 3638 qui
1153 3569 1251 3621 sibi
1288 3571 1499 3641 subjecit
1521 3574 1690 3626 omnia

119 3653 171 3723 (1
202 3654 323 3709 Cbr.
356 3672 446 3721 xv,
471 3656 588 3727 27).
618 3656 725 3711 Hoc
751 3658 1024 3713 evidenter
1049 3659 1113 3713 ad
1153 3659 1402 3716 deitatem
1435 3662 1552 3718 Fili
1596 3664 1688 3719 Dei

115 3760 219 3800 non
272 3748 503 3815 pertinet
551 3747 793 3814 dictum,
841 3749 966 3803 dum
1012 3765 1108 3819 per
1155 3750 1329 3820 ipsum
1353 3766 1540 3810 cuncta
1582 3756 1689 3812 sint

114 3837 274 3905 facta,
304 3846 358 3893 et
384 3852 596 3908 semper
626 3840 696 3893 illi
740 3840 932 3895 iuerint
967 3842 1209 3905 subdita,
1245 3846 1366 3913 quia
1418 3862 1575 3901 nemo
1618 3850 1684 3902 sit

112 3931 201 3999 qui
225 3932 445 3986 factum
470 3946 582 3987 sua:
606 3947 711 3988 non
730 3934 1033 3989 dominetur
1053 3950 1284 4002 semper.
1319 3938 1467 3993 Unde
1486 3940 1683 3997 homini

111 4022 198 4088 qui
224 4038 395 4090 nuper
416 4034 571 4077 natus
596 4033 709 4089 est,
743 4024 860 4079 sine
898 4024 1060 4079 dubio
1096 4036 1219 4082 ante
1264 4030 1565 4098 passionem
1610 4032 1684 4087 illi

111 4127 217 4166 non
252 4113 449 4168 iuerint
477 4116 746 4182 subjecta,
796 4130 915 4170 cum
951 4117 1126 4172 adhuc
1164 4120 1277 4187 ipse
1316 4120 1475 4176 homo
1525 4126 1684 4178 mtrti

105 4210 259 4255 esset
282 4218 379 4271 pro
411 4205 560 4259 nobis
583 4207 807 4262 debitor.
840 4208 991 4263 Unde
1016 4209 1123 4277 jam
1148 4220 1265 4279 post
1286 4214 1582 4280 paSsionem
1604 4219 1688 4273 vel

104 4292 506 4360 ascensionem,
536 4296 648 4350 sive
672 4297 929 4365 judicium
972 4298 1227 4366 futurum,
1255 4303 1502 4359 universa
1533 4315 1691 4361 erunt

105 4385 152 4438 ei
178 4383 419 4447 subdita,
453 4387 593 4441 sicut
621 4387 733 4457 ipse
758 4388 916 4443 homo
933 4391 1000 4445 de
1022 4406 1078 4445 se
1104 4382 1383 4461 signiﬁcat,
1408 4378 1493 4460 qui
1517 4396 1690 4452 adhuc

106 4473 155 4527 in
187 4474 343 4529 caelis
373 4490 475 4529 non
508 4476 681 4533 fuerat
710 4496 721 4531 :
754 4479 887 4533 Data
919 4489 992 4535 est
1031 4483 1157 4534 mihi
1192 4484 1352 4536 omnis
1386 4495 1604 4554 potestas
1630 4487 1683 4541 in

1792 3302 1904 3340 sunt
1924 3302 1943 3340 :
1969 3304 2083 3341 cum
2097 3289 2294 3355 ﬁerent,
2310 3289 2415 3342 illic
2425 3304 2562 3342 eram
2577 3306 2597 3354 ;
2615 3299 2660 3342 et
2674 3307 2807 3344 nunc
2835 3290 3084 3347 Dominus
3105 3296 3241 3349 misit
3260 3311 3376 3364 me,

1790 3388 1836 3434 et
1869 3378 2092 3446 Spiritus
2124 3382 2234 3448 ejus
2281 3378 2435 3445 (Isai.
2491 3396 2677 3445 sunt,
2713 3382 2823 3449 l6).
2853 3383 3007 3439 Disce
3031 3386 3244 3439 tandem
3275 3388 3374 3442 ali-

1788 3471 2001 3540 quando
2030 3471 2231 3526 unitam
2260 3487 2379 3526 csse
2403 3472 2542 3526 hanc
2561 3481 2803 3526 naturam
2830 3472 3126 3529 divinitatis
3157 3478 3372 3531 mitten-

1790 3562 1858 3617 tis
1901 3570 1958 3617 et
2001 3561 2169 3627 missi,
2220 3562 2344 3616 dum
2381 3564 2468 3632 qui
2503 3577 2643 3615 nunc
2686 3564 2737 3615 in
2790 3562 3081 3631 Evangelia
3126 3567 3377 3634 quamvis

1790 3653 2076 3708 missurum
2110 3667 2169 3707 se
2197 3652 2453 3722 Spiritum
2488 3651 2810 3707 Paraclitum
2836 3662 3058 3708 testatus
3075 3655 3166 3719 sit,
3192 3666 3369 3713 tamen

1788 3760 1848 3800 se
1878 3745 1992 3812 ipse
2020 3745 2086 3798 ab
2108 3759 2172 3799 eo
2197 3744 2305 3813 jam
2335 3744 2482 3813 prius
2513 3744 2732 3799 missum
2782 3759 2877 3814 per
2912 3755 3157 3800 sanctum
3184 3746 3374 3818 incly-

1790 3847 1898 3889 tum
1933 3834 2119 3889 Isaiam
2162 3835 2435 3904 professus
2474 3840 2584 3890 sit:
2613 3836 2738 3890 dum
2788 3836 2874 3891 hic
2914 3839 3001 3907 qui
3064 3838 3294 3893 mittitur
3340 3855 3373 3895 a

1789 3927 2030 3979 mittente
2062 3941 2328 3994 nunquam
2365 3926 2650 3992 dividitur,
2686 3928 2807 3996 quia
2852 3929 3135 3983 indiscreta
3182 3942 3373 3987 natura

1788 4027 1891 4082 est,
1915 4016 2040 4069 dum
2080 4017 2218 4070 inter
2249 4018 2545 4071 mittentem
2573 4027 2627 4071 et
2654 4019 2872 4071 missum
2919 4034 3161 4087 personre
3189 4030 3370 4074 osten-

1787 4104 1985 4158 duntur
2008 4114 2061 4158 et
2091 4105 2232 4158 nulla
2267 4105 2318 4158 iu
2366 4105 2643 4159 divinitate
2675 4105 2873 4158 divisio
2919 4114 3039 4169 est;
3104 4117 3369 4171 praeterea

1787 4196 1912 4248 dum
1941 4195 2132 4261 ubique
2148 4209 2383 4262 praesens
2407 4194 2607 4248 sithmc
2630 4195 2787 4264 233
2814 4194 2960 4248 unita
2991 4195 3285 4263 plenitudo,
3314 4204 3369 4252 et

1789 4287 1967 4339 omnia
1992 4284 2210 4352 impleat
2232 4285 2451 4338 interius
2481 4294 2536 4339 et
2564 4286 2824 4352 exterius,
2849 4300 2877 4339 a
2916 4288 3223 4359 summitate
3260 4302 3369 4344 cm—

1790 4378 1960 4432 lorum
1991 4390 2156 4443 usque
2181 4375 2245 4429 ad
2278 4375 2593 4444 profundum
2619 4376 2933 4431 inferorum.

1862 4468 2164 4524 ereticus.
2196 4467 2344 4538 Rogo
2371 4468 2415 4521 si
2435 4467 2598 4521 Filius
2629 4467 2861 4522 hominis
2891 4478 2993 4536 est,
3014 4469 3155 4525 utde
3181 4478 3365 4526 vetere

107 4563 228 4615 coelo
248 4573 296 4616 et
328 4564 378 4617 in
412 4573 544 4617 terra
588 4565 802 4633 (Matth.
836 4583 1023 4633 xxvnt,
1060 4568 1168 4639 l8).
1198 4547 1437 4641 Denique
1470 4574 1551 4629 vel
1580 4575 1683 4632 hoc
1711 4547 1759 4607 Β
1785 4562 2177 4631 scripturarum
2205 4560 2522 4613 ²¹¹⁰¹⁰³ίί³ιθ
2548 4559 2675 4613 mihi
2709 4559 2913 4614 ίηάίοθε
2947 4574 3150 4629 qumo-

107 4651 286 4721 accipe
319 4670 332 4704 :
370 4651 431 4705 Et
463 4664 754 4724 potestatem
789 4657 927 4710 dedit
947 4659 1075 4711 eiad
1094 4660 1347 4729 judicium
1370 4662 1679 4731 faciendum,

106 4744 343 4809 quoniam
375 4743 543 4799 Filius
576 4748 792 4803 hominis
817 4759 891 4803 est
921 4748 1096 4811 (Joan.
1122 4768 1173 4817 ν,
1204 4755 1319 4823 2⁸7).
1368 4755 1457 4810 Vel
1489 4759 1676 4815 saltem

107 4829 168 4884 de
188 4832 338 4885 unita
372 4831 608 4888 bonitate
655 4847 877 4905 naturaz,
920 4841 1083 4909 ipsius
1118 4842 1325 4896 Domini
1373 4845 1509 4899 dicta
1554 4863 1677 4904 sus-

106 4923 216 4992 cipe
242 4939 256 4978 :
289 4923 419 4977 Ha'c
448 4934 519 4979 est
535 4936 700 4980 autem
725 4931 824 4983 vita
853 4940 1064 4995 (eterna,
1098 4941 1151 4983 ut
1182 4949 1484 5001 cognoscant
1521 4948 1567 4990 te
1591 4956 1675 4993 so-

106 5012 203 5065 lum
240 5031 414 5068 verum
459 5015 651 5081 Deum,
688 5027 735 5071 et
777 5035 921 5087 quem
973 5022 1153 5073 misisti
1197 5022 1372 5077 Jesum
1420 5024 1673 5082 Christum

107 5100 275 5171 (Joan.
304 5120 434 5166 xvu,
463 5108 541 5173 3).
574 5106 818 5175 Nunquid
842 5124 899 5162 se
925 5108 992 5164 de
1024 5110 1122 5164 hac
1157 5111 1267 5180 ipsa
1301 5114 1410 5166 sola
1443 5115 1675 5173 bonitate

107 5188 271 5247 Patris
300 5194 533 5248 alienum
565 5212 685 5251 esse
715 5199 1046 5267 perscripsit,
1092 5203 1180 5268 qui
1234 5204 1311 5257 sic
1354 5205 1626 5272 subjuuxit
1656 5226 1670 5262 :

108 5278 318 5351 Elqnem
350 5286 531 5337 misisti
553 5286 727 5340 Iesum
741 5288 1037 5343 Christum?
1062 5292 1191 5345 Nam
1220 5303 1273 5347 ct
1308 5295 1461 5350 Pater
1486 5300 1670 5353 eadem

108 5379 316 5432 testatur
345 5395 359 5431 :
393 5377 655 5433 Eructavit
694 5398 782 5434 cor
825 5397 992 5435 meum
1028 5383 1249 5438 Verbum
1280 5387 1486 5459 bonum,
1514 5391 1671 5463 232

107 5468 205 5520 dico
231 5486 320 5539 ego
337 5486 491 5535 opera
515 5487 625 5524 mea
665 5472 771 5542 regi
796 5472 972 5543 (Psal.
1008 5490 1146 5540 χειν,
1174 5475 1251 5546 2).
1289 5477 1445 5533 Vides
1475 5480 1670 5535 bonum

108 5573 214 5613 csse
244 5561 475 5616 Verbum
522 5562 648 5628 Dei,
691 5563 779 5632 qui
822 5564 887 5619 de
917 5566 1071 5620 Patre
1111 5567 1535 5625 substantialiter
1588 5573 1669 5627 vel

109 5652 409 5707 naturaliter
433 5654 699 5709 consistit.
734 5655 855 5711 Ideo
892 5656 1263 5725 hujuscemodi
1306 5674 1494 5715 omnes
1523 5674 1670 5714 com-

107 5740 399 5801 parationes
421 5757 514 5813 pro
546 5745 852 5803 inﬁrmitate
901 5747 1130 5807 hominis
1174 5758 1302 5805 sunt
1336 5750 1530 5807 dictae:
1565 5750 1667 5817 Qui

1854 4651 2182 4706 Athanasius.
2217 4649 2354 4703 Audi
2384 4648 2889 4718 psalmographum:
2920 4648 3040 4702 Fiat
3064 4667 3242 4705 manus
3272 4660 3360 4706 tua

1779 4762 1932 4815 super
1960 4737 2122 4797 virum
2171 4744 2389 4796 dextera:
2421 4750 2541 4805 tute,
2587 4751 2633 4794 et
2659 4758 2816 4811 super
2866 4739 3062 4795 Filium
3119 4744 3359 4811 hominis,

1779 4852 1929 4906 quem
1961 4834 2280 4903 conﬁrmasti
2301 4832 2388 4884 tibi
2409 4831 2586 4901 (Psal.
2618 4848 2802 4897 una,
2840 4832 2952 4903 18).
2976 4835 3126 4887 Sicut
3153 4846 3206 4889 et
3236 4852 3360 4890 san-

1780 4938 1897 4981 ctus
1927 4925 2112 4978 Daniel
2135 4930 2387 4977 testatur:
2428 4921 2672 4974 Videbam
2692 4924 2743 4974 in
2765 4924 2873 4977 visu
2897 4925 3079 4987 noctis,
3110 4941 3223 4979 ecce
3241 4942 3358 4979 cum

1776 5016 1988 5070 nubibus
2010 5012 2117 5067 coeli
2160 5014 2435 5066 venientem
2478 5009 2673 5065 Filium
2704 5011 2922 5065 hominis
2949 5029 2968 5077 ;
2995 5022 3041 5065 et
3080 5018 3359 5084 appropia-

1775 5108 1843 5158 vit
1864 5119 2021 5171 usque
2048 5102 2116 5153 ad
2137 5110 2348 5154 veterem
2374 5100 2573 5154 dierum
2596 5099 2677 5169 ,εει
2699 5101 2897 5153 oblatus
2923 5109 2994 5154 est
3026 5103 3073 5154 ei
3094 5104 3356 5168 principao

1778 5209 1878 5261 tus,
1910 5207 1957 5250 et
1986 5198 2169 5260 honor,
2196 5204 2241 5249 et
2272 5195 2560 5266 imperium,
2587 5204 2636 5248 et
2651 5194 2814 5247 omnis
2839 5192 2999 5261 plebs,
3028 5202 3076 5247 et
3103 5196 3279 5257 tribus,
3307 5202 3355 5246 et

1777 5291 1963 5360 lingula
1999 5290 2215 5343 servient
2244 5288 2310 5342 ei.
2350 5286 2582 5341 Potestas
2621 5286 2760 5339 illius
2812 5288 3035 5355 potestas
3089 5294 3349 5354 perpetua,

1782 5396 1895 5453 qua:
1920 5397 2018 5434 non
2046 5380 2252 5446 desinit,
2284 5389 2330 5434 et
2372 5380 2639 5450 imperium
2656 5379 2766 5449 eius
2790 5391 2893 5428 non
2934 5375 3153 5429 interibit
3189 5376 3209 5440 (
3215 5373 3353 5427 Dan.

1781 5489 1872 5537 vlt,
1908 5474 2015 5543 15).
2047 5474 2184 5530 Ecce
2213 5475 2383 5527 virum
2412 5474 2667 5537 dexteris,
2701 5484 2827 5525 ecce
2869 5469 3062 5523 Filium
3096 5468 3349 5532 hominis.

1780 5570 1912 5621 sicut
1938 5566 2224 5635 Apostolus
2253 5564 2384 5620 dicit
2408 5582 2420 5619 :
2453 5564 2554 5628 Qui
2584 5564 2752 5633 factus
2774 5567 2848 5613 est
2869 5561 2915 5611 ei
2942 5573 3006 5610 ea:
3032 5558 3221 5611 semine
3245 5557 3351 5612 Da-

1776 5658 1860 5710 vid
1890 5659 2160 5712 secundum
2210 5672 2412 5711 carnem
2460 5655 2637 5725 (liam.
2689 5667 2726 5715 ι,
2756 5650 2833 5717 3).
2880 5647 3011 5700 Nam
3056 5652 3349 5708 secundum

1776 5748 2020 5815 spiritum
2045 5750 2260 5806 deitatis
2289 5748 2366 5803 sic
2390 5746 2465 5801 ait
2491 5762 2503 5797 :
2539 5742 2641 5810 Qui
2668 5737 3057 5810 praedestinatus
3081 5748 3154 5796 est
3176 5739 3349 5798 Filius
