3938 6376
624 337 737 396 3G3

1947 321 2172 379 VIGILE
2210 318 2584 378 TAPSENSIS
3699 325 3759 386 ιω

640 450 733 506 mi
785 452 839 505 in
898 450 1110 513 virtute,
1162 444 1439 502 secundum
1508 440 1741 511 spiritum
1796 434 2215 505 sanctiﬁcationis
2244 433 2291 494 Α
2321 448 2459 487 unus
2484 440 2564 487 est
2597 429 2782 495 Filius,
2816 429 2902 500 qui
2932 429 3223 485 secundum
3253 443 3449 486 carnem
3484 433 3761 505 primogenita:

630 534 836 607 (Rom,
853 557 893 608 ι,
910 541 1141 611 4).8ἰοιιι
1159 538 1275 608 ipse
1295 531 1901 598 Pharistcosinterrogat
1920 529 1999 583 de
2024 526 2213 582 divini-

632 641 740 687 tate
790 646 914 687 sua:
950 631 1087 695 Quid
1117 628 1252 682 vobis
1297 627 1493 679 videtur
1530 624 1593 675 de
1622 620 1867 675 Christo?
1901 620 2049 689 cujus
2077 616 2215 685 [ilius

628 726 745 778 est?
796 722 1196 788 Responderunt
1244 718 1288 771 ei
1331 715 1505 769 Judaei
1540 730 1560 767 :
1604 711 1795 766 David.
1830 709 1899 763 Et
1955 710 2029 761 ait
2078 707 2215 760 illis:

635 813 909 879 Quomodo
942 826 1060 880 ergo
1094 808 1259 861 David
1282 808 1333 859 in
1373 804 1559 871 spiritu
1604 810 1747 855 vocat
1770 815 1883 853 eum
1916 797 2214 863 Dominum,

639 905 844 958 dicens:
886 902 1025 955 Dixit
1074 900 1319 953 Dominus
1363 896 1582 949 Domina
1612 909 1750 957 meo,
1787 890 1921 947 Sede
1967 907 1999 943 a
2026 889 2217 941 dextris

640 996 787 1059 meis,
812 995 967 1047 donec
994 1007 1178 1062 ponam
1200 990 1431 1042 inimicat
1453 998 1567 1039 tuos
1592 981 1868 1037 scabellum
1892 981 2075 1048 pedum
2105 988 2218 1031 tua-

639 1088 793 1140 rum?
822 1086 882 1142 Si
911 1102 1028 1155 ergo
1070 1082 1235 1136 David
1281 1084 1332 1133 in
1370 1080 1553 1146 spiritu
1600 1084 1740 1129 vocat
1776 1090 1889 1127 eunt
1918 1071 2215 1131 Dominum,

641 1179 892 1245 quomodo
926 1178 1063 1244 [ilius
1114 1175 1225 1243 ejus
1275 1180 1346 1224 est
1372 1172 1394 1224 ἶ)
1427 1168 1493 1221 Et
1524 1184 1669 1221 nemo
1691 1172 1884 1235 poterat
1913 1162 2220 1232 respondere

636 1269 718 1322 illi
748 1268 951 1321 verbum
983 1264 1199 1335 (Matth.
1235 1278 1364 1327 χχιι,
1395 1260 1509 1328 42).
1545 1257 1702 1313 Disce
1724 1270 1851 1324 ergo
1876 1254 1999 1323 quia
2029 1266 2220 1307 secun-

641 1370 766 1423 dum
814 1383 1029 1422 carnem
1064 1365 1203 1418 ﬁlius
1248 1360 1477 1417 hominis
1520 1348 1769 1425 est,'boc
1801 1364 1881 1410 est
1929 1353 2117 1418 David,
2167 1359 2221 1407 et

641 1457 935 1513 secundum
974 1454 1301 1509 divinitatem
1351 1450 1492 1505 idem
1553 1448 1666 1517 ipse
1706 1444 1874 1501 Filius
1920 1444 2013 1498 Dei
2044 1451 2127 1496 est
2167 1442 2218 1495 in

640 1553 858 1615 virtute,
884 1557 940 1603 et
966 1546 1222 1600 Dominus
1251 1542 1366 1611 ipse
1393 1540 1560 1596 David
1592 1550 1694 1595 est.
1726 1537 2080 1605 Quamobrem
2104 1535 2222 1588 uni-

632 1642 880 1711 genitum
900 1638 1025 1692 dum
1052 1636 1327 1704 Scriptura
1360 1632 1542 1698 refert,
1569 1629 1863 1685 secundum
1886 1626 2218 1681 divinitatum

638 1732 839 1787 indicat
876 1729 995 1799 quia
1020 1727 1071 1782 in
1096 1727 1292 1781 deitate
1315 1724 1616 1794 unigenitus
1639 1736 1664 1774 a
1692 1722 1803 1775 Deo
1826 1719 1982 1772 Patre
2000 1715 2220 1771 omnino

2305 524 2459 578 ﬁlius
2487 532 2824 592 nuncupatur
2860 537 2930 577 ex
2962 524 3190 577 mortuis
3218 524 3389 590 homo,
3431 525 3551 579 sicut
3587 530 3760 598 scriptum
3846 518 3847 589 Ῡ

2319 622 2403 668 est
2428 629 2442 667 :
2471 614 2566 678 Qui
2589 623 2659 666 est
2688 613 3051 682 primagenitus
3085 629 3148 666 ea:
3168 614 3369 666 mortuis
3388 613 3510 683 (Col.
3540 632 3569 679 ι,
3595 619 3678 688 18).
3699 621 3760 673 Ita-

2320 717 2421 771 que
2446 704 2606 756 crede
2639 702 2790 766 mibi,
2823 700 2915 770 qui
2949 702 3080 771 legis
3111 702 3247 756 hanc
3290 706 3538 771 scripturae
3570 722 3668 761 mea:
3687 710 3760 765 ﬁdei

2320 794 2731 863 professionem,
2766 793 2887 862 quia
2921 794 3071 847 multi
3104 793 3171 848 de
3208 793 3308 847 hac
3350 804 3675 862 tractaverunt,
3707 804 3760 853 sed

2319 899 2424 939 non
2455 884 2617 956 234
2647 884 3003 952 intelligentes
3032 893 3372 938 erraverunt:
3408 886 3488 954 qui
3518 887 3620 941 dum
3645 905 3759 955 perso-

2319 994 2439 1033 nam
2466 992 2560 1046 pro
2581 992 2739 1031 causa
2765 976 3097 1045 discernunt,
3126 976 3260 1030 duos
3284 976 3411 1030 ﬁlios
3451 978 3496 1029 in
3529 978 3761 1031 conlessione

2320 1069 2762 1131 introduxerunt;
2795 1068 2883 1136 qui
2924 1066 3222 1121 debuerant
3252 1082 3451 1121 causam
3480 1070 3685 1135 passionis
3708 1072 3760 1122 hn-

2303 1159 2522 1212 minisa
2553 1157 2826 1211 divinitate
2855 1158 3183 1219 discernere,
3203 1166 3256 1211 et
3285 1173 3382 1211 non
3413 1174 3669 1225 personam;
3689 1160 3760 1211 dum

2308 1266 2455 1305 unus
2486 1251 2555 1305 sit
2583 1249 2933 1318 Filius,cujus
2956 1257 3038 1304 est
3068 1249 3427 1318 persona.Sed
3452 1250 3617 1316 duplex
3635 1259 3760 1303 natura

2319 1341 2640 1411 signiﬁcatio
2672 1348 2775 1405 est,
2802 1339 2928 1393 dum
2972 1340 3275 1409 unigenitus
3304 1354 3332 1392 a
3374 1339 3474 1393 Deo
3514 1339 3642 1392 Patre
3680 1340 3761 1391 Deus

2317 1432 2408 1496 sit,
2439 1441 2491 1487 et
2514 1430 2902 1500 primogenitae
2937 1446 2967 1483 a
3008 1430 3233 1484 mortuis
3268 1429 3419 1483 homo
3445 1429 3507 1483 sit
3529 1466 3542 1492 ,
3566 1429 3661 1482 dum
3682 1429 3761 1481 Deis

2320 1541 2481 1582 verus
2518 1535 2571 1579 et
2602 1525 2761 1578 homo
2789 1537 2946 1579 verus
2975 1522 3071 1589 sit;
3102 1531 3157 1577 et
3184 1537 3302 1577 cum
3334 1523 3460 1577 Deus
3494 1523 3568 1588 sit,
3593 1529 3761 1575 etsccum

2323 1626 2626 1685 assumptus
2657 1616 2747 1669 sit.
2778 1614 3116 1683 Quapropter
3144 1628 3305 1668 causa
3330 1612 3625 1674 discernitur,
3650 1627 3758 1666 etnon

2323 1723 2585 1780 persona:
2612 1722 2675 1761 ac
2701 1722 2797 1777 per
2837 1707 2937 1761 hoc
2983 1708 3034 1759 in
3083 1707 3282 1763 deitate
3311 1721 3424 1760 cum
3454 1705 3580 1773 dicit,
3604 1705 3761 1772 impassi-

641 1823 834 1877 fratres
866 1795 970 1874 non
1015 1817 1173 1872 habet
1205 1859 1220 1883 ,
1253 1824 1306 1870 et
1333 1815 1457 1869 dum
1506 1810 1912 1883 primogenitum
1954 1808 2212 1872 nominat,
2244 1799 2294 1858 B
2321 1802 2480 1855 bilem
2505 1800 2833 1854 divinitatem
2864 1797 3129 1866 designat.
3182 1798 3283 1853 Ubi
3330 1806 3492 1851 autem
3519 1810 3680 1849 causam
3709 1795 3761 1846 bo-

640 1900 887 1965 natnra'm
919 1908 1151 1962 hominis
1179 1906 1446 1961 ostendit?
1474 1904 1614 1974 quod
1655 1900 1939 1970 Apostolus
1977 1898 2217 1953 declarat

638 2002 860 2057 dicens:
899 2000 964 2055 Ut
997 2001 1060 2053 sit
1083 2001 1191 2069 ipse
1219 1997 1585 2068 printogeuitus
1632 1997 1763 2047 inter
1801 1995 1986 2047 multas
2034 1992 2225 2062 fratres

644 2092 817 2163 (Rom.
841 2107 952 2157 νιιι,
971 2090 1084 2160 29).
1116 2091 1242 2144 Sive
1272 2088 1373 2143 hoc
1395 2088 1574 2157 accipe
1591 2085 1927 2153 exemplum:
1950 2084 2015 2137 Et
2041 2101 2071 2136 a
2098 2082 2222 2137 Jesu

644 2181 867 2247 Christo,
894 2183 980 2251 qui
1015 2190 1086 2236 est
1119 2180 1254 2235 testis
1287 2178 1470 2247 ﬁdelis,
1506 2175 1871 2247 primageuitus
1910 2178 1979 2227 ea:
2010 2173 2221 2226 mortuis

632 2275 828 2345 (Apoc.
868 2291 906 2339 ι,
955 2272 1034 2343 5).
1088 2273 1275 2327 Nonne
1301 2284 1404 2324 una
1457 2278 1539 2324 est
1585 2281 1811 2337 persona
1845 2265 1965 2319 Filii
2024 2264 2139 2328 Dei,
2170 2270 2225 2317 et

646 2365 839 2436 duplex
881 2374 963 2420 cst
1015 2364 1129 2435 ejus
1162 2361 1503 2433 signiﬁcatio,
1556 2360 1696 2413 Deus
1727 2366 1782 2413 et
1808 2356 2008 2411 homo?
2036 2355 2224 2409 Nonne

646 2446 3157 2477 _________________________________—.—————

2322 1892 2481 1947 minis
2512 1890 2732 1954 indicat,
2767 1898 3012 1943 naturam
3040 1888 3351 1958 passibilem
3390 1902 3500 1941 esse
3521 1886 3761 1940 demonstrat.

2328 1980 2486 2035 Vides
2512 1980 2632 2051 quia
2666 1978 2752 2033 ubi
2775 1977 3065 2033 secundum
3091 1978 3453 2032 auctoritatem
3476 1974 3625 2039 refert,
3650 1974 3761 2027 dirui.

2326 2085 2489 2131 tatem
2515 2076 2796 2130 indivisam
2821 2088 2850 2127 a
2900 2073 3011 2127 Deo
3036 2073 3193 2127 Patre
3221 2085 3341 2127 esse
3366 2068 3572 2123 ostendit
3596 2085 3608 2121 :
3636 2066 3696 2121 ubi
3719 2080 3761 2118 se

2323 2167 2556 2223 cundum
2590 2166 2857 2221 hominem
2891 2164 3113 2230 indicat,
3146 2163 3463 2218 inﬁrmitatis
3504 2168 3685 2214 naturam
3715 2157 3762 2209 de-

2323 2258 2510 2314 clarat.
2534 2257 2657 2312 ideo
2682 2257 2855 2311 omnis
2900 2264 3135 2324 potestas
3160 2255 3270 2309 Deo
3312 2262 3390 2308 cst
3450 2249 3704 2311 ascribcnda,
3736 2255 3763 2299 et

2326 2351 2502 2405 omnis
2531 2347 2811 2403 inﬁrmitas
2842 2346 3104 2414 passionis
3131 2345 3333 2398 homini
3363 2356 3435 2398 est
3458 2337 3705 2410 imputanda.

3162 2430 3745 2457 _.________.——————.

1606 2505 2084 2615 LIBER
2180 2500 2615 2629 QUI/4R
2636 2499 2948 2605 TUS.

784 2654 821 2701 Ἰ
892 2684 984 2743 De
1010 2677 1287 2757 singulis
1314 2671 1699 2749 nominibus,
1734 2670 2030 2731 adversus
2062 2664 2389 2731 Novellum
2414 2664 2688 2727 hceresim
2710 2664 3041 2742 cujusdam
3072 2666 3395 2727 Potentini
3426 2657 3626 2727 Urbici.

722 2802 1020 2857 ereticus.
1054 2799 1150 2853 llic
1175 2798 1284 2866 jam
1327 2795 1395 2849 de
1449 2792 1671 2862 singulis
1700 2790 2012 2845 nominibus
2066 2799 2230 2857 atque

642 2888 1197 2965 personisidentidem
1229 2886 1371 2941 refer
1396 2883 1550 2939 mihi.

717 2982 1044 3037 Athanasius.
1078 2981 1191 3033 Non
1215 2978 1306 3031 tibi
1342 2976 1593 3031 sufficere
1618 2972 1899 3036 debuerat,
1931 2984 2095 3025 unum
2127 2980 2230 3036 pro

624 3080 629 3086 ί
650 3075 829 3130 multis
856 3071 1137 3125 dominicae
1160 3068 1279 3121 ﬁdei
1304 3065 1611 3133 exemplum
1635 3062 1862 3117 dicentis
1888 3078 1902 3114 :
1936 3061 2126 3113 Euutes
2142 3058 2231 3111 ba-

651 3170 837 3241 ptisate
887 3180 1056 3219 omnes
1109 3171 1302 3233 gentes,
1340 3160 1393 3212 in
1443 3158 1649 3212 nomine
1681 3155 1876 3219 Patris,
1921 3163 1967 3208 et
2012 3151 2161 3216 Filii,
2184 3160 2231 3205 et

651 3258 814 3312 sancti
845 3255 1070 3324 Spiritus
1107 3251 1317 3323 (Matth.
1351 3264 1538 3310 xxvnt,
1567 3246 1687 3317 19),
1725 3247 1793 3301 de
1823 3259 1929 3315 quo
1965 3244 2074 3312 jam
2122 3241 2231 3311 pri-

652 3350 774 3404 dem
809 3349 861 3402 in
896 3346 1069 3416 primo
1118 3342 1300 3397 libello
1338 3351 1443 3395 tam
1493 3338 1735 3393 absolute
1789 3337 2143 3405 digesseram,
2178 3331 2229 3384 in

650 3452 757 3508 quo
782 3437 945 3491 totius
974 3433 1295 3487 sacramenti
1324 3431 1604 3485 veritatem
1656 3427 1814 3498 235
1854 3426 1906 3479 in
1940 3424 2087 3479 unita
2115 3422 2229 3476 dei-

628 3539 758 3585 ‘tate
807 3529 1107 3583 consistere
1162 3525 1561 3579 dec'araveram
1592 3562 1608 3587 ,
1657 3536 1755 3575 nec
1786 3533 1891 3574 non
1922 3527 1976 3573 et
2018 3517 2230 3570 nomina

655 3620 871 3689 propria
904 3620 955 3672 in
984 3617 1210 3688 singulis
1242 3616 1487 3683 personis
1514 3614 1689 3669 inesse
1731 3609 2116 3666 distinxeram?
2150 3609 2231 3662 An

657 3712 872 3778 ignoras
900 3710 1026 3777 quia
1083 3708 1239 3761 Pater
1266 3722 1404 3759 unus
1442 3705 1655 3759 innatus
1694 3713 1799 3770 est,
1831 3711 1886 3756 et
1926 3703 2039 3770 ipse
2069 3699 2235 3753 Filius

658 3815 762 3855 non
794 3810 912 3864 est;
967 3809 1021 3855 et
1064 3814 1202 3852 unus
1246 3798 1419 3851 Filius
1451 3812 1581 3851 vere
1607 3796 1675 3851 ab
1712 3810 1776 3849 co
1808 3801 1965 3848 natus
1993 3800 2099 3857 est,
2145 3792 2235 3859 qui

659 3889 821 3943 Pater
842 3904 944 3945 non
974 3897 1056 3943 est
1080 3904 1095 3951 ;
1142 3896 1197 3942 et
1220 3900 1357 3940 unus
1385 3886 1471 3940 hic
1494 3886 1726 3954 Spiritus
1748 3894 1988 3945 sanctus,
2016 3884 2104 3952 qui
2131 3897 2235 3936 non

655 3988 713 4033 ut
736 3978 821 4035 hic
843 3978 1000 4032 Pater
1020 3977 1203 4047 genuit
1221 4017 1234 4039 ,
1252 3984 1318 4030 et
1349 3990 1454 4029 non
1482 3975 1620 4028 sicut
1639 3974 1809 4027 Filius
1832 3982 1986 4027 natus
2008 3982 2110 4037 est,
2142 3971 2234 4024 sed

652 4084 751 4124 nec
783 4069 981 4123 factura
1011 4067 1135 4122 est?
1158 4067 1299 4122 Sane
1324 4076 1379 4120 ut
1400 4065 1682 4133 Scriptura
1713 4064 1895 4118 divina
1926 4070 2150 4119 testatur
2171 4063 2237 4116 de

626 4176 627 4179 ‘
652 4161 801 4214 unita
826 4172 949 4214 vera
978 4158 1178 4214 deitate
1201 4167 1314 4227 est;
1354 4172 1415 4211 ac
1438 4171 1534 4225 per
1556 4156 1656 4211 hoc
1695 4156 1909 4209 nomina
1950 4169 2076 4209 vera
2115 4169 2238 4223 pro-

653 4250 767 4317 pria
795 4250 846 4303 in
875 4250 1119 4317 personis
1141 4258 1286 4313 sunt,
1319 4257 1373 4301 et
1402 4262 1507 4300 non
1537 4246 1799 4301 vocabula
1829 4260 2015 4299 vacua.

727 4338 1035 4392 ereticus.
1065 4338 1139 4393 Ut
1186 4339 1301 4393 hac
1339 4339 1480 4393 diota
1509 4339 1577 4394 de
1629 4338 1945 4393 auctoritate
1984 4337 2237 4393 ostendas

661 4428 892 4497 postulo.
1762 4446 1763 4449 η
1940 4442 1944 4445 -

726 4511 1057 4572 Athanasius.
1086 4518 1163 4573 De
1189 4526 1463 4588 assumpto
1486 4517 1700 4573 homine
1722 4518 1773 4572 in
1792 4517 2034 4573 claritate
2060 4520 2236 4573 Evan-

655 4610 781 4678 gelii
806 4610 1063 4678 scriptum
1093 4618 1210 4665 est:
1239 4607 1305 4662 Et
1327 4609 1583 4679 baptizata
1612 4608 1736 4662 Jesu
1758 4610 2021 4675 confestim
2057 4626 2233 4665 ascen-

657 4702 733 4753 dit
753 4702 815 4755 de
845 4717 999 4769 aqua,
1031 4711 1077 4754 et
1102 4718 1213 4754 ecce
1236 4701 1402 4768 aperti
1430 4707 1551 4753 sunt
1579 4700 1709 4763 ctzli,
1738 4709 1783 4752 et
1819 4700 1942 4752 vidit
1980 4700 2233 4767 Spiritum

660 4792 1039 4845 descendentem
1087 4792 1150 4846 de
1177 4793 1301 4846 coelo
1340 4794 1470 4845 sicut
1522 4789 1808 4844 columbam
1856 4792 2127 4845 venientem
2180 4792 2234 4846 in

658 4884 848 4950 ipsum.
898 4884 963 4936 Et
986 4901 1096 4938 ecce
1121 4901 1219 4938 vox
1266 4886 1328 4937 de
1356 4884 1494 4937 cazlis
1526 4884 1698 4938 dicens
1753 4897 1772 4935 :
1812 4881 1913 4936 Hic
1942 4892 2012 4937 est
2062 4882 2231 4937 Filius

659 4990 801 5028 meus
824 4973 1061 5041 dilectus,
1090 4974 1143 5026 in
1173 4989 1270 5041 quo
1306 4974 1425 5027 bene
1449 4973 1739 5040 complacui
1763 4970 1975 5043 (Matth.
2009 4989 2087 5042 ιιι,
2120 4973 2230 5041 16).

660 5064 848 5119 Nonne
868 5064 1003 5118 alter
1032 5068 1112 5117 est
1136 5064 1187 5117 in
1212 5076 1440 5132 persona
1462 5064 1550 5132 qui
1579 5064 1876 5133 baptizatus
1901 5072 2002 5126 est,
2019 5072 2072 5116 et
2099 5062 2234 5117 alter

655 5157 750 5226 'qui
779 5155 1173 5210 sicutcolumba
1195 5154 1260 5209 de
1285 5154 1438 5209 caelis
1460 5155 1757 5218 descendit,
1789 5153 1994 5207 etalius
2018 5152 2236 5221 odioque

654 5247 813 5317 cujus
840 5261 942 5300 vox
974 5247 1041 5301 de
1070 5247 1224 5301 ctelis
1254 5246 1430 5300 audita
1463 5247 1589 5299 est?
1616 5246 1734 5299 Alio
1765 5246 1819 5299 in
1845 5246 1962 5299 loco
1978 5246 2234 5313 scriptum

654 5347 776 5394 est:
821 5339 999 5394 Omnis
1020 5340 1109 5408 qui
1134 5338 1611 5417 diligitgeuitorem,
1638 5338 1807 5407 diligit
1832 5352 1946 5390 eum
1971 5338 2058 5405 qui
2087 5346 2237 5390 natus

655 5441 730 5486 est
758 5432 821 5486 de
845 5448 902 5486 ea
933 5432 985 5501 (Ι
1016 5431 1171 5485 Joan.
1199 5447 1253 5496 v,
1282 5432 1357 5501 l).
1391 5430 1635 5497 Nunquid
1669 5430 1782 5497 ipse
1806 5436 1891 5484 est
1920 5429 2127 5496 genitor
2148 5432 2235 5499 qui

658 5530 713 5577 et
738 5534 891 5577 natus
910 5524 1030 5578 est?
1054 5523 1225 5578 lsbsit.
1251 5522 1449 5591 Accipe
1480 5521 1561 5575 vel
1582 5520 1683 5575 hoc
1705 5521 2069 5575 testimonium
2092 5539 2113 5576 ι
2134 5522 2237 5589 Qui

661 5626 765 5665 non
790 5614 1054 5681 conﬁtetur
1082 5612 1299 5677 Filium,
1337 5628 1425 5665 nec
1476 5611 1684 5664 Patrem
1718 5610 1863 5665 habet
1889 5627 1909 5665 ζ
1943 5613 2029 5678 qui
2070 5622 2238 5665 autent

661 5700 930 5771 conﬁtetur
958 5701 1175 5771 Filium,
1205 5712 1252 5758 et
1300 5702 1509 5757 Patrem
1546 5701 1693 5756 habet
1728 5700 1778 5771 (1
1809 5701 1965 5757 Joon.
2024 5718 2082 5769 tt,
2118 5704 2235 5773 23).

2332 2786 2462 2841 Sive
2491 2786 2591 2841 hoc
2620 2805 2632 2838 :
2669 2787 2769 2852 Qui
2795 2804 2872 2839 me
2900 2788 3029 2850 adit,
3059 2798 3106 2841 et
3147 2787 3352 2841 Patrem
3389 2802 3534 2838 meum
3560 2782 3637 2835 odit
3666 2774 3763 2843 (1033.

2338 2877 2666 2945 xv,‘25).Sed
2693 2878 2755 2929 ad
2785 2877 3141 2932 hmclrianites
3165 2878 3389 2931 indicat:
3419 2875 3510 2942 Qui
3528 2866 3766 2939 negatPutmt

2324 2976 2383 3021 et
2415 2965 2627 3033 Filium,
2652 2968 2741 3020 hic
2770 2977 2840 3021 est
2870 2969 3205 3022 Antichristus
3226 2968 3280 3039 (l
3310 2968 3460 3021 Joan.
3484 2981 3535 3022 tt.
3566 2961 3649 3028 2'2).
3682 2955 3767 3007 Villii

2338 3058 2723 3112 Antichristum
2743 3073 2861 3112 esse
2874 3060 2963 3128 qui
2995 3069 3152 3129 negat
3174 3076 3359 3114 verum
3378 3060 3571 3111 Patrem
3595 3047 3768 3106 ethium.

2341 3151 2574 3205 Deniutle
2605 3149 2777 3203 Patris
2803 3165 2983 3203 vocem
3016 3151 3104 3205 de
3133 3152 3293 3205 oculis
3316 3149 3438 3204 audi
3465 3148 3672 3200 dicentem
3719 3132 3768 3184 "it

2334 3250 2406 3297 est
2458 3238 2624 3293 Filius
2660 3257 2797 3294 meus
2848 3241 3206 3295 dilectissimus
3239 3244 3291 3294 in
3310 3256 3416 3307 quo
3445 3240 3553 3291 bene
3578 3222 3769 3298 complecti»

2334 3334 2499 3401 ipsum
2520 3331 2925 3402 audite(Matth.
2953 3347 3078 3395 xvu,
3127 3330 3205 3401 5).
3248 3334 3379 3386 Dum
3437 3323 3681 3384 omnimodo
3701 3317 3771 3367 alter

2332 3424 2402 3478 sit
2424 3424 2512 3492 qui
2542 3432 2763 3478 testatur
2790 3424 2857 3478 de
2887 3424 3059 3488 caelis,
3108 3435 3162 3479 et
3184 3425 3328 3478 alius
3352 3422 3557 3489 adaeque
3578 3415 3645 3485 qui
3668 3403 3771 3463 testiﬁ-

2335 3530 2365 3569 c
2383 3528 2484 3569 itur
2510 3517 2560 3569 in
2591 3516 2765 3571 terris.
2790 3516 2939 3569 Sicut
2967 3516 3138 3570 Filius
3159 3516 3222 3569 ad
3254 3517 3457 3570 Patrem
3477 3512 3653 3566 clamat:
3678 3500 3771 3553 l’attr,

2336 3607 2615 3674 Itanmiﬁca
2646 3623 2828 3660 nomen
2856 3615 3020 3660 tuum.
3041 3605 3112 3658 Et
3144 3608 3279 3660 venit
3307 3622 3401 3659 vox
3428 3605 3485 3657 de
3523 3586 3773 3654 τωῐίεεὶιὺῡ-

2334 3698 2619 3765 noriﬁcavi,
2646 3709 2690 3751 et
2712 3699 2905 3751 iterum
2931 3698 3282 3765 honori/icabo
3316 3696 3485 3769 (Jaan.
3512 3707 3592 3753 xu,
3610 3687 3690 3748 98)·
3716 3677 3774 3731 [δ’

2337 3806 2439 3858 que
2472 3791 2512 3843 si
2538 3791 2650 3860 ipse
2679 3801 2792 3844 erat
2824 3790 2990 3844 Filius
3020 3792 3072 3844 in
3100 3805 3330 3859 persona
3358 3805 3456 3843 una
3483 3784 3558 3854 qui
3579 3789 3621 3835 et
3639 3778 3775 3860 Patent

2338 3856 2443 3952 quo
2486 3856 2697 3936 tandem
2744 3882 3001 3936 honorem
3058 3856 3470 3951 postulabat'iet
3510 3876 3633 3941 cujus
3654 3881 3717 3919 to:
3740 3856 3773 3952 td

2338 3990 2458 4029 eum
2501 3975 2878 4049 respondebat,
2906 3950 3124 4027 dicens:
3151 3973 3220 4027 Et
3250 3967 3581 4039 honori/ituri,
3602 3972 3636 4016 et
3654 3950 3775 4009 hortati-

2338 4064 2537 4132 ﬁcaba?
2562 4064 2669 4119 Sed
2695 4074 2745 4117 et
2777 4046 2878 4117 hoc
2909 4081 2922 4117 :
2957 4064 3115 4118 Pater
3141 4076 3336 4129 sancte,
3378 4058 3625 4123 honoriﬁca
3666 4046 3775 4132 litua

2339 4163 2503 4219 tuum,
2533 4164 2655 4208 utet
2691 4155 2861 4208 Filius
2902 4164 3019 4208 tuus
3064 4156 3364 4222 hanoriﬁcet
3391 4164 3434 4207 te
3454 4150 3607 4220 (Joan.
3632 4154 3718 4199 xm.
3736 4131 3774 4193 ii-

2340 4244 2502 4298 Vides
2528 4246 2578 4299 in
2614 4247 2714 4299 hoc
2734 4254 2972 4299 mutuam
2998 4259 3121 4300 esse
3161 4221 3449 4302 secundum
3472 4221 3777 4299 tiatttrzcritis~i-

2341 4335 2577 4388 tudinem
2611 4334 3092 4399 honoriﬁcentiam,
3125 4335 3175 4388 in
3206 4336 3290 4390 his
3330 4312 3779 4388 consistentemlSiiE

2339 4428 2521 4495 πεῖρε
2550 4443 2563 4479 ³
2598 4427 2707 4498 Εσο
2740 4431 2804 4479 de
2830 4442 2886 4480 ea
2914 4427 3063 4493 exivi,
3098 4435 3142 4480 et
3174 4428 3285 4481 veni
3316 4425 3488 4495 (Joan.
3518 4416 3625 4485 ινι).
3646 4408 3781 4498 Nunttl

2339 4517 2452 4571 alio
2484 4518 2535 4569 in
2566 4494 2685 4571 loco
2716 4517 2854 4571 idem
2879 4518 2992 4587 ipse
3019 4518 3250 4586 repetit:
3289 4494 3400 4588 Ego
3427 4532 3457 4565 a
3490 4512 3618 4567 Patre
3648 4494 3783 4554 exitia“

2339 4609 2448 4662 veni
2483 4605 2659 4677 (Joan.
2689 4608 2842 4677 xvu).
2863 4607 3054 4677 Utique
3080 4610 3122 4661 si
3144 4609 3257 4677 ipse
3277 4615 3393 4661 erat
3412 4605 3557 4659 Pater
3574 4599 3613 4650 in
3631 4592 3783 4677 petsm‘ii

2339 4700 2428 4769 qui
2460 4675 2620 4769 236
2658 4708 2711 4753 et
2742 4675 2924 4762 riuus,
2958 4675 3033 4751 sic
3064 4675 3323 4752 debuerat
3351 4694 3600 4750 intimasse
3633 4699 3644 4735 :
3681 4675 3783 4769 Et?!

2340 4805 2425 4844 me
2447 4790 2588 4844 exivi
2613 4790 2664 4842 in
2695 4789 2836 4843 hunc
2882 4788 3157 4843 mundum.
3193 4790 3329 4843 Dum
3354 4784 3529 4856 procul
3561 4773 3683 4833 dubio
3712 4763 3787 4856 alter

2340 4881 2411 4937 Sit
2439 4880 2527 4949 qui
2553 4881 2737 4943 exivit,
2769 4888 2821 4934 ct
2860 4880 2992 4933 alius
3015 4880 3082 4933 sit
3111 4880 3178 4933 de
3208 4894 3311 4947 quo
3334 4852 3540 4931 eximit.
3564 4863 3646 4922 Sed
3662 4852 3787 4949 aditi

2343 4972 2614 5041 subjunin
2663 4971 2728 5025 de
2773 4986 2997 5039 persona
3040 4944 3471 5035 sancti’Spirilus
3508 4983 3518 5017 :
3550 4959 3652 5014 Cum
3680 4944 3790 5000 NW

2342 5064 2620 5117 advocatus
2662 5064 2766 5127 ille,
2798 5079 2947 5133 quem
2986 5078 3078 5133 ego
3114 5063 3315 5120 mittam
3357 5059 3487 5113 vobis
3515 5071 3542 5106 α
3581 5044 3789 5133 Patrttttti.

2346 5158 2597 5224 Spiritunt
2622 5130 2869 5222 veritatis,
2894 5157 2981 5225 qui
3017 5130 3053 5207 is
3087 5154 3241 5208 Patre
3268 5168 3379 5206 mea
3424 5142 3637 5221 procedit.
3659 5137 3731 5201 δρα

2342 5248 2645 5315 sti/icabitur
2663 5248 2729 5300 de
2759 5263 2836 5301 me
2864 5216 3043 5316 (jaan.
3067 5262 3155 5312 xv,
3186 5245 3302 5315 εδ).
3355 5216 3499 5297 Itane
3525 5248 3611 5291 non
3636 5226 3733 5280 alter
3750 5216 3794 5264 εει

2342 5338 2434 5407 qui
2465 5337 2648 5401 mittit,
2675 5346 2732 5391 et
2767 5336 2903 5390 alius
2926 5339 3146 5406 adatque
3178 5336 3232 5389 iu
3276 5347 3501 5405 persona
3526 5343 3550 5380 a
3575 5334 3659 5393 quo

2341 5428 2441 5493 dil.
2483 5437 2539 5482 el
2564 5427 2699 5481 alter
2720 5437 2803 5481 est
2837 5427 2923 5481 hic
2946 5402 3178 5496 ipse—qui
3207 5402 3398 5478 venit?
3446 5418 3651 5483 Denique
3688 5404 3719 5456 si
3738 5402 3795 5496 unt

2341 5526 2486 5573 esset
2533 5532 2783 5586 persoua,
2830 5532 2862 5575 a
2890 5492 2996 5587 quo
3024 5492 3236 5571 tandem
3277 5506 3597 5588 mitteretur?
3624 5492 3799 5588 relatus

2340 5612 2704 5681 procederet?
2736 5612 2874 5671 sicut
2903 5610 3194 5680 Apostolus
3238 5585 3354 5662 htcc
3401 5608 3449 5660 in
3493 5570 3801 5681 salutatione

2340 5703 2646 5758 Corinthios
2685 5701 2989 5767 conﬁrmat,
3029 5701 3215 5755 dicens
3243 5715 3259 5755 ;
3289 5696 3470 5753 Gratia
3512 5677 3683 5749 Domini
3707 5673 3803 5722 “0“”
