3938 6376
153 390 247 462 ses

1370 388 1449 442 ος
1488 378 1856 440 ΤΙὶΙΝΙΤΛΤΕ
1897 382 2023 434 ιλιι.
2069 380 2151 434 IV.

3270 362 3380 430 8ΰὸ

156 520 265 573 Iesu
295 504 502 575 Christi,
543 520 590 565 et
614 510 798 564 caritas
828 506 941 571 Dei,
978 507 1070 558 hoc
1091 515 1161 557 est
1190 502 1381 565 Patris,
1405 500 1450 555 ει
1474 506 1701 552 contntu-
1736 498 1785 556 Α
1813 492 2045 548 (Ϊῆνιειιιε
2067 511 2152 563 per
2183 510 2327 563 quem
2350 500 2541 557 omnia,
2570 502 2615 545 et
2639 508 2734 547 nos
2758 510 2846 562 per
2867 494 3029 564 ipsum
3053 497 3102 566 (Ι
3126 500 3245 555 Cor.
3270 521 3381 569 vttI.

153 605 328 659 nicatio
353 601 514 656 sancti
537 600 763 669 Spiritus
788 612 898 651 cum
922 595 1151 650 omnibus
1172 594 1307 647 vobis
1334 590 1418 662 (II
1441 584 1561 645 Car.
1589 605 1704 654 snt,

160 695 257 763 l5).
287 692 472 747 Nonne
495 700 678 760 aperte
705 706 799 759 per
828 688 1033 757 singula
1084 685 1323 748 nomina,
1357 685 1493 737 sicut
1539 692 1590 736 et
1619 693 1708 734 su-

155 786 323 854 perius
344 783 668 847 continetur,
694 779 927 845 singulas
952 786 1209 847 personas
1233 775 1408 829 inesse
1434 771 1709 827 disnnsit?

158 873 386 943 Daunique
412 874 477 925 ad
511 875 624 925 tunc
654 871 819 939 ipsius
845 868 965 922 Filii
996 868 1137 922 dicta
1179 865 1411 933 suscipe,
1444 863 1669 916 dicentis
1697 877 1708 912 :

156 966 291 1019 Alius
320 974 393 1019 est
419 965 504 1032 qui
543 962 881 1016 testimonium
913 960 1137 1027 perhibet
1168 957 1313 1020 mihi,
1356 955 1441 1023 qui
1471 969 1548 1006 me
1578 953 1712 1005 misit

157 1055 307 1108 Pater
357 1053 541 1125 (Joan.
594 1068 646 1112 ν,
698 1052 803 1114 32;
860 1059 906 1103 et
938 1064 1060 1113 vm,
1100 1046 1229 1115 i8),
1283 1045 1409 1099 dum
1456 1044 1590 1097 inita
1648 1043 1714 1095 de

154 1161 209 1200 se
240 1145 381 1198 dicat
407 1144 560 1197 alius.
596 1143 754 1197 Vides
783 1144 905 1211 quia
932 1140 1067 1193 alius
1096 1149 1176 1194 est
1204 1137 1360 1191 Pater
1396 1138 1447 1189 in
1492 1148 1716 1205 persona

157 1237 294 1300 Filii,
322 1246 374 1290 et
400 1252 503 1289 non
532 1235 670 1288 alius
697 1245 778 1287 est
805 1237 855 1287 in
886 1233 1181 1286 divinitate.
1209 1231 1314 1287 Sed
1346 1240 1399 1285 et
1427 1230 1492 1284 de
1516 1229 1718 1298 Spiritu

154 1336 342 1382 sancto
368 1327 443 1380 sic
472 1326 547 1379 ait
570 1342 584 1376 :
618 1324 820 1393 Rogabo
844 1323 1051 1376 Patrem
1082 1337 1267 1384 meum,
1289 1331 1336 1374 et
1374 1320 1536 1373 alium
1562 1334 1717 1389 para-

155 1419 329 1471 clitum
351 1420 508 1469 mittet
531 1416 668 1470 nobis
693 1414 874 1485 (Joan.
906 1430 1012 1479 sIv,
1039 1413 1151 1484 i6).
1190 1412 1481 1466 Considera
1506 1420 1560 1464 et
1588 1410 1720 1463 alte-

156 1524 268 1563 rum
326 1522 446 1562 esse
488 1507 748 1576 Spiritum
782 1506 1101 1559 Paraclitum
1154 1506 1205 1558 in
1253 1517 1500 1572 persona,
1534 1510 1721 1555 etnon

156 1610 334 1655 tanien
364 1614 483 1653 esse
521 1601 746 1653 alterum
777 1600 828 1651 in
875 1598 1183 1661 divinitate;
1218 1596 1335 1650 ideo
1376 1594 1511 1647 alter
1540 1593 1607 1647 ab
1649 1592 1724 1645 al-

156 1700 268 1747 tero
329 1694 379 1746 in
434 1706 658 1761 persona
717 1700 918 1744 tantum
964 1691 1159 1753 differt,
1194 1698 1247 1742 et
1275 1702 1377 1741 non
1421 1687 1470 1739 in
1503 1684 1720 1739 deitate.

155 1781 337 1849 Itaque
359 1781 495 1835 alter
521 1791 601 1835 est
630 1782 784 1834 Pater
814 1780 867 1833 in
896 1792 1119 1849 persona
1150 1779 1236 1846 qui
1274 1776 1475 1845 genuit,
1507 1783 1560 1827 et
1591 1772 1725 1825 alius

1813 586 1887 653 6).
1941 586 2100 639 Vides
2135 587 2255 653 quia
2288 603 2422 640 unus
2457 596 2537 639 est
2591 580 2778 650 Filius,
2827 591 2915 657 qui
2945 600 3023 645 est
3081 596 3383 665 unigenttns

1815 676 1977 730 Deus.
2030 676 2132 729 Sed
2182 686 2235 730 et
2266 679 2310 732 si
2356 687 2601 732 creatura
2643 689 2758 733 erat
2787 679 3017 749 Spiritus
3046 696 3283 754 sanctus,
3328 705 3381 743 ut

1818 769 1958 823 Deus
1985 784 2144 823 verus
2176 783 2278 822 non
2312 770 2427 824 erat
2468 790 2479 823 :
2513 786 2607 825 cur
2640 768 2866 839 legimus
2898 776 3071 841 ipsum
3098 766 3379 834 Dominum

1817 858 2085 913 Christum
2137 858 2426 913 Nicodcmo
2457 860 2781 916 iudicantem
2817 882 2829 917 :
2878 865 3029 932 Quod
3072 873 3297 925 nascitur
3323 874 3386 926 de

1819 949 2038 1019 Spiritu,
2066 950 2272 1019 spiritus
2303 959 2372 1002 est
2406 944 2586 1019 (Joan.
2610 968 2689 1017 ιιι,
2719 944 2817 1024 6)?
2847 958 2969 1024 quia
2998 957 3137 1014 Deus
3160 959 3384 1031 Spiritus

1818 1051 1920 1093 εει.
1955 1038 2048 1093 Vel
2082 1040 2269 1093 saltem
2302 1040 2401 1093 hoc
2431 1045 2735 1110 exemplum
2763 1047 2943 1113 accipe
2972 1054 2984 1100 :
3013 1038 3078 1102 Et
3099 1047 3252 1103 nolite
3269 1068 3390 1105 con-

1820 1131 2021 1183 tristare
2038 1129 2287 1200 Spiritum
2317 1139 2545 1183 sanctum
2593 1131 2708 1194 Dei,
2742 1134 2792 1187 in
2823 1152 2923 1204 quo
2963 1138 3151 1208 signati
3185 1142 3305 1194 estis
3334 1143 3387 1194 in

1821 1224 1903 1275 die
1929 1222 2283 1292 redemptionis
2306 1219 2525 1292 (Ep/tes.
2555 1238 2625 1289 Iv,
2661 1226 2771 1292 50).
2807 1226 2911 1282 Sed
2941 1240 2993 1283 et
3023 1232 3086 1285 ad
3111 1232 3225 1287 hac
3250 1234 3390 1290 dicta

1822 1316 2069 1382 suscipe:
2103 1309 2221 1366 Nisi
2244 1314 2357 1383 quis
2387 1322 2591 1367 renatus
2632 1316 2785 1383 fuerit
2828 1334 2890 1371 ex
2925 1338 3056 1389 aqua
3100 1334 3147 1377 et
3193 1324 3391 1395 Spiritu

1824 1415 2021 1467 sancto,
2053 1420 2153 1456 non
2184 1403 2394 1457 intrabit
2421 1404 2475 1456 in
2502 1414 2708 1473 regnum
2730 1402 2968 1461 caelorum
2999 1409 3177 1480 (Joan.
3210 1429 3284 1479 III,
3312 1417 3389 1487 5).

1827 1497 2112 1559 Memento,
2143 1494 2265 1564 quia
2290 1495 2429 1549 Deus
2456 1504 2538 1550 est
2562 1494 2795 1563 Spiritus
2816 1510 3052 1562 sanctus,
3081 1505 3170 1571 qui
3199 1519 3391 1560 cuneta

1826 1596 2075 1655 Operatur
2106 1587 2154 1638 in
2186 1586 2352 1653 signis
2402 1595 2453 1637 et
2485 1585 2736 1654 prodigiis
2758 1627 2772 1651 ,
2833 1589 2970 1642 sicut
2999 1596 3089 1645 vas
3120 1594 3393 1651 eléctionis

1828 1677 2059 1732 breviter
2105 1679 2335 1731 absolvit
2366 1696 2379 1731 :
2417 1676 2541 1730 IIa‘c
2590 1680 2757 1731 omnia
2807 1692 3046 1747 aperatur
3081 1702 3209 1738 unus
3241 1699 3392 1758 atque

1828 1771 1961 1822 idem
1983 1769 2231 1836 Spiritus,
2256 1768 2481 1821 dividens
2512 1760 2726 1840 singulis
2758 1781 2908 1837 prout
2930 1773 3034 1825 vult
3066 1760 3122 1845 (Ῐ
3152 1775 3270 1833 Cor.
3299 1796 3393 1844 XII,

159 1872 328 1927 Filius
365 1883 448 1927 est
473 1875 559 1942 qui
596 1871 806 1941 genitus
832 1871 900 1925 ab
928 1873 1062 1940 ipso,
1104 1878 1159 1923 et
1198 1869 1335 1922 alius
1362 1866 1596 1934 Spiritus
1619 1864 1719 1917 Pa-
1754 1858 1800 1925 Β
1833 1861 1947 1931 lt);
1982 1860 2079 1928 Qui
2114 1864 2294 1928 utique
2321 1860 2362 1911 si
2392 1870 2631 1913 creatura
2664 1871 2776 1914 erat
2804 1861 2886 1915 ltic
2914 1877 3047 1918 unus
3067 1875 3224 1935 atque
3256 1869 3393 1923 idem

154 1965 376 2018 raclitus
404 1966 493 2033 qui
543 1965 610 2017 de
665 1964 809 2016 unita
854 1971 1040 2016 natura
1096 1968 1198 2015 est.
1256 1958 1363 2013 Sed
1402 1956 1540 2010 dicis
1571 1955 1726 2019 mihi,

157 2056 431 2116 haeretice.
474 2056 920 2123 quemadmodum
966 2053 1197 2122 Spiritus
1227 2052 1294 2106 de
1340 2051 1486 2104 unita
1541 2057 1728 2103 natura

78 2127 82 2130 i
156 2146 449 2201 consistit?
482 2146 614 2199 Ecce
646 2144 813 2199 Filius
844 2143 913 2199 de
962 2158 1026 2197 eo
1069 2152 1292 2197 testatus
1323 2152 1440 2196 est:
1485 2140 1527 2193 A
1577 2140 1732 2193 Patre

156 2239 390 2308 procedit
432 2237 609 2308 (Joan.
646 2254 731 2302 xv,
762 2236 796 2289 Ε).
820 2236 853 2307 ι)
880 2252 893 2288 :
925 2246 978 2291 et
1007 2236 1084 2291 sic
1124 2246 1439 2303 prosecutus
1467 2244 1565 2292 εει.
1599 2243 1645 2285 et
1673 2232 1734 2284 de

156 2347 271 2384 meo
303 2333 514 2399 accipiet
536 2330 707 2397 (Joan.
737 2346 846 2396 xvr,
881 2328 990 2397 Η).
1027 2328 1178 2393 Quod
1194 2326 1556 2381 testimmtium
1581 2324 1689 2378 Patt
1709 2339 1735 2378 r

154 2423 549 2492 comprobavit,
566 2423 749 2476 dicens
775 2440 786 2472 :
820 2422 1043 2489 Spiritus
1065 2438 1095 2472 α
1116 2419 1432 2488 meproredit
1455 2417 1590 2485 (Isa.
1611 2430 1733 2479 LVII,

154 2512 279 2577 16).
321 2511 364 2566 0
390 2511 572 2575 homo,
620 2514 664 2563 si
695 2512 928 2579 Spiritus
977 2511 1064 2564 hic
1117 2509 1433 2575 Paraclitus,
1465 2518 1520 2561 ut
1559 2507 1693 2560 dicis
1721 2546 1735 2569 ,

155 2605 337 2658 Pater
359 2618 463 2658 non
490 2614 590 2668 est,
626 2603 790 2657 Filius
821 2618 927 2657 non
975 2612 1077 2667 est,
1110 2602 1313 2655 factura
1347 2614 1451 2654 non
1482 2609 1585 2661 est,
1614 2599 1738 2668 quid

157 2696 264 2750 tibi
298 2710 420 2750 esse
470 2696 721 2750 videtur?
766 2695 809 2749 Ο
839 2710 963 2749 vera
991 2694 1232 2750 caecitas!
1270 2692 1463 2762 Utique
1506 2693 1551 2745 si
1596 2691 1741 2745 Scii-

154 2793 324 2853 ptura
359 2786 456 2840 tibi
494 2801 599 2841 non
629 2786 845 2851 sufﬁcit,
874 2801 991 2855 quae
1038 2785 1116 2840 sic
1142 2785 1209 2839 de
1232 2800 1298 2839 eo
1327 2783 1610 2854 signiﬁcat,
1656 2798 1741 2837 me

154 2892 273 2931 non
324 2884 405 2932 est
449 2879 556 2945 jam
588 2893 750 2947 super
796 2891 863 2933 eo
906 2878 1048 2949 quod
1100 2878 1423 2947 interroges.
1452 2878 1593 2931 Sane
1635 2891 1740 2930 non

152 2968 341 3023 debeo
368 2969 724 3034 dissimulare,
750 2980 815 3024 eo
840 2968 977 3038 quod
1002 2984 1105 3022 non
1131 2968 1224 3022 tibi
1255 2968 1475 3031 debeam
1506 2966 1742 3026 indicate

152 3057 307 3125 quod
343 3060 533 3111 sentio.
564 3058 665 3112 Sed
698 3068 752 3111 ut
781 3059 925 3126 prius
965 3059 1103 3112 scias
1146 3072 1279 3126 quos
1307 3058 1525 3128 laqueos
1550 3059 1739 3122 evites,

151 3147 415 3203 indicabo
443 3149 535 3202 tibi
570 3153 704 3203 Ita‘c.
759 3150 990 3205 Iltcresis
1021 3151 1229 3205 novella
1271 3151 1473 3205 exstitit
1508 3151 1739 3203 inaudita

1833 1954 2086 2021 Spiritus,
2137 1952 2580 2023 quemadmodum
2624 1952 2783 2024 238
2814 1954 2925 2010 bmc
2956 1956 3200 2012 universa
3233 1961 3397 2015 mira-

1832 2047 1956 2102 bilia
1991 2053 2192 2115 poterat
2222 2044 2478 2113 Opi-rari?
2506 2044 2657 2099 Unde
2685 2063 2789 2099 non
2822 2046 2980 2102 Pater
2999 2058 3082 2103 est
3110 2050 3195 2105 ltlc
3236 2053 3397 2106 Para-

1829 2137 2009 2203 clitus,
2044 2136 2346 2200 Potentine,
2379 2146 2446 2190 ne
2491 2135 2626 2189 duos
2660 2136 2842 2190 Patres
2890 2138 3146 2194 adversus
3200 2140 3395 2212 stylum

1843 2230 2039 2300 regula:
2063 2228 2395 2282 auctoritatis
2426 2228 2477 2281 itt
2502 2228 2839 2285 confessione
2872 2230 3276 2287 introducantur
3301 2251 3316 2289 ε
3346 2246 3401 2290 ει

1836 2336 1941 2375 non
1965 2328 2049 2374 est
2078 2320 2262 2382 Filius,
2298 2332 2363 2373 ne
2390 2320 2494 2374 duo
2522 2320 2613 2374 lilii
2642 2329 2827 2375 contra
2866 2337 3045 2379 sacras
3096 2324 3401 2395 Scripturas

1839 2428 1957 2467 esse
2013 2414 2415 2465 videantur:et
2464 2427 2569 2465 non
2619 2413 2827 2467 iactura
2873 2426 2978 2481 est,
3016 2431 3081 2471 ne
3128 2432 3234 2473 non
3266 2420 3405 2475 Deus

1838 2510 1996 2557 verus
2018 2503 2106 2555 sit.
2141 2500 2247 2555 Sed
2281 2502 2343 2553 ad
2375 2513 2698 2569 postremum
2726 2512 2783 2555 ut
2820 2502 2995 2558 discas
3025 2507 3092 2558 ab
3118 2508 3225 2576 ipsi
3256 2523 3406 2563 crea-

1840 2605 1955 2649 tura
1986 2593 2361 2658 divina,verus
2392 2594 2528 2646 Deus
2550 2603 2653 2658 est,
2684 2595 2805 2663 quia
2828 2594 2894 2649 de
2923 2598 3034 2666 ipsa
3066 2608 3188 2654 vera
3209 2600 3409 2657 deitate

1840 2685 1982 2739 unita
2016 2683 2519 2754 incomparabilique
2549 2684 2809 2739 consistit.

1914 2776 2222 2831 Ilwreticus.
2268 2774 2436 2843 Rogo,
2469 2776 2510 2828 si
2560 2777 2705 2829 unita
2755 2776 2925 2830 deitas
2972 2788 3053 2834 est
3085 2782 3412 2849 incompara-

1851 2870 1997 2935 bilis,
2028 2867 2264 2938 nunquid
2291 2870 2369 2922 sic
2392 2876 2444 2922 et
2466 2868 2677 2922 nomina
2702 2874 3049 2938 personarum
3079 2873 3413 2944 incompara.

1845 2964 1966 3017 bilia
1988 2962 2141 3017 sunt?

1916 3052 2244 3106 Athanasius.
2281 3051 2419 3105 Proh
2458 3050 2642 3107 dolor!
2676 3049 2720 3106 si
2760 3053 2911 3107 multi
2956 3065 3079 3110 sunt
3113 3068 3289 3125 patres
3315 3064 3405 3131 qui

1847 3145 2132 3211 aliquando
2163 3153 2341 3211 patres
2364 3154 2468 3197 nan
2497 3141 2730 3203 fuerunt.
2762 3144 2997 3213 nunquid
3026 3147 3216 3217 aliquis
3242 3165 3306 3204 ex
3332 3151 3415 3207 his

151 3237 446 3304 cujusdam
481 3237 659 3292 URBICI
690 3239 1001 3306 POTENTINI,
1035 3241 1125 3309 qui
1160 3240 1300 3294 hanc
1325 3241 1579 3310 Spiritum
1616 3256 1738 3293 san-

1849 3234 1955 3287 Deo
1986 3234 2125 3287 Patri
2180 3234 2229 3286 in
2273 3235 2597 3299 sempiterna
2650 3234 2996 3302 generatione
3054 3248 3204 3307 pater
3256 3240 3418 3310 digne

150 3337 338 3392 ctum,
372 3328 578 3382 Patrem
610 3340 694 3382 aut
725 3331 937 3395 Filium,
961 3340 1050 3385 aut
1079 3340 1223 3386 certe
1250 3331 1505 3385 facturam
1528 3342 1745 3400 usurpat

151 3419 371 3474 debere
394 3422 548 3491 237
580 3424 847 3477 conﬁteri.
881 3424 946 3479 Ut
970 3425 1012 3478 si
1045 3426 1164 3493 quis
1208 3433 1352 3478 certe
1391 3425 1625 3493 ignart's,
1662 3425 1744 3477 vel

150 3510 318 3567 rudis
354 3512 406 3564 in
438 3512 723 3580 Scripturis
759 3516 976 3579 divinis,
1008 3516 1075 3569 de
1108 3516 1189 3569 his
1217 3531 1337 3584 quae
1370 3528 1464 3584 per
1488 3530 1583 3568 am.
1611 3518 1743 3568 ritu-

148 3602 353 3656 dinem
383 3606 630 3657 versutia:
660 3606 776 3672 ejus
802 3616 925 3660 sunt
957 3608 1007 3660 in
1037 3607 1213 3661 medio
1236 3608 1415 3661 oblata
1444 3619 1747 3661 cummeuta

147 3694 423 3759 audierit,
448 3706 501 3750 et
528 3696 723 3761 aliquid
755 3711 816 3752 es
849 3698 929 3751 his
954 3697 1297 3765 blastiltemia:
1323 3698 1478 3752 dietis
1500 3699 1744 3765 elegerit,

146 3788 356 3838 statim
381 3787 431 3838 ιιι
461 3786 705 3841 haeresim
739 3788 953 3841 incidat.
1003 3788 1131 3841 Audi
1174 3790 1353 3857 itaque
1402 3788 1748 3858 qu-tmadmo-

122 3878 292 3931 dum
360 3877 561 3932 absolvi
619 3880 849 3933 debeant
899 3889 1133 3933 tortuosa
1188 3881 1395 3934 vincula
1451 3879 1750 3951 iniquitatis

146 3969 303 4039 ejus.
327 3968 376 4022 Ο
397 3968 696 4034 Potentiue,
714 3970 1070 4039 quiadversus
1085 3971 1387 4039 Scripturas
1415 3972 1639 4034 divinas,
1667 3972 1747 4025 vel

144 4068 347 4113 totum
386 4060 638 4111 mundum
672 4071 723 4111 tu
755 4060 899 4113 solus
929 4077 955 4113 a
984 4061 1263 4115 Catholicis
1294 4062 1361 4115 de
1393 4062 1492 4114 huc
1545 4061 1752 4123 dissen-

144 4153 250 4213 tis,
290 4150 427 4201 dum
462 4150 896 4219 philosophorum
932 4152 1203 4207 doctrinas
1235 4155 1481 4217 sectaris,
1535 4155 1625 4221 qui
1675 4155 1754 4207 sic

144 4241 388 4295 sentis:
422 4241 600 4309 utique
630 4244 673 4293 si
702 4241 931 4307 Spiritus
958 4255 1193 4307 sanctus,
1224 4252 1277 4296 et
1306 4244 1392 4296 hic
1434 4243 1753 4307 Paraclitus,

142 4342 211 4385 ut
237 4329 417 4393 dicis,
451 4331 607 4384 Pater
636 4348 663 4384 e
695 4342 796 4395 set,
832 4333 947 4387 sine
977 4334 1138 4385 dultio
1163 4334 1272 4401 jam
1316 4350 1419 4386 non
1449 4343 1592 4388 esset
1619 4348 1755 4388 unus

145 4423 360 4483 Pater,
395 4420 488 4475 sed
516 4420 623 4475 duo
649 4431 829 4489 patres
855 4433 981 4476 :aut
1001 4423 1043 4476 si
1072 4424 1303 4490 Spiritus
1334 4434 1388 4478 et
1419 4425 1503 4479 hic
1520 4424 1754 4478 Paracli-

147 4522 245 4565 tus
269 4510 453 4564 Filius
482 4521 645 4577 esset,
676 4512 795 4566 sine
824 4513 984 4567 dubio
1006 4514 1113 4582 jam
1138 4529 1242 4568 non
1270 4531 1409 4570 unus
1426 4516 1566 4569 ﬁlius
1592 4525 1752 4582 esset,

1846 3327 2280 3394 comparabitur?
2312 3328 2416 3379 Aut
2446 3327 2566 3394 quia
2602 3327 2749 3379 mttlti
2796 3336 2917 3380 sunt
2952 3328 3067 3393 lilii,
3118 3331 3207 3400 qui
3252 3345 3420 3401 nuper

1848 3416 1953 3470 nati
1984 3427 2137 3481 sunt,
2169 3426 2217 3469 et
2248 3425 2401 3469 antea
2437 3416 2527 3468 lilii
2563 3432 2663 3467 non
2681 3416 2923 3481 fuerunt,
2956 3422 3191 3487 nunquid
3227 3414 3421 3491 aliquis

1848 3508 1912 3557 ad
1942 3507 2319 3573 sempiternam
2346 3505 2678 3559 divinitatem
2713 3505 2831 3559 Filii
2857 3507 2947 3562 Dei
2982 3511 3181 3578 proprii
3212 3516 3424 3568 assitnit

1851 3596 2086 3648 labitur?
2117 3596 2221 3648 Aut
2252 3593 2373 3663 quia
2401 3593 2552 3646 multi
2582 3602 2707 3647 sunt
2756 3595 2978 3663 spiritus
3012 3596 3063 3650 in
3091 3599 3251 3665 cmlo,
3284 3611 3337 3656 et
3368 3604 3421 3657 in

1850 3695 2014 3749 terra,
2046 3689 2133 3754 qui
2166 3685 2289 3741 facti
2322 3694 2467 3745 sunt,
2496 3685 2732 3752 nunquid
2762 3684 2956 3755 aliquis
2985 3702 3170 3744 eorum
3202 3690 3253 3744 in
3283 3707 3425 3747 sem-

1853 3780 2057 3848 piterna
2080 3778 2356 3831 divinitate
2377 3788 2562 3831 sancto
2590 3777 2809 3845 Spiritui
2828 3777 3226 3850 adaequabitur?
3250 3785 3424 3852 Absit,

1840 3884 1919 3929 ne
1944 3877 2137 3929 tactura
2162 3874 2343 3927 fat-tori
2368 3888 2465 3927 suo
2491 3887 2830 3943 comparetur
2848 3892 2859 3940 ;
2877 3876 3002 3930 dum
3028 3877 3226 3932 factum
3256 3892 3425 3950 nuper

1853 3968 2094 4037 coeperit,
2130 3969 2297 4021 iactor
2317 3977 2492 4020 autem
2522 3968 2640 4036 ejus
2657 3978 2870 4036 semper
2892 3980 3016 4025 ante
3038 3987 3195 4027 omne
3212 3976 3428 4029 omnino

1857 4060 2174 4127 principium
2223 4059 2401 4111 tuo-rit.
2442 4060 2707 4111 Memento
2750 4074 2913 4113 unum
2949 4075 3071 4114 esse
3115 4058 3327 4118 Patrem
3362 4080 3427 4120 ex

1856 4162 1962 4215 quo
1984 4148 2182 4210 omnia,
2214 4157 2267 4199 et
2293 4161 2455 4200 unum
2485 4159 2602 4201 esse
2631 4148 2819 4201 Filium
2847 4164 2940 4217 per
2964 4166 3120 4220 quem
3149 4154 3349 4221 omnia,
3377 4168 3429 4211 et

1860 4254 2020 4291 unum
2069 4252 2187 4291 e-se
2225 4246 2464 4289 sanctum
2502 4236 2756 4306 Spiritum
2788 4240 2841 4292 in
2871 4246 2976 4310 quo
3023 4244 3222 4308 omnia,
3279 4246 3421 4301 sicut

1860 4328 2116 4397 scriptum
2150 4337 2269 4381 est:
2299 4326 2484 4381 Omnia
2512 4345 2575 4383 ea:
2600 4329 2727 4399 ipso,
2770 4340 2816 4383 et
2837 4342 2927 4400 per
2950 4333 3136 4401 ipsum,
3164 4346 3210 4391 et
3234 4338 3284 4391 in
3314 4338 3429 4407 ipso

1861 4422 2035 4495 (Rom.
2072 4436 2142 4483 xI,
2191 4419 2307 4487 56).
2366 4418 2655 4475 Considera
2685 4422 2750 4475 ad
2783 4423 2896 4477 lucc
2925 4436 3233 4493 argumenta
3258 4428 3426 4497 dicta,

1863 4527 1969 4569 tres
1999 4514 2413 4584 signiﬁcationes
2434 4530 2529 4585 per
2559 4516 2761 4570 unitum
2794 4519 3068 4586 aperantis
3096 4528 3288 4577 nomen
3313 4539 3435 4581 esse

146 4602 255 4673 sed
295 4604 413 4652 duo
446 4602 539 4655 lilii
570 4620 581 4654 :
611 4603 690 4656 vel
715 4604 757 4656 si
783 4604 983 4658 factura
1011 4616 1149 4659 esset
1180 4604 1408 4673 Spiritus
1440 4607 1751 4673 Paraclitus,
1790 4583 1837 4642 θ
1862 4618 2126 4671 ostensas,
2161 4606 2211 4659 id
2254 4612 2337 4659 est
2364 4583 2596 4674 es—ipso,
2643 4618 2695 4661 et
2725 4583 2844 4677 ρει·-
2870 4609 3064 4678 ipsum,
3102 4612 3229 4666 etin
3264 4615 3381 4681 ipso
3415 4636 3425 4669 :

153 4689 539 4759 proculdubio
563 4706 667 4744 non
710 4691 817 4760 jam
865 4705 1008 4748 esset
1054 4710 1211 4749 verus
1246 4696 1407 4761 Deus,
1439 4697 1527 4766 qui
1585 4696 1756 4753 factus

152 4791 268 4847 est,
312 4779 463 4848 quod
487 4781 640 4836 absit.
675 4784 751 4836 Ac
786 4798 879 4852 per
920 4785 1021 4838 hoc
1069 4786 1255 4841 eadem
1288 4788 1398 4855 ipsa
1448 4799 1653 4856 repeto,
1702 4797 1757 4843 et
1786 4850 1809 4871 ο

152 4885 259 4937 per
287 4870 599 4935 apertiores
623 4887 898 4927 sermones
922 4875 1035 4929 huic
1051 4877 1189 4930 dicta
1208 4877 1272 4930 de
1294 4881 1755 4949 auctoritatejuris

155 4960 385 5013 indico.
422 4961 579 5027 Igitur
601 4963 642 5014 si
668 4964 802 5016 alter
826 4964 982 5018 Pater
1007 4977 1120 5020 erat
1141 4980 1192 5020 ct
1216 4968 1306 5022 hic
1332 4969 1642 5037 Paraclitus,
1677 4982 1760 5027 ut-

149 5052 290 5117 quid
330 5051 543 5103 dictum
600 5055 832 5118 Apostuli
872 5057 1168 5110 invenimus
1209 5076 1221 5109 :
1256 5056 1395 5113 Unus
1425 5063 1562 5114 enim
1622 5061 1761 5117 Deus

154 5138 416 5209 l’ater(I
444 5140 576 5195 Tim.
611 5159 666 5208 ιι,
699 5146 940 5213 5)?Sive
982 5150 1081 5203 hoc
1114 5150 1312 5204 dictum
1352 5169 1364 5205 :
1400 5152 1563 5205 Nobis
1594 5166 1761 5209 tamen

150 5249 294 5285 unus
333 5230 484 5284 Dens
507 5232 680 5299 Pater,
711 5252 773 5289 ea:
793 5254 892 5305 quo
915 5241 1104 5303 omnia,
1130 5251 1178 5293 et
1211 5260 1299 5295 nos
1322 5244 1371 5296 in
1404 5246 1515 5309 ipso
1555 5243 1608 5315 (1
1640 5246 1761 5299 Cor.

153 5339 283 5390 VIII,
323 5324 428 5392 6)?
464 5324 614 5379 Disce
639 5342 765 5395 ergo
802 5331 922 5397 quia
956 5347 1090 5385 unus
1120 5343 1200 5386 est
1243 5335 1575 5388 innasciliilis
1618 5336 1757 5390 Deus

154 5417 358 5469 Pater.
402 5412 508 5467 Sed
526 5427 578 5467 et
606 5417 646 5469 si
669 5417 799 5471 alter
826 5418 987 5473 Filius
1017 5430 1181 5485 esset,
1209 5423 1360 5478 ethic
1378 5425 1607 5491 Spiritus
1632 5441 1761 5480 con-

152 5507 404 5568 solator,
441 5520 534 5559 cur
566 5507 864 5575 unigenitus
906 5510 1065 5563 Filius
1110 5528 1136 5564 a
1186 5512 1388 5569 Joanne
1422 5517 1749 5585 evangelista

154 5596 795 5665 prmdicabaturﬂiceus
826 5618 839 5652 :
877 5600 1038 5654 Deum
1068 5620 1209 5657 nemo
1236 5602 1358 5659 uidit
1390 5612 1755 5679 unquam,nisi

152 5686 473 5755 unigenitus
500 5684 687 5747 Fitius,
718 5690 802 5757 qui
832 5701 901 5742 est
930 5693 979 5743 in
1003 5695 1115 5745 sinu
1143 5695 1332 5759 Patris,
1366 5699 1471 5767 ipse
1492 5705 1752 5755 enarravit

153 5776 381 5847 tloan.
440 5791 477 5837 I,
516 5776 632 5844 l3).
672 5779 793 5831 Sive
836 5782 932 5833 ltoc
977 5800 989 5834 :
1029 5780 1089 5833 Et
1139 5802 1267 5837 unus
1304 5786 1547 5842 Dominus
1601 5782 1751 5845 Iesus

558 5875 821 5933 Paraoa.
874 5874 1065 5939 LXII.

1860 4698 1985 4751 dum
2016 4696 2152 4751 alius
2181 4698 2250 4751 sit
2275 4712 2339 4751 ex
2370 4697 2496 4763 alio,
2524 4709 2616 4752 aut
2641 4714 2731 4766 per
2755 4699 2921 4765 aliud,
2951 4702 3071 4768 quia
3101 4702 3166 4757 ad
3195 4706 3436 4775 singulas

1864 4802 2116 4855 personas
2145 4788 2245 4842 hoc
2274 4790 2501 4856 pertinet
2524 4790 2745 4845 dictum.
2778 4789 2909 4846 Nam
2937 4791 3008 4847 de
3038 4793 3186 4848 unita
3215 4798 3431 4853 nomine

1862 4885 1939 4935 sic
1965 4883 2069 4934 ait:
2101 4879 2185 4933 Ea:
2214 4880 2347 4946 ipso,
2369 4890 2417 4932 et
2440 4896 2527 4949 per
2556 4882 2743 4951 ipsum,
2788 4894 2835 4935 et
2857 4887 2910 4936 in
2944 4882 3074 4951 ipso,
3117 4887 3257 4954 quod
3293 4889 3432 4943 idem

1869 4973 2041 5040 ipsum
2077 4980 2159 5024 est
2211 4986 2393 5025 unum.
2447 4970 2598 5025 Unde
2643 4973 2887 5042 quamvis
2919 4974 3035 5029 haec
3083 4978 3340 5034 vocabula
3382 4982 3435 5035 in

1870 5064 2110 5131 proprias
2165 5076 2421 5129 personas
2480 5064 2635 5117 tacite
2680 5065 2991 5131 sintdicta,
3045 5076 3221 5123 tamrn
3274 5087 3436 5124 unum

1872 5166 2066 5207 nomen
2106 5153 2158 5205 in
2190 5151 2272 5206 bis
2321 5154 2502 5207 clause
2528 5163 2610 5207 est
2660 5156 2978 5210 revelatum.
3012 5157 3153 5226 Ergo
3182 5161 3305 5229 quis
3337 5163 3433 5225 ait,

1871 5243 1953 5297 Ea:
1972 5244 2107 5311 ipso,
2141 5258 2207 5297 es
2237 5244 2343 5297 Deo
2372 5243 2528 5299 Patre
2555 5247 2779 5298 vocitata
2803 5257 2858 5298 ut
2886 5246 3079 5301 tierent
3100 5249 3438 5303 demonstra-

1871 5336 1974 5402 vit;
2007 5346 2054 5390 et
2079 5355 2168 5405 per
2186 5340 2372 5408 ipsum,
2417 5354 2511 5407 per
2539 5338 2704 5393 Deum
2755 5339 2946 5393 Filium
2990 5339 3105 5395 haec
3151 5342 3261 5409 ipsa
3294 5343 3431 5397 facta

1873 5427 2157 5491 indicavit;
2188 5442 2233 5482 et
2258 5431 2309 5482 in
2337 5432 2466 5499 ipso.
2502 5430 2551 5484 in
2586 5432 2694 5485 Deo
2732 5440 2919 5485 sancto
2946 5430 3149 5499 Spiritu
3196 5433 3438 5487 sanctiii.

1866 5526 1982 5572 cata
2016 5521 2394 5588 pronuntiavit.
2425 5520 2583 5575 Vides
2624 5522 2745 5589 quia
2792 5537 2853 5573 ea:
2890 5536 3006 5586 quo,
3041 5534 3107 5573 ex
3155 5520 3309 5576 Patre
3358 5535 3442 5579 est

1864 5606 2173 5671 dictum;et
2200 5627 2288 5679 per
2313 5626 2481 5679 quem,
2532 5626 2627 5677 per
2673 5610 2864 5661 Filium
2920 5620 3004 5660 est
3052 5608 3279 5675 factum;
3314 5623 3361 5666 et
3386 5616 3445 5669 in

1864 5716 1985 5769 quo,
2028 5700 2079 5753 in
2135 5710 2322 5753 sancto
2360 5700 2562 5767 Spiritu
2629 5710 2709 5751 est
2762 5698 2937 5750 uniter
2989 5711 3443 5760 consummatum.

1866 5794 2046 5862 Itaque
2075 5793 2213 5861 quod
2247 5793 2436 5859 ait,,e.r
2465 5793 2593 5860 ipso,
2624 5801 2667 5842 et
2686 5805 2775 5857 per
2804 5790 2994 5857 ipsum,
3024 5800 3069 5841 et
3100 5791 3153 5843 in
3178 5793 3445 5866 ipso,quia
