  <div class='ocr_page' id='page_1' title='image "/cluster/home/n/w/nwhite01/storage/ocr_20150623/62/hvd.32044015706393/139.png"; bbox 0 0 3938 6376; ppageno 0'>
   <div class='ocr_carea' id='block_1_1' title="bbox 589 363 694 422">
    <p class='ocr_par' dir='ltr' id='par_1_1' title="bbox 589 363 694 422">
     <span class='ocr_line' id='line_1_1' title="bbox 589 363 694 422; baseline 0.01 -3"><span class='ocrx_word' id='word_1_1' title='bbox 589 363 694 422; x_wconf 67' lang='lat'><strong>26&#39;?</strong></span> 
     </span>
    </p>
   </div>
   <div class='ocr_carea' id='block_1_2' title="bbox 1917 357 3748 428">
    <p class='ocr_par' dir='ltr' id='par_1_2' title="bbox 1917 357 3748 428">
     <span class='ocr_line' id='line_1_2' title="bbox 1917 357 3748 428; baseline -0.012 -13"><span class='ocrx_word' id='word_1_2' title='bbox 1917 359 2136 417; x_wconf 74' lang='lat' dir='ltr'><strong>VIGiLII</strong></span> <span class='ocrx_word' id='word_1_3' title='bbox 2175 357 2540 413; x_wconf 82' lang='lat' dir='ltr'><strong>TAPSENSIS</strong></span> <span class='ocrx_word' id='word_1_4' title='bbox 3679 377 3748 428; x_wconf 54' lang='grc' dir='ltr'>Ἡ</span> 
     </span>
    </p>
   </div>
   <div class='ocr_carea' id='block_1_3' title="bbox 590 468 3746 545">
    <p class='ocr_par' dir='ltr' id='par_1_3' title="bbox 590 468 3746 545">
     <span class='ocr_line' id='line_1_3' title="bbox 590 468 3746 545; baseline 0.005 -15"><span class='ocrx_word' id='word_1_5' title='bbox 590 472 882 531; x_wconf 84' lang='lat' dir='ltr'><strong>identidem</strong></span> <span class='ocrx_word' id='word_1_6' title='bbox 915 472 1077 545; x_wconf 68' lang='lat'><strong>239</strong></span> <span class='ocrx_word' id='word_1_7' title='bbox 1103 473 1216 527; x_wconf 72' lang='lat' dir='ltr'><strong>bzec</strong></span> <span class='ocrx_word' id='word_1_8' title='bbox 1248 473 1359 542; x_wconf 85' lang='lat' dir='ltr'><strong>ipsa</strong></span> <span class='ocrx_word' id='word_1_9' title='bbox 1392 483 1474 527; x_wconf 87' lang='lat' dir='ltr'><strong>est</strong></span> <span class='ocrx_word' id='word_1_10' title='bbox 1521 473 1772 527; x_wconf 70' lang='lat' dir='ltr'><strong>divinitas</strong></span> <span class='ocrx_word' id='word_1_11' title='bbox 1804 472 1999 537; x_wconf 85' lang='lat' dir='ltr'><strong>Patris,</strong></span> <span class='ocrx_word' id='word_1_12' title='bbox 2050 487 2168 540; x_wconf 71' lang='lat' dir='ltr'><strong>qua:</strong></span> <span class='ocrx_word' id='word_1_13' title='bbox 2196 475 2244 531; x_wconf 87' lang='lat' dir='ltr'><strong>A</strong></span> <span class='ocrx_word' id='word_1_14' title='bbox 2275 469 2602 538; x_wconf 80' lang='lat' dir='ltr'><strong>principalis,</strong></span> <span class='ocrx_word' id='word_1_15' title='bbox 2633 469 2718 540; x_wconf 90' lang='lat' dir='ltr'><strong>qui</strong></span> <span class='ocrx_word' id='word_1_16' title='bbox 2749 468 2816 525; x_wconf 86' lang='lat' dir='ltr'><strong>de</strong></span> <span class='ocrx_word' id='word_1_17' title='bbox 2842 469 3000 526; x_wconf 85' lang='lat' dir='ltr'><strong>Patre</strong></span> <span class='ocrx_word' id='word_1_18' title='bbox 3030 473 3286 540; x_wconf 88' lang='lat' dir='ltr'><strong>procedit,</strong></span> <span class='ocrx_word' id='word_1_19' title='bbox 3309 475 3502 536; x_wconf 88' lang='lat' dir='ltr'><strong>dei:atis</strong></span> <span class='ocrx_word' id='word_1_20' title='bbox 3523 499 3675 542; x_wconf 83' lang='lat' dir='ltr'><strong>nomen</strong></span> <span class='ocrx_word' id='word_1_21' title='bbox 3694 502 3746 545; x_wconf 56' lang='lat' dir='ltr'><strong>est</strong></span> 
     </span>
    </p>
   </div>
   <div class='ocr_carea' id='block_1_4' title="bbox 592 562 2172 632">
    <p class='ocr_par' dir='ltr' id='par_1_4' title="bbox 592 562 2172 632">
     <span class='ocr_line' id='line_1_4' title="bbox 592 562 2172 632; baseline -0.002 -14"><span class='ocrx_word' id='word_1_22' title='bbox 592 564 806 630; x_wconf 83' lang='lat' dir='ltr'><strong>etFilii,</strong></span> <span class='ocrx_word' id='word_1_23' title='bbox 829 563 904 618; x_wconf 92' lang='lat' dir='ltr'><strong>sic</strong></span> <span class='ocrx_word' id='word_1_24' title='bbox 928 573 982 618; x_wconf 90' lang='lat' dir='ltr'><strong>et</strong></span> <span class='ocrx_word' id='word_1_25' title='bbox 1002 563 1176 618; x_wconf 89' lang='lat' dir='ltr'><strong>sancti</strong></span> <span class='ocrx_word' id='word_1_26' title='bbox 1206 562 1456 632; x_wconf 84' lang='lat' dir='ltr'><strong>Spiritus,</strong></span> <span class='ocrx_word' id='word_1_27' title='bbox 1491 562 1610 616; x_wconf 90' lang='lat' dir='ltr'><strong>ideo</strong></span> <span class='ocrx_word' id='word_1_28' title='bbox 1640 571 1831 615; x_wconf 88' lang='lat' dir='ltr'><strong>cuncta</strong></span> <span class='ocrx_word' id='word_1_29' title='bbox 1854 577 1918 614; x_wconf 76' lang='lat' dir='ltr'><strong>ex</strong></span> <span class='ocrx_word' id='word_1_30' title='bbox 1951 562 2088 630; x_wconf 90' lang='lat' dir='ltr'><strong>ipso,</strong></span> <span class='ocrx_word' id='word_1_31' title='bbox 2119 571 2172 616; x_wconf 88' lang='lat' dir='ltr'><strong>et</strong></span> 
     </span>
    </p>
   </div>
   <div class='ocr_carea' id='block_1_5' title="bbox 595 651 2172 722">
    <p class='ocr_par' dir='ltr' id='par_1_5' title="bbox 595 651 2172 722">
     <span class='ocr_line' id='line_1_5' title="bbox 595 651 2172 722; baseline -0.001 -16"><span class='ocrx_word' id='word_1_32' title='bbox 595 667 691 722; x_wconf 90' lang='lat' dir='ltr'><strong>per</strong></span> <span class='ocrx_word' id='word_1_33' title='bbox 716 653 910 721; x_wconf 88' lang='lat' dir='ltr'><strong>ipsum,</strong></span> <span class='ocrx_word' id='word_1_34' title='bbox 941 662 991 706; x_wconf 88' lang='lat' dir='ltr'><strong>et</strong></span> <span class='ocrx_word' id='word_1_35' title='bbox 1026 653 1078 706; x_wconf 84' lang='lat' dir='ltr'><strong>in</strong></span> <span class='ocrx_word' id='word_1_36' title='bbox 1111 652 1228 720; x_wconf 80' lang='lat' dir='ltr'><strong>ipso</strong></span> <span class='ocrx_word' id='word_1_37' title='bbox 1268 651 1404 705; x_wconf 79' lang='lat' dir='ltr'><strong>facta</strong></span> <span class='ocrx_word' id='word_1_38' title='bbox 1431 661 1579 704; x_wconf 90' lang='lat' dir='ltr'><strong>sunt.</strong></span> <span class='ocrx_word' id='word_1_39' title='bbox 1615 653 1715 719; x_wconf 86' lang='lat' dir='ltr'><strong>Ipsi</strong></span> <span class='ocrx_word' id='word_1_40' title='bbox 1741 651 1989 704; x_wconf 72' lang='lat' dir='ltr'><strong>&#39;l&#39;rinitati</strong></span> <span class='ocrx_word' id='word_1_41' title='bbox 2013 653 2172 705; x_wconf 69' lang='lat' dir='ltr'><strong>uuiltn</strong></span> 
     </span>
    </p>
   </div>
   <div class='ocr_carea' id='block_1_6' title="bbox 595 741 2170 812">
    <p class='ocr_par' dir='ltr' id='par_1_6' title="bbox 595 741 2170 812">
     <span class='ocr_line' id='line_1_6' title="bbox 595 741 2170 812; baseline -0.001 -16"><span class='ocrx_word' id='word_1_42' title='bbox 595 751 650 796; x_wconf 85' lang='lat' dir='ltr'><strong>et</strong></span> <span class='ocrx_word' id='word_1_43' title='bbox 679 743 1020 797; x_wconf 80' lang='lat' dir='ltr'><strong>inenarrabili</strong></span> <span class='ocrx_word' id='word_1_44' title='bbox 1053 743 1224 796; x_wconf 87' lang='lat' dir='ltr'><strong>honor</strong></span> <span class='ocrx_word' id='word_1_45' title='bbox 1253 751 1306 797; x_wconf 89' lang='lat' dir='ltr'><strong>et</strong></span> <span class='ocrx_word' id='word_1_46' title='bbox 1334 743 1503 812; x_wconf 81' lang='lat' dir='ltr'><strong>gloria</strong></span> <span class='ocrx_word' id='word_1_47' title='bbox 1534 744 1587 796; x_wconf 93' lang='lat' dir='ltr'><strong>in</strong></span> <span class='ocrx_word' id='word_1_48' title='bbox 1609 741 1803 796; x_wconf 67' lang='lat' dir='ltr'><strong>saecula</strong></span> <span class='ocrx_word' id='word_1_49' title='bbox 1828 743 2170 806; x_wconf 60' lang='lat' dir='ltr'><strong>saeculorum,</strong></span> 
     </span>
    </p>
   </div>
   <div class='ocr_carea' id='block_1_7' title="bbox 596 840 1702 888">
    <p class='ocr_par' dir='ltr' id='par_1_7' title="bbox 596 840 1702 888">
     <span class='ocr_line' id='line_1_7' title="bbox 596 840 1702 888; baseline -0.003 -1"><span class='ocrx_word' id='word_1_50' title='bbox 596 840 789 888; x_wconf 80' lang='lat' dir='ltr'><strong>Amen.</strong></span> <span class='ocrx_word' id='word_1_51' title='bbox 1700 882 1702 884; x_wconf 86' lang='lat'><strong>.</strong></span> 
     </span>
    </p>
   </div>
   <div class='ocr_carea' id='block_1_8' title="bbox 667 920 2170 992">
    <p class='ocr_par' dir='ltr' id='par_1_8' title="bbox 667 920 2170 992">
     <span class='ocr_line' id='line_1_8' title="bbox 667 920 2170 992; baseline 0.001 -16"><span class='ocrx_word' id='word_1_52' title='bbox 667 923 733 976; x_wconf 82' lang='lat' dir='ltr'><strong>Et</strong></span> <span class='ocrx_word' id='word_1_53' title='bbox 770 936 866 976; x_wconf 92' lang='lat' dir='ltr'><strong>cur</strong></span> <span class='ocrx_word' id='word_1_54' title='bbox 896 920 1108 974; x_wconf 86' lang='lat' dir='ltr'><strong>nomina</strong></span> <span class='ocrx_word' id='word_1_55' title='bbox 1155 922 1209 974; x_wconf 93' lang='lat' dir='ltr'><strong>in</strong></span> <span class='ocrx_word' id='word_1_56' title='bbox 1243 923 1484 990; x_wconf 84' lang='lat' dir='ltr'><strong>personis</strong></span> <span class='ocrx_word' id='word_1_57' title='bbox 1517 932 1720 976; x_wconf 89' lang='lat' dir='ltr'><strong>tantum</strong></span> <span class='ocrx_word' id='word_1_58' title='bbox 1750 923 2170 992; x_wconf 79' lang='lat' dir='ltr'><strong>distinguantur,</strong></span> 
     </span>
    </p>
   </div>
   <div class='ocr_carea' id='block_1_9' title="bbox 595 1013 2176 1084">
    <p class='ocr_par' dir='ltr' id='par_1_9' title="bbox 595 1013 2176 1084">
     <span class='ocr_line' id='line_1_9' title="bbox 595 1013 2176 1084; baseline 0.001 -15"><span class='ocrx_word' id='word_1_59' title='bbox 595 1017 798 1082; x_wconf 85' lang='lat' dir='ltr'><strong>accipe.</strong></span> <span class='ocrx_word' id='word_1_60' title='bbox 849 1013 1093 1084; x_wconf 90' lang='lat' dir='ltr'><strong>Nunquid</strong></span> <span class='ocrx_word' id='word_1_61' title='bbox 1140 1014 1328 1078; x_wconf 86' lang='lat' dir='ltr'><strong>Pater,</strong></span> <span class='ocrx_word' id='word_1_62' title='bbox 1373 1016 1463 1084; x_wconf 90' lang='lat' dir='ltr'><strong>qui</strong></span> <span class='ocrx_word' id='word_1_63' title='bbox 1518 1015 1950 1069; x_wconf 90' lang='lat' dir='ltr'><strong>inenarrabiliter</strong></span> <span class='ocrx_word' id='word_1_64' title='bbox 1992 1017 2176 1084; x_wconf 88' lang='lat' dir='ltr'><strong>genuit</strong></span> 
     </span>
    </p>
   </div>
   <div class='ocr_carea' id='block_1_10' title="bbox 600 1102 2176 1175">
    <p class='ocr_par' dir='ltr' id='par_1_10' title="bbox 600 1102 2176 1175">
     <span class='ocr_line' id='line_1_10' title="bbox 600 1102 2176 1175; baseline 0.003 -19"><span class='ocrx_word' id='word_1_65' title='bbox 600 1104 825 1167; x_wconf 78' lang='lat' dir='ltr'><strong>Filium,</strong></span> <span class='ocrx_word' id='word_1_66' title='bbox 859 1103 971 1173; x_wconf 90' lang='lat' dir='ltr'><strong>ipse</strong></span> <span class='ocrx_word' id='word_1_67' title='bbox 1011 1114 1066 1157; x_wconf 87' lang='lat' dir='ltr'><strong>et</strong></span> <span class='ocrx_word' id='word_1_68' title='bbox 1114 1102 1278 1158; x_wconf 87' lang='lat' dir='ltr'><strong>Filius</strong></span> <span class='ocrx_word' id='word_1_69' title='bbox 1328 1113 1503 1174; x_wconf 84' lang='lat' dir='ltr'><strong>potest</strong></span> <span class='ocrx_word' id='word_1_70' title='bbox 1550 1105 1692 1159; x_wconf 86' lang='lat' dir='ltr'><strong>dici?</strong></span> <span class='ocrx_word' id='word_1_71' title='bbox 1723 1105 1970 1175; x_wconf 81' lang='lat' dir='ltr'><strong>Nunquid</strong></span> <span class='ocrx_word' id='word_1_72' title='bbox 2021 1106 2176 1160; x_wconf 83' lang='lat' dir='ltr'><strong>Pater</strong></span> 
     </span>
    </p>
   </div>
   <div class='ocr_carea' id='block_1_11' title="bbox 595 1194 2172 1267">
    <p class='ocr_par' dir='ltr' id='par_1_11' title="bbox 595 1194 2172 1267">
     <span class='ocr_line' id='line_1_11' title="bbox 595 1194 2172 1267; baseline 0.001 -19"><span class='ocrx_word' id='word_1_73' title='bbox 595 1195 864 1249; x_wconf 81' lang='lat' dir='ltr'><strong>hominem</strong></span> <span class='ocrx_word' id='word_1_74' title='bbox 895 1195 962 1249; x_wconf 89' lang='lat' dir='ltr'><strong>de</strong></span> <span class='ocrx_word' id='word_1_75' title='bbox 1003 1194 1164 1249; x_wconf 84' lang='lat' dir='ltr'><strong>Maria</strong></span> <span class='ocrx_word' id='word_1_76' title='bbox 1199 1195 1414 1266; x_wconf 77' lang='lat' dir='ltr'><strong>Virgine</strong></span> <span class='ocrx_word' id='word_1_77' title='bbox 1442 1198 1766 1267; x_wconf 85' lang='lat' dir='ltr'><strong>assumpsit?</strong></span> <span class='ocrx_word' id='word_1_78' title='bbox 1798 1198 2043 1267; x_wconf 84' lang='lat' dir='ltr'><strong>Nunquid</strong></span> <span class='ocrx_word' id='word_1_79' title='bbox 2073 1199 2172 1252; x_wconf 83' lang='lat' dir='ltr'><strong>Pa-</strong></span> 
     </span>
    </p>
   </div>
   <div class='ocr_carea' id='block_1_12' title="bbox 597 1286 2176 1356">
    <p class='ocr_par' dir='ltr' id='par_1_12' title="bbox 597 1286 2176 1356">
     <span class='ocr_line' id='line_1_12' title="bbox 597 1286 2176 1356; baseline 0.003 -18"><span class='ocrx_word' id='word_1_80' title='bbox 597 1294 680 1338; x_wconf 89' lang='lat' dir='ltr'><strong>ter</strong></span> <span class='ocrx_word' id='word_1_81' title='bbox 725 1295 910 1346; x_wconf 82' lang='lat' dir='ltr'><strong>natus,</strong></span> <span class='ocrx_word' id='word_1_82' title='bbox 944 1294 1034 1340; x_wconf 84' lang='lat' dir='ltr'><strong>aut</strong></span> <span class='ocrx_word' id='word_1_83' title='bbox 1083 1286 1420 1351; x_wconf 77' lang='lat' dir='ltr'><strong>incarnatus,</strong></span> <span class='ocrx_word' id='word_1_84' title='bbox 1452 1300 1540 1340; x_wconf 88' lang='lat' dir='ltr'><strong>aut</strong></span> <span class='ocrx_word' id='word_1_85' title='bbox 1590 1303 1774 1356; x_wconf 81' lang='lat' dir='ltr'><strong>passus</strong></span> <span class='ocrx_word' id='word_1_86' title='bbox 1824 1289 1938 1342; x_wconf 86' lang='lat' dir='ltr'><strong>est?</strong></span> <span class='ocrx_word' id='word_1_87' title='bbox 1969 1289 2119 1343; x_wconf 84' lang='lat' dir='ltr'><strong>Absit</strong></span> <span class='ocrx_word' id='word_1_88' title='bbox 2147 1305 2176 1343; x_wconf 87' lang='lat' dir='ltr'><strong>a</strong></span> 
     </span>
    </p>
   </div>
   <div class='ocr_carea' id='block_1_13' title="bbox 596 1376 2177 1448">
    <p class='ocr_par' dir='ltr' id='par_1_13' title="bbox 596 1376 2177 1448">
     <span class='ocr_line' id='line_1_13' title="bbox 596 1376 2177 1448; baseline 0.003 -19"><span class='ocrx_word' id='word_1_89' title='bbox 596 1376 770 1442; x_wconf 88' lang='lat' dir='ltr'><strong>nobis,</strong></span> <span class='ocrx_word' id='word_1_90' title='bbox 800 1376 1001 1431; x_wconf 83' lang='lat' dir='ltr'><strong>Sabelli</strong></span> <span class='ocrx_word' id='word_1_91' title='bbox 1051 1377 1322 1444; x_wconf 76' lang='lat' dir='ltr'><strong>lircretice,</strong></span> <span class='ocrx_word' id='word_1_92' title='bbox 1357 1394 1422 1432; x_wconf 91' lang='lat' dir='ltr'><strong>ne</strong></span> <span class='ocrx_word' id='word_1_93' title='bbox 1470 1379 1604 1433; x_wconf 87' lang='lat' dir='ltr'><strong>lianc</strong></span> <span class='ocrx_word' id='word_1_94' title='bbox 1653 1379 2034 1448; x_wconf 80' lang='lat' dir='ltr'><strong>blasphemiam</strong></span> <span class='ocrx_word' id='word_1_95' title='bbox 2085 1384 2177 1434; x_wconf 92' lang='lat' dir='ltr'><strong>ad-</strong></span> 
     </span>
    </p>
   </div>
   <div class='ocr_carea' id='block_1_14' title="bbox 598 1472 2178 1546">
    <p class='ocr_par' dir='ltr' id='par_1_14' title="bbox 598 1472 2178 1546">
     <span class='ocr_line' id='line_1_14' title="bbox 598 1472 2178 1546; baseline 0.004 -22"><span class='ocrx_word' id='word_1_96' title='bbox 598 1472 892 1525; x_wconf 84' lang='lat' dir='ltr'><strong>mittatnns.</strong></span> <span class='ocrx_word' id='word_1_97' title='bbox 928 1473 1058 1524; x_wconf 89' lang='lat' dir='ltr'><strong>Dum</strong></span> <span class='ocrx_word' id='word_1_98' title='bbox 1093 1473 1181 1526; x_wconf 90' lang='lat' dir='ltr'><strong>hic</strong></span> <span class='ocrx_word' id='word_1_99' title='bbox 1209 1489 1364 1528; x_wconf 82' lang='lat' dir='ltr'><strong>\erus</strong></span> <span class='ocrx_word' id='word_1_100' title='bbox 1392 1474 1559 1528; x_wconf 82' lang='lat' dir='ltr'><strong>Filius</strong></span> <span class='ocrx_word' id='word_1_101' title='bbox 1607 1477 1719 1541; x_wconf 82' lang='lat' dir='ltr'><strong>Dei,</strong></span> <span class='ocrx_word' id='word_1_102' title='bbox 1753 1492 1877 1530; x_wconf 81' lang='lat' dir='ltr'><strong>vere</strong></span> <span class='ocrx_word' id='word_1_103' title='bbox 1909 1478 2178 1546; x_wconf 82' lang='lat' dir='ltr'><strong>incompa-</strong></span> 
     </span>
    </p>
   </div>
   <div class='ocr_carea' id='block_1_15' title="bbox 596 1563 2179 1637">
    <p class='ocr_par' dir='ltr' id='par_1_15' title="bbox 596 1563 2179 1637">
     <span class='ocr_line' id='line_1_15' title="bbox 596 1563 2179 1637; baseline 0.007 -22"><span class='ocrx_word' id='word_1_104' title='bbox 596 1563 838 1618; x_wconf 84' lang='lat' dir='ltr'><strong>rabiliter</strong></span> <span class='ocrx_word' id='word_1_105' title='bbox 878 1572 1038 1617; x_wconf 88' lang='lat' dir='ltr'><strong>natus</strong></span> <span class='ocrx_word' id='word_1_106' title='bbox 1082 1563 1242 1618; x_wconf 78' lang='lat' dir='ltr'><strong>fuerit</strong></span> <span class='ocrx_word' id='word_1_107' title='bbox 1269 1565 1336 1620; x_wconf 89' lang='lat' dir='ltr'><strong>de</strong></span> <span class='ocrx_word' id='word_1_108' title='bbox 1366 1565 1544 1631; x_wconf 80' lang='lat' dir='ltr'><strong>Patre,</strong></span> <span class='ocrx_word' id='word_1_109' title='bbox 1573 1577 1628 1622; x_wconf 89' lang='lat' dir='ltr'><strong>et</strong></span> <span class='ocrx_word' id='word_1_110' title='bbox 1675 1584 1769 1637; x_wconf 89' lang='lat' dir='ltr'><strong>pro</strong></span> <span class='ocrx_word' id='word_1_111' title='bbox 1801 1582 1976 1622; x_wconf 75' lang='lat' dir='ltr'><strong>nosrra</strong></span> <span class='ocrx_word' id='word_1_112' title='bbox 2008 1585 2067 1623; x_wconf 80' lang='lat' dir='ltr'><strong>sa</strong></span> <span class='ocrx_word' id='word_1_113' title='bbox 2093 1581 2179 1627; x_wconf 91' lang='lat' dir='ltr'><strong>nte</strong></span> 
     </span>
    </p>
   </div>
   <div class='ocr_carea' id='block_1_16' title="bbox 593 1654 2177 1723">
    <p class='ocr_par' dir='ltr' id='par_1_16' title="bbox 593 1654 2177 1723">
     <span class='ocr_line' id='line_1_16' title="bbox 593 1654 2177 1723; baseline 0.006 -18"><span class='ocrx_word' id='word_1_114' title='bbox 593 1655 772 1707; x_wconf 90' lang='lat' dir='ltr'><strong>denuo</strong></span> <span class='ocrx_word' id='word_1_115' title='bbox 804 1655 1050 1723; x_wconf 87' lang='lat' dir='ltr'><strong>dignatus</strong></span> <span class='ocrx_word' id='word_1_116' title='bbox 1093 1654 1251 1708; x_wconf 77' lang='lat' dir='ltr'><strong>fuerit</strong></span> <span class='ocrx_word' id='word_1_117' title='bbox 1279 1671 1552 1711; x_wconf 86' lang='lat' dir='ltr'><strong>assumere</strong></span> <span class='ocrx_word' id='word_1_118' title='bbox 1593 1659 1860 1712; x_wconf 88' lang='lat' dir='ltr'><strong>hominem</strong></span> <span class='ocrx_word' id='word_1_119' title='bbox 1906 1660 1973 1713; x_wconf 87' lang='lat' dir='ltr'><strong>de</strong></span> <span class='ocrx_word' id='word_1_120' title='bbox 2017 1660 2177 1714; x_wconf 87' lang='lat' dir='ltr'><strong>Maria</strong></span> 
     </span>
    </p>
   </div>
   <div class='ocr_carea' id='block_1_17' title="bbox 596 1745 2179 1816">
    <p class='ocr_par' dir='ltr' id='par_1_17' title="bbox 596 1745 2179 1816">
     <span class='ocr_line' id='line_1_17' title="bbox 596 1745 2179 1816; baseline 0.004 -18"><span class='ocrx_word' id='word_1_121' title='bbox 596 1745 833 1816; x_wconf 78' lang='lat' dir='ltr'><strong>Virgine.</strong></span> <span class='ocrx_word' id='word_1_122' title='bbox 870 1745 1021 1800; x_wconf 89' lang='lat' dir='ltr'><strong>Unde</strong></span> <span class='ocrx_word' id='word_1_123' title='bbox 1047 1745 1153 1814; x_wconf 85' lang='lat' dir='ltr'><strong>jam</strong></span> <span class='ocrx_word' id='word_1_124' title='bbox 1188 1746 1326 1801; x_wconf 83' lang='lat' dir='ltr'><strong>Deus</strong></span> <span class='ocrx_word' id='word_1_125' title='bbox 1357 1763 1512 1800; x_wconf 83' lang='lat' dir='ltr'><strong>verus</strong></span> <span class='ocrx_word' id='word_1_126' title='bbox 1555 1759 1606 1801; x_wconf 82' lang='lat' dir='ltr'><strong>et</strong></span> <span class='ocrx_word' id='word_1_127' title='bbox 1651 1748 1809 1801; x_wconf 80' lang='lat' dir='ltr'><strong>lionio</strong></span> <span class='ocrx_word' id='word_1_128' title='bbox 1847 1765 2004 1804; x_wconf 90' lang='lat' dir='ltr'><strong>verus</strong></span> <span class='ocrx_word' id='word_1_129' title='bbox 2053 1751 2179 1804; x_wconf 74' lang='lat' dir='ltr'><strong>dici-</strong></span> 
     </span>
    </p>
   </div>
   <div class='ocr_carea' id='block_1_18' title="bbox 2278 564 3747 650">
    <p class='ocr_par' dir='ltr' id='par_1_18' title="bbox 2278 564 3747 650">
     <span class='ocr_line' id='line_1_18' title="bbox 2278 564 3747 650; baseline 0.014 -33"><span class='ocrx_word' id='word_1_130' title='bbox 2278 564 2347 618; x_wconf 92' lang='lat' dir='ltr'><strong>ei.</strong></span> <span class='ocrx_word' id='word_1_131' title='bbox 2379 566 2512 620; x_wconf 84' lang='lat' dir='ltr'><strong>Cum</strong></span> <span class='ocrx_word' id='word_1_132' title='bbox 2559 581 2685 620; x_wconf 89' lang='lat' dir='ltr'><strong>vero</strong></span> <span class='ocrx_word' id='word_1_133' title='bbox 2716 565 2930 620; x_wconf 89' lang='lat' dir='ltr'><strong>nomina</strong></span> <span class='ocrx_word' id='word_1_134' title='bbox 2963 566 3239 636; x_wconf 85' lang='lat' dir='ltr'><strong>pluraliter</strong></span> <span class='ocrx_word' id='word_1_135' title='bbox 3265 569 3314 624; x_wconf 92' lang='lat' dir='ltr'><strong>in</strong></span> <span class='ocrx_word' id='word_1_136' title='bbox 3353 577 3566 638; x_wconf 79' lang='lat' dir='ltr'><strong>personis</strong></span> <span class='ocrx_word' id='word_1_137' title='bbox 3590 580 3747 650; x_wconf 75' lang='lat' dir='ltr'><strong>singulis</strong></span> 
     </span>
    </p>
   </div>
   <div class='ocr_carea' id='block_1_19' title="bbox 2279 656 3746 729">
    <p class='ocr_par' dir='ltr' id='par_1_19' title="bbox 2279 656 3746 729">
     <span class='ocr_line' id='line_1_19' title="bbox 2279 656 3746 729; baseline 0.01 -19"><span class='ocrx_word' id='word_1_138' title='bbox 2279 657 2639 724; x_wconf 89' lang='lat' dir='ltr'><strong>percurrendo</strong></span> <span class='ocrx_word' id='word_1_139' title='bbox 2683 656 3100 726; x_wconf 87' lang='lat' dir='ltr'><strong>distinguuntur,</strong></span> <span class='ocrx_word' id='word_1_140' title='bbox 3149 661 3354 729; x_wconf 89' lang='lat' dir='ltr'><strong>pr0pria</strong></span> <span class='ocrx_word' id='word_1_141' title='bbox 3405 666 3589 728; x_wconf 85' lang='lat' dir='ltr'><strong>nomina</strong></span> <span class='ocrx_word' id='word_1_142' title='bbox 3623 681 3746 724; x_wconf 83' lang='lat' dir='ltr'><strong>osten-</strong></span> 
     </span>
    </p>
   </div>
   <div class='ocr_carea' id='block_1_20' title="bbox 2276 749 3747 824">
    <p class='ocr_par' dir='ltr' id='par_1_20' title="bbox 2276 749 3747 824">
     <span class='ocr_line' id='line_1_20' title="bbox 2276 749 3747 824; baseline 0.009 -20"><span class='ocrx_word' id='word_1_143' title='bbox 2276 749 2494 804; x_wconf 88' lang='lat' dir='ltr'><strong>duntur.</strong></span> <span class='ocrx_word' id='word_1_144' title='bbox 2525 749 2655 805; x_wconf 90' lang='lat' dir='ltr'><strong>Cum</strong></span> <span class='ocrx_word' id='word_1_145' title='bbox 2681 749 2972 804; x_wconf 91' lang='lat' dir='ltr'><strong>secundum</strong></span> <span class='ocrx_word' id='word_1_146' title='bbox 3002 750 3252 805; x_wconf 88' lang='lat' dir='ltr'><strong>deitatem</strong></span> <span class='ocrx_word' id='word_1_147' title='bbox 3286 750 3580 824; x_wconf 85' lang='lat' dir='ltr'><strong>referuntur,</strong></span> <span class='ocrx_word' id='word_1_148' title='bbox 3605 763 3747 817; x_wconf 86' lang='lat' dir='ltr'><strong>unitum</strong></span> 
     </span>
    </p>
   </div>
   <div class='ocr_carea' id='block_1_21' title="bbox 2278 843 3130 897">
    <p class='ocr_par' dir='ltr' id='par_1_21' title="bbox 2278 843 3130 897">
     <span class='ocr_line' id='line_1_21' title="bbox 2278 843 3130 897; baseline -0.002 -1"><span class='ocrx_word' id='word_1_149' title='bbox 2278 843 2406 896; x_wconf 75' lang='lat' dir='ltr'><strong>usia:</strong></span> <span class='ocrx_word' id='word_1_150' title='bbox 2439 858 2630 897; x_wconf 89' lang='lat' dir='ltr'><strong>nomen</strong></span> <span class='ocrx_word' id='word_1_151' title='bbox 2658 843 2708 896; x_wconf 92' lang='lat' dir='ltr'><strong>in</strong></span> <span class='ocrx_word' id='word_1_152' title='bbox 2739 843 2819 895; x_wconf 88' lang='lat' dir='ltr'><strong>his</strong></span> <span class='ocrx_word' id='word_1_153' title='bbox 2847 843 3130 897; x_wconf 87' lang='lat' dir='ltr'><strong>iudicatur.</strong></span> 
     </span>
    </p>
   </div>
   <div class='ocr_carea' id='block_1_22' title="bbox 2349 933 3745 1010">
    <p class='ocr_par' dir='ltr' id='par_1_22' title="bbox 2349 933 3745 1010">
     <span class='ocr_line' id='line_1_22' title="bbox 2349 933 3745 1010; baseline -0.004 -22"><span class='ocrx_word' id='word_1_154' title='bbox 2349 933 2654 988; x_wconf 70' lang='lat' dir='ltr'><strong>llwreticus.</strong></span> <span class='ocrx_word' id='word_1_155' title='bbox 2702 934 2834 1000; x_wconf 86' lang='lat' dir='ltr'><strong>Quid</strong></span> <span class='ocrx_word' id='word_1_156' title='bbox 2867 949 2995 1004; x_wconf 86' lang='lat' dir='ltr'><strong>ergo</strong></span> <span class='ocrx_word' id='word_1_157' title='bbox 3025 934 3302 1002; x_wconf 83' lang='lat' dir='ltr'><strong>designant</strong></span> <span class='ocrx_word' id='word_1_158' title='bbox 3333 950 3551 1002; x_wconf 76' lang='lat' dir='ltr'><strong>persona:</strong></span> <span class='ocrx_word' id='word_1_159' title='bbox 3576 945 3745 1010; x_wconf 74' lang='lat' dir='ltr'><strong>prOprie.</strong></span> 
     </span>
    </p>
   </div>
   <div class='ocr_carea' id='block_1_23' title="bbox 2279 1023 3747 1100">
    <p class='ocr_par' dir='ltr' id='par_1_23' title="bbox 2279 1023 3747 1100">
     <span class='ocr_line' id='line_1_23' title="bbox 2279 1023 3747 1100; baseline 0.007 -22"><span class='ocrx_word' id='word_1_160' title='bbox 2279 1025 2401 1078; x_wconf 84' lang='lat' dir='ltr'><strong>tatis</strong></span> <span class='ocrx_word' id='word_1_161' title='bbox 2451 1025 2728 1088; x_wconf 84' lang='lat' dir='ltr'><strong>indicium,</strong></span> <span class='ocrx_word' id='word_1_162' title='bbox 2773 1025 2912 1090; x_wconf 86' lang='lat' dir='ltr'><strong>quod</strong></span> <span class='ocrx_word' id='word_1_163' title='bbox 2957 1034 3012 1078; x_wconf 88' lang='lat' dir='ltr'><strong>et</strong></span> <span class='ocrx_word' id='word_1_164' title='bbox 3056 1023 3202 1078; x_wconf 90' lang='lat' dir='ltr'><strong>solus</strong></span> <span class='ocrx_word' id='word_1_165' title='bbox 3242 1025 3410 1092; x_wconf 87' lang='lat' dir='ltr'><strong>Pater,</strong></span> <span class='ocrx_word' id='word_1_166' title='bbox 3439 1039 3488 1081; x_wconf 92' lang='lat' dir='ltr'><strong>et</strong></span> <span class='ocrx_word' id='word_1_167' title='bbox 3529 1033 3747 1100; x_wconf 83' lang='lat' dir='ltr'><strong>unigenitus</strong></span> 
     </span>
    </p>
   </div>
   <div class='ocr_carea' id='block_1_24' title="bbox 2280 1114 3748 1184">
    <p class='ocr_par' dir='ltr' id='par_1_24' title="bbox 2280 1114 3748 1184">
     <span class='ocr_line' id='line_1_24' title="bbox 2280 1114 3748 1184; baseline 0.005 -15"><span class='ocrx_word' id='word_1_168' title='bbox 2280 1115 2468 1180; x_wconf 74' lang='lat' dir='ltr'><strong>Filius,</strong></span> <span class='ocrx_word' id='word_1_169' title='bbox 2499 1125 2552 1169; x_wconf 89' lang='lat' dir='ltr'><strong>ct</strong></span> <span class='ocrx_word' id='word_1_170' title='bbox 2591 1131 2728 1169; x_wconf 87' lang='lat' dir='ltr'><strong>unus</strong></span> <span class='ocrx_word' id='word_1_171' title='bbox 2755 1114 2839 1167; x_wconf 83' lang='lat' dir='ltr'><strong>hic</strong></span> <span class='ocrx_word' id='word_1_172' title='bbox 2865 1115 3095 1182; x_wconf 88' lang='lat' dir='ltr'><strong>Spiritus</strong></span> <span class='ocrx_word' id='word_1_173' title='bbox 3139 1123 3370 1179; x_wconf 86' lang='lat' dir='ltr'><strong>sanctus,</strong></span> <span class='ocrx_word' id='word_1_174' title='bbox 3399 1119 3748 1184; x_wconf 79' lang='lat' dir='ltr'><strong>quemadmodum</strong></span> 
     </span>
    </p>
   </div>
   <div class='ocr_carea' id='block_1_25' title="bbox 2283 1210 3748 1268">
    <p class='ocr_par' dir='ltr' id='par_1_25' title="bbox 2283 1210 3748 1268">
     <span class='ocr_line' id='line_1_25' title="bbox 2283 1210 3748 1268; baseline 0.002 -3"><span class='ocrx_word' id='word_1_175' title='bbox 2283 1213 2369 1265; x_wconf 76' lang='lat' dir='ltr'><strong>hic</strong></span> <span class='ocrx_word' id='word_1_176' title='bbox 2426 1210 2664 1264; x_wconf 91' lang='lat' dir='ltr'><strong>ostendis</strong></span> <span class='ocrx_word' id='word_1_177' title='bbox 2716 1211 2919 1263; x_wconf 90' lang='lat' dir='ltr'><strong>unitum</strong></span> <span class='ocrx_word' id='word_1_178' title='bbox 2969 1224 3161 1262; x_wconf 92' lang='lat' dir='ltr'><strong>nomen</strong></span> <span class='ocrx_word' id='word_1_179' title='bbox 3215 1222 3331 1262; x_wconf 86' lang='lat' dir='ltr'><strong>esse</strong></span> <span class='ocrx_word' id='word_1_180' title='bbox 3382 1210 3748 1268; x_wconf 77' lang='lat' dir='ltr'><strong>substantirumut</strong></span> 
     </span>
    </p>
   </div>
   <div class='ocr_carea' id='block_1_26' title="bbox 2281 1302 2993 1373">
    <p class='ocr_par' dir='ltr' id='par_1_26' title="bbox 2281 1302 2993 1373">
     <span class='ocr_line' id='line_1_26' title="bbox 2281 1302 2993 1373; baseline -0.007 -19"><span class='ocrx_word' id='word_1_181' title='bbox 2281 1304 2511 1373; x_wconf 77' lang='lat' dir='ltr'><strong>propriis</strong></span> <span class='ocrx_word' id='word_1_182' title='bbox 2539 1302 2810 1371; x_wconf 78' lang='lat' dir='ltr'><strong>personis?</strong></span> <span class='ocrx_word' id='word_1_183' title='bbox 2973 1315 2993 1341; x_wconf 75' lang='grc' dir='ltr'><strong>ι</strong></span> 
     </span>
    </p>
   </div>
   <div class='ocr_carea' id='block_1_27' title="bbox 2350 1389 3748 1462">
    <p class='ocr_par' dir='ltr' id='par_1_27' title="bbox 2350 1389 3748 1462">
     <span class='ocr_line' id='line_1_27' title="bbox 2350 1389 3748 1462; baseline -0.002 -14"><span class='ocrx_word' id='word_1_184' title='bbox 2350 1396 2677 1448; x_wconf 73' lang='lat' dir='ltr'><strong>Athanasius.</strong></span> <span class='ocrx_word' id='word_1_185' title='bbox 2693 1391 2827 1446; x_wconf 91' lang='lat' dir='ltr'><strong>Audi</strong></span> <span class='ocrx_word' id='word_1_186' title='bbox 2847 1391 3095 1462; x_wconf 89' lang='lat' dir='ltr'><strong>quoniam</strong></span> <span class='ocrx_word' id='word_1_187' title='bbox 3117 1390 3378 1460; x_wconf 88' lang='lat' dir='ltr'><strong>quomodo</strong></span> <span class='ocrx_word' id='word_1_188' title='bbox 3393 1389 3748 1447; x_wconf 63' lang='lat' dir='ltr'><strong>substantirusat</strong></span> 
     </span>
    </p>
   </div>
   <div class='ocr_carea' id='block_1_28' title="bbox 2281 1481 3748 1546">
    <p class='ocr_par' dir='ltr' id='par_1_28' title="bbox 2281 1481 3748 1546">
     <span class='ocr_line' id='line_1_28' title="bbox 2281 1481 3748 1546; baseline -0.003 -5"><span class='ocrx_word' id='word_1_189' title='bbox 2281 1489 2334 1541; x_wconf 94' lang='lat' dir='ltr'><strong>in</strong></span> <span class='ocrx_word' id='word_1_190' title='bbox 2351 1487 2624 1540; x_wconf 80' lang='lat' dir='ltr'><strong>divinitate</strong></span> <span class='ocrx_word' id='word_1_191' title='bbox 2648 1484 2784 1538; x_wconf 90' lang='lat' dir='ltr'><strong>Deus</strong></span> <span class='ocrx_word' id='word_1_192' title='bbox 2803 1483 2987 1546; x_wconf 89' lang='lat' dir='ltr'><strong>Pater;</strong></span> <span class='ocrx_word' id='word_1_193' title='bbox 3016 1482 3092 1536; x_wconf 87' lang='lat' dir='ltr'><strong>sic</strong></span> <span class='ocrx_word' id='word_1_194' title='bbox 3121 1481 3556 1535; x_wconf 78' lang='lat' dir='ltr'><strong>Substantivusest</strong></span> <span class='ocrx_word' id='word_1_195' title='bbox 3576 1484 3748 1538; x_wconf 72' lang='lat' dir='ltr'><strong>ineatlem</strong></span> 
     </span>
    </p>
   </div>
   <div class='ocr_carea' id='block_1_29' title="bbox 2282 1572 3749 1641">
    <p class='ocr_par' dir='ltr' id='par_1_29' title="bbox 2282 1572 3749 1641">
     <span class='ocr_line' id='line_1_29' title="bbox 2282 1572 3749 1641; baseline -0.003 -9"><span class='ocrx_word' id='word_1_196' title='bbox 2282 1590 2464 1633; x_wconf 78' lang='lat' dir='ltr'><strong>natura</strong></span> <span class='ocrx_word' id='word_1_197' title='bbox 2483 1589 2536 1632; x_wconf 89' lang='lat' dir='ltr'><strong>et</strong></span> <span class='ocrx_word' id='word_1_198' title='bbox 2559 1577 2849 1641; x_wconf 75' lang='lat' dir='ltr'><strong>substantia</strong></span> <span class='ocrx_word' id='word_1_199' title='bbox 2874 1586 2926 1629; x_wconf 90' lang='lat' dir='ltr'><strong>et</strong></span> <span class='ocrx_word' id='word_1_200' title='bbox 2945 1574 3085 1629; x_wconf 88' lang='lat' dir='ltr'><strong>Deus</strong></span> <span class='ocrx_word' id='word_1_201' title='bbox 3100 1572 3281 1635; x_wconf 85' lang='lat' dir='ltr'><strong>Filius,</strong></span> <span class='ocrx_word' id='word_1_202' title='bbox 3301 1576 3375 1628; x_wconf 90' lang='lat' dir='ltr'><strong>sic</strong></span> <span class='ocrx_word' id='word_1_203' title='bbox 3395 1575 3749 1630; x_wconf 78' lang='lat' dir='ltr'><strong>substantirusen</strong></span> 
     </span>
    </p>
   </div>
   <div class='ocr_carea' id='block_1_30' title="bbox 2283 1663 3747 1733">
    <p class='ocr_par' dir='ltr' id='par_1_30' title="bbox 2283 1663 3747 1733">
     <span class='ocr_line' id='line_1_30' title="bbox 2283 1663 3747 1733; baseline -0.001 -11"><span class='ocrx_word' id='word_1_204' title='bbox 2283 1670 2336 1723; x_wconf 92' lang='lat' dir='ltr'><strong>in</strong></span> <span class='ocrx_word' id='word_1_205' title='bbox 2365 1672 2550 1724; x_wconf 88' lang='lat' dir='ltr'><strong>eadem</strong></span> <span class='ocrx_word' id='word_1_206' title='bbox 2578 1677 2762 1721; x_wconf 88' lang='lat' dir='ltr'><strong>natura</strong></span> <span class='ocrx_word' id='word_1_207' title='bbox 2786 1667 2913 1720; x_wconf 78' lang='lat' dir='ltr'><strong>usia:</strong></span> <span class='ocrx_word' id='word_1_208' title='bbox 2940 1665 3074 1719; x_wconf 90' lang='lat' dir='ltr'><strong>Deus</strong></span> <span class='ocrx_word' id='word_1_209' title='bbox 3099 1663 3327 1733; x_wconf 74' lang='lat' dir='ltr'><strong>Spiritus</strong></span> <span class='ocrx_word' id='word_1_210' title='bbox 3352 1674 3562 1718; x_wconf 83' lang='lat' dir='ltr'><strong>sanctus.</strong></span> <span class='ocrx_word' id='word_1_211' title='bbox 3577 1665 3669 1720; x_wconf 74' lang='lat' dir='ltr'><strong>Sive</strong></span> <span class='ocrx_word' id='word_1_212' title='bbox 3689 1667 3747 1721; x_wconf 80' lang='lat' dir='ltr'><strong>huc</strong></span> 
     </span>
    </p>
   </div>
   <div class='ocr_carea' id='block_1_31' title="bbox 2287 1754 3747 1824">
    <p class='ocr_par' dir='ltr' id='par_1_31' title="bbox 2287 1754 3747 1824">
     <span class='ocr_line' id='line_1_31' title="bbox 2287 1754 3747 1824; baseline -0.005 -10"><span class='ocrx_word' id='word_1_213' title='bbox 2287 1761 2392 1814; x_wconf 84' lang='lat' dir='ltr'><strong>tale</strong></span> <span class='ocrx_word' id='word_1_214' title='bbox 2416 1759 2615 1813; x_wconf 84' lang='lat' dir='ltr'><strong>dictum</strong></span> <span class='ocrx_word' id='word_1_215' title='bbox 2647 1759 2846 1812; x_wconf 80' lang='lat' dir='ltr'><strong>referas</strong></span> <span class='ocrx_word' id='word_1_216' title='bbox 2869 1796 2884 1822; x_wconf 91' lang='lat'><strong>,</strong></span> <span class='ocrx_word' id='word_1_217' title='bbox 2917 1755 3362 1824; x_wconf 88' lang='lat' dir='ltr'><strong>quemadmodum</strong></span> <span class='ocrx_word' id='word_1_218' title='bbox 3390 1754 3516 1809; x_wconf 87' lang='lat' dir='ltr'><strong>Deus</strong></span> <span class='ocrx_word' id='word_1_219' title='bbox 3540 1767 3608 1809; x_wconf 89' lang='lat' dir='ltr'><strong>cst</strong></span> <span class='ocrx_word' id='word_1_220' title='bbox 3635 1755 3747 1815; x_wconf 74' lang='lat' dir='ltr'><strong>Pater,</strong></span> 
     </span>
    </p>
   </div>
   <div class='ocr_carea' id='block_1_32' title="bbox 598 1839 3748 1914">
    <p class='ocr_par' dir='ltr' id='par_1_32' title="bbox 598 1839 3748 1914">
     <span class='ocr_line' id='line_1_32' title="bbox 598 1839 3748 1914; baseline 0.002 -22"><span class='ocrx_word' id='word_1_221' title='bbox 598 1850 708 1906; x_wconf 91' lang='lat' dir='ltr'><strong>tnr,</strong></span> <span class='ocrx_word' id='word_1_222' title='bbox 742 1839 850 1893; x_wconf 82' lang='lat' dir='ltr'><strong>iuio</strong></span> <span class='ocrx_word' id='word_1_223' title='bbox 880 1849 931 1893; x_wconf 88' lang='lat' dir='ltr'><strong>et</strong></span> <span class='ocrx_word' id='word_1_224' title='bbox 963 1853 1061 1894; x_wconf 78' lang='grc' dir='ltr'><strong>εει.</strong></span> <span class='ocrx_word' id='word_1_225' title='bbox 1098 1840 1216 1894; x_wconf 87' lang='lat' dir='ltr'><strong>ideo</strong></span> <span class='ocrx_word' id='word_1_226' title='bbox 1247 1843 1298 1895; x_wconf 91' lang='lat' dir='ltr'><strong>in</strong></span> <span class='ocrx_word' id='word_1_227' title='bbox 1332 1842 1411 1896; x_wconf 91' lang='lat' dir='ltr'><strong>his</strong></span> <span class='ocrx_word' id='word_1_228' title='bbox 1438 1842 1610 1896; x_wconf 87' lang='lat' dir='ltr'><strong>divisa</strong></span> <span class='ocrx_word' id='word_1_229' title='bbox 1643 1854 1764 1898; x_wconf 88' lang='lat' dir='ltr'><strong>sunt</strong></span> <span class='ocrx_word' id='word_1_230' title='bbox 1808 1846 2022 1900; x_wconf 89' lang='lat' dir='ltr'><strong>nomina</strong></span> <span class='ocrx_word' id='word_1_231' title='bbox 2057 1863 2177 1914; x_wconf 84' lang='lat' dir='ltr'><strong>pcr-</strong></span> <span class='ocrx_word' id='word_1_232' title='bbox 2211 1853 2258 1913; x_wconf 88' lang='grc' dir='ltr'>Β</span> <span class='ocrx_word' id='word_1_233' title='bbox 2284 1850 2361 1902; x_wconf 90' lang='lat' dir='ltr'><strong>sic</strong></span> <span class='ocrx_word' id='word_1_234' title='bbox 2392 1849 2533 1902; x_wconf 90' lang='lat' dir='ltr'><strong>Deus</strong></span> <span class='ocrx_word' id='word_1_235' title='bbox 2561 1855 2645 1902; x_wconf 91' lang='lat' dir='ltr'><strong>est</strong></span> <span class='ocrx_word' id='word_1_236' title='bbox 2685 1857 2740 1900; x_wconf 90' lang='lat' dir='ltr'><strong>et</strong></span> <span class='ocrx_word' id='word_1_237' title='bbox 2773 1846 2953 1909; x_wconf 51' lang='lat' dir='ltr'><strong>lt‘ilius,</strong></span> <span class='ocrx_word' id='word_1_238' title='bbox 2985 1844 3064 1898; x_wconf 90' lang='lat' dir='ltr'><strong>sic</strong></span> <span class='ocrx_word' id='word_1_239' title='bbox 3093 1843 3234 1898; x_wconf 84' lang='lat' dir='ltr'><strong>Deus</strong></span> <span class='ocrx_word' id='word_1_240' title='bbox 3257 1854 3336 1899; x_wconf 86' lang='lat' dir='ltr'><strong>est</strong></span> <span class='ocrx_word' id='word_1_241' title='bbox 3382 1853 3433 1898; x_wconf 90' lang='lat' dir='ltr'><strong>et</strong></span> <span class='ocrx_word' id='word_1_242' title='bbox 3472 1843 3658 1910; x_wconf 79' lang='lat' dir='ltr'><strong>Spiritus</strong></span> <span class='ocrx_word' id='word_1_243' title='bbox 3674 1859 3748 1898; x_wconf 82' lang='lat' dir='ltr'><strong>san-</strong></span> 
     </span>
    </p>
   </div>
   <div class='ocr_carea' id='block_1_33' title="bbox 597 1931 2181 2001">
    <p class='ocr_par' dir='ltr' id='par_1_33' title="bbox 597 1931 2181 2001">
     <span class='ocr_line' id='line_1_33' title="bbox 597 1931 2181 2001; baseline 0.003 -15"><span class='ocrx_word' id='word_1_244' title='bbox 597 1946 874 1996; x_wconf 83' lang='lat' dir='ltr'><strong>sonarnm,</strong></span> <span class='ocrx_word' id='word_1_245' title='bbox 911 1946 978 1986; x_wconf 89' lang='lat' dir='ltr'><strong>ne</strong></span> <span class='ocrx_word' id='word_1_246' title='bbox 1021 1948 1176 2001; x_wconf 90' lang='lat' dir='ltr'><strong>quem</strong></span> <span class='ocrx_word' id='word_1_247' title='bbox 1223 1931 1433 1987; x_wconf 88' lang='lat' dir='ltr'><strong>Patrem</strong></span> <span class='ocrx_word' id='word_1_248' title='bbox 1478 1933 1629 1996; x_wconf 90' lang='lat' dir='ltr'><strong>dicis,</strong></span> <span class='ocrx_word' id='word_1_249' title='bbox 1665 1934 1805 1989; x_wconf 87' lang='lat' dir='ltr'><strong>hunc</strong></span> <span class='ocrx_word' id='word_1_250' title='bbox 1852 1938 2098 1990; x_wconf 89' lang='lat' dir='ltr'><strong>eumdem</strong></span> <span class='ocrx_word' id='word_1_251' title='bbox 2128 1947 2181 1990; x_wconf 90' lang='lat' dir='ltr'><strong>et</strong></span> 
     </span>
    </p>
   </div>
   <div class='ocr_carea' id='block_1_34' title="bbox 599 2023 2181 2096">
    <p class='ocr_par' dir='ltr' id='par_1_34' title="bbox 599 2023 2181 2096">
     <span class='ocr_line' id='line_1_34' title="bbox 599 2023 2181 2096; baseline 0.006 -17"><span class='ocrx_word' id='word_1_252' title='bbox 599 2024 792 2079; x_wconf 78' lang='lat' dir='ltr'><strong>Filium</strong></span> <span class='ocrx_word' id='word_1_253' title='bbox 821 2023 1042 2079; x_wconf 81' lang='lat' dir='ltr'><strong>confuse</strong></span> <span class='ocrx_word' id='word_1_254' title='bbox 1071 2025 1343 2096; x_wconf 80' lang='lat' dir='ltr'><strong>designes,</strong></span> <span class='ocrx_word' id='word_1_255' title='bbox 1376 2039 1463 2082; x_wconf 88' lang='lat' dir='ltr'><strong>aut</strong></span> <span class='ocrx_word' id='word_1_256' title='bbox 1493 2045 1561 2083; x_wconf 87' lang='lat' dir='ltr'><strong>ne</strong></span> <span class='ocrx_word' id='word_1_257' title='bbox 1594 2029 1786 2084; x_wconf 84' lang='lat' dir='ltr'><strong>Filium</strong></span> <span class='ocrx_word' id='word_1_258' title='bbox 1817 2031 2028 2086; x_wconf 75' lang='lat' dir='ltr'><strong>Patrem</strong></span> <span class='ocrx_word' id='word_1_259' title='bbox 2061 2048 2181 2089; x_wconf 88' lang='lat' dir='ltr'><strong>esse</strong></span> 
     </span>
    </p>
   </div>
   <div class='ocr_carea' id='block_1_35' title="bbox 598 2115 2182 2190">
    <p class='ocr_par' dir='ltr' id='par_1_35' title="bbox 598 2115 2182 2190">
     <span class='ocr_line' id='line_1_35' title="bbox 598 2115 2182 2190; baseline 0.009 -25"><span class='ocrx_word' id='word_1_260' title='bbox 598 2115 931 2180; x_wconf 79' lang='lat' dir='ltr'><strong>pronunties,</strong></span> <span class='ocrx_word' id='word_1_261' title='bbox 958 2117 1040 2170; x_wconf 85' lang='lat' dir='ltr'><strong>vel</strong></span> <span class='ocrx_word' id='word_1_262' title='bbox 1071 2127 1218 2173; x_wconf 87' lang='lat' dir='ltr'><strong>certe</strong></span> <span class='ocrx_word' id='word_1_263' title='bbox 1249 2118 1390 2173; x_wconf 87' lang='lat' dir='ltr'><strong>hunc</strong></span> <span class='ocrx_word' id='word_1_264' title='bbox 1419 2121 1676 2190; x_wconf 89' lang='lat' dir='ltr'><strong>Spiritum</strong></span> <span class='ocrx_word' id='word_1_265' title='bbox 1705 2135 1947 2176; x_wconf 87' lang='lat' dir='ltr'><strong>sanctum</strong></span> <span class='ocrx_word' id='word_1_266' title='bbox 1983 2126 2182 2179; x_wconf 76' lang='lat' dir='ltr'><strong>ina-sti-</strong></span> 
     </span>
    </p>
   </div>
   <div class='ocr_carea' id='block_1_36' title="bbox 598 2205 2183 2286">
    <p class='ocr_par' dir='ltr' id='par_1_36' title="bbox 598 2205 2183 2286">
     <span class='ocr_line' id='line_1_36' title="bbox 598 2205 2183 2286; baseline 0.008 -29"><span class='ocrx_word' id='word_1_267' title='bbox 598 2205 884 2270; x_wconf 86' lang='lat' dir='ltr'><strong>mabilem,</strong></span> <span class='ocrx_word' id='word_1_268' title='bbox 930 2207 1141 2260; x_wconf 82' lang='lat' dir='ltr'><strong>Patrem</strong></span> <span class='ocrx_word' id='word_1_269' title='bbox 1195 2219 1285 2262; x_wconf 86' lang='lat' dir='ltr'><strong>aut</strong></span> <span class='ocrx_word' id='word_1_270' title='bbox 1340 2209 1530 2265; x_wconf 88' lang='lat' dir='ltr'><strong>Filium</strong></span> <span class='ocrx_word' id='word_1_271' title='bbox 1587 2221 1790 2266; x_wconf 89' lang='lat' dir='ltr'><strong>temere</strong></span> <span class='ocrx_word' id='word_1_272' title='bbox 1845 2215 2084 2286; x_wconf 66' lang='lat' dir='ltr'><strong>testeris,</strong></span> <span class='ocrx_word' id='word_1_273' title='bbox 2130 2225 2183 2271; x_wconf 84' lang='lat' dir='ltr'><strong>ct</strong></span> 
     </span>
    </p>
   </div>
   <div class='ocr_carea' id='block_1_37' title="bbox 596 2296 2181 2358">
    <p class='ocr_par' dir='ltr' id='par_1_37' title="bbox 596 2296 2181 2358">
     <span class='ocr_line' id='line_1_37' title="bbox 596 2296 2181 2358; baseline 0.006 -10"><span class='ocrx_word' id='word_1_274' title='bbox 596 2296 792 2350; x_wconf 89' lang='lat' dir='ltr'><strong>nullam</strong></span> <span class='ocrx_word' id='word_1_275' title='bbox 836 2296 1054 2351; x_wconf 89' lang='lat' dir='ltr'><strong>omnino</strong></span> <span class='ocrx_word' id='word_1_276' title='bbox 1097 2298 1404 2354; x_wconf 82' lang='lat' dir='ltr'><strong>ﬁrmitatem</strong></span> <span class='ocrx_word' id='word_1_277' title='bbox 1453 2310 1636 2356; x_wconf 90' lang='lat' dir='ltr'><strong>tenere</strong></span> <span class='ocrx_word' id='word_1_278' title='bbox 1687 2303 1976 2357; x_wconf 77' lang='lat' dir='ltr'><strong>inventuris</strong></span> <span class='ocrx_word' id='word_1_279' title='bbox 2010 2322 2020 2355; x_wconf 89' lang='lat'><strong>:</strong></span> <span class='ocrx_word' id='word_1_280' title='bbox 2055 2305 2181 2358; x_wconf 90' lang='lat' dir='ltr'><strong>dum</strong></span> 
     </span>
    </p>
   </div>
   <div class='ocr_carea' id='block_1_38' title="bbox 599 2388 2181 2466">
    <p class='ocr_par' dir='ltr' id='par_1_38' title="bbox 599 2388 2181 2466">
     <span class='ocr_line' id='line_1_38' title="bbox 599 2388 2181 2466; baseline 0.008 -29"><span class='ocrx_word' id='word_1_281' title='bbox 599 2403 693 2453; x_wconf 88' lang='lat' dir='ltr'><strong>per</strong></span> <span class='ocrx_word' id='word_1_282' title='bbox 723 2390 835 2456; x_wconf 76' lang='lat' dir='ltr'><strong>ipsa</strong></span> <span class='ocrx_word' id='word_1_283' title='bbox 869 2388 1079 2441; x_wconf 86' lang='lat' dir='ltr'><strong>nomina</strong></span> <span class='ocrx_word' id='word_1_284' title='bbox 1107 2404 1472 2459; x_wconf 89' lang='lat' dir='ltr'><strong>personarum,</strong></span> <span class='ocrx_word' id='word_1_285' title='bbox 1500 2393 1667 2462; x_wconf 76' lang='lat' dir='ltr'><strong>ipsam</strong></span> <span class='ocrx_word' id='word_1_286' title='bbox 1696 2396 1953 2448; x_wconf 85' lang='lat' dir='ltr'><strong>unitatem</strong></span> <span class='ocrx_word' id='word_1_287' title='bbox 1982 2399 2181 2466; x_wconf 64' lang='lat' dir='ltr'><strong>passim</strong></span> 
     </span>
    </p>
   </div>
   <div class='ocr_carea' id='block_1_39' title="bbox 599 2475 2183 2554">
    <p class='ocr_par' dir='ltr' id='par_1_39' title="bbox 599 2475 2183 2554">
     <span class='ocr_line' id='line_1_39' title="bbox 599 2475 2183 2554; baseline 0.011 -28"><span class='ocrx_word' id='word_1_288' title='bbox 599 2475 899 2543; x_wconf 75' lang='lat' dir='ltr'><strong>coniundis,</strong></span> <span class='ocrx_word' id='word_1_289' title='bbox 932 2485 989 2531; x_wconf 88' lang='lat' dir='ltr'><strong>ut</strong></span> <span class='ocrx_word' id='word_1_290' title='bbox 1035 2479 1204 2545; x_wconf 91' lang='lat' dir='ltr'><strong>ipsum</strong></span> <span class='ocrx_word' id='word_1_291' title='bbox 1253 2482 1353 2537; x_wconf 89' lang='lat' dir='ltr'><strong>sibi</strong></span> <span class='ocrx_word' id='word_1_292' title='bbox 1406 2483 1552 2537; x_wconf 90' lang='lat' dir='ltr'><strong>dicas</strong></span> <span class='ocrx_word' id='word_1_293' title='bbox 1598 2485 1649 2538; x_wconf 92' lang='lat' dir='ltr'><strong>in</strong></span> <span class='ocrx_word' id='word_1_294' title='bbox 1701 2501 1929 2554; x_wconf 85' lang='lat' dir='ltr'><strong>persona</strong></span> <span class='ocrx_word' id='word_1_295' title='bbox 1973 2489 2183 2544; x_wconf 82' lang='lat' dir='ltr'><strong>Patrem</strong></span> 
     </span>
    </p>
   </div>
   <div class='ocr_carea' id='block_1_40' title="bbox 598 2568 2184 2651">
    <p class='ocr_par' dir='ltr' id='par_1_40' title="bbox 598 2568 2184 2651">
     <span class='ocr_line' id='line_1_40' title="bbox 598 2568 2184 2651; baseline 0.011 -30"><span class='ocrx_word' id='word_1_296' title='bbox 598 2580 741 2632; x_wconf 77' lang='lat' dir='ltr'><strong>esse,</strong></span> <span class='ocrx_word' id='word_1_297' title='bbox 770 2583 927 2637; x_wconf 81' lang='lat' dir='ltr'><strong>qnem</strong></span> <span class='ocrx_word' id='word_1_298' title='bbox 967 2578 1022 2624; x_wconf 89' lang='lat' dir='ltr'><strong>et</strong></span> <span class='ocrx_word' id='word_1_299' title='bbox 1058 2568 1268 2638; x_wconf 85' lang='lat' dir='ltr'><strong>Filium,</strong></span> <span class='ocrx_word' id='word_1_300' title='bbox 1294 2575 1445 2642; x_wconf 82' lang='lat' dir='ltr'><strong>quasi</strong></span> <span class='ocrx_word' id='word_1_301' title='bbox 1489 2575 1602 2644; x_wconf 92' lang='lat' dir='ltr'><strong>ipse</strong></span> <span class='ocrx_word' id='word_1_302' title='bbox 1649 2580 1914 2646; x_wconf 81' lang='lat' dir='ltr'><strong>genuerit,</strong></span> <span class='ocrx_word' id='word_1_303' title='bbox 1944 2591 2038 2635; x_wconf 92' lang='lat' dir='ltr'><strong>aut</strong></span> <span class='ocrx_word' id='word_1_304' title='bbox 2071 2583 2184 2651; x_wconf 86' lang='lat' dir='ltr'><strong>ipse</strong></span> 
     </span>
    </p>
   </div>
   <div class='ocr_carea' id='block_1_41' title="bbox 597 2660 2182 2743">
    <p class='ocr_par' dir='ltr' id='par_1_41' title="bbox 597 2660 2182 2743">
     <span class='ocr_line' id='line_1_41' title="bbox 597 2660 2182 2743; baseline 0.012 -32"><span class='ocrx_word' id='word_1_305' title='bbox 597 2660 700 2712; x_wconf 85' lang='lat' dir='ltr'><strong>sibi</strong></span> <span class='ocrx_word' id='word_1_306' title='bbox 736 2660 891 2715; x_wconf 85' lang='lat' dir='ltr'><strong>Pater</strong></span> <span class='ocrx_word' id='word_1_307' title='bbox 927 2662 1020 2727; x_wconf 89' lang='lat' dir='ltr'><strong>sit,</strong></span> <span class='ocrx_word' id='word_1_308' title='bbox 1057 2673 1110 2717; x_wconf 88' lang='lat' dir='ltr'><strong>et</strong></span> <span class='ocrx_word' id='word_1_309' title='bbox 1155 2666 1267 2731; x_wconf 78' lang='lat' dir='ltr'><strong>ipse</strong></span> <span class='ocrx_word' id='word_1_310' title='bbox 1309 2682 1334 2720; x_wconf 92' lang='lat' dir='ltr'><strong>s</strong></span> <span class='ocrx_word' id='word_1_311' title='bbox 1359 2667 1406 2720; x_wconf 89' lang='lat' dir='ltr'><strong>bi</strong></span> <span class='ocrx_word' id='word_1_312' title='bbox 1460 2669 1625 2723; x_wconf 88' lang='lat' dir='ltr'><strong>Filius</strong></span> <span class='ocrx_word' id='word_1_313' title='bbox 1673 2673 1774 2737; x_wconf 90' lang='lat' dir='ltr'><strong>sit,</strong></span> <span class='ocrx_word' id='word_1_314' title='bbox 1807 2675 1948 2743; x_wconf 90' lang='lat' dir='ltr'><strong>quod</strong></span> <span class='ocrx_word' id='word_1_315' title='bbox 1997 2676 2136 2731; x_wconf 87' lang='lat' dir='ltr'><strong>absit</strong></span> <span class='ocrx_word' id='word_1_316' title='bbox 2171 2696 2182 2730; x_wconf 93' lang='lat'>:</span> 
     </span>
    </p>
   </div>
   <div class='ocr_carea' id='block_1_42' title="bbox 599 2752 2185 2837">
    <p class='ocr_par' dir='ltr' id='par_1_42' title="bbox 599 2752 2185 2837">
     <span class='ocr_line' id='line_1_42' title="bbox 599 2752 2185 2837; baseline 0.011 -33"><span class='ocrx_word' id='word_1_317' title='bbox 599 2752 726 2805; x_wconf 90' lang='lat' dir='ltr'><strong>dum</strong></span> <span class='ocrx_word' id='word_1_318' title='bbox 762 2767 920 2806; x_wconf 91' lang='lat' dir='ltr'><strong>nemo</strong></span> <span class='ocrx_word' id='word_1_319' title='bbox 949 2755 1249 2824; x_wconf 87' lang='lat' dir='ltr'><strong>sibimetips</strong></span> <span class='ocrx_word' id='word_1_320' title='bbox 1302 2768 1453 2826; x_wconf 87' lang='lat' dir='ltr'><strong>pater</strong></span> <span class='ocrx_word' id='word_1_321' title='bbox 1479 2761 1564 2826; x_wconf 89' lang='lat' dir='ltr'><strong>sit,</strong></span> <span class='ocrx_word' id='word_1_322' title='bbox 1595 2771 1649 2816; x_wconf 90' lang='lat' dir='ltr'><strong>et</strong></span> <span class='ocrx_word' id='word_1_323' title='bbox 1677 2778 1834 2818; x_wconf 91' lang='lat' dir='ltr'><strong>nemo</strong></span> <span class='ocrx_word' id='word_1_324' title='bbox 1865 2767 2185 2837; x_wconf 84' lang='lat' dir='ltr'><strong>sibimetipsi</strong></span> 
     </span>
    </p>
   </div>
   <div class='ocr_carea' id='block_1_43' title="bbox 603 2842 2190 2924">
    <p class='ocr_par' dir='ltr' id='par_1_43' title="bbox 603 2842 2190 2924">
     <span class='ocr_line' id='line_1_43' title="bbox 603 2842 2190 2924; baseline 0.013 -30"><span class='ocrx_word' id='word_1_325' title='bbox 603 2842 740 2896; x_wconf 88' lang='lat' dir='ltr'><strong>titius</strong></span> <span class='ocrx_word' id='word_1_326' title='bbox 767 2843 856 2908; x_wconf 79' lang='lat' dir='ltr'><strong>sit,</strong></span> <span class='ocrx_word' id='word_1_327' title='bbox 888 2860 1046 2914; x_wconf 91' lang='lat' dir='ltr'><strong>quem</strong></span> <span class='ocrx_word' id='word_1_328' title='bbox 1079 2863 1203 2902; x_wconf 89' lang='lat' dir='ltr'><strong>vere</strong></span> <span class='ocrx_word' id='word_1_329' title='bbox 1233 2853 1513 2919; x_wconf 78' lang='lat' dir='ltr'><strong>genuerit;</strong></span> <span class='ocrx_word' id='word_1_330' title='bbox 1545 2854 1668 2908; x_wconf 90' lang='lat' dir='ltr'><strong>dum</strong></span> <span class='ocrx_word' id='word_1_331' title='bbox 1705 2866 1855 2924; x_wconf 91' lang='lat' dir='ltr'><strong>pater</strong></span> <span class='ocrx_word' id='word_1_332' title='bbox 1881 2858 1991 2912; x_wconf 83' lang='lat' dir='ltr'><strong>ﬁlio</strong></span> <span class='ocrx_word' id='word_1_333' title='bbox 2020 2861 2108 2924; x_wconf 85' lang='lat' dir='ltr'><strong>sit,</strong></span> <span class='ocrx_word' id='word_1_334' title='bbox 2134 2870 2190 2915; x_wconf 91' lang='lat' dir='ltr'><strong>et</strong></span> 
     </span>
    </p>
   </div>
   <div class='ocr_carea' id='block_1_44' title="bbox 606 2933 2189 3022">
    <p class='ocr_par' dir='ltr' id='par_1_44' title="bbox 606 2933 2189 3022">
     <span class='ocr_line' id='line_1_44' title="bbox 606 2933 2189 3022; baseline 0.01 -30"><span class='ocrx_word' id='word_1_335' title='bbox 606 2933 743 3004; x_wconf 82' lang='lat' dir='ltr'><strong>ﬁlius</strong></span> <span class='ocrx_word' id='word_1_336' title='bbox 775 2941 912 3010; x_wconf 87' lang='lat' dir='ltr'><strong>patri</strong></span> <span class='ocrx_word' id='word_1_337' title='bbox 959 2942 1028 2997; x_wconf 87' lang='lat' dir='ltr'><strong>sit</strong></span> <span class='ocrx_word' id='word_1_338' title='bbox 1065 2958 1221 3013; x_wconf 90' lang='lat' dir='ltr'><strong>quem</strong></span> <span class='ocrx_word' id='word_1_339' title='bbox 1267 2962 1390 3000; x_wconf 78' lang='lat' dir='ltr'><strong>vere</strong></span> <span class='ocrx_word' id='word_1_340' title='bbox 1419 2951 1620 3016; x_wconf 79' lang='lat' dir='ltr'><strong>genuit.</strong></span> <span class='ocrx_word' id='word_1_341' title='bbox 1659 2951 1881 3017; x_wconf 71' lang='grc' dir='ltr'><strong>Ριομιει·</strong></span> <span class='ocrx_word' id='word_1_342' title='bbox 1910 2954 2050 3022; x_wconf 91' lang='lat' dir='ltr'><strong>quod</strong></span> <span class='ocrx_word' id='word_1_343' title='bbox 2093 2969 2189 3008; x_wconf 89' lang='lat' dir='ltr'><strong>no-</strong></span> 
     </span>
    </p>
   </div>
   <div class='ocr_carea' id='block_1_45' title="bbox 536 3032 1802 3109">
    <p class='ocr_par' dir='ltr' id='par_1_45' title="bbox 536 3032 1802 3109">
     <span class='ocr_line' id='line_1_45' title="bbox 536 3032 1802 3109; baseline 0.009 -26"><span class='ocrx_word' id='word_1_344' title='bbox 536 3062 538 3065; x_wconf 96' lang='lat'><strong><em>-</em></strong></span> <span class='ocrx_word' id='word_1_345' title='bbox 594 3032 745 3085; x_wconf 76' lang='lat' dir='ltr'><strong>.mina</strong></span> <span class='ocrx_word' id='word_1_346' title='bbox 778 3035 828 3086; x_wconf 92' lang='lat' dir='ltr'><strong>in</strong></span> <span class='ocrx_word' id='word_1_347' title='bbox 859 3035 1101 3103; x_wconf 82' lang='lat' dir='ltr'><strong>personis</strong></span> <span class='ocrx_word' id='word_1_348' title='bbox 1128 3035 1362 3104; x_wconf 82' lang='lat' dir='ltr'><strong>perfecte</strong></span> <span class='ocrx_word' id='word_1_349' title='bbox 1386 3039 1802 3109; x_wconf 70' lang='lat' dir='ltr'><strong>distinguuntur.</strong></span> 
     </span>
    </p>
   </div>
   <div class='ocr_carea' id='block_1_46' title="bbox 678 3124 2189 3210">
    <p class='ocr_par' dir='ltr' id='par_1_46' title="bbox 678 3124 2189 3210">
     <span class='ocr_line' id='line_1_46' title="bbox 678 3124 2189 3210; baseline 0.011 -32"><span class='ocrx_word' id='word_1_350' title='bbox 678 3124 982 3181; x_wconf 75' lang='lat' dir='ltr'><strong>Horreticus.</strong></span> <span class='ocrx_word' id='word_1_351' title='bbox 1039 3127 1106 3183; x_wconf 88' lang='lat' dir='ltr'><strong>Ut</strong></span> <span class='ocrx_word' id='word_1_352' title='bbox 1155 3129 1268 3184; x_wconf 64' lang='lat' dir='ltr'><strong>hic</strong></span> <span class='ocrx_word' id='word_1_353' title='bbox 1316 3131 1454 3186; x_wconf 82' lang='lat' dir='ltr'><strong>dicta</strong></span> <span class='ocrx_word' id='word_1_354' title='bbox 1487 3134 1552 3188; x_wconf 91' lang='lat' dir='ltr'><strong>de</strong></span> <span class='ocrx_word' id='word_1_355' title='bbox 1582 3137 1897 3192; x_wconf 59' lang='lat' dir='ltr'><strong>auctoritate</strong></span> <span class='ocrx_word' id='word_1_356' title='bbox 1940 3139 2065 3194; x_wconf 79' lang='lat' dir='ltr'><strong>mihi</strong></span> <span class='ocrx_word' id='word_1_357' title='bbox 2097 3159 2189 3210; x_wconf 84' lang='lat' dir='ltr'><strong>ap-</strong></span> 
     </span>
    </p>
   </div>
   <div class='ocr_carea' id='block_1_47' title="bbox 607 3215 1033 3286">
    <p class='ocr_par' dir='ltr' id='par_1_47' title="bbox 607 3215 1033 3286">
     <span class='ocr_line' id='line_1_47' title="bbox 607 3215 1033 3286; baseline 0.009 -20"><span class='ocrx_word' id='word_1_358' title='bbox 607 3215 802 3283; x_wconf 81' lang='lat' dir='ltr'><strong>probes</strong></span> <span class='ocrx_word' id='word_1_359' title='bbox 831 3232 1033 3286; x_wconf 54' lang='lat' dir='ltr'><strong>quaeso.</strong></span> 
     </span>
    </p>
   </div>
   <div class='ocr_carea' id='block_1_48' title="bbox 679 3308 2188 3390">
    <p class='ocr_par' dir='ltr' id='par_1_48' title="bbox 679 3308 2188 3390">
     <span class='ocr_line' id='line_1_48' title="bbox 679 3308 2188 3390; baseline 0.011 -31"><span class='ocrx_word' id='word_1_360' title='bbox 679 3308 1016 3366; x_wconf 75' lang='lat' dir='ltr'><strong>Athanasius.</strong></span> <span class='ocrx_word' id='word_1_361' title='bbox 1068 3314 1263 3383; x_wconf 84' lang='lat' dir='ltr'><strong>Accipe</strong></span> <span class='ocrx_word' id='word_1_362' title='bbox 1294 3314 1487 3368; x_wconf 83' lang='lat' dir='ltr'><strong>Filium</strong></span> <span class='ocrx_word' id='word_1_363' title='bbox 1520 3315 1571 3369; x_wconf 90' lang='lat' dir='ltr'><strong>in</strong></span> <span class='ocrx_word' id='word_1_364' title='bbox 1601 3317 1842 3372; x_wconf 84' lang='lat' dir='ltr'><strong>claritate</strong></span> <span class='ocrx_word' id='word_1_365' title='bbox 1869 3321 2188 3390; x_wconf 77' lang='lat' dir='ltr'><strong>evangelica:</strong></span> 
     </span>
    </p>
   </div>
   <div class='ocr_carea' id='block_1_49' title="bbox 606 3405 2194 3478">
    <p class='ocr_par' dir='ltr' id='par_1_49' title="bbox 606 3405 2194 3478">
     <span class='ocr_line' id='line_1_49' title="bbox 606 3405 2194 3478; baseline 0.008 -26"><span class='ocrx_word' id='word_1_366' title='bbox 606 3406 846 3455; x_wconf 67' lang='lat' dir='ltr'><strong>censurae</strong></span> <span class='ocrx_word' id='word_1_367' title='bbox 877 3412 1159 3458; x_wconf 86' lang='lat' dir='ltr'><strong>testantem</strong></span> <span class='ocrx_word' id='word_1_368' title='bbox 1193 3423 1204 3457; x_wconf 88' lang='lat'>:</span> <span class='ocrx_word' id='word_1_369' title='bbox 1242 3405 1366 3458; x_wconf 79' lang='lat' dir='ltr'><strong>Cum</strong></span> <span class='ocrx_word' id='word_1_370' title='bbox 1391 3409 1574 3459; x_wconf 78' lang='lat' dir='ltr'><strong>rencrit</strong></span> <span class='ocrx_word' id='word_1_371' title='bbox 1605 3407 1879 3463; x_wconf 86' lang='lat' dir='ltr'><strong>advocatus</strong></span> <span class='ocrx_word' id='word_1_372' title='bbox 1913 3411 2000 3463; x_wconf 71' lang='lat' dir='ltr'><strong>ille</strong></span> <span class='ocrx_word' id='word_1_373' title='bbox 2023 3411 2194 3478; x_wconf 84' lang='lat' dir='ltr'><strong>Spiri-</strong></span> 
     </span>
    </p>
   </div>
   <div class='ocr_carea' id='block_1_50' title="bbox 605 3493 2193 3571">
    <p class='ocr_par' dir='ltr' id='par_1_50' title="bbox 605 3493 2193 3571">
     <span class='ocr_line' id='line_1_50' title="bbox 605 3493 2193 3571; baseline 0.013 -31"><span class='ocrx_word' id='word_1_374' title='bbox 605 3499 688 3543; x_wconf 76' lang='lat' dir='ltr'><strong>tus</strong></span> <span class='ocrx_word' id='word_1_375' title='bbox 716 3493 961 3559; x_wconf 70' lang='lat' dir='ltr'><strong>veritatis,</strong></span> <span class='ocrx_word' id='word_1_376' title='bbox 995 3495 1082 3561; x_wconf 78' lang='lat' dir='ltr'><strong>qui</strong></span> <span class='ocrx_word' id='word_1_377' title='bbox 1110 3513 1140 3548; x_wconf 85' lang='grc' dir='ltr'><em>α</em></span> <span class='ocrx_word' id='word_1_378' title='bbox 1175 3495 1331 3551; x_wconf 83' lang='lat' dir='ltr'><strong>Patre</strong></span> <span class='ocrx_word' id='word_1_379' title='bbox 1378 3515 1486 3552; x_wconf 76' lang='lat' dir='ltr'><strong>meo</strong></span> <span class='ocrx_word' id='word_1_380' title='bbox 1533 3502 1780 3570; x_wconf 82' lang='lat' dir='ltr'><strong>procedit,</strong></span> <span class='ocrx_word' id='word_1_381' title='bbox 1811 3504 1917 3571; x_wconf 80' lang='lat' dir='ltr'><strong>ipse</strong></span> <span class='ocrx_word' id='word_1_382' title='bbox 1955 3506 2193 3571; x_wconf 79' lang='lat' dir='ltr'><strong>testiﬁca-</strong></span> 
     </span>
    </p>
   </div>
   <div class='ocr_carea' id='block_1_51' title="bbox 605 3583 2188 3663">
    <p class='ocr_par' dir='ltr' id='par_1_51' title="bbox 605 3583 2188 3663">
     <span class='ocr_line' id='line_1_51' title="bbox 605 3583 2188 3663; baseline 0.008 -30"><span class='ocrx_word' id='word_1_383' title='bbox 605 3583 740 3636; x_wconf 86' lang='lat' dir='ltr'><strong>bitur</strong></span> <span class='ocrx_word' id='word_1_384' title='bbox 781 3586 843 3639; x_wconf 86' lang='lat' dir='ltr'><strong>de</strong></span> <span class='ocrx_word' id='word_1_385' title='bbox 883 3602 959 3638; x_wconf 88' lang='lat' dir='ltr'><strong>me</strong></span> <span class='ocrx_word' id='word_1_386' title='bbox 989 3585 1167 3655; x_wconf 86' lang='lat' dir='ltr'><strong>(Joan.</strong></span> <span class='ocrx_word' id='word_1_387' title='bbox 1206 3604 1300 3655; x_wconf 78' lang='lat' dir='ltr'><strong>xv,</strong></span> <span class='ocrx_word' id='word_1_388' title='bbox 1333 3589 1448 3658; x_wconf 77' lang='grc'><strong>26).</strong></span> <span class='ocrx_word' id='word_1_389' title='bbox 1488 3589 1578 3645; x_wconf 84' lang='lat' dir='ltr'><strong>Vel</strong></span> <span class='ocrx_word' id='word_1_390' title='bbox 1614 3592 1713 3645; x_wconf 80' lang='lat' dir='ltr'><strong>hoc</strong></span> <span class='ocrx_word' id='word_1_391' title='bbox 1756 3593 1934 3646; x_wconf 80' lang='lat' dir='ltr'><strong>statim</strong></span> <span class='ocrx_word' id='word_1_392' title='bbox 1967 3594 2188 3663; x_wconf 82' lang='lat' dir='ltr'><strong>accipe:</strong></span> 
     </span>
    </p>
   </div>
   <div class='ocr_carea' id='block_1_52' title="bbox 606 3679 2192 3752">
    <p class='ocr_par' dir='ltr' id='par_1_52' title="bbox 606 3679 2192 3752">
     <span class='ocr_line' id='line_1_52' title="bbox 606 3679 2192 3752; baseline 0.005 -23"><span class='ocrx_word' id='word_1_393' title='bbox 606 3679 896 3732; x_wconf 77' lang='lat' dir='ltr'><strong>Advocatus</strong></span> <span class='ocrx_word' id='word_1_394' title='bbox 925 3689 1093 3733; x_wconf 77' lang='lat' dir='ltr'><strong>autem</strong></span> <span class='ocrx_word' id='word_1_395' title='bbox 1139 3681 1363 3752; x_wconf 78' lang='lat' dir='ltr'><strong>Spiritus</strong></span> <span class='ocrx_word' id='word_1_396' title='bbox 1393 3693 1619 3752; x_wconf 78' lang='lat' dir='ltr'><strong>sanctus,</strong></span> <span class='ocrx_word' id='word_1_397' title='bbox 1652 3700 1799 3752; x_wconf 83' lang='lat' dir='ltr'><strong>quem</strong></span> <span class='ocrx_word' id='word_1_398' title='bbox 1843 3685 2005 3738; x_wconf 82' lang='lat' dir='ltr'><strong>mittet</strong></span> <span class='ocrx_word' id='word_1_399' title='bbox 2037 3684 2192 3738; x_wconf 81' lang='lat' dir='ltr'><strong>Pater</strong></span> 
     </span>
    </p>
   </div>
   <div class='ocr_carea' id='block_1_53' title="bbox 609 3769 2193 3843">
    <p class='ocr_par' dir='ltr' id='par_1_53' title="bbox 609 3769 2193 3843">
     <span class='ocr_line' id='line_1_53' title="bbox 609 3769 2193 3843; baseline 0.01 -25"><span class='ocrx_word' id='word_1_400' title='bbox 609 3785 752 3820; x_wconf 85' lang='lat' dir='ltr'><strong>meus</strong></span> <span class='ocrx_word' id='word_1_401' title='bbox 784 3769 835 3821; x_wconf 90' lang='lat' dir='ltr'><strong>in</strong></span> <span class='ocrx_word' id='word_1_402' title='bbox 860 3772 1062 3824; x_wconf 87' lang='lat' dir='ltr'><strong>nomine</strong></span> <span class='ocrx_word' id='word_1_403' title='bbox 1092 3787 1222 3836; x_wconf 87' lang='lat' dir='ltr'><strong>meo,</strong></span> <span class='ocrx_word' id='word_1_404' title='bbox 1252 3773 1341 3826; x_wconf 80' lang='lat' dir='ltr'><strong>ille</strong></span> <span class='ocrx_word' id='word_1_405' title='bbox 1379 3790 1463 3828; x_wconf 75' lang='lat' dir='ltr'><strong>vos</strong></span> <span class='ocrx_word' id='word_1_406' title='bbox 1489 3776 1684 3828; x_wconf 82' lang='lat' dir='ltr'><strong>docebit</strong></span> <span class='ocrx_word' id='word_1_407' title='bbox 1715 3778 1909 3843; x_wconf 88' lang='lat' dir='ltr'><strong>omnia,</strong></span> <span class='ocrx_word' id='word_1_408' title='bbox 1938 3789 1982 3830; x_wconf 84' lang='lat' dir='ltr'><strong>et</strong></span> <span class='ocrx_word' id='word_1_409' title='bbox 2012 3779 2193 3833; x_wconf 84' lang='lat' dir='ltr'><strong>admo-</strong></span> 
     </span>
    </p>
   </div>
   <div class='ocr_carea' id='block_1_54' title="bbox 608 3859 2192 3938">
    <p class='ocr_par' dir='ltr' id='par_1_54' title="bbox 608 3859 2192 3938">
     <span class='ocr_line' id='line_1_54' title="bbox 608 3859 2192 3938; baseline 0.009 -28"><span class='ocrx_word' id='word_1_410' title='bbox 608 3859 742 3911; x_wconf 79' lang='lat' dir='ltr'><strong>nebit</strong></span> <span class='ocrx_word' id='word_1_411' title='bbox 789 3875 1100 3930; x_wconf 67' lang='lat' dir='ltr'><strong>quaecunque</strong></span> <span class='ocrx_word' id='word_1_412' title='bbox 1137 3863 1250 3916; x_wconf 84' lang='lat' dir='ltr'><strong>dico</strong></span> <span class='ocrx_word' id='word_1_413' title='bbox 1300 3866 1436 3917; x_wconf 76' lang='lat' dir='ltr'><strong>vobis</strong></span> <span class='ocrx_word' id='word_1_414' title='bbox 1472 3865 1648 3936; x_wconf 76' lang='lat' dir='ltr'><strong>(Joan.</strong></span> <span class='ocrx_word' id='word_1_415' title='bbox 1691 3883 1798 3929; x_wconf 83' lang='lat' dir='ltr'><strong>xiv,</strong></span> <span class='ocrx_word' id='word_1_416' title='bbox 1841 3868 1957 3938; x_wconf 68' lang='lat'><strong>26).</strong></span> <span class='ocrx_word' id='word_1_417' title='bbox 2005 3869 2192 3926; x_wconf 80' lang='lat' dir='ltr'><strong>Nonne</strong></span> 
     </span>
    </p>
   </div>
   <div class='ocr_carea' id='block_1_55' title="bbox 605 3953 2190 4030">
    <p class='ocr_par' dir='ltr' id='par_1_55' title="bbox 605 3953 2190 4030">
     <span class='ocr_line' id='line_1_55' title="bbox 605 3953 2190 4030; baseline 0.011 -27"><span class='ocrx_word' id='word_1_418' title='bbox 605 3965 765 4020; x_wconf 83' lang='lat' dir='ltr'><strong>quam</strong></span> <span class='ocrx_word' id='word_1_419' title='bbox 819 3953 1051 4008; x_wconf 89' lang='lat' dir='ltr'><strong>breviter</strong></span> <span class='ocrx_word' id='word_1_420' title='bbox 1101 3959 1316 4010; x_wconf 82' lang='lat' dir='ltr'><strong>nomina</strong></span> <span class='ocrx_word' id='word_1_421' title='bbox 1367 3960 1418 4012; x_wconf 92' lang='lat' dir='ltr'><strong>in</strong></span> <span class='ocrx_word' id='word_1_422' title='bbox 1471 3961 1696 4030; x_wconf 77' lang='lat' dir='ltr'><strong>singulis</strong></span> <span class='ocrx_word' id='word_1_423' title='bbox 1740 3963 2020 4030; x_wconf 63' lang='lat' dir='ltr'><strong>distinxit,</strong></span> <span class='ocrx_word' id='word_1_424' title='bbox 2064 3964 2190 4020; x_wconf 92' lang='lat' dir='ltr'><strong>dum</strong></span> 
     </span>
    </p>
   </div>
   <div class='ocr_carea' id='block_1_56' title="bbox 599 4045 2192 4118">
    <p class='ocr_par' dir='ltr' id='par_1_56' title="bbox 599 4045 2192 4118">
     <span class='ocr_line' id='line_1_56' title="bbox 599 4045 2192 4118; baseline 0.008 -20"><span class='ocrx_word' id='word_1_425' title='bbox 599 4045 748 4100; x_wconf 83' lang='lat' dir='ltr'><strong>.linnc</strong></span> <span class='ocrx_word' id='word_1_426' title='bbox 796 4047 1111 4103; x_wconf 86' lang='lat' dir='ltr'><strong>advocatum</strong></span> <span class='ocrx_word' id='word_1_427' title='bbox 1157 4051 1410 4118; x_wconf 89' lang='lat' dir='ltr'><strong>Spiritum</strong></span> <span class='ocrx_word' id='word_1_428' title='bbox 1462 4051 1780 4107; x_wconf 77' lang='lat' dir='ltr'><strong>Paraclitum</strong></span> <span class='ocrx_word' id='word_1_429' title='bbox 1825 4069 1854 4107; x_wconf 91' lang='lat' dir='ltr'><strong>a</strong></span> <span class='ocrx_word' id='word_1_430' title='bbox 1901 4055 2058 4110; x_wconf 77' lang='lat' dir='ltr'><strong>Patre.</strong></span> <span class='ocrx_word' id='word_1_431' title='bbox 2101 4072 2192 4111; x_wconf 89' lang='lat' dir='ltr'><strong>an-</strong></span> 
     </span>
    </p>
   </div>
   <div class='ocr_carea' id='block_1_57' title="bbox 601 4139 2193 4213">
    <p class='ocr_par' dir='ltr' id='par_1_57' title="bbox 601 4139 2193 4213">
     <span class='ocr_line' id='line_1_57' title="bbox 601 4139 2193 4213; baseline 0.006 -23"><span class='ocrx_word' id='word_1_432' title='bbox 601 4139 815 4194; x_wconf 85' lang='lat' dir='ltr'><strong>nuntiat</strong></span> <span class='ocrx_word' id='word_1_433' title='bbox 843 4155 962 4195; x_wconf 88' lang='lat' dir='ltr'><strong>essc</strong></span> <span class='ocrx_word' id='word_1_434' title='bbox 993 4150 1297 4209; x_wconf 90' lang='lat' dir='ltr'><strong>venturum,</strong></span> <span class='ocrx_word' id='word_1_435' title='bbox 1331 4155 1383 4196; x_wconf 87' lang='lat' dir='ltr'><strong>et</strong></span> <span class='ocrx_word' id='word_1_436' title='bbox 1411 4146 1478 4198; x_wconf 89' lang='lat' dir='ltr'><strong>de</strong></span> <span class='ocrx_word' id='word_1_437' title='bbox 1506 4144 1794 4213; x_wconf 64' lang='lat' dir='ltr'><strong>semetipso</strong></span> <span class='ocrx_word' id='word_1_438' title='bbox 1827 4145 2193 4201; x_wconf 89' lang='lat' dir='ltr'><strong>testimonium</strong></span> 
     </span>
    </p>
   </div>
   <div class='ocr_carea' id='block_1_58' title="bbox 606 4231 1329 4288">
    <p class='ocr_par' dir='ltr' id='par_1_58' title="bbox 606 4231 1329 4288">
     <span class='ocr_line' id='line_1_58' title="bbox 606 4231 1329 4288; baseline 0.004 -5"><span class='ocrx_word' id='word_1_439' title='bbox 606 4231 659 4284; x_wconf 71' lang='lat' dir='ltr'><strong>in</strong></span> <span class='ocrx_word' id='word_1_440' title='bbox 693 4232 891 4287; x_wconf 87' lang='lat' dir='ltr'><strong>mundo</strong></span> <span class='ocrx_word' id='word_1_441' title='bbox 917 4249 1036 4288; x_wconf 86' lang='lat' dir='ltr'><strong>esse</strong></span> <span class='ocrx_word' id='word_1_442' title='bbox 1066 4235 1329 4288; x_wconf 82' lang='lat' dir='ltr'><strong>laturum?</strong></span> 
     </span>
    </p>
   </div>
   <div class='ocr_carea' id='block_1_59' title="bbox 682 4327 1856 4399">
    <p class='ocr_par' dir='ltr' id='par_1_59' title="bbox 682 4327 1856 4399">
     <span class='ocr_line' id='line_1_59' title="bbox 682 4327 1856 4399; baseline 0.003 -21"><span class='ocrx_word' id='word_1_443' title='bbox 682 4327 985 4381; x_wconf 67' lang='lat' dir='ltr'><strong>Haereticus.</strong></span> <span class='ocrx_word' id='word_1_444' title='bbox 1019 4328 1196 4394; x_wconf 85' lang='lat' dir='ltr'><strong>Quare</strong></span> <span class='ocrx_word' id='word_1_445' title='bbox 1229 4330 1442 4382; x_wconf 89' lang='lat' dir='ltr'><strong>nomina</strong></span> <span class='ocrx_word' id='word_1_446' title='bbox 1474 4328 1856 4399; x_wconf 65' lang='lat' dir='ltr'><strong>designantur?</strong></span> 
     </span>
    </p>
   </div>
   <div class='ocr_carea' id='block_1_60' title="bbox 681 4418 2187 4492">
    <p class='ocr_par' dir='ltr' id='par_1_60' title="bbox 681 4418 2187 4492">
     <span class='ocr_line' id='line_1_60' title="bbox 681 4418 2187 4492; baseline 0.005 -23"><span class='ocrx_word' id='word_1_447' title='bbox 681 4418 1012 4472; x_wconf 82' lang='lat' dir='ltr'><strong>Athanasius.</strong></span> <span class='ocrx_word' id='word_1_448' title='bbox 1048 4420 1402 4474; x_wconf 72' lang='lat' dir='ltr'><strong>Proculdubie</strong></span> <span class='ocrx_word' id='word_1_449' title='bbox 1449 4424 1572 4490; x_wconf 85' lang='lat' dir='ltr'><strong>quia</strong></span> <span class='ocrx_word' id='word_1_450' title='bbox 1623 4424 1776 4478; x_wconf 85' lang='lat' dir='ltr'><strong>Pater</strong></span> <span class='ocrx_word' id='word_1_451' title='bbox 1822 4439 1949 4478; x_wconf 78' lang='lat' dir='ltr'><strong>vere</strong></span> <span class='ocrx_word' id='word_1_452' title='bbox 1987 4427 2187 4492; x_wconf 72' lang='lat' dir='ltr'><strong>genuit,</strong></span> 
     </span>
    </p>
   </div>
   <div class='ocr_carea' id='block_1_61' title="bbox 611 4511 2192 4584">
    <p class='ocr_par' dir='ltr' id='par_1_61' title="bbox 611 4511 2192 4584">
     <span class='ocr_line' id='line_1_61' title="bbox 611 4511 2192 4584; baseline 0.004 -20"><span class='ocrx_word' id='word_1_453' title='bbox 611 4511 713 4566; x_wconf 72' lang='lat' dir='ltr'><strong>huc</strong></span> <span class='ocrx_word' id='word_1_454' title='bbox 742 4514 1008 4582; x_wconf 84' lang='lat' dir='ltr'><strong>proprium</strong></span> <span class='ocrx_word' id='word_1_455' title='bbox 1045 4527 1237 4566; x_wconf 79' lang='lat' dir='ltr'><strong>ltOlllt‘ﬂ</strong></span> <span class='ocrx_word' id='word_1_456' title='bbox 1270 4524 1344 4566; x_wconf 75' lang='lat' dir='ltr'><strong>est</strong></span> <span class='ocrx_word' id='word_1_457' title='bbox 1381 4515 1451 4577; x_wconf 85' lang='lat' dir='ltr'><strong>ei,</strong></span> <span class='ocrx_word' id='word_1_458' title='bbox 1487 4522 1538 4566; x_wconf 88' lang='lat' dir='ltr'><strong>et</strong></span> <span class='ocrx_word' id='word_1_459' title='bbox 1577 4513 1737 4584; x_wconf 63' lang='lat'><strong>240</strong></span> <span class='ocrx_word' id='word_1_460' title='bbox 1776 4515 1941 4568; x_wconf 87' lang='lat' dir='ltr'><strong>Filius</strong></span> <span class='ocrx_word' id='word_1_461' title='bbox 1974 4531 2095 4569; x_wconf 76' lang='lat' dir='ltr'><strong>rere</strong></span> <span class='ocrx_word' id='word_1_462' title='bbox 2127 4518 2192 4570; x_wconf 87' lang='lat' dir='ltr'><strong>de</strong></span> 
     </span>
    </p>
   </div>
   <div class='ocr_carea' id='block_1_62' title="bbox 2283 1937 3748 2008">
    <p class='ocr_par' dir='ltr' id='par_1_62' title="bbox 2283 1937 3748 2008">
     <span class='ocr_line' id='line_1_62' title="bbox 2283 1937 3748 2008; baseline -0.007 -10"><span class='ocrx_word' id='word_1_463' title='bbox 2283 1954 2420 1998; x_wconf 90' lang='lat' dir='ltr'><strong>ctus.</strong></span> <span class='ocrx_word' id='word_1_464' title='bbox 2476 1941 2637 1996; x_wconf 81' lang='lat' dir='ltr'><strong>Vides</strong></span> <span class='ocrx_word' id='word_1_465' title='bbox 2665 1941 2788 2008; x_wconf 86' lang='lat' dir='ltr'><strong>quia</strong></span> <span class='ocrx_word' id='word_1_466' title='bbox 2829 1937 3220 1992; x_wconf 80' lang='lat' dir='ltr'><strong>substantivum</strong></span> <span class='ocrx_word' id='word_1_467' title='bbox 3253 1937 3526 1989; x_wconf 74' lang='lat' dir='ltr'><strong>divinitatis</strong></span> <span class='ocrx_word' id='word_1_468' title='bbox 3560 1950 3701 1989; x_wconf 86' lang='lat' dir='ltr'><strong>nomen</strong></span> <span class='ocrx_word' id='word_1_469' title='bbox 3721 1937 3748 1988; x_wconf 86' lang='lat' dir='ltr'><strong>in</strong></span> 
     </span>
    </p>
   </div>
   <div class='ocr_carea' id='block_1_63' title="bbox 2285 2029 3747 2103">
    <p class='ocr_par' dir='ltr' id='par_1_63' title="bbox 2285 2029 3747 2103">
     <span class='ocr_line' id='line_1_63' title="bbox 2285 2029 3747 2103; baseline -0.007 -15"><span class='ocrx_word' id='word_1_470' title='bbox 2285 2035 2368 2088; x_wconf 88' lang='lat' dir='ltr'><strong>bis</strong></span> <span class='ocrx_word' id='word_1_471' title='bbox 2414 2034 2656 2103; x_wconf 78' lang='lat' dir='ltr'><strong>pchOuis</strong></span> <span class='ocrx_word' id='word_1_472' title='bbox 2705 2035 2828 2084; x_wconf 84' lang='lat' dir='ltr'><strong>dum</strong></span> <span class='ocrx_word' id='word_1_473' title='bbox 2879 2029 3102 2096; x_wconf 78' lang='lat' dir='ltr'><strong>indicns,</strong></span> <span class='ocrx_word' id='word_1_474' title='bbox 3153 2029 3365 2082; x_wconf 83' lang='lat' dir='ltr'><strong>deitatis</strong></span> <span class='ocrx_word' id='word_1_475' title='bbox 3407 2031 3584 2080; x_wconf 87' lang='lat' dir='ltr'><strong>unituut</strong></span> <span class='ocrx_word' id='word_1_476' title='bbox 3624 2042 3747 2079; x_wconf 77' lang='lat' dir='ltr'><strong>nomen</strong></span> 
     </span>
    </p>
   </div>
   <div class='ocr_carea' id='block_1_64' title="bbox 2284 2116 3748 2194">
    <p class='ocr_par' dir='ltr' id='par_1_64' title="bbox 2284 2116 3748 2194">
     <span class='ocr_line' id='line_1_64' title="bbox 2284 2116 3748 2194; baseline -0.01 -14"><span class='ocrx_word' id='word_1_477' title='bbox 2284 2130 2638 2182; x_wconf 83' lang='lat' dir='ltr'><strong>demonstras.</strong></span> <span class='ocrx_word' id='word_1_478' title='bbox 2687 2123 2866 2192; x_wconf 84' lang='lat' dir='ltr'><strong>Itaque</strong></span> <span class='ocrx_word' id='word_1_479' title='bbox 2908 2122 3101 2191; x_wconf 78' lang='lat' dir='ltr'><strong>duplex</strong></span> <span class='ocrx_word' id='word_1_480' title='bbox 3135 2129 3220 2172; x_wconf 84' lang='lat' dir='ltr'><strong>est</strong></span> <span class='ocrx_word' id='word_1_481' title='bbox 3249 2116 3748 2194; x_wconf 36' lang='lat' dir='ltr'><strong>hujus&#39;mysteriiintrl-</strong></span> 
     </span>
    </p>
   </div>
   <div class='ocr_carea' id='block_1_65' title="bbox 2288 2207 3747 2272">
    <p class='ocr_par' dir='ltr' id='par_1_65' title="bbox 2288 2207 3747 2272">
     <span class='ocr_line' id='line_1_65' title="bbox 2288 2207 3747 2272; baseline -0.008 -2"><span class='ocrx_word' id='word_1_482' title='bbox 2288 2217 2456 2272; x_wconf 91' lang='lat' dir='ltr'><strong>lectus</strong></span> <span class='ocrx_word' id='word_1_483' title='bbox 2480 2233 2493 2268; x_wconf 92' lang='lat'><strong>:</strong></span> <span class='ocrx_word' id='word_1_484' title='bbox 2517 2223 2784 2268; x_wconf 86' lang='lat' dir='ltr'><strong>memento</strong></span> <span class='ocrx_word' id='word_1_485' title='bbox 2805 2214 2927 2265; x_wconf 90' lang='lat' dir='ltr'><strong>dum</strong></span> <span class='ocrx_word' id='word_1_486' title='bbox 2952 2213 3154 2266; x_wconf 84' lang='lat' dir='ltr'><strong>nuit-.m</strong></span> <span class='ocrx_word' id='word_1_487' title='bbox 3184 2225 3374 2264; x_wconf 90' lang='lat' dir='ltr'><strong>nomen</strong></span> <span class='ocrx_word' id='word_1_488' title='bbox 3405 2224 3565 2263; x_wconf 89' lang='lat' dir='ltr'><strong>eorum</strong></span> <span class='ocrx_word' id='word_1_489' title='bbox 3604 2208 3642 2260; x_wconf 93' lang='lat' dir='ltr'><strong>in</strong></span> <span class='ocrx_word' id='word_1_490' title='bbox 3663 2207 3747 2259; x_wconf 77' lang='lat' dir='ltr'><strong>unita</strong></span> 
     </span>
    </p>
   </div>
   <div class='ocr_carea' id='block_1_66' title="bbox 2285 2298 3748 2370">
    <p class='ocr_par' dir='ltr' id='par_1_66' title="bbox 2285 2298 3748 2370">
     <span class='ocr_line' id='line_1_66' title="bbox 2285 2298 3748 2370; baseline -0.009 -9"><span class='ocrx_word' id='word_1_491' title='bbox 2285 2309 2581 2361; x_wconf 64' lang='lat' dir='ltr'><strong>substantia</strong></span> <span class='ocrx_word' id='word_1_492' title='bbox 2631 2305 2912 2368; x_wconf 71' lang='lat' dir='ltr'><strong>consistat,</strong></span> <span class='ocrx_word' id='word_1_493' title='bbox 2943 2313 2997 2355; x_wconf 90' lang='lat' dir='ltr'><strong>et</strong></span> <span class='ocrx_word' id='word_1_494' title='bbox 3046 2305 3262 2370; x_wconf 71' lang='lat' dir='ltr'><strong>propria</strong></span> <span class='ocrx_word' id='word_1_495' title='bbox 3311 2300 3508 2354; x_wconf 88' lang='lat' dir='ltr'><strong>nomina</strong></span> <span class='ocrx_word' id='word_1_496' title='bbox 3545 2298 3694 2367; x_wconf 82' lang='lat' dir='ltr'><strong>singula</strong></span> <span class='ocrx_word' id='word_1_497' title='bbox 3719 2300 3748 2349; x_wconf 86' lang='lat' dir='ltr'><strong>in</strong></span> 
     </span>
    </p>
   </div>
   <div class='ocr_carea' id='block_1_67' title="bbox 2287 2388 3748 2466">
    <p class='ocr_par' dir='ltr' id='par_1_67' title="bbox 2287 2388 3748 2466">
     <span class='ocr_line' id='line_1_67' title="bbox 2287 2388 3748 2466; baseline -0.008 -15"><span class='ocrx_word' id='word_1_498' title='bbox 2287 2398 2510 2466; x_wconf 80' lang='lat' dir='ltr'><strong>singulis</strong></span> <span class='ocrx_word' id='word_1_499' title='bbox 2557 2395 2799 2465; x_wconf 87' lang='lat' dir='ltr'><strong>petsonis</strong></span> <span class='ocrx_word' id='word_1_500' title='bbox 2847 2394 3265 2460; x_wconf 81' lang='lat' dir='ltr'><strong>distinguantur.</strong></span> <span class='ocrx_word' id='word_1_501' title='bbox 3318 2391 3406 2446; x_wconf 84' lang='lat' dir='ltr'><strong>Vel</strong></span> <span class='ocrx_word' id='word_1_502' title='bbox 3446 2400 3572 2445; x_wconf 80' lang='lat' dir='ltr'><strong>certe</strong></span> <span class='ocrx_word' id='word_1_503' title='bbox 3605 2404 3672 2459; x_wconf 85' lang='lat' dir='ltr'><strong>per</strong></span> <span class='ocrx_word' id='word_1_504' title='bbox 3691 2388 3748 2440; x_wconf 80' lang='lat' dir='ltr'><strong>huc</strong></span> 
     </span>
    </p>
   </div>
   <div class='ocr_carea' id='block_1_68' title="bbox 2287 2481 3747 2556">
    <p class='ocr_par' dir='ltr' id='par_1_68' title="bbox 2287 2481 3747 2556">
     <span class='ocr_line' id='line_1_68' title="bbox 2287 2481 3747 2556; baseline -0.008 -16"><span class='ocrx_word' id='word_1_505' title='bbox 2287 2502 2661 2556; x_wconf 85' lang='lat' dir='ltr'><strong>argumentum</strong></span> <span class='ocrx_word' id='word_1_506' title='bbox 2695 2494 2971 2539; x_wconf 83' lang='lat' dir='ltr'><strong>veritatem</strong></span> <span class='ocrx_word' id='word_1_507' title='bbox 3001 2485 3235 2554; x_wconf 82' lang='lat' dir='ltr'><strong>intelligo</strong></span> <span class='ocrx_word' id='word_1_508' title='bbox 3271 2502 3281 2535; x_wconf 92' lang='lat'><strong>:</strong></span> <span class='ocrx_word' id='word_1_509' title='bbox 3307 2483 3415 2553; x_wconf 79' lang='lat' dir='ltr'><strong>Ego</strong></span> <span class='ocrx_word' id='word_1_510' title='bbox 3444 2492 3485 2534; x_wconf 78' lang='lat' dir='ltr'><strong>et</strong></span> <span class='ocrx_word' id='word_1_511' title='bbox 3511 2481 3635 2535; x_wconf 80' lang='lat' dir='ltr'><strong>Pater</strong></span> <span class='ocrx_word' id='word_1_512' title='bbox 3654 2496 3747 2533; x_wconf 72' lang='lat' dir='ltr'><strong>Iutis</strong></span> 
     </span>
    </p>
   </div>
   <div class='ocr_carea' id='block_1_69' title="bbox 2287 2579 3746 2651">
    <p class='ocr_par' dir='ltr' id='par_1_69' title="bbox 2287 2579 3746 2651">
     <span class='ocr_line' id='line_1_69' title="bbox 2287 2579 3746 2651; baseline -0.005 -17"><span class='ocrx_word' id='word_1_513' title='bbox 2287 2597 2459 2634; x_wconf 79' lang='lat' dir='ltr'><strong>sumus</strong></span> <span class='ocrx_word' id='word_1_514' title='bbox 2489 2581 2668 2651; x_wconf 84' lang='lat' dir='ltr'><strong>(Joau.</strong></span> <span class='ocrx_word' id='word_1_515' title='bbox 2703 2596 2758 2642; x_wconf 73' lang='grc' dir='ltr'>ιι,</span> <span class='ocrx_word' id='word_1_516' title='bbox 2790 2580 2902 2650; x_wconf 76' lang='grc'><strong>50).</strong></span> <span class='ocrx_word' id='word_1_517' title='bbox 2939 2579 3129 2646; x_wconf 78' lang='lat' dir='ltr'><strong>Utique</strong></span> <span class='ocrx_word' id='word_1_518' title='bbox 3156 2581 3280 2648; x_wconf 86' lang='lat' dir='ltr'><strong>quia</strong></span> <span class='ocrx_word' id='word_1_519' title='bbox 3311 2581 3500 2632; x_wconf 90' lang='lat' dir='ltr'><strong>unitum</strong></span> <span class='ocrx_word' id='word_1_520' title='bbox 3527 2591 3672 2632; x_wconf 88' lang='lat' dir='ltr'><strong>nomen</strong></span> <span class='ocrx_word' id='word_1_521' title='bbox 3692 2590 3746 2627; x_wconf 82' lang='lat' dir='ltr'><strong>nt-</strong></span> 
     </span>
    </p>
   </div>
   <div class='ocr_carea' id='block_1_70' title="bbox 2291 2669 3746 2742">
    <p class='ocr_par' dir='ltr' id='par_1_70' title="bbox 2291 2669 3746 2742">
     <span class='ocr_line' id='line_1_70' title="bbox 2291 2669 3746 2742; baseline -0.008 -15"><span class='ocrx_word' id='word_1_522' title='bbox 2291 2687 2421 2727; x_wconf 76' lang='lat' dir='ltr'><strong>turze</strong></span> <span class='ocrx_word' id='word_1_523' title='bbox 2440 2714 2455 2740; x_wconf 94' lang='lat'><strong>,</strong></span> <span class='ocrx_word' id='word_1_524' title='bbox 2490 2675 2666 2742; x_wconf 90' lang='lat' dir='ltr'><strong>plures</strong></span> <span class='ocrx_word' id='word_1_525' title='bbox 2691 2683 2890 2726; x_wconf 78' lang='lat' dir='ltr'><strong>natura:</strong></span> <span class='ocrx_word' id='word_1_526' title='bbox 2917 2687 3020 2724; x_wconf 92' lang='lat' dir='ltr'><strong>non</strong></span> <span class='ocrx_word' id='word_1_527' title='bbox 3050 2679 3190 2735; x_wconf 91' lang='lat' dir='ltr'><strong>sunt,</strong></span> <span class='ocrx_word' id='word_1_528' title='bbox 3217 2679 3273 2723; x_wconf 89' lang='lat' dir='ltr'><strong>et</strong></span> <span class='ocrx_word' id='word_1_529' title='bbox 3300 2669 3562 2732; x_wconf 50' lang='lat' dir='ltr'><strong>sutnus,,in</strong></span> <span class='ocrx_word' id='word_1_530' title='bbox 3589 2681 3664 2721; x_wconf 83' lang='lat' dir='ltr'><strong>una</strong></span> <span class='ocrx_word' id='word_1_531' title='bbox 3681 2679 3746 2733; x_wconf 70' lang='lat' dir='ltr'><strong>pet-</strong></span> 
     </span>
    </p>
   </div>
   <div class='ocr_carea' id='block_1_71' title="bbox 2289 2756 3745 2830">
    <p class='ocr_par' dir='ltr' id='par_1_71' title="bbox 2289 2756 3745 2830">
     <span class='ocr_line' id='line_1_71' title="bbox 2289 2756 3745 2830; baseline -0.01 -12"><span class='ocrx_word' id='word_1_532' title='bbox 2289 2779 2420 2818; x_wconf 82' lang='lat' dir='ltr'><strong>Sona</strong></span> <span class='ocrx_word' id='word_1_533' title='bbox 2467 2778 2574 2816; x_wconf 89' lang='lat' dir='ltr'><strong>non</strong></span> <span class='ocrx_word' id='word_1_534' title='bbox 2623 2773 2722 2815; x_wconf 75' lang='lat' dir='ltr'><strong>est.</strong></span> <span class='ocrx_word' id='word_1_535' title='bbox 2776 2762 2960 2830; x_wconf 77' lang='lat' dir='ltr'><strong>Itaque</strong></span> <span class='ocrx_word' id='word_1_536' title='bbox 3009 2759 3098 2812; x_wconf 91' lang='lat' dir='ltr'><strong>ubi</strong></span> <span class='ocrx_word' id='word_1_537' title='bbox 3141 2758 3360 2812; x_wconf 87' lang='lat' dir='ltr'><strong>deitatis</strong></span> <span class='ocrx_word' id='word_1_538' title='bbox 3409 2772 3576 2811; x_wconf 88' lang='lat' dir='ltr'><strong>nomen</strong></span> <span class='ocrx_word' id='word_1_539' title='bbox 3610 2756 3745 2813; x_wconf 75' lang='lat' dir='ltr'><strong>indiat,</strong></span> 
     </span>
    </p>
   </div>
   <div class='ocr_carea' id='block_1_72' title="bbox 2291 2851 3746 2924">
    <p class='ocr_par' dir='ltr' id='par_1_72' title="bbox 2291 2851 3746 2924">
     <span class='ocr_line' id='line_1_72' title="bbox 2291 2851 3746 2924; baseline -0.009 -16"><span class='ocrx_word' id='word_1_540' title='bbox 2291 2871 2446 2908; x_wconf 85' lang='lat' dir='ltr'><strong>unum</strong></span> <span class='ocrx_word' id='word_1_541' title='bbox 2493 2855 2734 2924; x_wconf 79' lang='lat' dir='ltr'><strong>designat</strong></span> <span class='ocrx_word' id='word_1_542' title='bbox 2766 2871 2777 2905; x_wconf 89' lang='lat'>:</span> <span class='ocrx_word' id='word_1_543' title='bbox 2806 2856 2890 2906; x_wconf 90' lang='lat' dir='ltr'><strong>ubi</strong></span> <span class='ocrx_word' id='word_1_544' title='bbox 2940 2860 3115 2905; x_wconf 88' lang='lat' dir='ltr'><strong>autem</strong></span> <span class='ocrx_word' id='word_1_545' title='bbox 3159 2851 3228 2904; x_wconf 88' lang='lat' dir='ltr'><strong>ad</strong></span> <span class='ocrx_word' id='word_1_546' title='bbox 3263 2851 3468 2904; x_wconf 89' lang='lat' dir='ltr'><strong>nomina</strong></span> <span class='ocrx_word' id='word_1_547' title='bbox 3509 2857 3746 2918; x_wconf 76' lang='lat' dir='ltr'><strong>personarum</strong></span> 
     </span>
    </p>
   </div>
   <div class='ocr_carea' id='block_1_73' title="bbox 2293 2939 3747 3012">
    <p class='ocr_par' dir='ltr' id='par_1_73' title="bbox 2293 2939 3747 3012">
     <span class='ocr_line' id='line_1_73' title="bbox 2293 2939 3747 3012; baseline -0.008 -16"><span class='ocrx_word' id='word_1_548' title='bbox 2293 2946 2457 3012; x_wconf 69' lang='lat' dir='ltr'><strong>venit,</strong></span> <span class='ocrx_word' id='word_1_549' title='bbox 2485 2963 2658 2998; x_wconf 77' lang='lat' dir='ltr'><strong>sumus</strong></span> <span class='ocrx_word' id='word_1_550' title='bbox 2689 2963 2732 2998; x_wconf 87' lang='grc' dir='ltr'><strong>ο.</strong></span> <span class='ocrx_word' id='word_1_551' title='bbox 2755 2944 2941 2998; x_wconf 83' lang='lat' dir='ltr'><strong>tendit.</strong></span> <span class='ocrx_word' id='word_1_552' title='bbox 2992 2943 3194 2997; x_wconf 78' lang='lat' dir='ltr'><strong>Idcirco</strong></span> <span class='ocrx_word' id='word_1_553' title='bbox 3236 2943 3380 2996; x_wconf 85' lang='lat' dir='ltr'><strong>aliud</strong></span> <span class='ocrx_word' id='word_1_554' title='bbox 3407 2952 3496 3004; x_wconf 90' lang='lat' dir='ltr'><strong>est,</strong></span> <span class='ocrx_word' id='word_1_555' title='bbox 3521 2939 3673 2992; x_wconf 85' lang='lat' dir='ltr'><strong>unitum</strong></span> <span class='ocrx_word' id='word_1_556' title='bbox 3692 2948 3747 2986; x_wconf 86' lang='lat' dir='ltr'><strong>uo-</strong></span> 
     </span>
    </p>
   </div>
   <div class='ocr_carea' id='block_1_74' title="bbox 2291 3022 3747 3092">
    <p class='ocr_par' dir='ltr' id='par_1_74' title="bbox 2291 3022 3747 3092">
     <span class='ocr_line' id='line_1_74' title="bbox 2291 3022 3747 3092; baseline -0.012 0"><span class='ocrx_word' id='word_1_557' title='bbox 2291 3022 2414 3092; x_wconf 72' lang='lat' dir='ltr'><strong>inen</strong></span> <span class='ocrx_word' id='word_1_558' title='bbox 2455 3039 2667 3092; x_wconf 80' lang='lat' dir='ltr'><strong>deitatis</strong></span> <span class='ocrx_word' id='word_1_559' title='bbox 2703 3038 2768 3091; x_wconf 87' lang='lat' dir='ltr'><strong>ad</strong></span> <span class='ocrx_word' id='word_1_560' title='bbox 2808 3051 3147 3090; x_wconf 75' lang='lat' dir='ltr'><strong>communem</strong></span> <span class='ocrx_word' id='word_1_561' title='bbox 3193 3036 3545 3089; x_wconf 72' lang='lat' dir='ltr'><strong>auctoritatem</strong></span> <span class='ocrx_word' id='word_1_562' title='bbox 3570 3025 3747 3083; x_wconf 72' lang='lat' dir='ltr'><strong>Trinitatis</strong></span> 
     </span>
    </p>
   </div>
   <div class='ocr_carea' id='block_1_75' title="bbox 2296 3107 3748 3193">
    <p class='ocr_par' dir='ltr' id='par_1_75' title="bbox 2296 3107 3748 3193">
     <span class='ocr_line' id='line_1_75' title="bbox 2296 3107 3748 3193; baseline -0.006 -13"><span class='ocrx_word' id='word_1_563' title='bbox 2296 3131 2470 3180; x_wconf 85' lang='lat' dir='ltr'><strong>uniter</strong></span> <span class='ocrx_word' id='word_1_564' title='bbox 2500 3127 2722 3190; x_wconf 82' lang='lat' dir='ltr'><strong>referre,</strong></span> <span class='ocrx_word' id='word_1_565' title='bbox 2747 3138 2797 3180; x_wconf 84' lang='lat' dir='ltr'><strong>et</strong></span> <span class='ocrx_word' id='word_1_566' title='bbox 2827 3126 2970 3180; x_wconf 89' lang='lat' dir='ltr'><strong>aliud</strong></span> <span class='ocrx_word' id='word_1_567' title='bbox 3008 3136 3090 3179; x_wconf 88' lang='lat' dir='ltr'><strong>est</strong></span> <span class='ocrx_word' id='word_1_568' title='bbox 3116 3125 3325 3193; x_wconf 82' lang='lat' dir='ltr'><strong>singula</strong></span> <span class='ocrx_word' id='word_1_569' title='bbox 3355 3107 3552 3178; x_wconf 73' lang='lat' dir='ltr'><strong>nomina</strong></span> <span class='ocrx_word' id='word_1_570' title='bbox 3574 3115 3748 3187; x_wconf 67' lang='lat' dir='ltr'><strong>pluralitcf</strong></span> 
     </span>
    </p>
   </div>
   <div class='ocr_carea' id='block_1_76' title="bbox 2219 3211 3749 3288">
    <p class='ocr_par' dir='ltr' id='par_1_76' title="bbox 2219 3211 3749 3288">
     <span class='ocr_line' id='line_1_76' title="bbox 2219 3211 3749 3288; baseline -0.008 -15"><span class='ocrx_word' id='word_1_571' title='bbox 2219 3224 2264 3285; x_wconf 85' lang='lat' dir='ltr'><strong><em>C</em></strong></span> <span class='ocrx_word' id='word_1_572' title='bbox 2299 3233 2392 3286; x_wconf 83' lang='lat' dir='ltr'><strong>per</strong></span> <span class='ocrx_word' id='word_1_573' title='bbox 2439 3218 2672 3288; x_wconf 80' lang='lat' dir='ltr'><strong>singu‘as</strong></span> <span class='ocrx_word' id='word_1_574' title='bbox 2725 3233 2979 3286; x_wconf 83' lang='lat' dir='ltr'><strong>personas</strong></span> <span class='ocrx_word' id='word_1_575' title='bbox 3023 3215 3519 3286; x_wconf 80' lang='lat' dir='ltr'><strong>distinguerezquia</strong></span> <span class='ocrx_word' id='word_1_576' title='bbox 3552 3211 3619 3264; x_wconf 90' lang='lat' dir='ltr'><strong>ubi</strong></span> <span class='ocrx_word' id='word_1_577' title='bbox 3639 3217 3749 3262; x_wconf 64' lang='lat' dir='ltr'><strong>natura</strong></span> 
     </span>
    </p>
   </div>
   <div class='ocr_carea' id='block_1_77' title="bbox 2300 3300 3749 3378">
    <p class='ocr_par' dir='ltr' id='par_1_77' title="bbox 2300 3300 3749 3378">
     <span class='ocr_line' id='line_1_77' title="bbox 2300 3300 3749 3378; baseline -0.011 -15"><span class='ocrx_word' id='word_1_578' title='bbox 2300 3312 2429 3363; x_wconf 75' lang='lat' dir='ltr'><strong>usize</strong></span> <span class='ocrx_word' id='word_1_579' title='bbox 2456 3310 2762 3378; x_wconf 87' lang='lat' dir='ltr'><strong>requiritur,</strong></span> <span class='ocrx_word' id='word_1_580' title='bbox 2792 3312 2994 3362; x_wconf 85' lang='lat' dir='ltr'><strong>unitum</strong></span> <span class='ocrx_word' id='word_1_581' title='bbox 3025 3324 3217 3360; x_wconf 90' lang='lat' dir='ltr'><strong>nomen</strong></span> <span class='ocrx_word' id='word_1_582' title='bbox 3249 3300 3502 3361; x_wconf 73' lang='lat' dir='ltr'><strong>r&#39;erelatur</strong></span> <span class='ocrx_word' id='word_1_583' title='bbox 3522 3319 3533 3356; x_wconf 89' lang='lat'><strong>:</strong></span> <span class='ocrx_word' id='word_1_584' title='bbox 3555 3301 3621 3354; x_wconf 90' lang='lat' dir='ltr'><strong>ubi</strong></span> <span class='ocrx_word' id='word_1_585' title='bbox 3643 3307 3749 3350; x_wconf 87' lang='lat' dir='ltr'><strong>autem</strong></span> 
     </span>
    </p>
   </div>
   <div class='ocr_carea' id='block_1_78' title="bbox 2295 3390 3750 3473">
    <p class='ocr_par' dir='ltr' id='par_1_78' title="bbox 2295 3390 3750 3473">
     <span class='ocr_line' id='line_1_78' title="bbox 2295 3390 3750 3473; baseline -0.009 -16"><span class='ocrx_word' id='word_1_586' title='bbox 2295 3404 2510 3458; x_wconf 90' lang='lat' dir='ltr'><strong>nomina</strong></span> <span class='ocrx_word' id='word_1_587' title='bbox 2544 3405 2756 3473; x_wconf 84' lang='lat' dir='ltr'><strong>propria</strong></span> <span class='ocrx_word' id='word_1_588' title='bbox 2799 3404 3134 3468; x_wconf 85' lang='lat' dir='ltr'><strong>indicantur,</strong></span> <span class='ocrx_word' id='word_1_589' title='bbox 3168 3401 3393 3469; x_wconf 80' lang='lat' dir='ltr'><strong>singula:</strong></span> <span class='ocrx_word' id='word_1_590' title='bbox 3425 3390 3750 3468; x_wconf 61' lang='lat' dir='ltr'><strong>persouteinesse</strong></span> 
     </span>
    </p>
   </div>
   <div class='ocr_carea' id='block_1_79' title="bbox 2295 3477 3750 3574">
    <p class='ocr_par' dir='ltr' id='par_1_79' title="bbox 2295 3477 3750 3574">
     <span class='ocr_line' id='line_1_79' title="bbox 2295 3477 3750 3574; baseline -0.007 -23"><span class='ocrx_word' id='word_1_591' title='bbox 2295 3499 2656 3552; x_wconf 84' lang='lat' dir='ltr'><strong>declarantur.</strong></span> <span class='ocrx_word' id='word_1_592' title='bbox 2686 3497 2833 3550; x_wconf 80' lang='lat' dir='ltr'><strong>Sicut</strong></span> <span class='ocrx_word' id='word_1_593' title='bbox 2865 3503 2924 3566; x_wconf 59' lang='lat' dir='ltr'><strong>et</strong></span> <span class='ocrx_word' id='word_1_594' title='bbox 2947 3497 2995 3548; x_wconf 91' lang='lat' dir='ltr'><strong>in</strong></span> <span class='ocrx_word' id='word_1_595' title='bbox 3027 3495 3127 3548; x_wconf 86' lang='lat' dir='ltr'><strong>hoc</strong></span> <span class='ocrx_word' id='word_1_596' title='bbox 3171 3509 3216 3545; x_wconf 81' lang='lat' dir='ltr'><strong>at</strong></span> <span class='ocrx_word' id='word_1_597' title='bbox 3236 3501 3479 3563; x_wconf 87' lang='lat' dir='ltr'><strong>gumento</strong></span> <span class='ocrx_word' id='word_1_598' title='bbox 3510 3490 3592 3542; x_wconf 71' lang='lat' dir='ltr'><strong>\‘as</strong></span> <span class='ocrx_word' id='word_1_599' title='bbox 3611 3477 3750 3574; x_wconf 59' lang='lat' dir='ltr'><strong>eiectio‘</strong></span> 
     </span>
    </p>
   </div>
   <div class='ocr_carea' id='block_1_80' title="bbox 2296 3571 3751 3666">
    <p class='ocr_par' dir='ltr' id='par_1_80' title="bbox 2296 3571 3751 3666">
     <span class='ocr_line' id='line_1_80' title="bbox 2296 3571 3751 3666; baseline -0.019 -21"><span class='ocrx_word' id='word_1_600' title='bbox 2296 3593 2400 3658; x_wconf 88' lang='lat' dir='ltr'><strong>nis,</strong></span> <span class='ocrx_word' id='word_1_601' title='bbox 2421 3591 2654 3644; x_wconf 81' lang='lat' dir='ltr'><strong>breviter</strong></span> <span class='ocrx_word' id='word_1_602' title='bbox 2682 3589 2905 3640; x_wconf 82' lang='lat' dir='ltr'><strong>absolvit</strong></span> <span class='ocrx_word' id='word_1_603' title='bbox 2936 3605 2946 3638; x_wconf 91' lang='lat'><strong>:</strong></span> <span class='ocrx_word' id='word_1_604' title='bbox 2978 3587 3056 3640; x_wconf 79' lang='lat' dir='ltr'><strong>Ea:</strong></span> <span class='ocrx_word' id='word_1_605' title='bbox 3085 3585 3210 3650; x_wconf 85' lang='lat' dir='ltr'><strong>Deo,</strong></span> <span class='ocrx_word' id='word_1_606' title='bbox 3238 3599 3408 3638; x_wconf 66' lang='lat' dir='ltr'><strong>coxam</strong></span> <span class='ocrx_word' id='word_1_607' title='bbox 3437 3581 3548 3644; x_wconf 70' lang='lat' dir='ltr'><strong>Deo,</strong></span> <span class='ocrx_word' id='word_1_608' title='bbox 3567 3578 3608 3628; x_wconf 80' lang='lat' dir='ltr'><strong>in</strong></span> <span class='ocrx_word' id='word_1_609' title='bbox 3630 3571 3751 3666; x_wconf 59' lang='lat' dir='ltr'><strong>Citio“</strong></span> 
     </span>
    </p>
   </div>
   <div class='ocr_carea' id='block_1_81' title="bbox 2296 3667 3751 3763">
    <p class='ocr_par' dir='ltr' id='par_1_81' title="bbox 2296 3667 3751 3763">
     <span class='ocr_line' id='line_1_81' title="bbox 2296 3667 3751 3763; baseline -0.01 -26"><span class='ocrx_word' id='word_1_610' title='bbox 2296 3685 2547 3754; x_wconf 85' lang='lat' dir='ltr'><strong>loquimur</strong></span> <span class='ocrx_word' id='word_1_611' title='bbox 2585 3680 2666 3753; x_wconf 87' lang='lat' dir='ltr'><strong>(II</strong></span> <span class='ocrx_word' id='word_1_612' title='bbox 2705 3680 2825 3734; x_wconf 82' lang='lat' dir='ltr'><strong>Cor.</strong></span> <span class='ocrx_word' id='word_1_613' title='bbox 2863 3697 2917 3746; x_wconf 86' lang='grc' dir='ltr'>ιι,</span> <span class='ocrx_word' id='word_1_614' title='bbox 2952 3680 3058 3749; x_wconf 69' lang='lat' dir='ltr'><strong>ii).</strong></span> <span class='ocrx_word' id='word_1_615' title='bbox 3115 3679 3262 3732; x_wconf 72' lang='lat' dir='ltr'><strong>itane</strong></span> <span class='ocrx_word' id='word_1_616' title='bbox 3303 3692 3404 3730; x_wconf 87' lang='lat' dir='ltr'><strong>non</strong></span> <span class='ocrx_word' id='word_1_617' title='bbox 3441 3688 3524 3743; x_wconf 89' lang='lat' dir='ltr'><strong>per</strong></span> <span class='ocrx_word' id='word_1_618' title='bbox 3551 3673 3637 3763; x_wconf 48' lang='lat' dir='ltr'><strong>haec</strong></span> <span class='ocrx_word' id='word_1_619' title='bbox 3663 3667 3751 3763; x_wconf 48' lang='grc' dir='ltr'>ξπιίξ</span> 
     </span>
    </p>
   </div>
   <div class='ocr_carea' id='block_1_82' title="bbox 2297 3759 3752 3842">
    <p class='ocr_par' dir='ltr' id='par_1_82' title="bbox 2297 3759 3752 3842">
     <span class='ocr_line' id='line_1_82' title="bbox 2297 3759 3752 3842; baseline -0.012 -15"><span class='ocrx_word' id='word_1_620' title='bbox 2297 3775 2530 3838; x_wconf 88' lang='lat' dir='ltr'><strong>nomina,</strong></span> <span class='ocrx_word' id='word_1_621' title='bbox 2555 3790 2736 3842; x_wconf 69' lang='lat' dir='ltr'><strong>quarm</strong></span> <span class='ocrx_word' id='word_1_622' title='bbox 2753 3773 2796 3825; x_wconf 80' lang='lat' dir='ltr'><strong>is</strong></span> <span class='ocrx_word' id='word_1_623' title='bbox 2818 3786 3165 3841; x_wconf 52' lang='lat' dir='ltr'><strong>persultarum</strong></span> <span class='ocrx_word' id='word_1_624' title='bbox 3194 3769 3431 3838; x_wconf 85' lang='lat' dir='ltr'><strong>singulas</strong></span> <span class='ocrx_word' id='word_1_625' title='bbox 3458 3759 3752 3833; x_wconf 57' lang='lat' dir='ltr'><strong>signiticationﬁ</strong></span> 
     </span>
    </p>
   </div>
   <div class='ocr_carea' id='block_1_83' title="bbox 2261 3853 3753 3929">
    <p class='ocr_par' dir='ltr' id='par_1_83' title="bbox 2261 3853 3753 3929">
     <span class='ocr_line' id='line_1_83' title="bbox 2261 3853 3753 3929; baseline -0.013 -14"><span class='ocrx_word' id='word_1_626' title='bbox 2261 3907 2273 3915; x_wconf 85' lang='lat'><strong>.</strong></span> <span class='ocrx_word' id='word_1_627' title='bbox 2298 3865 2474 3919; x_wconf 59' lang='lat' dir='ltr'><strong>inesse</strong></span> <span class='ocrx_word' id='word_1_628' title='bbox 2499 3865 2810 3926; x_wconf 84' lang='lat' dir='ltr'><strong>deeiaravit,</strong></span> <span class='ocrx_word' id='word_1_629' title='bbox 2849 3864 2897 3916; x_wconf 83' lang='lat' dir='ltr'><strong>id</strong></span> <span class='ocrx_word' id='word_1_630' title='bbox 2938 3873 3021 3917; x_wconf 75' lang='lat' dir='ltr'><strong>est</strong></span> <span class='ocrx_word' id='word_1_631' title='bbox 3063 3879 3125 3916; x_wconf 70' lang='lat' dir='ltr'><strong>ex</strong></span> <span class='ocrx_word' id='word_1_632' title='bbox 3174 3861 3303 3926; x_wconf 82' lang='lat' dir='ltr'><strong>Deo,</strong></span> <span class='ocrx_word' id='word_1_633' title='bbox 3339 3859 3473 3929; x_wconf 87' lang='lat' dir='ltr'><strong>quod</strong></span> <span class='ocrx_word' id='word_1_634' title='bbox 3500 3853 3702 3910; x_wconf 75' lang='lat' dir='ltr'><strong>evidenter</strong></span> <span class='ocrx_word' id='word_1_635' title='bbox 3718 3853 3753 3894; x_wconf 76' lang='lat' dir='ltr'><strong>ex</strong></span> 
     </span>
    </p>
   </div>
   <div class='ocr_carea' id='block_1_84' title="bbox 2297 3933 3751 4022">
    <p class='ocr_par' dir='ltr' id='par_1_84' title="bbox 2297 3933 3751 4022">
     <span class='ocr_line' id='line_1_84' title="bbox 2297 3933 3751 4022; baseline -0.009 -12"><span class='ocrx_word' id='word_1_636' title='bbox 2297 3957 2408 4012; x_wconf 90' lang='lat' dir='ltr'><strong>Deo</strong></span> <span class='ocrx_word' id='word_1_637' title='bbox 2447 3957 2640 4020; x_wconf 87' lang='lat' dir='ltr'><strong>Patre;</strong></span> <span class='ocrx_word' id='word_1_638' title='bbox 2668 3966 2723 4009; x_wconf 91' lang='lat' dir='ltr'><strong>et</strong></span> <span class='ocrx_word' id='word_1_639' title='bbox 2752 3954 2890 4022; x_wconf 86' lang='lat' dir='ltr'><strong>quod</strong></span> <span class='ocrx_word' id='word_1_640' title='bbox 2922 3962 3235 4022; x_wconf 68' lang='lat' dir='ltr'><strong>prosecutus</strong></span> <span class='ocrx_word' id='word_1_641' title='bbox 3283 3963 3362 4006; x_wconf 88' lang='lat' dir='ltr'><strong>est</strong></span> <span class='ocrx_word' id='word_1_642' title='bbox 3407 3960 3560 4001; x_wconf 83' lang='lat' dir='ltr'><strong>coram</strong></span> <span class='ocrx_word' id='word_1_643' title='bbox 3592 3933 3751 3998; x_wconf 66' lang='grc' dir='ltr'><strong>θεοίιιοί</strong></span> 
     </span>
    </p>
   </div>
   <div class='ocr_carea' id='block_1_85' title="bbox 2280 4027 3752 4116">
    <p class='ocr_par' dir='ltr' id='par_1_85' title="bbox 2280 4027 3752 4116">
     <span class='ocr_line' id='line_1_85' title="bbox 2280 4027 3752 4116; baseline -0.016 -6"><span class='ocrx_word' id='word_1_644' title='bbox 2280 4062 2399 4116; x_wconf 71' lang='lat' dir='ltr'><strong>est,</strong></span> <span class='ocrx_word' id='word_1_645' title='bbox 2435 4062 2567 4106; x_wconf 85' lang='lat' dir='ltr'><strong>teste</strong></span> <span class='ocrx_word' id='word_1_646' title='bbox 2610 4051 2749 4113; x_wconf 85' lang='lat' dir='ltr'><strong>Deo,</strong></span> <span class='ocrx_word' id='word_1_647' title='bbox 2779 4058 3020 4103; x_wconf 89' lang='lat' dir='ltr'><strong>sanctum</strong></span> <span class='ocrx_word' id='word_1_648' title='bbox 3067 4045 3327 4113; x_wconf 86' lang='lat' dir='ltr'><strong>Spiritum</strong></span> <span class='ocrx_word' id='word_1_649' title='bbox 3373 4027 3752 4095; x_wconf 76' lang='lat' dir='ltr'><strong>demonstrant;el</strong></span> 
     </span>
    </p>
   </div>
   <div class='ocr_carea' id='block_1_86' title="bbox 2296 4115 3751 4216">
    <p class='ocr_par' dir='ltr' id='par_1_86' title="bbox 2296 4115 3751 4216">
     <span class='ocr_line' id='line_1_86' title="bbox 2296 4115 3751 4216; baseline -0.012 -22"><span class='ocrx_word' id='word_1_650' title='bbox 2296 4143 2347 4195; x_wconf 89' lang='lat' dir='ltr'><strong>in</strong></span> <span class='ocrx_word' id='word_1_651' title='bbox 2399 4140 2602 4197; x_wconf 57' lang='lat' dir='ltr'><strong>Christo</strong></span> <span class='ocrx_word' id='word_1_652' title='bbox 2640 4141 2915 4207; x_wconf 84' lang='lat' dir='ltr'><strong>loquimur,</strong></span> <span class='ocrx_word' id='word_1_653' title='bbox 2944 4137 3085 4208; x_wconf 88' lang='lat' dir='ltr'><strong>quod</strong></span> <span class='ocrx_word' id='word_1_654' title='bbox 3130 4139 3232 4200; x_wconf 85' lang='lat' dir='ltr'><strong>ait,</strong></span> <span class='ocrx_word' id='word_1_655' title='bbox 3268 4135 3441 4204; x_wconf 85' lang='lat' dir='ltr'><strong>utique</strong></span> <span class='ocrx_word' id='word_1_656' title='bbox 3481 4142 3563 4182; x_wconf 88' lang='lat' dir='ltr'><strong>nos</strong></span> <span class='ocrx_word' id='word_1_657' title='bbox 3599 4138 3645 4175; x_wconf 73' lang='lat' dir='ltr'><strong>ex</strong></span> <span class='ocrx_word' id='word_1_658' title='bbox 3680 4115 3751 4216; x_wconf 58' lang='grc' dir='ltr'><strong>ρων</strong></span> 
     </span>
    </p>
   </div>
   <div class='ocr_carea' id='block_1_87' title="bbox 2296 4209 3751 4299">
    <p class='ocr_par' dir='ltr' id='par_1_87' title="bbox 2296 4209 3751 4299">
     <span class='ocr_line' id='line_1_87' title="bbox 2296 4209 3751 4299; baseline -0.01 -14"><span class='ocrx_word' id='word_1_659' title='bbox 2296 4245 2474 4285; x_wconf 88' lang='lat' dir='ltr'><strong>coram</strong></span> <span class='ocrx_word' id='word_1_660' title='bbox 2502 4232 2632 4296; x_wconf 87' lang='lat' dir='ltr'><strong>Deo,</strong></span> <span class='ocrx_word' id='word_1_661' title='bbox 2662 4231 2714 4285; x_wconf 90' lang='lat' dir='ltr'><strong>in</strong></span> <span class='ocrx_word' id='word_1_662' title='bbox 2748 4231 2878 4284; x_wconf 85' lang='lat' dir='ltr'><strong>Filio</strong></span> <span class='ocrx_word' id='word_1_663' title='bbox 2914 4231 3001 4283; x_wconf 88' lang='lat' dir='ltr'><strong>Dei</strong></span> <span class='ocrx_word' id='word_1_664' title='bbox 3032 4227 3399 4283; x_wconf 77' lang='lat' dir='ltr'><strong>teStitnOuium</strong></span> <span class='ocrx_word' id='word_1_665' title='bbox 3427 4220 3565 4293; x_wconf 66' lang='grc'><strong>241</strong></span> <span class='ocrx_word' id='word_1_666' title='bbox 3590 4209 3751 4299; x_wconf 44' lang='lat' dir='ltr'><strong>pm“?</strong></span> 
     </span>
    </p>
   </div>
   <div class='ocr_carea' id='block_1_88' title="bbox 2298 4299 3752 4379">
    <p class='ocr_par' dir='ltr' id='par_1_88' title="bbox 2298 4299 3752 4379">
     <span class='ocr_line' id='line_1_88' title="bbox 2298 4299 3752 4379; baseline -0.006 -1"><span class='ocrx_word' id='word_1_667' title='bbox 2298 4339 2438 4379; x_wconf 90' lang='lat' dir='ltr'><strong>mus.</strong></span> <span class='ocrx_word' id='word_1_668' title='bbox 2475 4323 2633 4378; x_wconf 72' lang='lat' dir='ltr'><strong>Vides</strong></span> <span class='ocrx_word' id='word_1_669' title='bbox 2662 4321 2946 4376; x_wconf 69' lang='lat' dir='ltr'><strong>multifario</strong></span> <span class='ocrx_word' id='word_1_670' title='bbox 2976 4319 3068 4374; x_wconf 86' lang='lat' dir='ltr'><strong>libi</strong></span> <span class='ocrx_word' id='word_1_671' title='bbox 3099 4315 3299 4373; x_wconf 74' lang='lat' dir='ltr'><strong>diet&#39;utu</strong></span> <span class='ocrx_word' id='word_1_672' title='bbox 3348 4315 3543 4370; x_wconf 85' lang='lat' dir='ltr'><strong>numina</strong></span> <span class='ocrx_word' id='word_1_673' title='bbox 3567 4299 3752 4369; x_wconf 61' lang='lat' dir='ltr'><strong>singulm</strong></span> 
     </span>
    </p>
   </div>
   <div class='ocr_carea' id='block_1_89' title="bbox 2300 4398 3750 4496">
    <p class='ocr_par' dir='ltr' id='par_1_89' title="bbox 2300 4398 3750 4496">
     <span class='ocr_line' id='line_1_89' title="bbox 2300 4398 3750 4496; baseline -0.01 -26"><span class='ocrx_word' id='word_1_674' title='bbox 2300 4420 2544 4488; x_wconf 84' lang='lat' dir='ltr'><strong>personis</strong></span> <span class='ocrx_word' id='word_1_675' title='bbox 2575 4429 2787 4472; x_wconf 88' lang='lat' dir='ltr'><strong>ostensa</strong></span> <span class='ocrx_word' id='word_1_676' title='bbox 2819 4432 2960 4481; x_wconf 85' lang='lat' dir='ltr'><strong>esse,</strong></span> <span class='ocrx_word' id='word_1_677' title='bbox 2992 4415 3246 4484; x_wconf 86' lang='lat' dir='ltr'><strong>quoniam</strong></span> <span class='ocrx_word' id='word_1_678' title='bbox 3277 4413 3483 4472; x_wconf 77' lang='lat' dir='ltr'><strong>nemina</strong></span> <span class='ocrx_word' id='word_1_679' title='bbox 3517 4398 3750 4496; x_wconf 37' lang='lat' dir='ltr'><strong>singttit‘ii:</strong></span> 
     </span>
    </p>
   </div>
   <div class='ocr_carea' id='block_1_90' title="bbox 2302 4485 3755 4578">
    <p class='ocr_par' dir='ltr' id='par_1_90' title="bbox 2302 4485 3755 4578">
     <span class='ocr_line' id='line_1_90' title="bbox 2302 4485 3755 4578; baseline -0.023 -13"><span class='ocrx_word' id='word_1_680' title='bbox 2302 4485 2408 4565; x_wconf 78' lang='lat' dir='ltr'><strong>tum</strong></span> <span class='ocrx_word' id='word_1_681' title='bbox 2461 4513 2514 4563; x_wconf 93' lang='lat' dir='ltr'><strong>in</strong></span> <span class='ocrx_word' id='word_1_682' title='bbox 2570 4510 2811 4578; x_wconf 85' lang='lat' dir='ltr'><strong>personis</strong></span> <span class='ocrx_word' id='word_1_683' title='bbox 2862 4507 3095 4576; x_wconf 77' lang='lat' dir='ltr'><strong>perfecte</strong></span> <span class='ocrx_word' id='word_1_684' title='bbox 3138 4504 3506 4561; x_wconf 86' lang='lat' dir='ltr'><strong>ostenduntur,</strong></span> <span class='ocrx_word' id='word_1_685' title='bbox 3548 4500 3592 4546; x_wconf 88' lang='lat' dir='ltr'><strong>et</strong></span> <span class='ocrx_word' id='word_1_686' title='bbox 3626 4485 3755 4539; x_wconf 70' lang='lat' dir='ltr'><strong>detuli!</strong></span> 
     </span>
    </p>
   </div>
   <div class='ocr_carea' id='block_1_91' title="bbox 613 4594 3598 4674">
    <p class='ocr_par' dir='ltr' id='par_1_91' title="bbox 613 4594 3598 4674">
     <span class='ocr_line' id='line_1_91' title="bbox 613 4594 3598 4674; baseline -0.002 -19"><span class='ocrx_word' id='word_1_687' title='bbox 613 4617 677 4655; x_wconf 85' lang='lat' dir='ltr'><strong>eo</strong></span> <span class='ocrx_word' id='word_1_688' title='bbox 713 4613 868 4657; x_wconf 85' lang='lat' dir='ltr'><strong>natus</strong></span> <span class='ocrx_word' id='word_1_689' title='bbox 898 4615 1000 4670; x_wconf 72' lang='grc' dir='ltr'>εει,</span> <span class='ocrx_word' id='word_1_690' title='bbox 1037 4604 1137 4658; x_wconf 81' lang='lat' dir='ltr'><strong>line</strong></span> <span class='ocrx_word' id='word_1_691' title='bbox 1189 4605 1392 4658; x_wconf 82' lang='lat' dir='ltr'><strong>unitum</strong></span> <span class='ocrx_word' id='word_1_692' title='bbox 1447 4618 1635 4657; x_wconf 89' lang='lat' dir='ltr'><strong>nomen</strong></span> <span class='ocrx_word' id='word_1_693' title='bbox 1669 4616 1748 4660; x_wconf 91' lang='lat' dir='ltr'><strong>est</strong></span> <span class='ocrx_word' id='word_1_694' title='bbox 1779 4605 1850 4666; x_wconf 84' lang='lat' dir='ltr'><strong>ei.</strong></span> <span class='ocrx_word' id='word_1_695' title='bbox 1883 4615 1936 4658; x_wconf 91' lang='lat' dir='ltr'><strong>et</strong></span> <span class='ocrx_word' id='word_1_696' title='bbox 1961 4606 2190 4674; x_wconf 75' lang='lat' dir='ltr'><strong>Spiritus</strong></span> <span class='ocrx_word' id='word_1_697' title='bbox 2225 4597 2268 4652; x_wconf 86' lang='grc' dir='ltr'><strong>Ι)</strong></span> <span class='ocrx_word' id='word_1_698' title='bbox 2297 4604 2426 4657; x_wconf 58' lang='grc' dir='ltr'>ιιδίω</span> <span class='ocrx_word' id='word_1_699' title='bbox 2457 4604 2705 4657; x_wconf 83' lang='lat' dir='ltr'><strong>indicium</strong></span> <span class='ocrx_word' id='word_1_700' title='bbox 2736 4603 2907 4654; x_wconf 88' lang='lat' dir='ltr'><strong>uniter</strong></span> <span class='ocrx_word' id='word_1_701' title='bbox 2940 4617 3031 4668; x_wconf 72' lang='lat' dir='ltr'><strong>per</strong></span> <span class='ocrx_word' id='word_1_702' title='bbox 3058 4603 3167 4652; x_wconf 76' lang='lat' dir='ltr'><strong>luet:</strong></span> <span class='ocrx_word' id='word_1_703' title='bbox 3202 4598 3315 4666; x_wconf 80' lang='lat' dir='ltr'><strong>ipsa</strong></span> <span class='ocrx_word' id='word_1_704' title='bbox 3343 4594 3598 4652; x_wconf 75' lang='lat' dir='ltr'><strong>indicatur-</strong></span> 
     </span>
    </p>
   </div>
   <div class='ocr_carea' id='block_1_92' title="bbox 1572 4761 2878 4891">
    <p class='ocr_par' dir='ltr' id='par_1_92' title="bbox 1572 4761 2878 4891">
     <span class='ocr_line' id='line_1_92' title="bbox 1572 4761 2878 4891; baseline -0.005 -19"><span class='ocrx_word' id='word_1_705' title='bbox 1572 4764 2050 4872; x_wconf 84' lang='lat' dir='ltr'><em>LIBER</em></span> <span class='ocrx_word' id='word_1_706' title='bbox 2143 4762 2650 4891; x_wconf 73' lang='lat' dir='ltr'><strong>QUINT</strong></span> <span class='ocrx_word' id='word_1_707' title='bbox 2668 4761 2878 4870; x_wconf 87' lang='lat' dir='ltr'><strong>US.</strong></span> 
     </span>
    </p>
   </div>
   <div class='ocr_carea' id='block_1_93' title="bbox 1399 4919 3094 5011">
    <p class='ocr_par' dir='ltr' id='par_1_93' title="bbox 1399 4919 3094 5011">
     <span class='ocr_line' id='line_1_93' title="bbox 1399 4919 3094 5011; baseline -0.005 -25"><span class='ocrx_word' id='word_1_708' title='bbox 1399 4929 1486 4986; x_wconf 85' lang='lat' dir='ltr'><strong>De</strong></span> <span class='ocrx_word' id='word_1_709' title='bbox 1529 4927 1711 4988; x_wconf 82' lang='lat' dir='ltr'><strong>unita</strong></span> <span class='ocrx_word' id='word_1_710' title='bbox 1759 4945 1832 4987; x_wconf 88' lang='lat' dir='ltr'><strong>ac</strong></span> <span class='ocrx_word' id='word_1_711' title='bbox 1889 4927 2273 5003; x_wconf 84' lang='lat' dir='ltr'><strong>sempiterna</strong></span> <span class='ocrx_word' id='word_1_712' title='bbox 2330 4923 2684 4984; x_wconf 82' lang='lat' dir='ltr'><strong>substantia</strong></span> <span class='ocrx_word' id='word_1_713' title='bbox 2734 4919 3094 5011; x_wconf 65' lang='lat' dir='ltr'><strong>Trinitatis.</strong></span> 
     </span>
    </p>
   </div>
   <div class='ocr_carea' id='block_1_94' title="bbox 1627 5020 2877 5088">
    <p class='ocr_par' dir='ltr' id='par_1_94' title="bbox 1627 5020 2877 5088">
     <span class='ocr_line' id='line_1_94' title="bbox 1627 5020 2877 5088; baseline -0.004 -12"><span class='ocrx_word' id='word_1_714' title='bbox 1627 5028 1717 5077; x_wconf 82' lang='lat' dir='ltr'><strong>llic</strong></span> <span class='ocrx_word' id='word_1_715' title='bbox 1736 5028 2115 5076; x_wconf 70' lang='lat' dir='ltr'><strong>contradicentis</strong></span> <span class='ocrx_word' id='word_1_716' title='bbox 2140 5020 2347 5088; x_wconf 85' lang='lat' dir='ltr'><strong>persona</strong></span> <span class='ocrx_word' id='word_1_717' title='bbox 2373 5031 2448 5073; x_wconf 89' lang='lat' dir='ltr'><strong>est</strong></span> <span class='ocrx_word' id='word_1_718' title='bbox 2472 5025 2877 5074; x_wconf 85' lang='lat' dir='ltr'><strong>ariomanitarum.</strong></span> 
     </span>
    </p>
   </div>
   <div class='ocr_carea' id='block_1_95' title="bbox 613 4701 975 4716">
    <p class='ocr_par' dir='ltr' id='par_1_95' title="bbox 613 4701 975 4716">
     <span class='ocr_line' id='line_1_95' title="bbox 613 4701 975 4716; baseline 0 -3"><span class='ocrx_word' id='word_1_719' title='bbox 613 4701 975 4716; x_wconf 48' lang='grc' dir='ltr'><strong>ψ-</strong></span> 
     </span>
    </p>
   </div>
   <div class='ocr_carea' id='block_1_96' title="bbox 685 5192 2186 5264">
    <p class='ocr_par' dir='ltr' id='par_1_96' title="bbox 685 5192 2186 5264">
     <span class='ocr_line' id='line_1_96' title="bbox 685 5192 2186 5264; baseline 0.003 -15"><span class='ocrx_word' id='word_1_720' title='bbox 685 5195 988 5249; x_wconf 62' lang='lat' dir='ltr'><strong>Hernicus.</strong></span> <span class='ocrx_word' id='word_1_721' title='bbox 1053 5193 1161 5247; x_wconf 88' lang='lat' dir='ltr'><strong>Cur</strong></span> <span class='ocrx_word' id='word_1_722' title='bbox 1207 5192 1483 5248; x_wconf 65' lang='lat' dir='ltr'><strong>confestis</strong></span> <span class='ocrx_word' id='word_1_723' title='bbox 1525 5211 1582 5250; x_wconf 90' lang='lat' dir='ltr'><strong>es</strong></span> <span class='ocrx_word' id='word_1_724' title='bbox 1630 5199 2015 5264; x_wconf 84' lang='lat' dir='ltr'><strong>sempiternum</strong></span> <span class='ocrx_word' id='word_1_725' title='bbox 2067 5214 2186 5252; x_wconf 85' lang='lat' dir='ltr'><strong>eum</strong></span> 
     </span>
    </p>
   </div>
   <div class='ocr_carea' id='block_1_97' title="bbox 611 5285 2188 5357">
    <p class='ocr_par' dir='ltr' id='par_1_97' title="bbox 611 5285 2188 5357">
     <span class='ocr_line' id='line_1_97' title="bbox 611 5285 2188 5357; baseline -0.001 -13"><span class='ocrx_word' id='word_1_726' title='bbox 611 5290 766 5344; x_wconf 79' lang='lat' dir='ltr'><strong>Patre</strong></span> <span class='ocrx_word' id='word_1_727' title='bbox 792 5301 913 5342; x_wconf 85' lang='lat' dir='ltr'><strong>esse</strong></span> <span class='ocrx_word' id='word_1_728' title='bbox 946 5285 1158 5351; x_wconf 85' lang='lat' dir='ltr'><strong>Filium,</strong></span> <span class='ocrx_word' id='word_1_729' title='bbox 1201 5299 1354 5352; x_wconf 83' lang='lat' dir='ltr'><strong>quem</strong></span> <span class='ocrx_word' id='word_1_730' title='bbox 1387 5287 1634 5340; x_wconf 88' lang='lat' dir='ltr'><strong>nativitas</strong></span> <span class='ocrx_word' id='word_1_731' title='bbox 1668 5287 1813 5341; x_wconf 89' lang='lat' dir='ltr'><strong>nnl‘o</strong></span> <span class='ocrx_word' id='word_1_732' title='bbox 1845 5289 2002 5341; x_wconf 89' lang='lat' dir='ltr'><strong>modo</strong></span> <span class='ocrx_word' id='word_1_733' title='bbox 2034 5304 2188 5357; x_wconf 83' lang='lat' dir='ltr'><strong>passa</strong></span> 
     </span>
    </p>
   </div>
   <div class='ocr_carea' id='block_1_98' title="bbox 608 5368 2189 5446">
    <p class='ocr_par' dir='ltr' id='par_1_98' title="bbox 608 5368 2189 5446">
     <span class='ocr_line' id='line_1_98' title="bbox 608 5368 2189 5446; baseline 0 -12"><span class='ocrx_word' id='word_1_734' title='bbox 608 5395 688 5434; x_wconf 85' lang='lat' dir='ltr'><strong>est</strong></span> <span class='ocrx_word' id='word_1_735' title='bbox 714 5379 996 5434; x_wconf 88' lang='lat' dir='ltr'><strong>admittere</strong></span> <span class='ocrx_word' id='word_1_736' title='bbox 1026 5377 1077 5430; x_wconf 90' lang='lat' dir='ltr'><strong>in</strong></span> <span class='ocrx_word' id='word_1_737' title='bbox 1116 5374 1570 5445; x_wconf 82' lang='lat' dir='ltr'><strong>sempiternitate?</strong></span> <span class='ocrx_word' id='word_1_738' title='bbox 1600 5377 1690 5446; x_wconf 90' lang='lat' dir='ltr'><strong>qui</strong></span> <span class='ocrx_word' id='word_1_739' title='bbox 1737 5377 1782 5430; x_wconf 92' lang='lat' dir='ltr'><strong>si</strong></span> <span class='ocrx_word' id='word_1_740' title='bbox 1831 5368 2189 5446; x_wconf 81' lang='lat' dir='ltr'><strong>sempiternus</strong></span> 
     </span>
    </p>
   </div>
   <div class='ocr_carea' id='block_1_99' title="bbox 609 5468 2189 5533">
    <p class='ocr_par' dir='ltr' id='par_1_99' title="bbox 609 5468 2189 5533">
     <span class='ocr_line' id='line_1_99' title="bbox 609 5468 2189 5533; baseline -0.001 -8"><span class='ocrx_word' id='word_1_741' title='bbox 609 5487 712 5525; x_wconf 89' lang='lat' dir='ltr'><strong>una</strong></span> <span class='ocrx_word' id='word_1_742' title='bbox 747 5485 866 5525; x_wconf 90' lang='lat' dir='ltr'><strong>cum</strong></span> <span class='ocrx_word' id='word_1_743' title='bbox 907 5469 1065 5526; x_wconf 73' lang='lat' dir='ltr'><strong>Patre</strong></span> <span class='ocrx_word' id='word_1_744' title='bbox 1093 5475 1234 5533; x_wconf 89' lang='lat' dir='ltr'><strong>erat,</strong></span> <span class='ocrx_word' id='word_1_745' title='bbox 1265 5475 1420 5520; x_wconf 88' lang='lat' dir='ltr'><strong>natus</strong></span> <span class='ocrx_word' id='word_1_746' title='bbox 1451 5482 1556 5520; x_wconf 93' lang='lat' dir='ltr'><strong>non</strong></span> <span class='ocrx_word' id='word_1_747' title='bbox 1587 5477 1701 5532; x_wconf 87' lang='lat' dir='ltr'><strong>est;</strong></span> <span class='ocrx_word' id='word_1_748' title='bbox 1733 5468 1775 5520; x_wconf 87' lang='lat' dir='ltr'><strong>si</strong></span> <span class='ocrx_word' id='word_1_749' title='bbox 1807 5479 1989 5522; x_wconf 88' lang='lat' dir='ltr'><strong>autem</strong></span> <span class='ocrx_word' id='word_1_750' title='bbox 2037 5479 2189 5523; x_wconf 79' lang='lat' dir='ltr'><strong>natus</strong></span> 
     </span>
    </p>
   </div>
   <div class='ocr_carea' id='block_1_100' title="bbox 605 5557 2190 5631">
    <p class='ocr_par' dir='ltr' id='par_1_100' title="bbox 605 5557 2190 5631">
     <span class='ocr_line' id='line_1_100' title="bbox 605 5557 2190 5631; baseline 0.001 -17"><span class='ocrx_word' id='word_1_751' title='bbox 605 5574 718 5628; x_wconf 77' lang='lat' dir='ltr'><strong>est,</strong></span> <span class='ocrx_word' id='word_1_752' title='bbox 772 5565 1131 5631; x_wconf 86' lang='lat' dir='ltr'><strong>sempiternus</strong></span> <span class='ocrx_word' id='word_1_753' title='bbox 1177 5575 1297 5616; x_wconf 87' lang='lat' dir='ltr'><strong>esse</strong></span> <span class='ocrx_word' id='word_1_754' title='bbox 1344 5573 1450 5614; x_wconf 93' lang='lat' dir='ltr'><strong>non</strong></span> <span class='ocrx_word' id='word_1_755' title='bbox 1503 5567 1713 5628; x_wconf 87' lang='lat' dir='ltr'><strong>potest,</strong></span> <span class='ocrx_word' id='word_1_756' title='bbox 1763 5557 1888 5612; x_wconf 87' lang='lat' dir='ltr'><strong>dum</strong></span> <span class='ocrx_word' id='word_1_757' title='bbox 1938 5570 2028 5613; x_wconf 87' lang='lat' dir='ltr'><strong>nat</strong></span> <span class='ocrx_word' id='word_1_758' title='bbox 2054 5562 2190 5616; x_wconf 78' lang='lat' dir='ltr'><strong>vitas</strong></span> 
     </span>
    </p>
   </div>
   <div class='ocr_carea' id='block_1_101' title="bbox 607 5652 1436 5722">
    <p class='ocr_par' dir='ltr' id='par_1_101' title="bbox 607 5652 1436 5722">
     <span class='ocr_line' id='line_1_101' title="bbox 607 5652 1436 5722; baseline -0.007 -13"><span class='ocrx_word' id='word_1_759' title='bbox 607 5658 878 5720; x_wconf 73' lang='lat' dir='ltr'><strong>posterior</strong></span> <span class='ocrx_word' id='word_1_760' title='bbox 896 5657 965 5708; x_wconf 89' lang='lat' dir='ltr'><strong>sit</strong></span> <span class='ocrx_word' id='word_1_761' title='bbox 989 5669 1100 5710; x_wconf 84' lang='lat' dir='ltr'><strong>sem</strong></span> <span class='ocrx_word' id='word_1_762' title='bbox 1110 5652 1436 5722; x_wconf 90' lang='lat' dir='ltr'><strong>piternitate.</strong></span> 
     </span>
    </p>
   </div>
   <div class='ocr_carea' id='block_1_102' title="bbox 613 5741 2193 5810">
    <p class='ocr_par' dir='ltr' id='par_1_102' title="bbox 613 5741 2193 5810">
     <span class='ocr_line' id='line_1_102' title="bbox 613 5741 2193 5810; baseline 0.003 -16"><span class='ocrx_word' id='word_1_763' title='bbox 613 5769 618 5776; x_wconf 88' lang='lat'><strong><em>-</em></strong></span> <span class='ocrx_word' id='word_1_764' title='bbox 686 5742 1010 5799; x_wconf 78' lang='lat' dir='ltr'><strong>Athanasius.</strong></span> <span class='ocrx_word' id='word_1_765' title='bbox 1056 5744 1102 5798; x_wconf 89' lang='lat'><strong>0</strong></span> <span class='ocrx_word' id='word_1_766' title='bbox 1145 5743 1317 5797; x_wconf 84' lang='lat' dir='ltr'><strong>inanis</strong></span> <span class='ocrx_word' id='word_1_767' title='bbox 1366 5741 1647 5809; x_wconf 84' lang='lat' dir='ltr'><strong>machina,</strong></span> <span class='ocrx_word' id='word_1_768' title='bbox 1674 5741 1739 5796; x_wconf 91' lang='lat' dir='ltr'><strong>de</strong></span> <span class='ocrx_word' id='word_1_769' title='bbox 1781 5741 1954 5810; x_wconf 84' lang='lat' dir='ltr'><strong>ligno,</strong></span> <span class='ocrx_word' id='word_1_770' title='bbox 1988 5743 2108 5798; x_wconf 81' lang='lat' dir='ltr'><strong>fcito</strong></span> <span class='ocrx_word' id='word_1_771' title='bbox 2139 5756 2193 5799; x_wconf 82' lang='lat' dir='ltr'><strong>et</strong></span> 
     </span>
    </p>
   </div>
   <div class='ocr_carea' id='block_1_103' title="bbox 2299 5168 3763 5262">
    <p class='ocr_par' dir='ltr' id='par_1_103' title="bbox 2299 5168 3763 5262">
     <span class='ocr_line' id='line_1_103' title="bbox 2299 5168 3763 5262; baseline -0.009 -15"><span class='ocrx_word' id='word_1_772' title='bbox 2299 5197 2577 5260; x_wconf 75' lang='lat' dir='ltr'><strong>stramine,</strong></span> <span class='ocrx_word' id='word_1_773' title='bbox 2614 5195 2664 5246; x_wconf 90' lang='lat' dir='ltr'><strong>in</strong></span> <span class='ocrx_word' id='word_1_774' title='bbox 2695 5195 2871 5247; x_wconf 81' lang='lat' dir='ltr'><strong>arenis</strong></span> <span class='ocrx_word' id='word_1_775' title='bbox 2904 5194 3184 5257; x_wconf 73' lang='lat' dir='ltr'><strong>:rdiiieata,</strong></span> <span class='ocrx_word' id='word_1_776' title='bbox 3209 5195 3358 5262; x_wconf 83' lang='lat' dir='ltr'><strong>cujus</strong></span> <span class='ocrx_word' id='word_1_777' title='bbox 3382 5193 3429 5246; x_wconf 91' lang='lat' dir='ltr'><strong>in</strong></span> <span class='ocrx_word' id='word_1_778' title='bbox 3453 5185 3652 5258; x_wconf 76' lang='lat' dir='ltr'><strong>proximo</strong></span> <span class='ocrx_word' id='word_1_779' title='bbox 3672 5168 3763 5224; x_wconf 61' lang='lat' dir='ltr'><strong>ade“</strong></span> 
     </span>
    </p>
   </div>
   <div class='ocr_carea' id='block_1_104' title="bbox 2299 5273 3763 5362">
    <p class='ocr_par' dir='ltr' id='par_1_104' title="bbox 2299 5273 3763 5362">
     <span class='ocr_line' id='line_1_104' title="bbox 2299 5273 3763 5362; baseline 0.003 -26"><span class='ocrx_word' id='word_1_780' title='bbox 2299 5285 2449 5336; x_wconf 89' lang='lat' dir='ltr'><strong>ruina</strong></span> <span class='ocrx_word' id='word_1_781' title='bbox 2480 5297 2534 5338; x_wconf 91' lang='lat' dir='ltr'><strong>et</strong></span> <span class='ocrx_word' id='word_1_782' title='bbox 2568 5285 2896 5337; x_wconf 72' lang='lat' dir='ltr'><strong>ineundiuui!</strong></span> <span class='ocrx_word' id='word_1_783' title='bbox 2933 5285 3026 5337; x_wconf 88' lang='lat' dir='ltr'><strong>llic</strong></span> <span class='ocrx_word' id='word_1_784' title='bbox 3073 5283 3138 5337; x_wconf 87' lang='lat' dir='ltr'><strong>ad</strong></span> <span class='ocrx_word' id='word_1_785' title='bbox 3182 5293 3328 5337; x_wconf 90' lang='lat' dir='ltr'><strong>tuum</strong></span> <span class='ocrx_word' id='word_1_786' title='bbox 3363 5281 3541 5334; x_wconf 83' lang='lat' dir='ltr'><strong>malum</strong></span> <span class='ocrx_word' id='word_1_787' title='bbox 3566 5273 3763 5362; x_wconf 31' lang='lat' dir='ltr'><strong>“ﬁlms”.</strong></span> 
     </span>
    </p>
   </div>
   <div class='ocr_carea' id='block_1_105' title="bbox 2299 5363 3766 5451">
    <p class='ocr_par' dir='ltr' id='par_1_105' title="bbox 2299 5363 3766 5451">
     <span class='ocr_line' id='line_1_105' title="bbox 2299 5363 3766 5451; baseline -0.013 -17"><span class='ocrx_word' id='word_1_788' title='bbox 2299 5391 2409 5434; x_wconf 91' lang='lat' dir='ltr'><strong>tum</strong></span> <span class='ocrx_word' id='word_1_789' title='bbox 2439 5395 2659 5433; x_wconf 58' lang='lat' dir='ltr'><strong>necesse</strong></span> <span class='ocrx_word' id='word_1_790' title='bbox 2689 5391 2769 5434; x_wconf 90' lang='lat' dir='ltr'><strong>est</strong></span> <span class='ocrx_word' id='word_1_791' title='bbox 2798 5391 2851 5432; x_wconf 89' lang='lat' dir='ltr'><strong>nt</strong></span> <span class='ocrx_word' id='word_1_792' title='bbox 2879 5389 3065 5433; x_wconf 60' lang='lat' dir='ltr'><strong>cr-ntra</strong></span> <span class='ocrx_word' id='word_1_793' title='bbox 3106 5391 3155 5433; x_wconf 88' lang='lat' dir='ltr'><strong>te</strong></span> <span class='ocrx_word' id='word_1_794' title='bbox 3189 5378 3446 5447; x_wconf 78' lang='lat' dir='ltr'><strong>proferam</strong></span> <span class='ocrx_word' id='word_1_795' title='bbox 3485 5380 3605 5424; x_wconf 64' lang='lat' dir='ltr'><strong>vera:</strong></span> 
     </span>
    </p>
   </div>
   <div class='ocr_carea' id='block_1_106' title="bbox 2299 5446 3764 5551">
    <p class='ocr_par' dir='ltr' id='par_1_106' title="bbox 2299 5446 3764 5551">
     <span class='ocr_line' id='line_1_106' title="bbox 2299 5446 3764 5551; baseline -0.021 -25"><span class='ocrx_word' id='word_1_796' title='bbox 2299 5473 2385 5524; x_wconf 57' lang='lat' dir='ltr'><strong>tiae</strong></span> <span class='ocrx_word' id='word_1_797' title='bbox 2419 5472 2779 5525; x_wconf 87' lang='lat' dir='ltr'><strong>interdictum.</strong></span> <span class='ocrx_word' id='word_1_798' title='bbox 2836 5474 3009 5536; x_wconf 69' lang='lat' dir='ltr'><strong>Qttnrc</strong></span> <span class='ocrx_word' id='word_1_799' title='bbox 3043 5488 3145 5523; x_wconf 90' lang='lat' dir='ltr'><strong>non</strong></span> <span class='ocrx_word' id='word_1_800' title='bbox 3190 5446 3246 5522; x_wconf 85' lang='lat' dir='ltr'><strong>lit</strong></span> <span class='ocrx_word' id='word_1_801' title='bbox 3291 5465 3613 5534; x_wconf 83' lang='lat' dir='ltr'><strong>sempiternus</strong></span> 
     </span>
    </p>
   </div>
   <div class='ocr_carea' id='block_1_107' title="bbox 2300 5545 3764 5645">
    <p class='ocr_par' dir='ltr' id='par_1_107' title="bbox 2300 5545 3764 5645">
     <span class='ocr_line' id='line_1_107' title="bbox 2300 5545 3764 5645; baseline 0.02 -26"><span class='ocrx_word' id='word_1_802' title='bbox 2300 5565 2452 5636; x_wconf 70' lang='lat' dir='ltr'><strong>cuius</strong></span> <span class='ocrx_word' id='word_1_803' title='bbox 2491 5567 2740 5620; x_wconf 64' lang='lat' dir='ltr'><strong>nativitus</strong></span> <span class='ocrx_word' id='word_1_804' title='bbox 2782 5567 2927 5619; x_wconf 89' lang='lat' dir='ltr'><strong>nullo</strong></span> <span class='ocrx_word' id='word_1_805' title='bbox 2970 5565 3125 5617; x_wconf 78' lang='lat' dir='ltr'><strong>modo</strong></span> <span class='ocrx_word' id='word_1_806' title='bbox 3155 5561 3444 5618; x_wconf 79' lang='lat' dir='ltr'><strong>excluditur</strong></span> <span class='ocrx_word' id='word_1_807' title='bbox 3468 5571 3494 5608; x_wconf 72' lang='grc'>³</span> <span class='ocrx_word' id='word_1_808' title='bbox 3522 5545 3764 5645; x_wconf 39' lang='grc' dir='ltr'><strong>⁵⁶¹¹¹¹ἸΫΒἯ</strong></span> 
     </span>
    </p>
   </div>
   <div class='ocr_carea' id='block_1_108' title="bbox 2299 5637 3767 5729">
    <p class='ocr_par' dir='ltr' id='par_1_108' title="bbox 2299 5637 3767 5729">
     <span class='ocr_line' id='line_1_108' title="bbox 2299 5637 3767 5729; baseline -0.015 -9"><span class='ocrx_word' id='word_1_809' title='bbox 2299 5662 2440 5714; x_wconf 64' lang='grc' dir='ltr'><strong>ιπιεῖ</strong></span> <span class='ocrx_word' id='word_1_810' title='bbox 2473 5659 2578 5715; x_wconf 84' lang='lat' dir='ltr'><strong>Sed</strong></span> <span class='ocrx_word' id='word_1_811' title='bbox 2606 5661 2711 5713; x_wconf 91' lang='lat' dir='ltr'><strong>imo</strong></span> <span class='ocrx_word' id='word_1_812' title='bbox 2747 5662 2827 5714; x_wconf 81' lang='lat' dir='ltr'><strong>hic</strong></span> <span class='ocrx_word' id='word_1_813' title='bbox 2861 5664 2943 5729; x_wconf 87' lang='lat' dir='ltr'><strong>qui</strong></span> <span class='ocrx_word' id='word_1_814' title='bbox 2977 5669 3099 5712; x_wconf 81' lang='lat' dir='ltr'><strong>ante</strong></span> <span class='ocrx_word' id='word_1_815' title='bbox 3132 5674 3286 5711; x_wconf 87' lang='lat' dir='ltr'><strong>omne</strong></span> <span class='ocrx_word' id='word_1_816' title='bbox 3313 5653 3516 5709; x_wconf 91' lang='lat' dir='ltr'><strong>omnino</strong></span> <span class='ocrx_word' id='word_1_817' title='bbox 3538 5637 3767 5724; x_wconf 61' lang='lat' dir='ltr'><strong>print‘ii‘i&quot;‘_n</strong></span> 
     </span>
    </p>
   </div>
   <div class='ocr_carea' id='block_1_109' title="bbox 2292 5733 3766 5819">
    <p class='ocr_par' dir='ltr' id='par_1_109' title="bbox 2292 5733 3766 5819">
     <span class='ocr_line' id='line_1_109' title="bbox 2292 5733 3766 5819; baseline -0.02 -17"><span class='ocrx_word' id='word_1_818' title='bbox 2292 5749 2400 5816; x_wconf 83' lang='lat' dir='ltr'><strong>jam</strong></span> <span class='ocrx_word' id='word_1_819' title='bbox 2436 5761 2590 5804; x_wconf 87' lang='lat' dir='ltr'><strong>natus</strong></span> <span class='ocrx_word' id='word_1_820' title='bbox 2635 5751 2823 5815; x_wconf 80' lang='lat' dir='ltr'><strong>fuerat,</strong></span> <span class='ocrx_word' id='word_1_821' title='bbox 2853 5753 3017 5819; x_wconf 70' lang='lat' dir='ltr'><strong>ipsius</strong></span> <span class='ocrx_word' id='word_1_822' title='bbox 3065 5761 3147 5804; x_wconf 84' lang='lat' dir='ltr'><strong>cst</strong></span> <span class='ocrx_word' id='word_1_823' title='bbox 3191 5764 3289 5801; x_wconf 85' lang='lat' dir='ltr'><strong>una</strong></span> <span class='ocrx_word' id='word_1_824' title='bbox 3341 5762 3452 5800; x_wconf 77' lang='lat' dir='ltr'><strong>cum</strong></span> <span class='ocrx_word' id='word_1_825' title='bbox 3485 5733 3766 5792; x_wconf 67' lang='lat' dir='ltr'><strong>Patre-semp!-</strong></span> 
     </span>
    </p>
   </div>
  </div>
