3938 6376
175 378 270 443 269

1413 364 1494 427 DE
1534 368 1909 427 TRINITATE
1952 361 2080 423 [ΑΒ.
2126 360 2173 419 v.

3328 364 3434 422 Ξ.ῖο

177 503 415 564 ternitas,
458 499 582 553 dum
631 498 697 553 de
745 495 1076 565 sernpiteruo
1121 492 1484 560 sempiternus
1532 488 1744 559 genitus
1773 487 1821 547 A
1851 486 2051 555 genuit.
2102 484 2218 537 Non
2252 483 2344 537 tibi
2378 482 2584 537 videtur
2623 483 2741 551 quia
2797 492 3080 549 utrumque
3110 495 3204 536 eos
3233 494 3263 534 a
3292 495 3424 536 serii-

176 594 342 652 fuerit.
369 591 476 647 Sed
496 590 633 645 dicis
656 589 785 644 mihi
811 606 825 641 :
850 586 1110 642 Nativitas
1137 582 1404 653 posterior
1432 589 1516 635 est
1538 595 1566 633 a
1591 578 1744 649 geni-

176 699 284 743 tore
310 698 427 739 suo.
473 664 680 737 Revera
720 680 873 751 quasi
916 679 1063 748 prius
1105 682 1395 744 conceptus
1423 672 1490 727 de
1519 671 1745 733 semine,

175 786 260 831 aut
301 774 607 843 coagulatus
654 772 707 826 in
756 780 962 834 ventre,
997 776 1052 823 et
1098 780 1267 837 usque
1311 763 1379 818 ad
1420 770 1747 832 postremum

178 871 557 925 incrementum
600 864 850 920 nativitas
898 862 1015 930 ejus
1056 858 1319 914 accedens
1351 852 1664 924 profecerit,
1697 860 1751 905 et

176 961 324 1033 242
367 959 449 1013 sic
492 958 704 1012 tandem
743 954 1029 1025 aliquando
1071 962 1228 1005 natus
1268 947 1444 1001 fuerit.
1494 945 1649 998 Absit
1682 957 1748 997 ne

176 1056 291 1108 huic
337 1050 605 1106 nativitati
646 1046 840 1117 aliquid
889 1052 1261 1113 comparetur,
1307 1039 1443 1093 sicut
1490 1035 1749 1103 scripturn

173 1155 250 1199 est
276 1162 289 1198 :
313 1142 709 1197 Ceneratioaem
729 1146 897 1192 autem
926 1137 1033 1205 eius
1056 1134 1169 1203 quis
1193 1129 1442 1185 enarrabit
1464 1127 1606 1198 (Act.
1636 1140 1751 1188 vttt,

174 1236 268 1300 35;
301 1231 431 1287 Isai.
459 1247 570 1296 Llll,
594 1229 689 1299 8)?
718 1227 965 1297 Nunquid
996 1225 1174 1287 Pater,
1210 1221 1299 1292 qui
1331 1236 1453 1273 vere
1487 1220 1673 1287 genu‘t
1703 1216 1754 1269 in

174 1329 475 1399 passionem
530 1323 765 1393 aliquam
818 1319 1036 1384 incidit,
1080 1326 1173 1371 aut
1220 1315 1274 1369 in
1325 1314 1436 1382 ipsa
1480 1312 1760 1366 nativitate

174 1420 286 1475 Filii
327 1419 414 1472 sui
464 1417 843 1472 detrimentum
899 1410 1185 1468 sustinuit?
1228 1408 1417 1472 Absit,
1466 1406 1592 1459 dum
1645 1404 1762 1457 haec

174 1508 450 1580 generatio
496 1506 735 1572 omnino,
759 1514 817 1560 ut
859 1504 1108 1571 superius
1156 1498 1424 1564 dixi,non
1457 1504 1757 1550 enarretur.

174 1602 420 1671 Denique
451 1598 517 1654 de
537 1598 640 1653 hoc
668 1599 712 1651 si
747 1605 902 1666 potes
931 1602 1117 1649 contra
1144 1592 1380 1646 divinam
1410 1590 1760 1657 Scripturam,

176 1708 325 1757 erra;
388 1692 515 1746 dum
576 1692 686 1761 ipsa
740 1689 898 1743 modo
945 1687 1092 1742 dicat
1148 1700 1398 1748 manum,
1448 1682 1666 1747 Filium,
1713 1690 1767 1735 et

174 1787 474 1850 dexteram,
501 1794 557 1838 et
604 1783 875 1837 brachium
915 1790 1014 1835 :et
1057 1780 1216 1834 modo
1270 1778 1504 1833 Verbum
1558 1776 1627 1831 de
1671 1791 1765 1828 ore

1843 577 2159 646 .piternitate
2183 577 2490 646 impugnat?
2519 575 2625 631 Cur
2651 590 2780 645 ergo
2800 576 2905 645 jam
2936 589 3039 629 non
3066 584 3148 629 est
3176 573 3291 627 haec
3315 576 3435 628 tals

1854 668 2117 738 grofe.~io
2146 679 2320 720 vestra
2347 685 2359 720 :
2387 682 2552 721 novus
2603 667 2781 731 Pater,
2815 681 2983 721 novus
3010 677 3063 721 et
3094 665 3308 719 Filius?
3356 666 3435 719 in-

1853 760 1982 828 cipit
2032 759 2203 821 Pater,
2241 760 2428 828 incipit
2473 767 2529 814 et
2575 759 2775 813 Filius?
2810 759 2873 812 Et
2921 758 3139 814 excluso
3189 758 3345 812 Patre
3384 769 3439 812 et

1858 851 1996 904 Filio
2026 850 2091 903 ab
2122 866 2221 903 una
2271 852 2716 920 sempiternitate,
2747 866 2930 920 qurero
2957 865 2987 903 a
3017 850 3169 904 vobis
3207 850 3291 904 cui
3327 849 3437 904 Den

1859 942 1996 995 hanc
2043 942 2522 1011 sempiternitatem
2553 944 2873 997 ascritiatis?
2902 942 3021 1011 quia
3055 942 3265 996 Patrem
3296 940 3437 995 diei-

1861 1035 1927 1087 tis
1970 1035 2116 1089 tarde
2158 1043 2212 1088 et
2256 1049 2379 1089 seru
2426 1036 2696 1103 genuisse,
2729 1050 2783 1091 et
2824 1035 3011 1090 Filium
3058 1050 3227 1105 nuper
3254 1042 3436 1089 natum

1862 1126 2046 1180 fuisse.
2080 1125 2217 1194 Ergo
2262 1128 2419 1180 ambo
2449 1142 2478 1180 a
2517 1128 2942 1196 scmpiternitate
2986 1126 3185 1181 exclusi
3215 1141 3333 1181 esse
3361 1126 3439 1178 vi-

1861 1216 2078 1270 dentur.
2119 1215 2412 1270 Considera
2443 1231 2569 1286 ergo
2600 1234 2703 1271 non
2733 1234 2890 1287 posse
2920 1218 3023 1273 dici
3054 1220 3437 1287 sempiternum

1864 1312 2076 1365 Patrem
2106 1312 2219 1365 sine
2251 1312 2407 1378 Filio,
2434 1314 2559 1367 dum
2589 1316 2759 1383 magis
2788 1318 3146 1385 sempiternus
3180 1317 3250 1371 sit
3280 1317 3438 1371 Pater
3526 1335 3533 1347 ε

1862 1421 2130 1469 ευιιι,διιο
2171 1406 2488 1477 Fi!iu:quia
2538 1424 2639 1462 non
2696 1417 2869 1477 potest
2912 1420 3115 1465 tantum
3163 1412 3249 1465 hic
3287 1411 3441 1466 Pater

1866 1497 1968 1551 dici
1995 1499 2110 1550 sine
2138 1512 2237 1551 suo
2267 1498 2418 1552 Filio.

1941 1587 2249 1642 Ηωνειὶειιδ.
2291 1588 2443 1654 Quod
2475 1592 2710 1657 sensisti,
2755 1590 2823 1645 de
2867 1603 3028 1645 sensu
3067 1598 3160 1645 tuo
3198 1592 3445 1657 attulisti,

1870 1688 1925 1733 et
1954 1679 2081 1734 nihil
2112 1680 2179 1733 de
2220 1682 2535 1736 auctoritate
2584 1696 2750 1735 sacrae
2791 1680 3083 1751 Scriptum
3126 1683 3257 1735 mihi
3297 1682 3450 1737 satis-

1872 1773 2045 1828 feciSti
2075 1792 2086 1826 :
2116 1773 2266 1828 Unde
2314 1775 2394 1828 vel
2445 1791 2611 1829 unum
2663 1774 3035 1829 tantummodo
3078 1772 3317 1843 proferas
3356 1789 3451 1844 pro

176 1876 385 1941 Patris;
417 1875 579 1931 modo
608 1891 673 1929 ex
706 1885 859 1928 utero
888 1881 1012 1927 ante
1037 1871 1343 1927 Luciferum
1369 1870 1608 1939 genitum
1639 1866 1758 1938 (Ps.
1795 1856 1841 1916 Β
1869 1869 2048 1922 multis
2092 1868 2363 1936 pertinens
2412 1869 2477 1922 ad
2530 1870 2629 1925 hoc
2677 1869 2978 1939 exemplum
3012 1871 3243 1939 postulo,
3276 1879 3332 1924 ut
3360 1884 3451 1924 su-

173 1985 281 2034 crx,
309 1969 408 2039 5);
438 1976 493 2022 et
539 1966 697 2021 modo
747 1967 797 2020 in
842 1966 1000 2020 Patre
1047 1979 1200 2020 esse:
1244 1972 1299 2017 et
1346 1962 1506 2016 modo
1553 1959 1705 2029 quasi
1732 1974 1762 2011 a

177 2064 339 2119 Patre
365 2062 543 2117 exisse
565 2070 619 2116 et
644 2061 888 2123 venisse;
914 2070 967 2114 et
993 2058 1152 2113 modo
1176 2058 1229 2111 in
1257 2056 1375 2109 sinu
1407 2053 1581 2108 Patris
1610 2066 1762 2116 esse;

173 2164 230 2211 et
259 2154 423 2209 modo
450 2152 588 2221 apud
632 2153 842 2207 Patrem
871 2161 1015 2213 erat;
1048 2160 1101 2203 et
1130 2149 1291 2202 modo
1321 2148 1371 2200 in
1406 2146 1561 2199 Puer
1603 2153 1688 2199 est
1714 2154 1768 2195 et

174 2255 328 2311 erat;
363 2256 416 2303 et
443 2246 602 2301 modo
636 2245 795 2299 Pater
835 2244 887 2299 in
928 2242 1087 2307 Filio,
1115 2251 1170 2296 et
1200 2241 1367 2295 Filius
1397 2240 1449 2292 in
1477 2238 1636 2292 Patre
1664 2248 1765 2290 est.

174 2340 479 2396 Considera
502 2339 547 2394 si
576 2338 641 2393 ad
672 2339 786 2391 hinc
820 2333 1112 2391 multifarie
1141 2336 1283 2388 dicta
1312 2334 1488 2400 aliqua
1523 2330 1771 2383 nativitas

175 2430 519 2498 generationi
560 2428 680 2483 Filii
709 2427 803 2482 Dei
834 2426 1028 2495 poterit
1056 2424 1355 2492 comparari
1388 2422 1467 2475 vel
1495 2420 1771 2475 enarrari?

172 2523 311 2576 dum
347 2520 435 2574 hic
463 2519 553 2589 qui
580 2527 702 2574 ante
732 2517 925 2573 Stecula
959 2513 1451 2582 incomparabiliter
1481 2520 1637 2563 natus
1662 2510 1772 2577 jam

173 2616 386 2678 fuerat,
412 2614 679 2685 quomodo
712 2621 766 2667 et
805 2625 945 2665 nunc
973 2611 1026 2663 in
1057 2610 1178 2663 sinu
1208 2608 1380 2663 Patris
1406 2607 1527 2661 est?
1556 2614 1647 2658 aut
1686 2606 1775 2673 qui

168 2723 205 2761 a
239 2707 408 2763 Patre
444 2707 608 2762 exivit
647 2714 702 2761 et
744 2704 912 2769 venit,
940 2699 1212 2772 quomodo
1259 2714 1472 2767 semper
1521 2700 1572 2749 in
1614 2697 1775 2750 Patre

172 2798 284 2855 fuit
310 2798 505 2853 etest?
528 2808 618 2853 aut
639 2798 725 2867 qui
752 2810 962 2859 manus,
985 2795 1070 2848 vel
1097 2792 1339 2857 dextera,
1362 2792 1480 2845 sive
1499 2789 1774 2845 brachium

172 2906 306 2947 esse
337 2890 696 2960 significatur,
725 2901 909 2958 quaero
938 2901 967 2940 a
1000 2895 1081 2952 te,
1106 2900 1139 2939 ο
1168 2883 1439 2946 haeretice,
1473 2890 1529 2935 ut
1553 2894 1776 2935 euarres

173 2986 462 3055 quomodo
490 3000 519 3039 a
546 2984 701 3039 Patre
748 2984 963 3053 genitus
1010 2982 1196 3046 fuerit;
1240 2996 1361 3035 cum
1404 2989 1457 3034 et
1494 2980 1774 3049 sapientia,

172 3087 233 3135 et
267 3077 448 3133 virtus
498 3076 593 3131 Dei
642 3076 815 3129 Patris
862 3075 934 3128 sit
971 3088 1001 3127 a
1044 3072 1221 3127 divina
1277 3072 1549 3140 Scriptura
1594 3070 1778 3138 utique

175 3170 492 3239 appellatus
528 3168 610 3221 vel
653 3165 995 3221 nominatus?
1022 3166 1131 3218 Ant
1159 3163 1247 3233 qui
1287 3179 1353 3219 ex
1386 3174 1539 3218 utero
1567 3164 1779 3233 genitus

172 3271 289 3327 est,
323 3260 602 3332 quomodo
630 3269 685 3314 et
723 3259 791 3313 de
820 3273 914 3312 ore
943 3258 1117 3312 Patris
1152 3256 1383 3311 Verbum
1411 3258 1573 3311 exivit
1604 3266 1660 3310 et
1687 3271 1776 3309 ve~

178 3350 300 3407 nit?
353 3353 462 3406 Aut
505 3348 774 3420 quomodo
821 3348 980 3403 Pater
1025 3350 1077 3401 in
1128 3347 1264 3401 Filio
1309 3355 1409 3409 est,
1444 3359 1497 3401 et
1530 3348 1698 3401 Filius
1729 3349 1781 3401 in

177 3440 353 3496 Patre
380 3441 501 3496 est?
545 3440 705 3495 Vides
748 3440 869 3508 quia
901 3454 1005 3494 non
1036 3448 1317 3493 enarratur
1359 3438 1473 3493 haec
1500 3441 1610 3493 sola
1646 3440 1785 3494 nati-

177 3535 350 3588 vitas.
393 3532 693 3599 Quaerenda
723 3542 804 3587 est
833 3533 1012 3601 potius
1055 3531 1347 3586 secundum
1394 3532 1781 3597 professionem

178 3625 603 3695 Seriptnrarum
641 3639 799 3692 quam
826 3623 1110 3694 judieanda
1143 3625 1225 3677 vel
1268 3623 1623 3677 discutienda.
1657 3624 1784 3691 Quae

175 3718 445 3785 quamvis
486 3716 861 3771 inenarrabilis
903 3718 994 3781 sit,
1031 3725 1205 3769 limen
1252 3716 1545 3770 secundum
1580 3716 1787 3783 profes-

175 3810 407 3865 sionem
435 3810 628 3879 synodi
662 3810 1034 3873 Ariminensis,
1069 3809 1376 3876 ignorabilis
1406 3823 1479 3862 ert
1499 3818 1666 3863 atura:
1695 3809 1781 3863 sit.

176 3901 379 3968 Quare
408 3912 562 3955 natus
600 3916 706 3953 non
744 3900 903 3954 fuerit
944 3916 1069 3954 vere
1107 3900 1175 3953 de
1222 3898 1413 3954 Patre:
1441 3903 1580 3969 quod
1625 3901 1783 3969 absit,

174 3993 323 4047 dum
385 4003 563 4047 certus
620 3993 720 4045 siin
775 3993 914 4061 quod
977 4002 1131 4044 natus
1184 3994 1275 4044 sit.
1310 3992 1413 4047 Sed
1458 3994 1508 4044 in
1554 4008 1619 4046 en
1659 4008 1787 4047 sane

173 4085 395 4154 ignoro
424 4082 874 4151 quemadmodum
906 4082 974 4135 de
1019 4083 1126 4136 Deo
1159 4083 1313 4135 Patre
1352 4084 1563 4151 genitus
1596 4085 1785 4146 fuerit;

175 4174 324 4241 quia
367 4172 434 4226 de
473 4172 833 4226 inmStimabili
882 4173 1072 4237 Patre,
1111 4174 1502 4228 inaestimabilis
1544 4184 1625 4227 est
1662 4189 1790 4228 vere

171 4266 280 4336 qui
320 4264 401 4318 ab
422 4280 486 4319 eo
513 4264 724 4331 genitus
750 4273 849 4318 est.
875 4263 979 4319 Sed
1008 4265 1143 4318 dicis
1171 4266 1297 4317 mihi
1324 4281 1337 4317 :
1364 4266 1585 4332 Iriempit
1605 4264 1790 4329 Filius,

166 4360 312 4427 quia
344 4365 515 4410 natus
535 4364 652 4419 est;
684 4363 786 4409 ete
805 4365 990 4408 contra
1013 4355 1135 4407 audi
1164 4372 1175 4406 :
1204 4355 1341 4423 Ergo
1374 4356 1591 4422 inctepit
1619 4365 1671 4409 et
1698 4355 1795 4409 Pa-

168 4464 291 4520 ter,
323 4452 465 4519 quia
493 4450 695 4521 genuit.
731 4449 784 4504 Si
818 4449 1035 4517 incaepit
1066 4448 1258 4514 Filius,
1284 4449 1502 4517 incmpit
1531 4458 1581 4503 et
1612 4449 1789 4503 Pater.

175 4546 341 4614 Ergo
389 4541 873 4610 sempiternitatem
927 4540 1085 4605 banc,
1117 4556 1274 4610 quam
1305 4542 1628 4595 anteriorem
1658 4544 1797 4596 nati-

179 4639 372 4691 vitate
402 4635 522 4689 Filii
573 4634 739 4688 fuisse
778 4635 999 4699 asseris,
1030 4635 1113 4688 cui
1156 4634 1367 4687 tandem
1412 4635 1677 4689 ascribis?
1706 4635 1795 4689 Ait

182 4728 494 4784 haereticus
518 4742 533 4778 :
562 4724 704 4779 Patri
738 4720 966 4779 tantum.

262 4819 615 4874 Athanasius.
669 4819 735 4872 Et
762 4834 857 4871 cur
888 4818 1201 4886 prmjndicas
1230 4818 1314 4871 ei?
1346 4818 1536 4888 Utique
1564 4820 1606 4873 si
1635 4818 1793 4890 243

180 4931 377 4986 nuper
404 4914 606 4983 genuit,
632 4914 993 4983 sempiternus
1022 4926 1141 4967 esse
1165 4929 1271 4966 non
1298 4924 1493 4981 potest.
1520 4914 1670 4982 Elige
1700 4914 1795 4967 tibi

176 5015 438 5067 alterum
466 5009 535 5062 de
564 5008 808 5070 duobus;
850 5016 940 5060 aut
978 5019 1086 5057 una
1115 5014 1198 5059 est
1227 5022 1409 5059 eorum
1456 5007 1798 5074 sempiterni-

180 5114 271 5158 tas
297 5110 405 5156 aut
436 5114 538 5153 una
571 5098 875 5168 posteritas.
930 5096 1212 5150 Postremo
1253 5096 1378 5165 Quid
1427 5105 1630 5149 tantum
1660 5096 1799 5151 Filio

178 5196 464 5264 imputas,
488 5187 639 5257 quasi
666 5186 957 5257 aliquando
986 5200 1092 5240 non
1120 5184 1317 5240 fuerit?
1344 5200 1467 5239 cum
1501 5185 1600 5239 hoc
1630 5187 1799 5253 magis

176 5285 468 5340 debeatur
494 5279 635 5333 Patri
660 5278 942 5347 deputari;
979 5292 1137 5348 quem
1181 5286 1234 5331 tu
1265 5281 1475 5331 Patrem
1509 5276 1796 5346 aliquando

176 5377 507 5437 secundum
550 5373 940 5444 professionem
1000 5381 1143 5427 tuam
1193 5386 1297 5426 non
1347 5371 1511 5425 fuisse
1555 5370 1789 5425 testaris.

182 5473 402 5541 Utique
435 5482 625 5523 revera
663 5468 706 5521 si
737 5466 926 5521 Filium
960 5465 1207 5519 nativitas
1254 5464 1534 5533 impedivit
1559 5479 1626 5518 ne
1654 5479 1794 5517 sem-

178 5563 454 5634 piternus
500 5568 662 5625 esset,
697 5573 853 5628 quem
898 5558 1049 5612 tarde
1095 5565 1185 5610 aut
1230 5572 1351 5612 sero
1399 5566 1581 5611 natum
1638 5556 1796 5612 fuisse

179 5655 443 5718 asseris,
474 5664 695 5705 necesse
739 5660 821 5703 est
847 5657 905 5702 ut
931 5658 983 5702 et
1012 5648 1239 5718 genitori
1284 5650 1531 5703 nativitas
1563 5648 1683 5702 Filii
1714 5650 1792 5703 sni

182 5745 651 5819 impedimentum
676 5741 936 5805 attulerit,
967 5758 1032 5794 ne
1061 5742 1420 5809 sempiternus
1447 5742 1515 5797 sit
1546 5742 1589 5795 si
1624 5757 1793 5811 nuper

1865 1961 2075 2028 periora
2103 1960 2240 2014 dicta
2277 1969 2360 2013 tua
2393 1963 2598 2029 possint
2622 1961 2745 2030 jure
2780 1962 3017 2029 legitimo
3046 1961 3374 2016 confirmari.

1938 2053 2266 2105 Athanasius.
2301 2054 2437 2105 Audi
2487 2053 2953 2121 psalmograplium
3001 2063 3243 2109 sanctum
3286 2055 3449 2108 David

1867 2145 2087 2211 dixisse,
2120 2146 2225 2197 imo
2274 2144 2468 2198 Filium
2502 2144 2592 2198 Dei
2627 2160 2722 2214 per
2766 2145 2929 2199 David
2969 2145 3034 2199 ad
3067 2146 3240 2200 Patris
3268 2162 3456 2215 perso-

1870 2257 1990 2294 nam
2024 2240 2303 2296 retulisse:
2332 2240 2397 2295 Et
2428 2258 2517 2312 ego
2558 2260 2754 2312 sempsr
2795 2253 2978 2305 tecum,
3014 2244 3217 2297 tenuisti
3247 2260 3455 2296 manum

1872 2337 2131 2389 dexteram
2173 2354 2337 2389 meum
2367 2335 2482 2407 (Ps.
2514 2354 2680 2403 LXXII,
2712 2336 2823 2403 9.5),
2856 2348 2959 2392 etc.
3012 2337 3104 2391 Vel
3152 2338 3325 2407 ipsum
3357 2337 3457 2391 Ph-

1875 2436 2009 2480 tretn
2034 2427 2112 2480 ‘ad
2154 2428 2512 2496 legislatorem
2537 2428 2752 2497 Moysen
2780 2428 2899 2480 andi
2928 2429 3195 2481 dicentem
3222 2429 3289 2482 de
3316 2444 3457 2483 sem-

1879 2522 2089 2587 piterno
2118 2521 2265 2573 nnito
2297 2520 2510 2574 nomine
2537 2520 2814 2573 Trinitatis
2840 2538 2852 2572 :
2882 2520 2988 2590 Ego
3016 2520 3265 2573 Dominus
3299 2520 3460 2585 Deus,

1878 2609 1973 2663 hoc
2001 2620 2077 2664 est
2102 2626 2281 2664 nomen
2314 2627 2497 2673 meum,
2526 2614 2819 2665 mentoriafe
2846 2612 3207 2680 sempiternum
3236 2612 3290 2665 in
3314 2628 3462 2681 gene-

1879 2705 2100 2759 rationes
2123 2717 2171 2759 et
2194 2708 2538 2776 generationes
2573 2705 2766 2774 (Exod.
2815 2716 2893 2767 in,
2930 2704 3040 2773 l5).
3093 2702 3243 2770 Quod
3272 2703 3381 2757 alio
3411 2703 3464 2756 in

1884 2800 2002 2852 loco
2052 2800 2191 2852 idem
2240 2798 2354 2866 ipse
2406 2796 2538 2850 Filio
2582 2812 2682 2850 suo
2727 2786 2925 2849 dictum
2971 2795 3235 2863 ostendit,
3268 2794 3319 2849 id
3357 2805 3461 2859 est,

1884 2892 2085 2944 Nomen
2116 2905 2281 2943 meum
2310 2900 2381 2944 est
2412 2894 2463 2943 in
2490 2891 2580 2943 illo
2609 2890 2803 2959 (Exod.
2826 2905 2975 2956 χχιιι,
3003 2890 3115 2958 21).
3144 2889 3236 2944 Vel
3263 2890 3464 2944 dictum

1880 2984 2067 3049 accipe
2100 3004 2110 3035 :
2148 2981 2258 3053 Ego
2290 2982 2539 3036 Dominus
2578 2980 2736 3047 Deus,
2783 2984 2871 3052 qui
2906 2998 3026 3035 vaco
3066 2998 3249 3035 nomen
3297 2990 3462 3043 tuum,

1883 3077 2022 3130 Deus
2044 3074 2213 3131 Israel
2238 3075 2392 3146 (Isai.
2426 3093 2546 3141 ειν,
2577 3074 2653 3146 5).
2688 3076 2791 3133 Sed
2822 3089 2872 3131 et
2902 3078 3015 3145 ipse
3046 3085 3325 3130 attestatus
3351 3086 3462 3129 est:

1893 3168 2001 3239 Ego
2043 3171 2152 3223 veni
2195 3171 2245 3223 in
2284 3170 2485 3223 nomine
2526 3166 2697 3222 Patris
2728 3172 2842 3235 mei,
2873 3180 2917 3222 et
2958 3187 3037 3223 me
3084 3187 3182 3223 non
3212 3170 3467 3241 recapistis

1887 3260 2066 3331 (Joan.
2099 3278 2147 3327 v,
2182 3262 2297 3329 45).
2331 3262 2459 3315 Nam
2504 3271 2555 3315 et
2588 3262 2747 3315 David
2776 3263 2971 3316 clamat
2998 3262 3183 3317 dieens
3209 3281 3219 3316 :
3250 3262 3468 3316 Benedi-

1886 3363 1996 3405 ctus
2040 3355 2129 3423 qni
2156 3354 2286 3406 venit
2330 3354 2381 3405 in
2430 3354 2635 3407 nomine
2686 3354 2891 3407 Domini
2932 3354 3100 3424 (Psaf.
3145 3371 3305 3419 exvit,
3347 3354 3465 3421 29).

1890 3446 2127 3514 Denique
2156 3448 2221 3500 de
2250 3447 2350 3499 hoc
2380 3447 2495 3513 ipso
2521 3446 2643 3500 audi
2669 3447 2972 3515 loquentem
3000 3447 3281 3501 Dominum
3306 3462 3467 3514 supra

1888 3551 2082 3604 corpus
2115 3535 2294 3589 Lazari
2323 3553 2334 3588 :
2366 3535 2538 3599 Pater,
2569 3536 2779 3588 sciebant
2807 3537 2928 3604 quia
2976 3553 3176 3602 semper
3206 3553 3282 3587 me
3322 3537 3468 3588 audis

1893 3625 2069 3696 (Joan.
2093 3644 2165 3691 χι,
2196 3627 2303 3698 Η),
2336 3628 2437 3693 Qui
2470 3627 2513 3681 si
2542 3642 2755 3693 semper
2784 3627 2834 3681 in
2863 3628 3020 3682 Patre
3046 3637 3133 3681 aut
3164 3626 3324 3698 244
3349 3642 3468 3680 cum

1892 3720 2048 3774 Patre
2094 3736 2198 3773 non
2250 3720 2453 3781 fuisset,
2490 3718 2937 3787 quemadmodum
2969 3735 3089 3772 eum
3120 3732 3333 3787 Semper
3374 3732 3473 3771 au-

1889 3813 2073 3877 disset,
2107 3814 2150 3864 si
2178 3827 2296 3867 cum
2332 3813 2441 3866 Deo
2473 3811 2629 3866 Patre
2658 3826 2873 3880 semper
2902 3812 3078 3865 uniter
3119 3827 3220 3863 nnn
3256 3810 3476 3864 fuisset"

1895 3904 2045 3957 lfnde
2090 3904 2211 3973 quia
2262 3918 2475 3972 semper
2522 3902 2659 3971 apud
2706 3900 2915 3956 Patrem
2968 3901 3083 3967 fuit,
3113 3914 3163 3955 et
3204 3916 3471 3968 nunquam

1892 3996 2009 4049 sine
2037 4012 2100 4050 eo
2132 3995 2248 4060 fuit,
2279 4012 2493 4063 semper
2534 4010 2655 4048 eum
2688 3991 2845 4047 Pater
2894 3994 3122 4047 audivit.
3172 3993 3329 4046 Vides
3361 3994 3476 4045 uni-

1894 4099 2003 4141 tnm
2050 4104 2243 4141 nomen
2281 4103 2401 4141 esse
2445 4087 2865 4154 sempiternum,
2895 4087 3033 4155 quod
3069 4087 3119 4139 in
3152 4088 3343 4140 virtute
3387 4100 3478 4137 sa-

1898 4182 2109 4250 pientia:
2142 4182 2314 4233 uniter
2344 4181 2609 4239 consistit,
2641 4187 2696 4231 ut
2722 4179 2861 4249 quod
2894 4193 3085 4232 nomen
3118 4179 3288 4233 Patris
3317 4190 3396 4233 est
3426 4181 3475 4231 in

1900 4282 2085 4325 natura
2133 4272 2445 4335 divinitatis,
2477 4272 2753 4339 sapientiae
2782 4284 2834 4326 et
2866 4271 3098 4336 virtutis,
3132 4270 3269 4325 idem
3305 4272 3476 4340 ipsum

1900 4366 1971 4417 sit
2002 4364 2051 4416 in
2084 4375 2269 4416 natura
2300 4379 2491 4417 nomen
2522 4376 2568 4418 et
2606 4362 2742 4430 Filii,
2779 4362 2868 4417 Vel
2905 4362 3218 4432 Apostolum
3250 4364 3372 4417 andi
3411 4365 3478 4418 ad

1903 4458 2015 4509 li:rc
2064 4456 2327 4510 dicentem
2355 4472 2366 4508 :
2397 4455 2459 4508 Et
2490 4456 2796 4525 sempiterna
2825 4456 2938 4522 eius
2978 4457 3136 4508 virtus
3165 4466 3210 4508 et
3242 4442 3480 4509 ditinitas

1901 4548 2077 4616 (Rom.
2113 4564 2151 4612 ι,
2181 4547 2294 4615 ‘20).
2328 4548 2456 4613 Qum
2482 4547 2877 4615 sempiternitas
2901 4548 3017 4601 sive
3045 4545 3297 4615 divinitas
3318 4546 3485 4602 Filius

1898 4641 2015 4709 ejus
2056 4649 2157 4695 est.
2191 4642 2340 4705 Quod
2370 4640 2475 4693 alio
2516 4641 2565 4691 in
2613 4640 2731 4694 loco
2780 4638 2893 4708 ipse
2937 4648 3042 4693 tam
3086 4639 3364 4694 evidenter
3392 4644 3484 4693 ali-

1899 4734 2091 4799 solvit,
2132 4730 2402 4785 Cill‘isllllll
2458 4731 2550 4785 Dei
2606 4732 2851 4784 virtutem
2902 4741 2954 4785 et
3000 4730 3092 4785 Dei
3147 4732 3483 4799 sapientiam,

1899 4822 2271 4892 Nunqn'dnam
2326 4823 2483 4876 Pater
2529 4820 2625 4874 fuit
2674 4820 2964 4889 aliquando
3028 4823 3148 4877 sine
3190 4823 3384 4876 virtute
3433 4835 3486 4876 et

1900 4914 2157 4985 sapientia
2207 4930 2335 4977 sua,
2389 4914 2655 4975 lizcretice,
2707 4921 2763 4965 nt
2804 4913 2921 4967 sine
2964 4913 3101 4966 Filio
3146 4928 3244 4967 suo
3273 4931 3302 4968 a
3336 4916 3486 4967 vobis

1901 5021 2019 5059 esse
2068 5005 2306 5058 dicatur?
2351 5004 2500 5057 Absit
2527 5020 2553 5054 a
2588 5003 2760 5068 nobis,
2792 5003 2914 5057 dum
2967 5004 3164 5073 ubique
3213 5006 3487 5073 Scriptura

1905 5100 1997 5152 tibi
2020 5098 2357 5167 apertissime
2401 5098 2660 5160 declarat,
2693 5113 2905 5165 st-mper
2933 5096 3097 5151 fuisse
3128 5099 3337 5153 Patrem
3367 5114 3487 5151 cum

1907 5189 2058 5254 Filio,
2094 5189 2283 5242 Filium
2311 5203 2432 5242 cum
2476 5189 2653 5244 Patre.
2695 5188 2805 5250 .Cur
2846 5202 2950 5241 non
2982 5200 3233 5257 expertus
3260 5205 3337 5253 es,
3366 5204 3489 5241 san-

1907 5291 2049 5335 ctum
2081 5280 2247 5334 David
2273 5279 2523 5334 eduxisse
2546 5281 2599 5333 in
2625 5296 2796 5351 pugna
2827 5278 3056 5349 gladium
3080 5280 3246 5333 Golia:
3273 5277 3323 5347 (Ι
3360 5278 3488 5349 Reg.

1906 5388 2033 5435 xvn,
2064 5370 2194 5437 5i)?
2224 5372 2376 5439 cujus
2406 5386 2502 5425 nos
2527 5370 2609 5425 usi
2638 5372 2875 5425 veritatis
2904 5370 3172 5438 exemplo,
3202 5368 3403 5435 placuit
3433 5382 3490 5424 nt

1904 5464 1971 5519 de
2013 5470 2195 5516 vestro
2246 5464 2298 5515 in
2350 5476 2446 5515 vos
2492 5465 2671 5531 gladio
2718 5462 3142 5527 triumphemus,
3187 5459 3326 5512 sicut
3374 5461 3491 5527 ipse

1906 5564 2129 5610 testatus
2179 5566 2261 5609 est
2296 5571 2309 5608 ε
2343 5554 2560 5608 Gladius
2613 5571 2788 5608 eorum
2827 5555 2977 5606 intret
3025 5554 3077 5604 in
3122 5567 3209 5603 cor
3260 5552 3491 5621 ipsorum

1906 5646 2079 5717 (Psal.
2113 5663 2296 5702 xxxvi.
2324 5646 2438 5716 15).
2487 5646 2721 5715 Ignoras,
2747 5646 2867 5710 quia
2915 5643 3055 5709 quod
3084 5643 3309 5713 derogas
3334 5645 3488 5713 Filio,

1908 5741 2007 5793 hoc
2052 5740 2224 5810 ipsum
2281 5737 2470 5791 adimis
2520 5745 2573 5789 et
2622 5734 2800 5786 Patri?
2831 5732 3011 5800 itaque
3057 5748 3177 5788 cum
3224 5734 3276 5788 in
3327 5738 3491 5806 prima
