3938 6376
590 386 691 445 97!

1862 377 2087 433 YIGILII
2127 376 2493 433 TAPSENSIS
3659 392 3731 453 ’τ’

591 497 971 569 congressione
1020 497 1084 549 ab
1126 512 1225 549 una
1270 497 1690 565 sempiteruitate
1734 492 1906 546 Patris
1944 501 1998 545 et
2043 491 2159 545 Filii
2190 497 2237 555 Α
2267 502 2347 546 ret
2376 507 2479 547 non
2508 504 2621 547 erat
2658 495 2831 560 Pater,
2861 498 2952 553 sed
2986 509 3098 555 erat
3126 503 3443 572 omnipotens
3475 506 3606 564 Deus.
3632 512 3730 569 Proh

590 590 790 646 exclusi
835 588 1076 649 fuissent,
1106 596 1159 640 et
1202 588 1646 656 compellerentur
1681 583 1747 638 ab
1785 582 1899 650 ipsa
1936 594 2163 635 censura

591 681 851 744 veritatis,
881 676 1053 730 visum
1090 686 1185 731 ‘est
1224 676 1332 731 illis
1371 685 1427 730 ut
1473 678 1522 729 in
1569 674 1802 729 medium
1843 671 2162 743 proferrent,

590 785 709 839 qua:
761 769 904 836 prius
951 765 1160 821 occulte
1209 765 1648 834 blasphemabant
1695 764 1936 818 dicentes
1982 780 1997 816 :
2042 763 2166 816 Era’t

594 859 751 913 Pater
796 855 1077 924 aliquando
1125 854 1239 909 sine
1284 855 1441 909 Filio.
1488 854 1545 908 Si
1584 854 1724 908 enim
1775 852 1962 906 fuisset
2009 851 2167 905 Pater

491 981 510 997 .
591 948 875 1017 aliquando
916 950 1031 1002 sine
1076 947 1230 1012 Filio,
1261 962 1535 1017 nunquam
1578 960 1794 1016 prorsus
1836 957 2165 1013 praesumens

593 1040 878 1094 indicasset
901 1055 993 1109 per
1019 1040 1329 1108 prOphetam
1364 1059 1377 1092 :
1416 1040 1480 1093 Et
1506 1056 1599 1110 ego
1626 1055 1823 1107 semper
1854 1049 2014 1090 tecum
2042 1034 2161 1105 (Ps.

594 1144 755 1197 um,
788 1128 901 1197 23).
942 1128 1048 1187 Sed
1076 1128 1140 1183 ad
1171 1128 1287 1184 haec
1318 1129 1550 1197 piscator
1580 1128 1901 1196 evangelista
1932 1126 2165 1179 Joannes

492 1211 523 1268 »ἐν
591 1218 816 1272 dilectus
834 1232 863 1270 a
891 1217 999 1271 Deo
1022 1224 1246 1271 testatus
1266 1224 1348 1271 est
1372 1234 1384 1268 :
1411 1214 1475 1269 In
1499 1214 1765 1271 Principio
1788 1223 1894 1267 erat
1926 1211 2163 1277 Verbum,

590 1321 637 1365 et
668 1310 885 1363 Verbum
910 1317 1017 1362 erat
1042 1308 1178 1373 apud
1203 1307 1388 1373 Deum,
1416 1317 1461 1361 et
1488 1307 1621 1359 Deus
1652 1314 1757 1358 erat
1785 1303 2023 1355 Verbum.
2055 1302 2166 1356 Hoc

573 1410 697 1455 ~erat
726 1402 774 1454 in
805 1400 1055 1469 principio
1082 1397 1223 1467 apud
1257 1396 1440 1452 Deum.
1496 1396 1680 1448 Omnia
1711 1394 2007 1463 per'ipsum
2027 1398 2164 1461 facta

589 1500 725 1554 sunt,
757 1498 802 1542 et
826 1489 933 1542 sine
968 1487 1079 1556 ipso
1107 1487 1299 1555 factum
1334 1494 1408 1539 est
1435 1484 1563 1537 nillil
1603 1482 1780 1553 (Joau.
1807 1497 1843 1543 1,
1877 1479 1949 1551 1).
1979 1480 2167 1534 Consi-

586 1580 716 1633 dera
743 1579 863 1646 quia
890 1588 1107 1644 semper
1140 1584 1255 1629 erat
1301 1573 1437 1641 apud
1470 1573 1632 1627 Deum
1666 1570 1875 1625 Patrem
1912 1572 2048 1625 Deus
2077 1570 2166 1624 Fi-

588 1668 710 1733 lius,
742 1681 834 1735 per
852 1680 1204 1735 quempmne
1234 1667 1450 1719 omnino
1480 1664 1792 1734 principium
1832 1663 2025 1717 factum
2055 1661 2182 1718 est.“

568 1756 740 1812 V‘Unde
761 1756 870 1823 jam
893 1756 1128 1825 oportuit
1149 1772 1244 1810 nos
1269 1756 1534 1825 paulisper
1555 1755 1620 1809 ad
1644 1754 1806 1808 stulta
1833 1753 1973 1808 dicta
2000 1754 2164 1809 stulte

2268 581 2445 637 nefas!
2491 582 2604 638 haec
2648 600 2741 640 vos
2783 597 2886 642 tam
2938 597 3137 645 temere
3164 592 3229 646 de
3260 593 3361 648 Deo
3386 594 3523 651 Patre
3554 603 3730 657 sentire:

2265 686 2392 741 ergo
2442 676 2558 729 sine
2609 674 2791 741 dubio,
2820 688 2875 731 ut
2921 679 3076 749 dicis,
3117 684 3160 735 si
3213 686 3532 754 omnipotenti
3576 692 3658 745 Deo
3688 693 3731 747 de

2266 763 2426 834 246
2455 767 2653 820 recenti
2676 768 2843 821 honor
2869 769 3037 825 Patris
3062 771 3298 840 accessit,
3322 778 3454 846 prius
3473 780 3732 848 imperfectus

2266 854 2432 909 fuisse
2455 855 2736 925 detegitur.
2783 859 2848 913 Et
2874 861 2917 914 si
2947 864 3314 934 omnipateuti,
3345 877 3565 938 tanquam
3588 862 3731 929 homini

2262 945 2440 1011 egenti
2470 960 2566 1013 per
2590 949 2828 1004 ordinem
2876 952 3102 1021 dignitas
3130 956 3311 1021 crevit,
3344 960 3477 1028 prius
3495 962 3585 1029 jam
3610 967 3732 1020 omni-

2269 1043 2457 1099 potens
2494 1050 2599 1088 non
2638 1037 2800 1092 fuisse
2828 1044 3167 1108 cognoscitur
3189 1062 3202 1099 :
3225 1046 3339 1114 quia
3366 1048 3443 1101 cui
3470 1050 3612 1106 ltoutir
3631 1069 3732 1109 acce-

2256 1123 2363 1187 dit,
2382 1125 2505 1179 dum
2530 1143 2695 1197 usque
2713 1130 2776 1183 ad
2794 1124 3056 1187 summum
3080 1138 3295 1204 gradum
3317 1142 3732 1208 pervenerinadhuc

2268 1220 2485 1275 inferior
2527 1223 2594 1276 ab
2637 1238 2701 1276 eo
2727 1241 2846 1280 esse
2875 1228 3107 1294 videbit;
3139 1241 3190 1284 et
3214 1231 3257 1284 si
3291 1235 3578 1299 pervenerit,
3604 1239 3732 1293 melior

2268 1309 2451 1379 incipit
2470 1327 2594 1367 esse
2618 1312 2672 1367 in
2696 1316 3003 1382 novissimo,
3032 1335 3187 1388 quam
3217 1322 3382 1377 fuerat
3405 1323 3451 1377 in
3473 1325 3630 1394 primo,
3650 1328 3731 1384 dum

2267 1403 2662 1463 deliumilitate
2690 1425 2856 1480 usque
2896 1413 2959 1465 ad
2991 1428 3255 1470 summum
3286 1417 3461 1487 fastigii
3488 1421 3657 1474 culmen
3674 1438 3731 1477 ac-

2267 1494 2439 1548 cedat.
2489 1497 2592 1551 Sed
2640 1497 2754 1553 lucc
2804 1511 2859 1554 ut
2905 1503 3209 1570 erubescas,
3242 1510 3511 1563 secundum
3551 1523 3617 1565 tua
3639 1513 3731 1569 dicta

2267 1583 2576 1652 referimus;
2610 1586 2734 1641 dum
2776 1593 2942 1660 magis
2982 1597 3315 1665 omnipotens
3356 1599 3499 1654 Pater
3522 1606 3731 1659 esseinre-

2269 1676 2461 1740 niatur,
2479 1678 2560 1730 cui
2591 1678 2677 1731 illa
2706 1689 2845 1734 tanta
2872 1697 3091 1738 censura
3118 1690 3501 1758 omnipateutia:
3525 1707 3619 1747 sese
3638 1698 3731 1762 plill!

2266 1765 2594 1832 submiserit,
2626 1778 2683 1822 ut
2708 1769 2967 1826 honorem
2999 1790 3163 1844 nuper
3196 1794 3288 1847 per
3318 1780 3447 1835 hunc
3483 1784 3656 1850 gradum
3674 1801 3731 1850 p1-

590 1849 935 1914 reSpondere,
971 1860 1028 1902 ut
1058 1848 1141 1903 vel
1171 1850 1247 1903 sic
1275 1850 1341 1904 de
1382 1865 1476 1903 sua
1504 1850 1728 1903 stultitia
1778 1847 1965 1903 revicti
2005 1858 2163 1918 atque
2195 1871 2240 1931 Β
2269 1858 2402 1909 terni
2434 1861 2665 1915 nominis
2686 1875 3001 1919 assumeret.
3034 1867 3200 1923 Porro
3245 1870 3447 1941 longum
3487 1847 3553 1927 est
3577 1847 3729 1928 tamdiu

578 1934 1212 1993 confusierubescerent.
1250 1938 1443 2007 Utique
1473 1940 1517 1994 si
1545 1948 1661 1994 erat
1688 1938 1848 1993 Pater
1877 1948 2161 2007 antequam

584 2033 867 2093 generaret
898 2024 1108 2092 Filium,
1143 2027 1257 2080 sine
1283 2026 1446 2080 dubio
1477 2041 1582 2081 non
1626 2037 1743 2081 erat
1774 2027 1953 2093 Pater,
1985 2028 2026 2081 si
2060 2044 2165 2083 non

590 2113 814 2167 habebat
840 2112 1054 2175 Filium.
1086 2114 1188 2169 Sed
1220 2130 1287 2169 ne
1306 2115 1396 2169 vel
1410 2116 1527 2171 .ltoc
1554 2126 1885 2185 praesumant
1914 2118 2165 2184 blasphe-

590 2214 826 2268 mantcs;
873 2188 990 2257 erat
1047 2203 1213 2259 Filius
1269 2214 1552 2275 antequam
1612 2207 2070 2275 nasceretur,qui
2118 2207 2164 2261 si

591 2293 752 2365 245
801 2303 955 2348 natus
998 2309 1104 2349 non
1150 2295 1341 2364 fuerat,
1371 2296 1645 2352 evidenter
1683 2311 1785 2350 non
1832 2305 1947 2350 erat
1977 2297 2013 2349 F
2020 2297 2165 2351 ilius.

586 2385 789 2448 Stulte,
822 2385 947 2454 quid
993 2400 1121 2453 ergo
1150 2390 1376 2454 ‘oportet
1419 2386 1631 2441 dicere?
1673 2386 1819 2455 Elige
1860 2386 1950 2438 tibi
2003 2400 2162 2439 unum

582 2473 653 2527 de
681 2471 889 2527 duobus
928 2474 1052 2543 quid
1084 2474 1303 2529 confuse
1330 2474 1595 2544 designes.
1651 2474 1788 2527 Ante
1819 2472 2034 2535 Filium,
2065 2472 2164 2526 Pa-

586 2576 719 2620 trem
761 2580 879 2620 esse
919 2568 1251 2636 pronuntias.
1286 2570 1392 2623 Aut
1432 2569 1476 2622 si
1527 2577 1639 2622 erat
1683 2567 1842 2622 Pater
1875 2575 2161 2635 antequam

581 2670 864 2726 generaret
911 2658 1124 2722 Filium,
1152 2669 1244 2714 aut
1288 2670 1403 2715 erat
1442 2659 1599 2714 Pater
1626 2659 1713 2728 qui
1750 2659 1859 2727 jam
1906 2672 2031 2712 Vere
2070 2671 2163 2724 ge-

582 2757 773 2803 nuerat
815 2748 1029 2803 Filium.
1090 2750 1179 2804 Vel
1232 2750 1329 2805 hoc
1378 2748 1645 2821 signiﬁcas
1686 2765 1700 2802 :
1743 2748 1799 2803 Si
1848 2756 1963 2802 erat
1994 2747 2162 2801 Filius

578 2850 867 2909 antequam
899 2851 1226 2905 nasceretur,
1251 2851 1340 2895 aut
1363 2852 1479 2895 erat
1502 2849 1659 2893 natus
1686 2840 1874 2905 Filius,
1901 2838 2022 2909 quia
2048 2837 2160 2905 jam

582 2945 709 2985 vere
748 2940 903 2984 natus
940 2929 1110 2985 fuerat
1146 2934 1212 2986 de
1241 2932 1427 2999 Patre,
1457 2932 1595 2987 sicut
1625 2932 1880 3001 scriptum
1912 2938 2031 2983 est:
2061 2926 2161 2991 Qui

564 3033 710 3087 erat,
744 3032 790 3075 et
817 3023 905 3090 qui
934 3032 1026 3086 est,
1048 3034 1095 3075 et
1140 3024 1228 3092 qui
1268 3032 1508 3077 venturus
1549 3034 1620 3076 est
1645 3024 1827 3093 (Apoc.
1864 3037 1898 3087 ι,
1934 3020 2011 3087 4).
2066 3018 2157 3071 Vel

583 3112 683 3166 hoc
707 3130 719 3164 :
745 3111 811 3164 1η
847 3113 1094 3183 principio
1141 3123 1247 3165 erat
1301 3114 1521 3167 Verbum
1561 3112 1750 3184 (Joan.
1790 3128 1830 3177 t,
1866 3109 1961 3181 1)ν
1997 3108 2160 3162 Vides

566 3204 701 3272 quia
746 3219 958 3272 semper
1003 3204 1100 3258 fuit
1149 3205 1312 3259 Filius
1355 3220 1475 3260 cum
1522 3206 1696 3269 Patre,
1726 3207 1815 3276 qui
1844 3214 1941 3271 est,
1977 3216 2029 3259 et
2070 3197 2163 3269 qui

580 3384 711 3449 hoc,
749 3387 973 3453 Ariane,
1021 3387 1143 3454 quia
1192 3396 1296 3440 tota
1344 3388 1471 3442 falsa
1525 3389 1819 3445 introducis
1855 3407 1869 3443 :
1908 3397 1965 3444 ut
2006 3390 2155 3444 dicas

561 3473 791 3529 “Patrem
841 3478 926 3545 qui
978 3492 1081 3530 non
1123 3488 1403 3545 genuerat,
1433 3489 1485 3534 et
1534 3480 1778 3535 nomines
1824 3479 2036 3547 Filium,
2064 3484 2153 3551 qui

580 3568 802 3620 necdum
835 3570 1004 3623 fuerat
1036 3582 1207 3624 natus.
1245 3570 1394 3641 Rogo
1432 3572 1477 3625 si
1510 3573 1664 3627 Pater
1692 3583 1828 3639 erat,
1859 3584 1914 3629 ut
1936 3588 2156 3629 asseve-

561 3670 689 3719 ‘ras,
724 3660 811 3724 qui
843 3674 946 3711 non
978 3671 1251 3727 genuerat,
1283 3671 1333 3716 et
1366 3662 1531 3717 Filius
1558 3672 1692 3727 erat,
1725 3666 1812 3733 qui
1844 3679 1949 3718 non
1970 3663 2154 3725 fuerat

567 3757 736 3800 natus
772 3747 838 3800 de
876 3748 1060 3812 Patre,
1092 3741 1278 3819 quaero
1317 3766 1345 3804 a
1386 3761 1438 3806 te
1476 3753 1599 3821 quid
1648 3764 1772 3807 tunc
1822 3754 2049 3807 fuerint?
2076 3753 2154 3808 Ne

570 3836 718 3893 forte
745 3839 910 3902 dicas,
942 3840 1101 3894 ambo
1148 3841 1388 3910 ingeniti,
1421 3845 1560 3911 quod
1590 3845 1749 3898 absit.
1782 3845 1918 3899 Vere
1960 3846 2156 3900 adver-

576 3942 670 3983 sus
698 3929 886 3999 dogma
918 3931 1208 3999 iniquitatis
1239 3942 1451 4001 vestrae,
1478 3948 1572 4003 pro
1602 3933 1699 3987 hac
1724 3936 2007 3999 sententia,
2034 3936 2154 4006 Spi-

577 4020 711 4074 ritus
742 4021 1046 4091 principalis
1069 4038 1164 4092 per
1194 4032 1434 4077 sanctum
1464 4024 1700 4094 Moysem
1732 4035 1875 4080 recte
1892 4024 2152 4083 denotans

575 4117 923 4185 comparavit,
944 4117 1127 4171 dicens
1152 4142 1164 4171 ι
1192 4116 1399 4171 Inimici
1420 4134 1587 4172 autem
1613 4124 1772 4173 nostri
1789 4120 2047 4175 inseusati.
2077 4120 2153 4176 De

578 4205 725 4258 uinea
752 4211 883 4258 enim
904 4206 1244 4262 Sodomorum
1270 4209 1390 4263 vitis
1419 4224 1594 4262 eorum
1615 4249 1631 4275 ,
1658 4221 1703 4262 et
1730 4226 1959 4282 prapago
1975 4227 2151 4265 eorum

575 4310 638 4347 ex
670 4294 973 4348 Gomorrha.
1002 4297 1110 4350 Uva
1133 4314 1307 4351 eorum
1328 4316 1419 4353 uva
1441 4301 1596 4369 fellis,
1613 4312 1657 4355 et
1685 4302 1857 4356 bo’trus
1873 4319 2045 4357 eorum
2060 4305 2151 4358 bo-

575 4392 686 4441 trus
711 4370 1071 4440 amaritudinis
1090 4402 1106 4439 :
1124 4389 1199 4439 ira
1232 4392 1508 4443 draconum
1533 4393 1703 4445 vinum
1726 4408 1898 4446 earum
1927 4405 1972 4447 et
2007 4396 2153 4463 [uror

579 4474 819 4543 aspidem
843 4478 1143 4530 insanabilis
1160 4477 1336 4547 (Deut.
1358 4495 1520 4543 xxxii,
1537 4482 1648 4549 51).
1666 4481 1817 4537 Unde
1840 4483 1958 4551 quia
1983 4488 2152 4537 mani-

578 4564 711 4618 feste
743 4582 925 4620 verum
978 4567 1186 4620 Patrem
1236 4568 1643 4637 sempiternum.
1677 4586 1834 4625 verus
1864 4572 2026 4627 Filius
2060 4574 2153 4629 de-

579 4655 750 4708 claret
778 4658 1156 4725 sempiternus,
1181 4660 1268 4728 qui
1301 4659 1367 4712 de
1394 4672 1458 4713 eo
1476 4667 1631 4713 natus
1662 4660 1867 4714 fuerat:
1894 4671 1948 4715 et
1970 4678 2149 4717 verum

578 4743 771 4797 Filium
806 4749 1206 4815 sempiternum,
1239 4765 1396 4803 verus
1426 4751 1580 4803 Pater
1604 4751 1933 4805 demonstrat
1958 4757 2151 4823 sempi-

577 4843 781 4899 ternus,
811 4838 895 4906 qui
925 4854 1045 4893 eum
1076 4850 1366 4909 genuerat;
1399 4856 1461 4896 ac
1490 4857 1584 4911 per
1613 4844 1711 4897 hoc
1746 4845 1826 4912 (ut
1857 4845 1991 4914 dixi)
2017 4846 2153 4902 sicut

579 4940 733 4979 verus
764 4927 937 4994 Pater,
972 4932 1060 4999 qui
1090 4931 1156 4985 de
1182 4934 1469 5002 semetipso
1510 4944 1767 5003 genuerat
1800 4936 2013 5007 Filium,
2048 4955 2149 4996 una

575 5030 698 5069 cum
727 5032 791 5071 eo
819 5029 932 5073 erat
958 5035 1170 5089 seraper
1196 5034 1319 5079 ante
1362 5008 1537 5078 omnia
1583 5028 1841 5093 anterior,
1874 5030 1950 5083 sic
1978 5041 2029 5085 et
2062 5047 2149 5086 ve-

575 5122 669 5161 rus
719 5107 909 5176 Filius,
941 5113 1025 5178 qui
1064 5112 1171 5180 jam
1213 5115 1640 5171 inenarrabiliter
1682 5128 1834 5173 natus
1875 5119 2051 5176 fuerat
2081 5123 2148 5178 de

574 5198 755 5263 Patre,
788 5217 889 5253 una
919 5217 1038 5255 cum
1071 5219 1135 5256 co
1166 5204 1264 5256 fuit
1291 5220 1501 5275 semper
1528 5219 1652 5264 ante
1682 5212 1860 5263 omnia
1891 5214 2143 5266 anterior.

576 5293 700 5349 llzec
724 5301 826 5360 est,
861 5294 1095 5363 inquam,
1121 5295 1171 5349 in
1202 5295 1281 5350 liis
1309 5300 1545 5353 anterior
1575 5302 1997 5369 sempiternitas,
2030 5318 2149 5373 qua:

574 5394 697 5438 ante
722 5400 880 5440 omne
905 5385 1120 5440 omnino
1146 5388 1460 5458 principium
1494 5391 1591 5444 fuit
1616 5402 1667 5446 et
1694 5405 1828 5446 erat.
1860 5394 1983 5447 Ideo
2014 5410 2147 5449 nuu-

575 5489 731 5543 quam
766 5478 918 5533 Pater
959 5478 1075 5533 sine
1108 5479 1258 5544 Filio,
1290 5483 1411 5550 quia
1454 5498 1667 5552 semper
1698 5483 1863 5538 Filius
1897 5485 1992 5538 luit
2024 5502 2144 5540 cum

576 5566 749 5631 Patre,
781 5572 902 5625 dum
946 5573 1089 5627 nullo
1133 5573 1291 5628 modo
1334 5582 1508 5630 potest
1554 5574 1709 5629 Pater
1754 5576 1837 5630 hic
1883 5577 1985 5632 dici
2030 5580 2147 5634 sine

538 5686 542 5691 -
578 5656 729 5711 Filio.
750 5662 919 5731 Super
940 5666 1075 5722 hanc
1097 5676 1294 5722 tantam
1323 5668 1556 5724 veritatis
1584 5669 1947 5736 probationem
1967 5672 2138 5730 adhuc

580 5749 769 5825 adjecit
798 5753 1043 5821 iniquitas
1069 5774 1252 5815 eorum
1294 5759 1555 5815 dicendo:
1581 5760 1877 5833 Antequam
1917 5779 2141 5835 genera-

2252 1957 2437 2000 'c.ecas
2466 1965 2651 2004 eorum
2696 1953 2747 2006 in
2790 1970 2949 2009 unum
3000 1959 3259 2026 replicare
3298 1963 3547 2030 caligines.
3575 1967 3730 2021 Atidiant

2268 2035 2443 2104 itaque
2474 2048 2707 2094 nostram
2740 2058 2919 2098 veram
2966 2055 3019 2099 et
3059 2048 3381 2106 immobilem
3407 2067 3564 2109 vocem
3589 2058 3729 2110 confes-

2263 2124 2454 2180 sionis.
2484 2128 2651 2194 Quem
2687 2131 2976 2199 ignorando
3002 2138 3414 2205 omnipotentem
3455 2146 3590 2199 Deum
3614 2147 3728 2199 testati

2265 2217 2413 2283 estis,
2442 2234 2538 2272 nos
2587 2219 2756 2289 ipsum
2804 2223 3012 2280 Patrem
3059 2242 3178 2284 esse
3225 2232 3541 2287 defendimus
3568 2253 3576 2286 :
3605 2246 3642 2288 et
3672 2251 3729 2287 ror

2251 2309 2680 2376 omnipotentem
2714 2312 2923 2369 Patrem
2953 2325 3069 2371 esse
3092 2322 3434 2388 przedicatnus
3454 2327 3726 2388 ostendimus;

2263 2399 2384 2465 quia
2415 2402 2830 2469 omnipatentem
2861 2406 3046 2474 Deum,
3076 2412 3247 2479 qualis
3279 2415 3386 2483 ipse
3411 2426 3486 2470 est
3518 2418 3562 2471 in
3592 2426 3728 2481 natura,

2264 2492 2423 2545 talem
2469 2494 2649 2560 genuit
2680 2495 2869 2551 Filium
2893 2541 2906 2565 ,
2940 2500 3072 2554 sicut
3105 2503 3156 2556 in
3188 2503 3470 2574 Scripturis
3500 2518 3663 2563 cautum
3681 2509 3729 2562 in-

2265 2584 2507 2639 venimus
2530 2600 2544 2637 :
2573 2585 2672 2651 Qui
2698 2596 2791 2656 est,
2814 2600 2862 2642 et
2890 2594 2978 2657 qui
2998 2593 3112 2661 fuit,
3146 2604 3194 2647 et
3228 2597 3318 2666 qui
3342 2608 3558 2653 uenturus
3586 2609 3639 2653 est
3665 2615 3729 2650 ou-

2261 2675 2491 2745 nipotens
2523 2675 2661 2732 Deus
2686 2679 2874 2749 (Apoc.
2904 2697 2941 2747 ι,
2969 2683 3046 2753 Il).
3083 2685 3245 2741 Vides
3267 2689 3635 2759 omnipotentem
3655 2702 3729 2743 esse

2266 2767 2356 2822 Dei
2405 2768 2594 2822 Filium
2636 2770 2686 2824 in
2732 2784 2938 2837 natura,
2990 2776 3126 2832 sicut
3170 2787 3227 2833 et
3270 2780 3492 2837 Patrem.
3535 2784 3630 2838 ideo
3649 2780 3729 2836 nihil

2263 2874 2433 2928 nuper
2458 2862 2704 2929 accessit,
2739 2863 2788 2917 in
2821 2866 2964 2920 unita
2995 2867 3273 2927 divinitate
3300 2874 3603 2943 sempiterna:
3619 2873 3731 2928 omni.

2265 2954 2535 3021 potentite,
2562 2955 2704 3011 Patri
2745 2968 2798 3012 et
2841 2959 2996 3015 Filio.
3044 2962 3185 3018 Sane
3212 2981 3318 3022 nec
3343 2970 3639 3038 omnipotenti
3663 2966 3729 3020 Deo

2262 3055 2447 3101 sancto
2491 3047 2708 3117 Spiritui
2736 3051 2932 3121 aliquid
2975 3051 3275 3114 accessisse
3315 3060 3628 3129 cognoscitur,
3648 3071 3731 3127 quo-

2262 3138 2407 3189 niam
2430 3137 2496 3192 de
2524 3140 2666 3193 unita
2689 3142 3088 3212 omnipotentiae
3108 3148 3404 3205 substantia
3428 3160 3524 3217 est;
3549 3152 3640 3219 quia
3659 3152 3729 3202 hac

579 3228 701 3272 qu”
746 3228 958 3272 δειπνεῖ
1003 3228 1100 3258 ¹υιι
1149 3228 1312 3259 “""5
1355 3228 1475 3260 Wl"
1522 3228 1696 3269 “me,
1726 3228 1815 3276 ί1υ¹
1844 3228 1941 3271 es"
1977 3228 2029 3259 δι
2070 3228 2163 3269 ιιυ¹
2186 3264 2232 3327 C
2263 3228 2408 3282 unita
2431 3239 2618 3283 natura
2650 3247 2749 3286 nec
2776 3244 3129 3303 augmentum‘
3147 3239 3385 3308 aliquod,
3416 3257 3506 3298 nec
3528 3241 3729 3296 detrimen-

579 3305 713 3359 erat,
745 3303 797 3348 et
840 3294 929 3364 qui
974 3305 1229 3349 venturus
1279 3307 1381 3350 est.
1429 3297 1527 3364 Qui
1579 3296 1698 3350 ideo
1744 3311 1851 3350 non
1904 3294 2156 3365 intelligis
2260 3328 2372 3365 mm
2408 3324 2615 3365 mum".
2674 3326 2824 3365 mm,
2872 3327 2940 3365 ει,
2988 3331 3431 3365 ηηρωωιηηιηη,
3469 3334 3621 3365 δηληη,
3654 3338 3727 3365 ,ηηε

697 3336 713 3359 ’
746 3336 797 3348 ν.
841 3336 929 3359 \I".
984 3336 1152 3349 'Vll'ul
1170 3336 1229 3348 πυ
1280 3336 1381 3350 νυ..
1431 3336 1527 3359 uu-
1580 3336 1659 3350 luh

2260 3328 2373 3375 tum
2407 3324 2619 3390 patitttr.
2673 3326 2824 3381 Disce
2872 3327 2942 3380 ita
2988 3331 3431 3398 quemadmodum
3468 3334 3622 3388 debeat
3654 3338 3728 3383 tuus

2257 3428 2408 3468 error
2458 3415 2680 3471 absolvi.
2744 3417 2935 3489 Utique
2984 3423 3382 3491 sempiternitas
3438 3426 3582 3480 Patris
3625 3420 3729 3476 Filios

2255 3506 2373 3573 ejus
2420 3516 2535 3573 est,
2564 3508 2688 3571 quia
2738 3511 2805 3564 de
2856 3511 2971 3578 ipso
3023 3513 3449 3573 inenarrabiliter
3489 3526 3592 3570 ante
3628 3522 3729 3566 omne

2253 3596 2473 3650 omnino
2522 3598 2836 3667 principium
2860 3612 3024 3658 natus
3053 3614 3131 3659 est
3159 3624 3173 3661 :
3199 3616 3257 3662 et
3284 3609 3633 3679 Sempiternitas
3654 3599 3728 3656 Filii

2258 3690 2416 3744 Pater
2440 3691 2555 3759 ejus
2600 3700 2702 3755 est,
2725 3695 2852 3762 quia
2894 3696 3008 3764 ipse
3054 3713 3174 3754 eum
3222 3710 3349 3755 ante
3394 3711 3563 3755 cuneta
3599 3692 3727 3750 saecula

2255 3781 2570 3836 surculorum
2595 3783 3083 3855 incomparabiliter
3106 3793 3323 3859 genuit:
3353 3794 3460 3847 sive
3483 3782 3728 3858 sempiterni-

2257 3887 2337 3931 tns
2365 3876 2591 3944 Spiritus
2639 3880 2911 3947 paracleti,
2946 3882 3093 3936 unita
3121 3883 3297 3939 deitas
3326 3886 3436 3955 ejus
3461 3894 3533 3940 est
3555 3896 3645 3938 cum
3663 3878 3727 3932 Pt-

2257 3974 2337 4021 tre
2367 3976 2419 4022 et
2449 3968 2602 4034 Filio,
2628 3985 2747 4037 qua!
2790 3970 2924 4024 facta
2973 3987 3076 4026 non
3108 3983 3210 4041 est,
3244 3976 3382 4031 sicut
3411 3975 3554 4030 Filius
3579 3975 3727 4025 testatus

2254 4070 2334 4113 est
2363 4060 2430 4115 de
2453 4074 2518 4114 eo
2541 4076 2555 4114 :
2580 4061 2623 4113 Α
2651 4059 2804 4115 Patre
2833 4063 3057 4131 procedit
3084 4063 3263 4137 (Joan.
3294 4083 3377 4132 xv,
3404 4066 3508 4137 26),
3532 4073 3573 4119 et
3596 4063 3642 4114 de
3660 4068 3726 4111 om

2252 4150 2465 4219 accipiet
2494 4150 2673 4219 (Joan.
2700 4167 2805 4214 xvr,
2838 4152 2950 4216 14).
2975 4153 3078 4208 Sed
3109 4164 3162 4209 et
3186 4156 3343 4212 Pater
3370 4157 3475 4211 hate
3500 4154 3612 4209 dicta
3634 4158 3726 4201 com-

2256 4242 2444 4310 probat
2488 4259 2580 4310 per
2626 4246 2937 4314 pr0plietam
2957 4287 2971 4311 ,
2999 4246 3182 4301 dicens
3215 4264 3230 4305 :
3260 4249 3479 4319 Spiritus
3511 4265 3537 4298 a
3562 4260 3622 4296 me
3654 4252 3727 4308 tW

2250 4333 2387 4386 cedit
2416 4331 2569 4403 (Isai.
2616 4349 2739 4397 Lvtt,
2778 4335 2887 4405 16).
2937 4336 3003 4389 Ει
3038 4337 3143 4390 alio
3180 4338 3233 4392 in
3274 4332 3673 4403 locozE/fundant
3690 4324 3727 4376 tit

2256 4422 2456 4493 Spiritu
2490 4440 2598 4479 meo
2640 4442 2791 4493 super
2816 4442 3015 4479 omnem
3046 4445 3251 4483 carnem
3281 4430 3434 4502 (Ioel,
3459 4424 3610 4495 ".98).
3631 4414 3727 4485 ΟΜ

2256 4518 2306 4570 in
2334 4515 2649 4573 Pentecoste
2682 4521 2732 4571 in
2764 4520 3034 4587 apostolos
3082 4522 3277 4577 factum
3323 4523 3507 4585 fuisse,
3535 4516 3727 4581 Scriptara

2180 4609 2432 4685 Ddivina
2483 4618 2724 4663 testatur.
2772 4610 2901 4665 Nam
2955 4612 3095 4666 sicut
3138 4613 3300 4669 Pater
3345 4614 3559 4669 declarat
3604 4602 3729 4660 Filium

2259 4714 2412 4753 suum
2443 4700 2495 4754 in
2526 4700 2723 4756 deitate
2746 4718 2860 4767 sua,
2895 4702 3049 4773 247
3079 4707 3329 4773 quoniam
3361 4707 3490 4759 Deus
3517 4711 3641 4755 verus
3660 4698 3729 4744 esl'

2258 4792 2325 4846 ill
2365 4802 2421 4848 et
2466 4792 2630 4847 Filius
2670 4794 3001 4849 demonstrat
3040 4796 3249 4850 Patrem
3296 4798 3347 4851 in
3385 4789 3634 4851 substantia
3657 4792 3731 4839 sui.

2255 4888 2504 4955 quoniam
2547 4888 2681 4939 Deus
2709 4903 2865 4941 verus
2891 4895 3009 4942 est:
3035 4888 3112 4942 sic
3145 4897 3199 4942 et
3230 4888 3457 4958 Spiritus
3479 4890 3653 4940 sanctus
3682 4883 3732 4924 re

2257 4977 2399 5032 velat
2427 4977 2636 5031 Patrem
2665 4986 2719 5031 et
2758 4977 2966 5044 Filium,
2997 4982 3048 5033 in
3090 4980 3234 5034 unita
3280 4990 3460 5035 natura
3494 4988 3577 5029 sua
3599 4973 3733 5059 a-tct'ttll

2256 5069 2505 5137 quoniam
2554 5070 2695 5123 Deus
2739 5084 2892 5123 verus
2936 5080 3039 5124 est.
3082 5071 3202 5126 llaec
3250 5081 3362 5134 et,
3396 5072 3611 5134 inquam.
3640 5061 3733 5151 “P’f‘

2256 5160 2592 5227 omnipotens
2638 5161 2961 5229 sempiterna
3012 5162 3263 5227 Trinitas,
3290 5162 3372 5217 cui
3414 5161 3476 5214 de
3521 5148 3675 5209 recenti
3703 5148 3735 5194 in

2256 5248 2453 5303 deitate
2484 5250 2623 5304 nulla
2652 5253 2878 5307 accessit
2905 5253 3155 5322 dignitas.

2328 5369 2631 5425 ereticus.
2666 5372 2935 5443 Interrogo
2965 5384 3035 5442 te,
3062 5376 3323 5442 res;~onde
3353 5375 3471 5429 milii
3502 5388 3515 5425 :
3540 5368 3631 5422 Non
3652 5367 3736 5423 ef$°

2256 5463 2524 5518 mutabilis
2548 5506 2563 5529 ,
2608 5466 2690 5520 vel
2719 5468 3080 5522 convertibilis
3111 5478 3191 5524 est
3221 5470 3333 5524 lucc
3362 5468 3497 5522 unita
3519 5449 3735 5515 substantia

2253 5552 2561 5610 Trinitatis?

2324 5673 2653 5727 Athanasius.
2705 5674 2840 5728 Audi
2884 5675 3077 5744 itaque.
3111 5677 3375 5744 Scriptum
3415 5682 3488 5728 est
3516 5690 3526 5723 :
3557 5666 3735 5738 E995”

2254 5764 2422 5832 Deus,
2457 5778 2502 5821 et
2531 5782 2626 5819 non
2660 5784 2768 5821 sum
2798 5777 3014 5821 mutatut
3059 5767 3306 5840 (Μωυσῆ,
3346 5785 3416 5835 nt,
3446 5766 3515 5835 6).
3556 5757 3629 5812 Vel
3651 5763 3733 5821 Pro‘
