3938 6376
187 356 286 410 275

1420 352 1502 406 DE
1543 349 1911 406 Tlth'l‘ATE
1954 350 2080 404 LIB;
2126 349 2185 404 γ.

3305 357 3410 410 276

177 477 379 544 phetam
405 474 469 526 ad
494 474 605 528 lucc
627 473 887 527 dicentem
916 490 928 525 :
957 471 1176 525 Mutubis
1203 490 1286 527 eos
1316 484 1359 525 et
1384 473 1730 534 mutabuntur,
1764 474 1809 530 Α
1841 483 2067 537 opt-rrum
2100 481 2173 523 est
2212 469 2542 539 Evangelium
2588 478 2846 533 nostrum,
2875 470 2928 522 in
2967 469 3047 523 llis
3078 475 3165 541 qui
3200 486 3414 544 pereunt

177 574 225 617 tu
248 575 415 617 autem
445 565 575 617 idem
607 565 711 630 ipse
738 580 810 627 es,
849 574 895 616 et
918 564 1041 617 anni
1072 565 1141 616 tui
1170 581 1267 618 non
1298 564 1526 627 deﬁcient
1558 562 1730 633 (Psal.

177 671 242 717 Cl,
266 653 379 724 28).
419 655 541 710 SLve
581 656 685 709 tale
715 654 911 709 dictum
951 657 1079 722 acci.
1102 673 1168 710 e:
1206 656 1312 727 Ego
1344 674 1454 709 sum
1488 656 1623 711 Deus
1645 700 1657 718 ,
1688 667 1734 710 et

176 763 267 798 non
298 746 529 799 demutor
571 746 822 815 (Malach.
856 762 930 812 tu,
961 747 1037 817 6).
1088 747 1221 802 Vere
1269 749 1545 802 mani'este
1578 748 1674 816 ipsi
1704 762 1732 801 a

176 833 382 889 diabolo
413 837 669 890 immutati
701 846 822 891 sunt
848 876 861 899 ,
892 836 982 905 qui
1022 836 1157 891 hanc
1187 838 1515 892 divinitatem
1541 839 1735 907 sempi-

176 935 334 980 ternae
363 927 639 982 Trinitatis
684 928 748 981 in~
780 928 1147 994 confessione,
1181 938 1384 983 mutare
1424 938 1686 983 conantur
1719 946 1731 981 :

170 1018 299 1071 sicut
330 1017 613 1089 Apostolus
644 1018 839 1073 indicat
871 1037 883 1072 :
919 1019 1019 1084 Qui
1060 1020 1443 1074 immutaverunt
1481 1022 1736 1077 veritatem

172 1107 256 1162 Dei
290 1109 341 1162 in
371 1111 705 1175 mendacium,
734 1120 780 1164 et
810 1112 1083 1165 servierunt
1116 1121 1357 1165 creatura:
1392 1112 1557 1179 potius
1583 1126 1735 1179 quam

166 1200 413 1264 Creatori,
431 1202 517 1269 qui
539 1212 611 1255 est
630 1200 767 1256 Deus
784 1203 1066 1256 benedictus
1086 1202 1138 1255 in
1159 1203 1347 1257 sa’cula
1370 1202 1542 1273 (Rom.
1563 1219 1601 1269 ι,
1618 1202 1731 1272 25).

165 1290 404 1360 Intellige
431 1292 608 1359 itaque
634 1306 731 1346 nec
773 1293 1190 1357 incrementum,
1223 1309 1321 1349 nec
1358 1294 1733 1349 detrimentum

166 1382 331 1437 ullum
382 1397 535 1450 posse
580 1383 843 1439 sustinere
910 1384 1047 1439 hanc
1100 1385 1488 1442 immutabilem
1535 1388 1733 1443 unitam

166 1472 550 1542 p'enitudinem
577 1474 889 1529 substantiae
911 1475 1206 1530 Trinitatis.

234 1563 542 1619 Haretfcus.
569 1566 737 1635 Rogo,
771 1568 813 1621 si
844 1568 986 1621 unita
1018 1577 1098 1623 est
1124 1568 1416 1625 substantia
1445 1570 1736 1626 divinitatis

165 1656 356 1723 Patris,
381 1666 434 1713 et
461 1658 602 1725 Filii,
626 1669 678 1714 et
705 1661 873 1716 sancti
890 1662 1138 1731 Spiritus,
1161 1661 1228 1718 de
1252 1664 1562 1720 auctoritate
1587 1664 1737 1720 Scri-

164 1757 434 1816 pturnrum
464 1749 592 1803 mihi
620 1749 812 1806 indica.

1837 570 1907 612 est
1946 569 2211 627 apertum,
2249 562 2301 613 in
2341 560 2518 629 quibus
2561 559 2697 613 Deus
2742 561 2914 613 sa'culi
2952 561 3103 633 hujus
3144 570 3410 618 exca'cavt't

1838 661 2022 705 mentes
2045 650 2329 718 inﬁdelium
2349 692 2362 712 ,
2388 661 2441 703 ut
2469 667 2571 703 non
2597 651 2787 721 fulgeat
2814 650 3119 705 illuminatio
3146 653 3412 725 Evangelii

1836 740 2015 811 gloria
2040 740 2228 794 Christi
2255 740 2340 810 (Il
2356 740 2475 796 Cor.
2503 758 2575 807 tv,
2592 744 2671 811 5).

1910 828 2214 882 Hcereticus.
2250 830 2379 895 Quae
2404 840 2486 887 est
2510 834 2682 903 imago
2715 833 2804 888 Dei
2832 835 3112 891 invisibilis
3140 836 3327 901 Patris,
3358 852 3413 894 et

1838 919 1985 984 Filii,
2009 919 2075 975 de
2104 922 2419 977 auctoritate
2451 924 2577 978 mihi
2611 925 2800 979 indica.

1909 1011 2239 1065 Athanasius.
2268 1012 2391 1068 Scio
2419 1016 2540 1083 quia
2572 1016 2805 1072 difﬁcilis
2834 1017 3013 1073 exitus
3042 1030 3122 1074 est
3149 1020 3232 1074 hic
3265 1023 3411 1090 igno-

1838 1102 2078 1157 rantibus
2105 1103 2157 1157 in
2184 1104 2509 1159 absolvenda
2534 1146 2548 1170 ,
2599 1107 2691 1160 sed
2734 1123 2830 1162 nos
2868 1118 3075 1177 oportet
3107 1126 3317 1180 semper
3343 1113 3409 1167 ad

1838 1192 2168 1247 coruscantis
2202 1193 2348 1247 Pauli
2394 1193 2662 1263 eloquium
2714 1196 2915 1251 intento
2946 1201 3106 1254 corde
3149 1203 3406 1269 aspicere,

1837 1280 2065 1337 dicentis
2106 1299 2121 1336 :
2168 1282 2279 1338 Nos
2327 1299 2496 1338 omnes
2531 1284 2751 1338 revelata
2790 1288 2918 1355 facie
2952 1288 3167 1358 gloriam
3206 1290 3412 1344 Domini

1836 1374 2158 1441 speculantes
2190 1374 2243 1426 in
2278 1375 2503 1428 eamdem
2529 1376 2793 1445 imaginem
2821 1378 3167 1446 reformantur
3186 1398 3217 1433 a
3248 1382 3412 1448 gloria

1838 1466 1891 1519 in
1933 1464 2174 1535 gloriam,
2217 1466 2344 1517 sicut
2386 1482 2417 1519 α
2460 1466 2664 1519 Domini
2690 1467 2886 1537 Spiritu
2924 1468 3009 1540 (11
3034 1470 3151 1525 Cor.
3184 1488 3261 1533 tu,
3298 1474 3407 1544 l8).

1838 1556 2130 1611 Considera
2159 1556 2211 1610 in
2242 1572 2341 1610 una
2376 1558 2604 1626 imagine
2630 1560 3075 1628 quemadmodum
3108 1579 3262 1617 unam
3296 1566 3410 1633 glo-

1839 1648 1973 1702 riam
2007 1659 2087 1703 ter
2115 1648 2432 1717 designavit,
2462 1650 2509 1704 id
2537 1651 2873 1721 est’gloriam
2903 1654 3129 1718 Domini,
3158 1673 3185 1710 a
3216 1658 3409 1725 gloria,

1839 1738 1890 1792 in
1935 1738 2157 1807 gloriam
2185 1781 2199 1805 ,
2246 1742 2381 1795 sicut
2415 1756 2444 1797 a
2486 1741 2691 1796 Domini
2739 1742 2957 1810 Spiritu.
3015 1744 3199 1799 Nonne
3246 1756 3301 1800 ut
3329 1756 3413 1801 est

232 1838 560 1893 Athanasius.
607 1841 740 1895 Audi
771 1841 1025 1910 Spiritum
1054 1852 1291 1898 sanetum
1323 1859 1416 1913 per
1443 1843 1729 1900 leremiam

1846 1834 2012 1900 imago
2060 1831 2151 1887 Dei
2200 1830 2373 1885 Patris
2420 1832 2471 1886 in
2520 1833 2729 1901 gloria,
2775 1833 2852 1889 sic
2900 1833 3086 1889 eadem
3139 1838 3245 1904 ipsa
3294 1838 3410 1892 talis

165 1932 476 1998 prophetam
526 1939 805 1987 testantem
831 1976 844 2000 ,
895 1934 976 1988 vel
1026 1935 1133 1988 ituo
1178 1934 1458 1990 haereticos
1489 1950 1582 2004 per
1620 1934 1734 1990 haec

166 2007 496 2076 auctoritatis
521 2021 639 2091 jura
670 2024 1032 2094 increpantem
1068 2042 1081 2079 :
1114 2024 1279 2091 Super
1304 2036 1495 2079 montes
1524 2028 1736 2097 accipfte

163 2111 451 2180 planctum,
493 2122 539 2165 et
568 2129 718 2181 super
746 2116 950 2168 semitas
976 2116 1158 2168 deserti
1184 2117 1466 2179 lucturum,
1497 2117 1616 2186 quia
1646 2118 1735 2169 de-

164 2207 412 2272 fecerunt,
442 2221 499 2259 eo
526 2207 661 2275 quod
692 2223 791 2260 non
820 2207 918 2259 sint
948 2206 1195 2273 homines,
1230 2223 1329 2261 non
1354 2208 1622 2263 audierunt
1650 2225 1736 2262 ro-

161 2312 266 2350 sem
296 2298 608 2354 substantia.
628 2298 684 2351 Ἀ
704 2300 951 2354 volatibus
971 2300 1083 2353 coeli
1106 2316 1260 2368 usque
1288 2301 1356 2352 ad
1384 2316 1563 2369 pecora
1602 2299 1731 2369 (Jer.

162 2403 235 2455 ts,
274 2388 386 2459 10).
433 2390 501 2445 Et
526 2388 603 2444 sic
628 2400 943 2459 prosecutus
971 2401 1054 2446 est
1086 2409 1097 2445 :
1135 2392 1258 2457 Quis
1283 2392 1435 2445 homo
1462 2393 1665 2457 sapiens
1692 2402 1738 2446 et

159 2478 448 2548 intelligens
486 2479 592 2533 lucc
639 2479 839 2547 (1⁸1ιὶιήν
866 2479 991 2549 12)?
1035 2480 1161 2546 Hic,
1194 2490 1249 2534 ιιι
1297 2480 1515 2555 intelligi
1561 2481 1737 2545 datur,

161 2579 380 2625 montes
421 2578 481 2625 et
519 2571 682 2626 colles
725 2571 778 2625 in
808 2572 1052 2641 superbia
1082 2572 1204 2626 elati
1230 2612 1244 2635 ,
1294 2581 1583 2639 potestates
1613 2581 1737 2627 sunt

160 2660 326 2727 hujus
378 2660 578 2715 mundi.
631 2660 699 2716 Et
736 2663 940 2716 semita;
968 2661 1205 2729 deserti,
1247 2661 1413 2717 Judazi
1459 2672 1619 2731 sunt,
1651 2664 1738 2733 qui

160 2763 381 2817 semper
397 2758 638 2805 errantes
660 2748 929 2805 Christum
964 2750 1127 2806 Deum
1164 2766 1365 2818 verum,
1392 2752 1457 2807 de
1486 2752 1739 2808 substan-

162 2840 233 2894 tia
270 2839 445 2894 Patris
474 2850 597 2895 ante
641 2850 829 2896 cuncta
869 2842 1062 2897 saecula
1092 2853 1307 2909 natum,
1342 2858 1443 2897 non
1473 2858 1737 2913 cognove-

160 2941 311 2986 runt.
363 2933 607 2988 Volatilia
647 2943 823 2990 autem
855 2936 977 2991 cmli
1008 2936 1242 2992 haeretici
1284 2948 1443 3002 sunt,
1474 2939 1563 3007 qui
1594 2940 1738 2993 omni

162 3033 327 3078 vento
354 3024 610 3080 doctrina
641 3025 743 3081 huc
771 3036 928 3095 atque
958 3026 1080 3081 illuc
1100 3068 1115 3091 ,
1146 3029 1279 3081 sicut
1312 3041 1436 3082 aves
1464 3028 1740 3084 circumte-

162 3122 378 3177 runtur,
407 3124 461 3170 et
490 3116 689 3170 unitam
714 3117 972 3185 jussionis
1004 3132 1212 3182 vocem,
1246 3126 1402 3183 atque
1433 3133 1589 3172 unam
1620 3119 1739 3174 sub-

1837 1921 2012 1992 imago
2042 1935 2120 1978 est
2161 1925 2346 1994 gloria:
2392 1925 2555 1980 Filii?
2600 1928 2739 1981 sicut
2769 1928 2939 1982 sancti
2982 1927 3210 1997 Spiritus
3238 1930 3425 1999 imago-

1835 2014 2018 2084 gloriae
2044 2016 2230 2071 eadem
2264 2018 2376 2087 ipsa
2403 2027 2457 2072 et
2485 2028 2625 2073 tanta
2660 2020 2743 2075 vel
2776 2020 2895 2074 talis
2920 2029 3021 2075 cst.

1909 2104 2215 2162 lla'reticus.
2264 2108 2483 2165 Det-lora
2518 2111 2645 2164 milti
2671 2153 2685 2176 ,
2719 2111 2763 2165 si
2806 2111 2973 2166 divisa
3016 2121 3096 2167 est
3125 2112 3237 2168 lt'rc
3268 2128 3368 2168 una
3392 2155 3406 2176 ,

1837 2206 1997 2266 atque
2025 2199 2211 2253 eadem
2248 2201 2358 2267 ipsa
2387 2201 2679 2257 substantia
2715 2202 2906 2267 Patris,
2952 2203 3065 2258 Filii
3099 2214 3150 2258 et
3180 2205 3410 2273 Spiritus

1837 2288 2028 2347 sancti.
2060 2303 2126 2342 an
2158 2290 2406 2356 indivisa,
2438 2303 2526 2345 aut
2551 2294 2626 2347 sic
2656 2302 2873 2348 extensa
2904 2303 2984 2348 est
3011 2297 3060 2349 in
3094 2296 3335 2350 invicem.

1911 2377 2241 2434 Athanasius.
2302 2379 2465 2451 2&9
2511 2382 2555 2435 Ο
2599 2383 2933 2450 experientia
2992 2384 3220 2439 hominis
3255 2426 3267 2450 ,
3322 2388 3413 2454 qui

1840 2467 2075 2538 seipsum
2107 2485 2209 2525 non
2256 2474 2534 2542 intelligit!
2584 2475 2773 2543 Utique
2804 2476 2891 2530 ubi
2922 2476 3163 2531 indicasti
3197 2479 3412 2533 unitatis

1840 2560 2246 2629 plenitudinem,
2279 2563 2591 2619 substantia:
2615 2580 2804 2619 nomen
2830 2566 3112 2621 indivisum
3146 2568 3194 2621 in
3224 2570 3417 2623 eodem

1842 2650 2223 2708 demonstrasti
2256 2655 2509 2709 nomine?
2557 2656 2792 2725 Aquue
2823 2657 3095 2735 rursus'in
3126 2659 3413 2727 repetendo

1841 2745 1982 2816 quod
2022 2746 2352 2814 distinxisti,
2405 2749 2781 2817 proprietatem
2836 2749 3145 2805 earumdem
3192 2751 3413 2820 singulis

1841 2836 2089 2905 personis
2116 2837 2292 2892 inesse
2326 2837 2725 2893 demonstrasti.
2758 2839 3022 2896 Memento
3051 2843 3167 2910 quia
3202 2840 3413 2894 inenar-

1841 2928 2030 2983 rabilia
2052 2936 2175 2982 sunt
2198 2943 2314 2999 qua:
2335 2930 2581 2993 dicimus,
2604 2946 2721 3000 qua:
2743 2931 2961 2986 omnino
2982 2933 3246 2988 credenda
3269 2948 3328 2987 su
3373 2943 3410 2985 ι.

1840 3020 1955 3075 Non
1988 3029 2165 3075 tamen
2198 3020 2419 3076 facultas
2446 3023 2566 3077 data
2593 3032 2676 3078 est
2703 3033 2760 3078 ut
2789 3024 2852 3077 ad
2885 3025 3136 3093 liquidum
3166 3026 3268 3079 sint
3302 3026 3414 3079 haec

1843 3125 1871 3165 a
1902 3112 2056 3166 nobis
2093 3112 2427 3168 discutienda
2464 3132 2476 3169 :
2510 3116 2759 3184 quoniam
2790 3116 2902 3187 ipsa
2934 3130 3266 3172 sacrosancta
3299 3118 3415 3171 Τι’·-

163 3205 418 3260 stantiam
449 3207 619 3261 Patris
644 3253 658 3276 ,
690 3219 744 3263 et
775 3208 914 3272 Filii,
944 3218 1009 3264 et
1038 3210 1204 3264 sancti
1227 3209 1455 3275 Spiritus
1486 3225 1601 3265 esse
1633 3228 1739 3268 non
1769 3201 1814 3265 C
1846 3205 1983 3259 nitas
2015 3204 2138 3259 sciri
2166 3219 2224 3261 se
2257 3213 2459 3260 tantum
2497 3206 2696 3273 voluit,
2737 3223 2841 3261 non
2878 3217 3052 3264 tamen
3082 3210 3315 3278 permisit
3348 3211 3417 3263 de

162 3300 511 3354 conﬁtentur.
545 3300 743 3355 Pecora
773 3301 992 3371 adu-que
1020 3303 1245 3370 gentiles
1272 3311 1423 3365 sunt,
1454 3304 1541 3371 qui
1574 3303 1739 3359 Deum

164 3387 425 3445 factorem
452 3407 606 3445 suum
646 3406 750 3445 non
796 3401 1178 3461 cognmerunt.
1211 3393 1348 3447 Vere
1378 3409 1535 3447 nemo
1565 3409 1627 3448 ex
1658 3395 1741 3449 Itis

162 3480 507 3536 arb'trantins
536 3491 617 3535 est
661 3482 871 3551 sapiens
897 3524 910 3543 ,
959 3482 1046 3548 qui
1088 3496 1191 3535 non
1241 3483 1537 3550 intelligunt
1582 3483 1743 3554 248

164 3568 305 3624 hanc
340 3572 538 3626 unitam
561 3587 684 3627 esse
708 3574 837 3626 usiae
866 3572 1210 3626 substantiam
1237 3573 1529 3627 Trinitatis.
1558 3574 1651 3629 Vel
1674 3574 1741 3628 ad

163 3661 281 3716 lucc
323 3662 560 3731 iutellige
600 3664 910 3733 prophetam
942 3664 1259 3718 clamantem
1294 3682 1305 3716 :
1343 3664 1467 3731 Quis
1500 3666 1648 3719 stabit
1688 3666 1745 3720 in

161 3752 450 3805 substantia
490 3752 723 3819 Domini,
768 3764 812 3808 et
855 3755 1035 3807 videbit
1083 3753 1296 3808 Verbum
1333 3758 1447 3825 ejus
1513 3755 1736 3825 (Jerem.

162 3858 319 3906 uin,
360 3843 480 3911 18)?
511 3844 670 3898 Plane
699 3845 819 3912 quis
852 3846 1126 3898 hominum
1156 3848 1324 3914 potuit
1356 3856 1499 3901 stare
1535 3848 1586 3901 in
1615 3847 1741 3901 sub-

158 3935 362 3987 stantia
396 3934 600 3990 Domini
626 3947 679 3989 «ιι
700 3938 882 3991 videre
911 3936 1165 4003 Verbum,
1193 3938 1242 3991 id
1266 3948 1348 3993 est
1375 3938 1566 3994 Filium
1590 3941 1739 4010 ejus?

155 4028 296 4080 sicut
334 4026 449 4091 ipse
477 4027 601 4079 dicit
634 4044 645 4077 :
679 4026 844 4080 Nrmo
886 4028 1009 4081 vidit
1055 4026 1264 4081 Patrem
1303 4029 1402 4082 nisi
1450 4028 1652 4096 Filius,
1694 4042 1740 4084 et

147 4132 305 4166 remo
349 4118 449 4167 scit
496 4114 708 4179 Filium,
744 4118 841 4169 nisi
883 4117 1035 4169 Pater
1084 4116 1293 4187 (Luca
1320 4158 1336 4183 ,
1364 4118 1479 4189 22).
1510 4118 1606 4175 Vel
1638 4120 1743 4175 talo

143 4206 371 4258 dictum
401 4206 579 4273 accipe
609 4223 621 4257 :
652 4205 751 4269 Qui
788 4222 865 4259 me
900 4205 1053 4272 videt,
1090 4209 1219 4260 videt
1255 4217 1301 4261 et
1333 4206 1537 4261 Patrem
1574 4225 1739 4261 meum

143 4296 337 4369 (Joau.
384 4312 489 4362 xiv,
525 4296 601 4363 9).
646 4297 774 4349 Nam
805 4296 871 4350 de
901 4310 1139 4363 persona
1164 4290 1433 4365 Paracliti,
1459 4298 1595 4352 idem
1628 4299 1741 4370 ipse

144 4389 345 4443 cll'atus
385 4398 467 4442 est
498 4406 510 4441 :
545 4387 769 4456 Spiritus
810 4387 892 4441 ubi
937 4389 1040 4442 vult
1078 4390 1303 4460 aspirut,
1344 4400 1389 4443 et
1426 4406 1591 4444 vocem
1630 4394 1739 4463 ejus

150 4483 307 4535 audis
329 4524 344 4546 ,
380 4492 425 4533 et
465 4483 624 4534 nescis
656 4481 789 4535 unde
826 4482 1029 4549 veniat,
1068 4490 1154 4535 aut
1190 4499 1293 4549 quo
1333 4483 1484 4537 vadat
1512 4484 1626 4537 :sic
1664 4494 1736 4536 est

1846 3297 2122 3351 divinitate
2152 3310 2243 3350 sua
2276 3297 2489 3366 proprie
2519 3297 2768 3351 di'liuiri:
2801 3299 2938 3354 unde
2978 3315 3082 3353 non
3120 3310 3199 3353 est
3236 3300 3433 3353 divin.»

1841 3386 2136 3440 substantia
2167 3386 2355 3450 divisa,
2384 3396 2475 3439 aut
2504 3390 2845 3453 extensa,vel
2866 3399 3106 3457 protensa
3137 3392 3188 3444 in
3207 3394 3431 3461 aliquo,

1843 3478 1926 3531 vel
1957 3478 2135 3532 excisa
2185 3477 2236 3530 in
2276 3477 2532 3545 partibus,
2574 3479 2666 3532 sed
2703 3494 2800 3533 nec
2828 3479 3149 3534 derivatinni
3187 3483 3413 3551 alicujus

1841 3569 1919 3622 rei
1948 3579 2313 3637 comparatur:
2344 3569 2465 3636 quia
2508 3569 2682 3638 liquor
2718 3584 2823 3623 non
2865 3579 2947 3625 est
2986 3573 3036 3624 in
3086 3571 3185 3625 hac
3224 3582 3409 3628 natura

1842 3658 2018 3726 plane,
2049 3657 2143 3713 sed
2184 3672 2282 3713 nec
2305 3657 2539 3732 delluxio
2577 3660 2837 3728 quaedam,
2870 3662 2991 3731 quia
3034 3662 3209 3717 nullus
3248 3665 3411 3719 detri.

1842 3761 2100 3815 mentum,
2131 3750 2217 3804 vel
2272 3765 2615 3820 augmentum
2652 3752 2899 3818 sustinet,
2951 3758 3244 3823 prmscrlim
3290 3772 3409 3812 eum

1842 3840 2216 3897 inenarrabilis
2255 3840 2322 3896 sit
2361 3840 2473 3896 haec
2506 3841 2779 3910 plenitudo
2819 3845 3129 3899 substantiae
3172 3847 3411 3903 indivisa:

1840 3934 2136 3997 Trinitatis,
2166 3936 2306 3990 sicut.
2336 3935 2449 4002 ipse
2478 3935 2621 3991 Deus
2649 3936 2740 3991 Dei
2773 3936 2935 3991 Filius
2966 3938 3190 3992 indicat:
3222 3940 3329 4011 Ego
3358 3944 3413 3995 in

1842 4023 2017 4093 Patre,
2046 4036 2090 4078 et
2110 4024 2267 4079 Pater
2292 4026 2346 4077 in
2365 4041 2442 4077 me
2463 4023 2641 4093 (Joan.
2675 4042 2787 4092 stv,
2819 4028 2928 4097 ll).
2958 4030 3061 4083 Sed
3095 4040 3149 4083 et
3177 4033 3412 4100 Spiritus

1825 4124 2056 4177 sanctus
2087 4115 2137 4169 in
2169 4115 2347 4181 Patre,
2378 4126 2432 4169 et
2455 4116 2506 4168 in
2542 4114 2695 4179 Filio,
2720 4126 2773 4169 et
2800 4116 2852 4170 in
2881 4132 2937 4170 se
2969 4120 3268 4173 consistens
3295 4133 3409 4185 est;

1841 4209 1978 4264 sicut
2004 4208 2235 4263 Joannes
2269 4207 2597 4277 evangelista
2628 4208 2677 4261 in
2716 4207 2953 4277 Epistola
2977 4224 3076 4264 sua
3118 4219 3221 4265 tam
3259 4211 3414 4267 abso-

1842 4300 1950 4354 lute
1975 4308 2225 4353 testatur:
2263 4299 2326 4352 Et
2352 4311 2449 4353 tres
2480 4316 2635 4353 unum
2664 4310 2780 4353 sunt
2808 4299 2859 4371 (I
2879 4299 3035 4355 Joan.
3069 4318 3122 4365 v,
3154 4305 3228 4372 7).
3251 4304 3441 4359 Porro-

1842 4391 2026 4460 utquid
2056 4406 2215 4445 unum
2241 4391 2452 4457 dicitur,
2483 4392 2526 4445 si
2558 4392 2753 4460 aliquid
2780 4393 2858 4447 de
2883 4408 2947 4448 eo
2985 4395 3035 4448 in
3079 4404 3266 4465 partes
3282 4398 3414 4452 divi-

1842 4485 2020 4540 ditur?
2050 4494 2103 4539 et
2134 4485 2317 4554 utquid
2348 4500 2512 4539 unum
2541 4483 2735 4540 dicitur
2770 4486 2814 4539 si
2841 4484 3057 4543 diverse
3091 4490 3216 4559 quid
3248 4491 3415 4547 scuti-

154 4574 326 4626 mnnis
354 4573 441 4641 qui
477 4582 623 4627 natus
655 4582 724 4627 est
764 4589 826 4626 ex
863 4588 1003 4641 aqua
1027 4582 1073 4627 et
1111 4574 1311 4642 Spiritu
1345 4584 1517 4627 sancto
1562 4572 1736 4645 (Joan.
1768 4562 1820 4622 Ῑ)
1847 4588 1929 4634 tur
1963 4577 2030 4632 dc
2060 4578 2161 4633 eo?
2190 4587 2243 4633 et
2273 4578 2562 4648 quomodo,
2587 4594 2617 4629 ο
2643 4578 2912 4646 Ιιωιειίορ,
2944 4591 3052 4635 tres
3078 4598 3238 4637 unum
3268 4596 3413 4650 suiit,

156 4684 233 4734 ιιι,
262 4667 343 4736 8).
380 4665 664 4723 Considera
695 4684 851 4722 unam
882 4682 1003 4723 esse
1035 4666 1354 4722 invisibilem
1388 4667 1737 4723 substantiam

155 4756 463 4815 Trinitatis.
496 4763 599 4816 Sed
632 4764 693 4814 ad
739 4765 851 4815 haec
882 4762 1075 4831 adjecit
1102 4778 1115 4815 :
1148 4761 1206 4815 Si
1247 4763 1497 4815 stetissent
1532 4762 1582 4814 in
1621 4762 1741 4815 sub-

156 4863 351 4907 stanta
384 4870 492 4907 mea
515 4894 529 4916 ,
567 4855 850 4906 avertissent
882 4870 963 4908 eos
1002 4871 1033 4907 a
1069 4854 1250 4907 studiis
1294 4869 1467 4907 earum
1510 4854 1738 4923 pessimis

158 4943 293 5013 (Jer.
334 4960 463 4997 mn
489 4983 504 5007 ,
534 4943 647 5011 ἓξ).
697 4943 791 4997 Vel
820 4944 919 4997 ltoc
954 4961 965 4995 :
1002 4942 1295 4998 Substantia
1334 4960 1445 4996 mea
1470 4983 1485 5009 ,
1522 4944 1738 4997 dulcedo

154 5051 266 5087 mea
314 5043 392 5089 est
443 5033 595 5102 (Sap.
642 5049 748 5103 xw,
794 5033 910 5101 21).
954 5034 1168 5089 Necnon
1209 5049 1223 5085 :
1265 5035 1362 5097 Qui
1389 5045 1461 5087 est
1502 5035 1741 5101 splendor

152 5126 356 5198 glorire,
404 5133 449 5176 et
477 5125 642 5193 imago
681 5125 971 5178 substantia:
1010 5126 1117 5194 ejus
1158 5124 1343 5194 (Hebr.
1381 5140 1418 5188 ι,
1448 5126 1524 5194 5).
1558 5125 1660 5181 Sed
1689 5135 1744 5182 et.

153 5217 275 5283 hoc,
306 5216 457 5288 quod
500 5216 792 5270 secundum
822 5216 1192 5270 auctoritatem
1232 5218 1351 5284 jute
1388 5216 1592 5285 optimo
1619 5232 1744 5271 cen-

151 5321 299 5363 setur
331 5327 342 5359 :
376 5306 590 5361 Candor
611 5315 680 5361 est
707 5308 839 5359 enim
871 5307 997 5359 lucis
1027 5316 1245 5371 a'termr,
1283 5316 1328 5360 et
1354 5308 1612 5375 speculum
1637 5308 1745 5360 sine

151 5399 355 5451 macula
382 5395 483 5449 Dei
507 5398 805 5470 majestatis,
838 5406 883 5451 et
918 5399 1084 5470 imago
1117 5399 1351 5451 bonitatis
1382 5400 1539 5469 ipsius
1559 5440 1572 5461 ,
1603 5398 1737 5451 Dens

152 5488 323 5544 Filius
368 5489 531 5561 (Sap.
559 5506 664 5556 vn,
691 5489 807 5563 26).
850 5489 1012 5545 Vides
1062 5507 1216 5544 unam
1258 5508 1376 5545 esse
1418 5492 1737 5545 invisibilcm

154 5583 451 5653 imaginem
482 5583 789 5636 substantia:
818 5584 1000 5651 glonia:
1032 5584 1302 5638 bonitatis.
1340 5584 1571 5653 Denique
1607 5585 1740 5638 Pau-

156 5674 261 5726 lum
302 5677 610 5743 apoS'olum
650 5691 747 5745 pro
793 5676 1156 5745 increpatione
1203 5676 1574 5733 han-cticornm
1612 5679 1739 5734 audi

154 5763 501 5835 loquentem,
536 5775 588 5821 et
619 5769 751 5822 hanc
781 5768 1060 5838 imaginem
1094 5768 1449 5827 declarantem
1495 5789 1506 5823 ;
1550 5770 1661 5824 Sed.
1694 5772 1737 5824 si

1845 4672 1889 4727 si
1919 4672 2085 4727 divisa
2120 4672 2201 4727 vel
2238 4674 2413 4727 excisa
2455 4675 2505 4727 in
2560 4672 2642 4726 Itis
2683 4673 2978 4729 substantia
3021 4678 3139 4731 est?
3166 4688 3258 4733 aut
3285 4695 3416 4749 quo-

1847 4763 2006 4818 modo
2030 4779 2191 4817 unum
2216 4775 2358 4828 sunt,
2388 4765 2429 4818 si
2452 4764 2588 4819 alter
2608 4763 2759 4818 alteri
2792 4767 3151 4834 praeponitur?
3171 4778 3262 4823 aut
3286 4788 3424 4841 quoa

1845 4857 2004 4910 modo
2040 4864 2147 4910 tres
2178 4872 2340 4909 unum
2384 4865 2527 4922 sunt,
2576 4857 2620 4910 si
2650 4856 2876 4913 diversa:
2907 4859 2957 4913 in
3005 4861 3083 4913 his
3116 4861 3429 4918 divinitates

1844 4948 2004 5001 sunt?
2035 4946 2305 5016 quomodo
2336 4963 2496 5001 unum
2540 4957 2685 5015 sunt,
2721 4950 2763 5003 si
2804 4966 2910 5004 nntt
2950 4961 3034 5006 est
3075 4953 3125 5005 in
3162 4955 3241 5006 his
3272 4956 3416 5007 unita

1845 5037 2167 5105 sempiterna
2210 5037 2483 5105 plenitudo
2512 5039 2839 5094 divinitatis?
2867 5042 3127 5096 Praeterea
3157 5045 3282 5097 dum
3315 5060 3416 5097 una

1847 5127 2124 5197 plenitudo
2151 5128 2350 5182 nullam
2374 5129 2592 5184 omnino
2617 5130 2807 5186 habeat
2839 5132 2888 5186 in
2914 5143 3065 5200 parte
3086 5134 3259 5203 aliqua
3285 5134 3417 5185 divi-

1846 5220 2077 5282 sionem,
2109 5220 2235 5273 dum
2268 5222 2411 5273 unita
2447 5222 2717 5290 plenitudo
2747 5224 3036 5278 divinitatis
3062 5226 3112 5279 in
3144 5235 3290 5294 parte
3322 5229 3421 5276 lni-

1849 5328 1947 5365 nor
1977 5312 2061 5366 vel
2094 5312 2262 5380 major
2292 5312 2394 5367 dici
2420 5328 2522 5365 non
2549 5314 2747 5382 possit?
2773 5314 3031 5371 Similiter
3051 5326 3103 5370 et
3134 5316 3421 5387 Apostolus

1848 5404 2077 5457 indicate
2108 5404 2232 5470 Quis
2255 5405 2383 5458 enim
2412 5405 2505 5457 scit
2533 5406 2793 5458 hominum
2814 5422 2927 5475 qua:
2954 5405 3005 5459 in
3027 5407 3137 5474 ipso
3166 5414 3300 5466 sunt,
3321 5407 3441 5465 nisi

1842 5497 2051 5565 spiritus
2077 5498 2163 5562 qui
2187 5498 2239 5550 in
2271 5500 2377 5566 ipso
2419 5498 2529 5552 est?
2578 5495 2663 5550 Ita
2705 5508 2751 5551 et
2783 5513 2897 5565 qua:
2920 5498 2972 5550 in
3006 5496 3110 5551 Deo
3132 5504 3245 5553 sunt
3269 5514 3416 5551 nemo

1841 5588 2090 5657 regnavit.
2128 5588 2224 5639 nisi
2268 5588 2488 5657 Spiritus
2535 5587 2646 5641 Dei.
2686 5586 2797 5640 Nos
2835 5595 2999 5641 autem
3043 5604 3143 5640 non
3186 5589 3437 5658 spiritum

1843 5682 1994 5750 Itnjus
2034 5679 2210 5731 mundi
2236 5679 2541 5742 accepimus,
2576 5678 2664 5731 sed
2702 5677 2951 5747 Spiritum
2981 5678 3065 5747 qui
3096 5695 3156 5733 ex
3189 5677 3293 5739 Deo
3321 5693 3415 5746 est,

1842 5783 1897 5825 ut
1927 5772 2144 5825 sciamus
2171 5787 2284 5833 quos
2313 5786 2341 5823 (ι
2370 5769 2474 5822 Deo
2507 5769 2695 5828 donata
2718 5776 2833 5822 sunt
2864 5770 3024 5838 nobis,
3050 5788 3163 5835 qtta’
3184 5784 3229 5830 et
3255 5776 3414 5843 loquis
