3938 6376
572 332 703 389 275..

1895 331 2119 386 νιϐιιιι

2235 332 2521 387 tPSENSlS
3648 348 3720 402 276
3766 372 3767 377 η

572 465 684 501 mur
712 448 761 520 (Ι
792 446 911 500 Cor.
946 461 1003 510 ll,
1038 446 1141 516 H).
1168 443 1316 499 Scito
1343 444 1568 513 propriae
1598 444 1833 498 veritat's
1859 460 2147 513 argumen-
2174 451 2221 508 Λ
2253 445 2337 499 bis
2370 456 2654 507 terrarum,
2700 448 2843 501 velut
2886 447 3207 503 stillicidium
3254 448 3527 521 deputatum
3558 463 3638 522 est,
3660 470 3722 513 aut

570 551 681 595 tum
709 539 1054 593 indiscretum
1087 553 1208 593 esse
1250 538 1476 606 positum
1514 552 1609 607 per
1638 538 1739 591 hoc
1777 538 2137 593 testimonium

569 633 635 685 ile
668 631 882 685 homine
926 638 979 682 et
1015 630 1201 697 spiritu
1233 628 1322 697 qui
1364 628 1415 682 in
1467 627 1582 694 ipso
1625 636 1726 693 est,
1763 639 1816 682 et
1845 628 1912 682 de
1952 628 2062 684 Deo
2090 640 2145 685 et

566 724 767 791 Spiritu
797 726 882 793 qui
915 722 981 776 de
1007 724 1121 792 ipso
1142 734 1244 775 est.
1273 723 1418 777 Sicut
1446 722 1585 776 idem
1614 723 1725 790 ipse
1753 723 2004 791 magister
2023 738 2145 792 gen-

572 817 727 878 tium,
758 816 918 886 250
947 824 998 869 et
1030 814 1131 869 tide
1157 824 1208 867 et
1248 814 1466 869 veritate
1502 813 1653 868 nobis
1676 823 1899 870 testatus
1927 826 2030 882 est,
2061 817 2144 871 di-

571 924 731 967 cens:
767 909 991 976 Spiritus
1008 909 1138 959 enim
1162 907 1253 960 Dei
1281 909 1451 960 omnia
1478 917 1758 974 scrutatur,
1790 910 1941 962 etiam
1970 912 2146 963 altitu-

571 1002 715 1054 dines
749 1000 841 1051 Dei
864 999 918 1069 (1
942 1000 1058 1051 Cor.
1092 1015 1149 1063 ιι,
1185 999 1291 1067 10).
1326 999 1425 1066 Qui
1461 1000 1505 1051 si
1536 1000 1702 1055 altera
1733 1010 1918 1055 natura
1958 1017 1988 1056 a
2029 1003 2142 1058 Deo

571 1104 715 1148 esset
750 1094 979 1158 S,iritus
1027 1105 1273 1155 sanctus,
1314 1086 1764 1160 quemadmodum
1811 1093 2138 1151 divinitatem

570 1186 865 1239 altitudinis
881 1185 973 1237 Dei
1001 1193 1207 1253 poterat
1230 1196 1473 1237 serutans
1494 1195 1793 1252 penetrare,
1810 1188 1889 1241 vel
1913 1187 2143 1243 inuniri?

569 1285 660 1330 aut
684 1276 949 1345 quomodo
980 1275 1033 1328 in
1061 1290 1119 1329 ea
1145 1284 1361 1329 essetet
1390 1275 1441 1328 in
1468 1289 1586 1329 sese
1610 1286 1771 1339 esset,
1801 1277 1926 1331 dum
1954 1287 2142 1332 natura

568 1371 662 1425 Dei
695 1370 907 1423 diversa
942 1378 1145 1422 naturae
1174 1370 1401 1437 proper
1428 1385 1531 1422 non
1562 1378 1741 1436 posset
1770 1372 1930 1436 uniri,
1956 1380 2008 1426 et
2028 1374 2145 1426 alti-

568 1464 777 1519 tudines
808 1463 925 1532 ejus
955 1471 1203 1514 scrutans
1243 1470 1542 1528 penetrare,
1583 1471 1639 1514 ut
1668 1462 1820 1527 dixi;
1860 1474 1911 1518 et
1944 1465 1994 1518 in
2028 1465 2140 1533 ipsa

565 1570 685 1611 esse
707 1562 799 1606 aut
826 1555 877 1607 in
903 1566 961 1606 se
992 1566 1131 1616 esse,
1166 1552 1247 1606 vel
1278 1553 1414 1606 uniri
1444 1553 1494 1605 in
1518 1568 1635 1607 sese
1671 1556 2006 1620 naturaliter,
2041 1557 2143 1613 hoc

564 1654 648 1698 est
672 1642 895 1697 dealiter
929 1642 979 1695 in
1025 1642 1250 1694 invicem
1284 1640 1595 1707 consistere,
1630 1644 1730 1696 nisi
1772 1646 1891 1713 quia
1925 1647 1990 1700 de
2028 1647 2138 1713 ipsa

566 1738 709 1792 unita
742 1746 928 1790 natura
964 1736 1255 1789 divinitatis
1283 1736 1402 1789 est?
1425 1750 1544 1789 nam
1577 1745 1629 1791 et
1661 1738 1759 1791 hoc
1789 1738 2028 1805 Apostoli
2058 1750 2140 1795 est

2244 539 2383 591 sicut
2409 552 2594 605 spuma
2630 538 2869 606 gracilis,
2910 549 3001 592 aut
3030 554 3118 593 ros
3143 541 3282 609 quod
3313 551 3423 596 ante
3459 544 3656 601 lucanum
3676 550 3721 604 de

2246 631 2383 685 caelo
2410 630 2705 695 descendit,
2734 630 2870 684 sicut
2908 631 3165 701 scriptum
3198 643 3314 688 est:
3342 634 3433 699 Qui
3457 640 3719 693 continuen-

2244 724 2437 775 ruitum
2482 731 2648 786 terrm,
2677 732 2725 776 et
2772 738 2853 775 eos
2899 724 2985 793 qui
3012 724 3241 777 habitant
3270 727 3321 779 in
3360 743 3416 780 ea
3442 729 3551 780 sicut
3574 730 3722 785 locusta

2247 812 2399 881 (lsai.
2434 829 2520 879 XL,
2551 813 2666 881 ἓξ).
2698 812 2915 867 Necnon
2943 832 2956 867 :
2995 815 3095 881 Qui
3126 832 3322 871 mensus
3350 827 3415 871 est
3442 836 3571 872 manu
3592 837 3721 889 aquaist

2246 920 2293 958 et
2331 906 2509 958 corium
2552 906 2747 973 palmo,
2794 915 2841 959 et
2888 908 3177 959 universam
3231 919 3406 961 terram
3441 910 3588 964 clauso
3619 929 3722 965 manu

2246 1001 2433 1074 (lbid.,
2471 1002 2580 1073 12).
2612 1004 2675 1057 Et
2704 1018 2922 1057 rursus:
2953 1002 3147 1058 Caelum
3169 1006 3289 1059 mihi
3314 1006 3502 1060 thronus
3532 1019 3609 1073 est,
3634 1020 3723 1064 tem

2246 1106 2413 1147 autem
2443 1095 2718 1148 scabellum
2745 1096 2928 1165 pedum
2954 1113 3179 1151 meorum
3213 1097 3360 1167 (Isai.
3392 1116 3516 1167 LIVI,
3547 1102 3607 1171 1).
3629 1101 3723 1155 Con-

2246 1186 2417 1239 sidera
2473 1187 3063 1256 incomprehensihilem
3122 1204 3243 1243 esse
3314 1190 3461 1244 unita:
3510 1191 3723 1247 divinitst‘s

2247 1280 2403 1349 251
2435 1280 2709 1347 virtutem,
2746 1288 2801 1331 ut
2840 1279 3057 1343 coelum,
3087 1281 3227 1349 quod
3275 1283 3440 1350 palmo
3479 1286 3720 1349 continetur,

2246 1369 2383 1422 idem
2413 1377 2466 1422 et
2495 1370 2720 1424 thronus
2746 1368 2860 1437 ejus
2890 1370 2961 1423 sit
2987 1386 2999 1421 :
3038 1380 3092 1424 et
3121 1380 3286 1435 terra,
3314 1388 3424 1441 qua:
3446 1374 3611 1442 pugillo
3633 1390 3721 1427 con-

2245 1458 2495 1523 cluditur,
2530 1472 2715 1512 rursus
2741 1460 3034 1512 scabcllum
3065 1461 3257 1528 pedum
3288 1463 3399 1530 ejus
3426 1465 3506 1527 sit,
3533 1464 3629 1517 dum
3647 1466 3721 1517 uni-

2246 1549 2471 1602 versitas
2498 1548 2617 1603 casti
2651 1550 2827 1616 palmo
2857 1549 3147 1616 detinetur,
3187 1560 3240 1605 et
3280 1552 3507 1607 universa
3535 1564 3641 1607 terra
3664 1572 3723 1622 pu-

2244 1640 2371 1708 gillo
2416 1638 2782 1703 concluditur;
2813 1642 2953 1708 quod
3009 1650 3064 1696 et
3115 1642 3359 1708 thronus,
3421 1650 3472 1697 et
3510 1644 3721 1698 scabellttni

2247 1731 2436 1799 pedum
2464 1730 2577 1798 ejus
2605 1732 2703 1785 sit:
2732 1732 2869 1785 sicut
2896 1743 2949 1787 et
2975 1734 3233 1802 scriptum
3274 1744 3386 1791 est:
3407 1735 3493 1791 Cui
3516 1737 3651 1791 omnis
3667 1750 3722 1789 or-

564 1831 763 1885 dicmm
792 1846 806 1883 :
840 1828 940 1892 Qui
965 1837 1131 1881 autem
1151 1844 1205 1881 se
1223 1830 1483 1899 conjungit
1514 1829 1643 1895 Deo,
1678 1848 1808 1886 unus
1836 1835 2046 1902 spiritus
2069 1845 2138 1888 est
2174 1810 2218 1868 Β
2246 1824 2327 1877 bis
2354 1832 2614 1877 ῑεῐτῧτιιῐη
2644 1836 2889 1893 tanquam
2927 1836 3255 1881 momentum
3286 1838 3485 1883 ειειενω
3509 1831 3720 1883 mslimalus

563 1919 617 1990 (1
648 1919 767 1976 Cor.
793 1934 865 1982 vt,
900 1919 1011 1987 17).
1040 1917 1198 1972 Vides
1230 1919 1570 1973 indiscretum
1596 1937 1717 1975 esse
1748 1924 1881 1976 hanc
1910 1923 2142 1991 plenitu-

561 2012 743 2064 dinem
785 2010 979 2063 divina:
1029 2010 1325 2075 Trinitatis,
1360 2012 1454 2065 sed
1500 2023 1552 2067 et
1585 2013 1778 2082 ubique
1818 2024 2137 2082 praesentem

562 2118 681 2159 esse
713 2106 847 2158 hanc
874 2103 1257 2172 plenitudinem
1281 2106 1472 2160 divina:
1497 2106 1791 2169 Trinitatis,
1820 2124 1936 2176 qua:
1961 2110 2137 2161 omnia

560 2196 751 2265 implet
800 2196 1022 2248 interius
1065 2204 1119 2249 et
1158 2197 1416 2261 exterius,
1458 2212 1485 2249 a
1530 2199 1838 2253 summitate
1881 2199 2137 2255 caelorum

559 2302 729 2358 usque
756 2288 819 2341 ad
854 2286 1170 2355 profundum
1218 2287 1527 2349 inferorum,
1560 2289 1695 2343 sicut
1740 2289 1854 2358 ipse
1884 2290 2139 2344 Dominus

558 2395 656 2449 per
686 2380 996 2448 prophetam
1029 2387 1279 2433 testatur:
1309 2379 1419 2450 Ego
1439 2396 1554 2433 sum
1584 2379 1833 2434 Dominus
1863 2380 2021 2447 Deus,
2051 2385 2138 2451 qui

556 2474 743 2543 impleo
772 2474 952 2527 calum
973 2483 1018 2525 et
1046 2481 1253 2539 terram,
1284 2482 1332 2526 et
1350 2474 1520 2526 omnia
1539 2489 1649 2535 qua:
1670 2474 1721 2525 in
1744 2475 1816 2526 eis
1836 2484 1955 2528 sunt
1980 2473 2135 2544 (lsai.

554 2580 699 2630 κων,
744 2564 858 2633 24).
902 2563 1161 2619 Similiter
1190 2573 1245 2617 et
1294 2572 1511 2618 sanctus
1550 2564 1811 2618 Jeretnias
1836 2564 1902 2619 de
1936 2580 2002 2621 eo
2034 2580 2135 2620 una

553 2671 673 2709 cum
706 2656 976 2723 prophetis
1008 2656 1204 2711 indicat
1230 2674 1241 2709 :
1278 2656 1341 2711 Si
1366 2655 1641 2708 abscondat
1679 2674 1733 2710 se
1760 2657 1909 2710 homo
1939 2659 1992 2711 in
2015 2658 2138 2713 abs-

554 2750 752 2815 consis,
803 2765 969 2802 nonne
996 2766 1087 2819 ego
1118 2749 1289 2801 vibebo
1320 2751 1469 2803 eum?
1503 2748 1753 2818 Nunquid
1782 2767 1879 2803 non
1918 2768 2008 2821 ego
2037 2768 2138 2806 ca:-

555 2844 661 2894 lum
683 2850 731 2894 et
752 2849 937 2893 terram
966 2840 1324 2909 impleo?dicit
1341 2839 1586 2892 Dominus
1610 2838 1824 2909 (Jerem.
1853 2857 2003 2909 xxttt,
2020 2843 2134 2911 24).

555 2932 649 2986 Vel
685 2933 784 2985 hoc
815 2931 990 2985 uniter
1029 2932 1079 2985 in
1118 2932 1378 2985 Trinitate
1426 2931 1626 2984 dictum
1659 2932 1871 3000 accipe:
1909 2934 2023 2997 Quo
2056 2934 2140 2989 ibo

556 3041 587 3075 α
619 3023 818 3093 Spiritu
847 3032 955 3087 tuo,
989 3033 1077 3075 aut
1107 3039 1205 3092 quo
1235 3039 1264 3074 a
1310 3023 1439 3091 facie
1468 3032 1553 3074 tua
1583 3025 1815 3093 fugiam?
1852 3025 1915 3079 Si
1961 3042 2137 3080 ascen-

555 3118 676 3168 dero
705 3117 755 3169 in
777 3117 976 3178 cretum,
1004 3126 1055 3168 tu
1085 3115 1193 3167 illic
1214 3132 1283 3175 es.
1308 3126 1354 3168 et
1381 3115 1426 3168 si
1447 3115 1752 3171 descendere
1779 3118 1829 3169 in
1860 3117 2136 3186 infernum,

2240 1926 2324 1969 est
2353 1916 2508 1989 (Sap.
2540 1933 2609 1981 stt,
2635 1918 2747 1985 ‘25).
2766 1920 2841 1971 Ac
2864 1934 2958 1987 per
2986 1918 3087 1974 hoc
3109 1921 3354 1977 universa
3389 1922 3569 1989 implet,
3592 1930 3633 1975 et
3646 1936 3719 1973 om—

2241 2013 2327 2063 nia
2354 2010 2592 2064 continet
2622 2011 2848 2066 interius
2878 2020 2932 2065 et
2960 2012 3221 2081 exterius,
3256 2024 3315 2069 ut
3348 2014 3527 2084 ubique
3560 2026 3720 2081 praesens

2240 2113 2321 2156 est
2353 2102 2467 2156 haec
2498 2102 2785 2156 indiscreta
2817 2103 3139 2173 sempiterna
3165 2104 3414 2169 Trinitas,
3441 2106 3514 2158 cui
3540 2112 3606 2159 est
3633 2101 3720 2155 invi-

2240 2194 2412 2248 sibilis
2436 2194 2716 2263 plenitudo
2735 2195 3047 2251 divinitatis.
3078 2197 3232 2254 Unde
3255 2217 3320 2255 ne
3344 2200 3501 2253 malus
3517 2198 3719 2265 interpres,

2239 2284 2308 2341 de
2325 2286 2692 2354 superioribus
2713 2288 2869 2341 dictis
2891 2290 3167 2342 materiam
3192 2291 3415 2359 accipiat
3436 2285 3720 2347 calumniandi,

2241 2374 2360 2429 ideo
2384 2376 2496 2445 ipsa
2519 2376 2755 2431 breviter
2776 2378 3059 2433 reserabo:
3090 2394 3156 2435 eo
3182 2381 3324 2450 quod
3353 2382 3616 2451 frequenter
3636 2375 3719 2429 indi

2238 2466 2352 2522 eavi
2379 2482 2534 2520 unam
2551 2467 2927 2536 substantiam,
2956 2470 3040 2524 vel
3063 2472 3266 2524 unitam
3288 2472 3600 2533 divinitatem,
3618 2466 3719 2522 unius

2242 2559 2331 2613 Dei
2366 2569 2632 2624 naturam,
2663 2571 2751 2613 aut
2793 2562 3013 2616 unitatis
3044 2575 3292 2619 naturam
3319 2582 3332 2618 :
3360 2566 3465 2620 sive
3494 2565 3593 2629 hoc,
3618 2574 3720 2615 unum

2238 2649 2449 2703 dvitatis
2491 2666 2709 2714 nomen,
2754 2658 2809 2705 et
2840 2652 2995 2706 unius
3038 2653 3339 2710 divinitatis
3397 2670 3587 2720 nomen,
3621 2651 3720 2706 unius

2239 2748 2443 2795 natura:
2472 2756 2692 2808 nomen,
2728 2751 2782 2796 et
2827 2745 3032 2797 unitum
3067 2744 3363 2800 divinitatis
3391 2744 3649 2801 substantia
3668 2754 3711 2794 no

2242 2852 2383 2890 men.
2413 2838 2538 2891 "me
2568 2839 2835 2904 universa,
2870 2846 2925 2891 nt
2962 2849 3140 2893 certus
3179 2841 3256 2894 sis
3282 2842 3370 2911 qui
3406 2841 3542 2909 legis,
3574 2836 3623 2891 ad
3651 2832 3707 2887 nni

2240 2933 2351 2979 tum
2405 2926 2750 2995 plenitudinis
2787 2928 3080 2984 divinitatis
3120 2947 3318 2986 nomen
3362 2931 3534 2993 Patris,
3570 2936 3610 2981 et
3632 2923 3719 2985 Filii,

2240 3028 2298 3072 et
2328 3023 2500 3074 sancti
2529 3020 2781 3089 Spiritus,
2811 3032 2863 3078 et
2892 3024 3059 3077 solius
3084 3024 3284 3080 divinte
3308 3022 3558 3087 Trinitatis
3575 3033 3720 3079 nomen.

2242 3119 2295 3163 et
2324 3112 2493 3164 solum
2524 3112 2625 3165 hoc
2644 3113 3025 3181 omnipotentis
3046 3112 3361 3170 substantia:
3379 3115 3556 3168 unitum
3578 3122 3721 3171 nomen,

555 3218 610 3260 tu
639 3208 763 3262 ades
789 3206 913 3261 illic.
950 3206 1011 3260 Si
1051 3222 1395 3272 assumpsere
1419 3223 1609 3272 pennas
1640 3223 1776 3261 nieas
1805 3217 1924 3261 ante
1953 3209 2133 3273 lucem,
2165 3178 2208 3235 Ο
2243 3219 2450 3258 necnon
2484 3216 2536 3259 et
2567 3222 2731 3259 unum
2796 3205 2993 3259 bonum
3033 3207 3333 3263 divinitatis
3381 3222 3571 3261 nomen.
3602 3202 3721 3256 Νοιιυθ

554 3312 600 3357 et
646 3300 935 3353 liabitat'ero
969 3301 1019 3351 in
1070 3301 1303 3352 extremis
1336 3302 1491 3352 maris
1514 3315 1533 3353 .'
1562 3300 1745 3353 etenim
1783 3299 1904 3353 inde
1956 3317 2136 3354 manus

554 3408 639 3451 tua
655 3396 864 3450 deducet
880 3411 975 3459 me,
992 3404 1038 3451 et
1057 3394 1239 3448 tenebit
1255 3410 1332 3447 me
1348 3395 1555 3448 dextera
1578 3403 1665 3447 tua
1686 3393 1856 3465 (Psal.
1878 3408 2132 3455 cxxxvttt,

554 3492 628 3553 7).
666 3490 846 3559 Itaque
867 3490 1002 3557 quod
1038 3488 1210 3541 dixit:
1246 3486 1360 3553 Quo
1391 3486 1471 3539 ibo
1506 3504 1536 3538 a
1560 3485 1761 3554 Spiritu
1792 3496 1898 3550 tuo,
1929 3495 2017 3538 aut
2039 3502 2139 3549 quo

551 3600 585 3635 a
614 3582 742 3649 facie
773 3592 860 3634 tua
905 3582 1138 3651 fugiant?
1160 3578 1606 3648 Psalmographus
1632 3577 1888 3647 Spiritum
1936 3577 2136 3644 princi-

552 3674 748 3739 palem,
783 3672 871 3740 qui
902 3686 928 3723 a
960 3671 1119 3724 Patre
1166 3670 1423 3737 procedit,
1448 3668 1755 3721 declaravit.
1796 3667 2004 3721 Faciem
2037 3682 2130 3717 an-

553 3771 660 3814 tem
703 3761 868 3830 ipsius
922 3760 1094 3814 Patris
1137 3759 1327 3813 Filium
1383 3760 1773 3812 demonstravit
1828 3758 2127 3812 manifesm.

552 3852 683 3919 Quis
711 3861 882 3921 potest
922 3862 1045 3905 ante
1081 3851 1280 3903 unitam
1321 3850 1497 3903 deitatr
1520 3863 1570 3901 m
1602 3848 1883 3901 Trinitatis
1912 3847 1966 3901 in
1993 3849 2131 3901 coelo

548 3954 641 3997 aut
666 3946 716 3998 iu
748 3945 955 3999 inferno
985 3958 1043 3998 se
1066 3943 1335 3997 occultare
1365 3941 1447 3995 vel
1478 3940 1693 4007 fugere?
1722 3939 1805 3992 cui
1836 3938 2011 3993 omnis
2036 3954 2127 3993 or-

549 4062 640 4087 ~—

1572 4068 2039 4227 mgn
2130 4068 2551 4225 εῇῑῑ
2564 4068 2807 4223 iis

2244 3296 2357 3350 haec
2378 3298 2624 3363 superius
2648 3297 2785 3351 dicta
2804 3298 2867 3351 ad
2890 3299 3220 3354 enuntiatum
3252 3301 3560 3356 divinitatem
3579 3292 3723 3348 unitatis

2244 3388 2372 3440 usia:
2424 3387 2619 3453 Patris,
2669 3397 2724 3443 et
2768 3390 2908 3453 Filii,
2954 3402 3007 3445 et
3050 3393 3219 3445 επιιωὶ
3266 3393 3485 3461 Spiritus
3528 3384 3721 3443 manifesta

2244 3481 2429 3537 viden?
2462 3483 2586 3537 "tce
2616 3484 2773 3539 retuli
2803 3502 2869 3539 ne
2899 3487 3057 3540 aliter
3095 3503 3259 3556 quam
3292 3489 3425 3543 dicta
3452 3496 3560 3542 sunt
3588 3481 3723 3547 accipe-

2244 3590 2353 3640 res,
2384 3585 2437 3631 et
2467 3577 2761 3645 simplicem
2799 3592 3017 3635 sensum
3051 3581 3102 3633 in
3145 3582 3401 3649 ambiguo
3438 3584 3721 3645 retorquens:

2238 3666 2364 3720 dum
2392 3681 2554 3721 omne
2576 3668 2798 3733 dictum,
2829 3669 2894 3723 ad
2923 3684 3140 3724 sensum
3164 3670 3394 3727 dicentis
3419 3660 3723 3737 requirendum.

2239 3767 2294 3813 et
2324 3774 2427 3812 non
2457 3759 2521 3812 ad
2544 3760 2759 3813 stultam
2786 3762 3112 3817 voluntatem
3138 3764 3542 3832 uniuscujusque
3562 3746 3722 3811 Ιιειειίά

2240 3854 2660 3923 investigandum
2692 3856 2779 3908 sit.

2888 4070 2951 4073 ,η
2968 4070 3121 4075 seu-
3145 4047 3719 4077 _______.__—-——-

1207 4290 1291 4345 De
1329 4284 1731 4345 Beatitudine
1760 4282 1922 4361 fidei,
1959 4288 2011 4339 et
2045 4279 2117 4339 de
2146 4282 2617 4359 Proscriptione
2647 4294 2823 4347 secta:
2848 4290 3144 4367 pessima.

614 4449 773 4519 252
808 4446 1111 4499 ll‘a'retirus.
1150 4446 1317 4498 i'oscii
1347 4462 1374 4497 a
1409 4456 1479 4508 te,
1509 4446 1572 4497 de
1600 4448 1746 4499 ιιιιίεο
1776 4448 1991 4501 deitatis
2024 4464 2120 4499 no-

547 4540 687 4593 mine
714 4536 1000 4591 multilaric
1030 4535 1228 4587 dictum
1266 4544 1320 4587 ttt
1367 4534 1655 4589 identidem
1690 4545 1922 4604 repetas,
1956 4547 2009 4588 et
2043 4538 2119 4592 sic

2228 4449 2392 4501 llcnm
2428 4459 2629 4503 tantum
2661 4455 2917 4507 ennvenit
2965 4456 3242 4523 profiteri?
3267 4459 3366 4511 nisi
3396 4461 3526 4527 prius
3552 4449 3723 4507 credatur

2232 4551 2286 4594 et
2319 4542 2361 4594 is
2394 4544 2483 4610 qni
2513 4543 2578 4595 de
2612 4546 2754 4596 unita
2787 4556 2975 4599 natura
3007 4548 3096 4617 sit,
3125 4559 3178 4603 et
3209 4551 3262 4603 in
3294 4553 3393 4605 hoc
3431 4558 3621 4619 persona
3651 4537 3724 4605 tius

546 4633 609 4685 de.
633 4628 937 4681 nominibus
967 4642 1313 4695 personarum
1332 4625 1381 4680 in
1408 4628 1779 4696 prosequendo
1801 4627 2115 4696 distinguas.
2154 4656 2198 4712 υ
2227 4634 2607 4702 distinguatur,
2638 4638 2724 4702 qui
2760 4652 2859 4691 nec
2891 4632 3073 4703 Pater,
3114 4656 3211 4695 nec
3252 4643 3434 4702 Filius,
3468 4649 3537 4694 est
3565 4636 3630 4689 hic
3651 4625 3724 4697 Fpi'

618 4721 915 4786 Responsio.
974 4721 1125 4773 Disce
1158 4720 1306 4787 prius
1357 4719 1407 4771 in
1445 4716 1695 4785 ambiguo
1724 4732 1844 4771 esse
1894 4718 2116 4786 positam

543 4812 680 4865 hanc
710 4824 850 4864 tuam
883 4810 1172 4865 secundam
1204 4810 1694 4877 interrogationem.
1729 4810 1912 4863 Nonne
1944 4812 2117 4865 unitas

541 4903 685 4955 nullo
708 4902 864 4955 modo
895 4905 1089 4969 patitur
1112 4902 1325 4955 unionis
1346 4916 1625 4969 personam
1652 4902 1700 4954 in
1725 4901 2114 4957 confessionem

541 4992 836 5045 introduci?
867 4992 990 5045 dum
1026 4991 1241 5045 unitatis
1279 5003 1480 5051 natum
1512 5008 1709 5048 nomen
1738 4993 1789 5046 in
1826 4995 1993 5048 trihus
2035 4994 2115 5049 his

541 5085 784 5151 personis
811 5084 913 5137 sit:
947 5092 1000 5137 et
1033 5092 1139 5134 tres
1172 5082 1251 5134 ha:
1280 5096 1521 5150 persona:
1571 5083 1619 5136 in
1661 5085 1967 5139 nominibus
1999 5094 2114 5138 tan-

539 5193 648 5235 tnm
683 5180 946 5233 distincta:
995 5182 1136 5232 sint:
1172 5179 1310 5232 unde
1351 5194 1452 5231 non
1488 5189 1659 5247 potest
1693 5182 1866 5233 unitas
1901 5182 2111 5236 ostendi

539 5278 650 5330 sive
680 5275 943 5344 personis.
976 5273 1083 5327 Nec
1113 5282 1170 5326 ut
1192 5271 1321 5335 dixi,
1358 5272 1439 5326 lue
1486 5288 1725 5340 personae
1760 5275 1874 5327 sine
1905 5274 2118 5327 deitntis

539 5368 761 5421 unitate.
795 5365 1039 5435 Nunquid
1072 5366 1290 5433 potestis
1320 5363 1485 5417 Deum
1521 5372 1722 5415 tantum
1767 5366 1902 5416 sicut
1931 5374 2115 5431 gentes

536 5462 754 5513 coiituse
782 5458 1080 5521 nominare,
1110 5473 1228 5526 qua:
1270 5468 1324 5511 et
1372 5458 1422 5509 in
1464 5456 1562 5508 hoc
1603 5457 1847 5522 ignorant
1876 5456 1957 5509 cui
1989 5472 2113 5526 pro-

540 5550 703 5612 priam
740 5565 1018 5617 personam
1052 5548 1281 5601 tleheant
1325 5547 1629 5613 assignare?
1658 5546 1754 5611 Qui
1797 5548 2007 5613 genitor
2035 5560 2114 5601 est

541 5638 771 5704 nunquid
800 5649 1009 5708 oportet
1037 5640 1173 5691 hunc
1207 5638 1371 5690 [leum
1409 5645 1610 5688 tantum
1642 5648 1821 5702 putare
1848 5638 2113 5690 indicari?

541 5724 647 5778 Nisi
678 5728 726 5778 in
758 5731 854 5780 hoc
884 5745 1177 5798 cognoscas
1221 5728 1419 5780 uuitam
1454 5742 1737 5791 personam
1779 5728 1893 5795 ejus
1920 5729 2111 5781 distin-

540 5832 703 5885 guere
745 5820 793 5870 in
836 5820 1025 5875 hlium
1071 5824 1157 5891 qui
1198 5832 1349 5873 natus
1380 5822 1465 5873 sit.
1520 5820 1759 5895 Nunquid
1794 5821 1868 5874 sic
1896 5822 2114 5877 confuse

2229 4727 2357 4777 ritus
2389 4726 2641 4778 sanctus?
2672 4727 3006 4797 Quapropter
3037 4732 3233 4800 duplex
3264 4742 3349 4788 est
3391 4731 3532 4801 hujus
3559 4714 3723 4793 mysterii

2228 4819 2553 4886 intellectus,
2585 4820 2723 4874 Deus
2756 4821 2935 4885 Pater,
2969 4823 3115 4877 Deus
3138 4836 3187 4878 cl
3210 4826 3397 4889 Filius,
3429 4826 3555 4879 Deus
3580 4828 3619 4871 et
3648 4825 3726 4865 530'

2223 4924 2343 4961 c:ns
2366 4909 2615 4977 Spiritus.
2652 4910 2814 4964 Vides
2851 4913 3069 4966 unitatis
3104 4916 3357 4969 indicium
3402 4917 3451 4968 in
3494 4911 3630 4965 tribus
3650 4910 3726 4954 me

2223 5001 2484 5067 personis,
2535 5011 2587 5052 et
2639 5010 2744 5055 tres
2801 5001 2895 5056 has
2961 5018 3219 5071 personas
3270 5003 3561 5058 norniuibus
3587 5000 3726 5049 tantum

2223 5109 2340 5147 esse
2371 5093 2631 5148 discretas
2662 5112 2673 5147 :
2706 5094 2849 5148 unde
2887 5111 2984 5149 nec
3012 5098 3189 5150 unitas
3221 5106 3396 5166 potest
3444 5088 3619 5147 ostendi
3652 5081 3727 5136 sint!

2224 5185 2383 5256 253
2414 5186 2677 5253 personis,
2714 5200 2812 5239 nec
2846 5187 2923 5239 lue
2958 5202 3202 5254 personm
3244 5190 3363 5241 sine
3401 5186 3536 5238 nnito
3576 5172 3727 5231 nomine

2223 5277 2457 5329 i'eitalis.
2516 5278 2652 5329 Ecce
2692 5277 2797 5342 jam
2848 5277 3014 5330 habes
3060 5280 3263 5348 positos
3309 5289 3430 5332 ante
3470 5270 3728 5353 orttlostutii

2224 5367 2504 5420 thesauros
2561 5367 2716 5427 lucis.
2772 5377 2825 5420 et
2888 5367 3167 5423 thesauros
3211 5370 3560 5437 tenebrarum.
3595 5349 3726 5411 [Ιτὶυὶιί

2223 5461 2413 5525 placet,
2446 5460 2655 5528 porrige
2685 5477 2897 5513 manum
2929 5470 3097 5519 luam.
3132 5461 3284 5515 Unde
3323 5471 3530 5514 necesse
3560 5458 3625 5505 est
3664 5452 3727 5494 1³0⁵

2216 5552 2323 5617 jam
2384 5554 2670 5604 terminum
2734 5554 3087 5622 immobilem,
3148 5554 3439 5608 secundum
3483 5537 3729 5611 evangelia

2224 5644 2419 5702 re;ul:e
2443 5646 2969 5713 mquitatcm,eontra
2996 5645 3174 5700 hostes
3200 5645 3384 5715 ﬁgere,
3409 5652 3459 5697 et
3480 5633 3728 5709 perlibrat"

2222 5744 2326 5787 tein
2382 5735 2694 5803 sapientiam
2749 5735 2970 5791 limitem
3017 5737 3236 5806 justitia:
3293 5737 3484 5803 ubique
3536 5726 3729 5780 πόνει-ηε

2222 5841 2409 5879 οῖηηυς
2464 5826 2696 5883 lm‘rcscs
2748 5839 3092 5898 peragrantes
3147 5826 3435 5887 custodire,
3476 5831 3523 5875 ut
3572 5810 3729 5871 cmlitus
