3938 6376
164 362 260 417 277

155 566 269 620 llaec
296 572 398 630 est,
429 564 669 635 inquam,
694 565 775 620 via
804 566 939 621 lucis
966 564 1118 635 cujus
1147 567 1201 620 in
1231 567 1572 625 confessione
1598 584 1725 639 ape-

155 662 281 714 ritur
314 660 508 713 ostium
549 658 735 714 salutis
770 676 783 713 :
826 660 1002 728 itaque
1028 659 1118 728 qui
1170 659 1306 715 hanc
1339 661 1725 728 professionem

155 750 538 818 ingrediuntur,
569 750 950 805 beatitudinem
978 751 1094 821 ejus
1134 751 1522 822 adipiscuntur.
1558 754 1729 808 Beati-

155 840 275 894 tudo
302 840 351 895 ei
378 840 465 908 qui
513 842 795 895 conﬁtetur
827 856 987 895 unum
1017 841 1182 908 Deum
1210 843 1421 898 Patrem
1454 852 1507 899 et
1537 844 1727 898 Filium

156 940 205 984 et
232 938 476 984 sanctum
508 931 788 999 Spiritum.
825 932 1106 987 Beatitudo
1133 934 1180 989 ei
1205 935 1295 1005 qui
1327 936 1614 991 conﬁtetur
1642 952 1730 991 so-

157 1021 257 1073 lum
282 1019 449 1074 Deum
481 1020 714 1089 Patrem,
747 1033 800 1075 et
840 1022 1057 1091 Filium,
1084 1034 1139 1080 et
1173 1026 1431 1096 Spiritum
1462 1039 1725 1085 sanctum.

155 1108 431 1165 Beatitudo
447 1109 496 1164 ei
517 1110 606 1179 qui
630 1110 915 1168 conﬁtetur
938 1129 1098 1169 unum
1122 1117 1541 1187 omnipotentem
1562 1120 1728 1176 Deum

156 1202 387 1263 Patrem,
416 1212 471 1255 et
508 1200 726 1266 Filium,
755 1214 810 1258 et
848 1214 1089 1262 sanctum
1117 1208 1397 1279 Spiritum.
1453 1212 1731 1269 Beatitudo

152 1292 195 1343 ei
222 1293 316 1361 qui
346 1291 632 1348 conﬁtetur
669 1310 832 1348 unum
869 1312 1052 1351 verum
1089 1299 1251 1353 [leum
1283 1300 1521 1368 Patrem,
1553 1314 1608 1357 et
1647 1303 1732 1358 Fi-

153 1385 301 1449 lium,
337 1394 391 1440 ct
419 1394 660 1441 sanctum
692 1389 972 1455 Spiritum.
1008 1391 1289 1447 Beatitudo
1318 1394 1368 1448 ei
1391 1398 1477 1464 qui
1514 1398 1733 1454 confite—

151 1488 232 1530 tur
260 1492 428 1531 unum
457 1478 620 1532 Deum
651 1494 917 1534 summum
954 1482 1184 1548 Patrem,
1215 1495 1269 1540 et
1298 1487 1512 1551 Filiutu,
1540 1500 1592 1544 et
1613 1505 1731 1544 san-

149 1578 286 1622 ctum
306 1567 584 1637 Spiritum.
613 1570 891 1625 Beatitudo
914 1574 961 1626 ei
980 1574 1069 1643 qui
1085 1577 1369 1633 conﬁtetur
1385 1594 1547 1635 unum
1566 1580 1729 1636 Deum

149 1660 345 1714 bonum
377 1659 610 1725 Patrem,
644 1672 696 1717 et
721 1664 933 1729 Filium,
958 1674 1013 1721 et
1042 1666 1299 1736 Spiritum
1318 1681 1565 1727 sanetum
1589 1688 1731 1728 sem-

148 1753 415 1820 piternum
442 1767 584 1806 esse.
619 1754 896 1811 Beatitudo
926 1758 975 1811 ei
1002 1759 1093 1826 qui
1133 1761 1418 1817 conﬁtetur
1450 1764 1729 1819 indivisam

1388 366 1473 419 DE
1513 358 1879 420 TRINITATE
1919 364 2046 419 LIB.
2100 368 2174 423 Vl.

155 478 260 528 haec
288 479 483 527 statuta
508 474 701 529 veritas
719 489 839 528 mox
865 474 1002 529 viam
1024 474 1156 529 lucis
1177 492 1206 529 a
1234 478 1468 531 tenebris
1489 476 1711 531 dividat.
1743 477 1799 537 Α

3308 377 3415 431 278

1912 478 2117 532 Idcirco
2145 480 2231 549 qui
2257 480 2407 549 It'gis,
2437 490 2711 536 contestor
2740 497 2840 551 ego
2868 483 3029 537 hodie
3062 484 3156 540 tihi
3193 486 3410 549 coelum,

1832 584 1886 631 et
1916 582 2136 634 terram,
2166 587 2261 640 per
2307 571 2443 626 hanc
2487 572 2766 642 scriptura:
2808 587 2944 628 mea:
2975 572 3095 628 ﬁdei
3134 574 3415 630 catholicae

1832 663 2223 733 professionem
2252 678 2265 723 ;
2296 663 2436 726 quod
2478 661 2522 716 si
2558 678 2661 716 non
2689 678 2752 718 ex
2786 672 2899 717 toto
2926 664 3090 717 corde
3110 678 3227 719 eam
3253 662 3417 720 fueris

1832 763 2177 825 prosecutus,
2205 762 2298 807 aut
2334 754 2385 807 in
2420 753 2631 809 fastidio
2658 755 2819 809 animi
2864 755 3313 810 contemnendam
3356 769 3419 810 ac

1836 846 2245 902 detractandam
2283 844 2480 901 habere
2507 848 2800 915 putaveris,
2833 850 2940 902 eris
2966 857 3020 901 tu
3052 848 3169 917 ipse
3207 862 3333 903 rens
3365 850 3415 900 in

1833 941 1922 995 die
1948 939 2161 1009 judicii,
2198 954 2320 993 cum
2352 938 2512 1007 hujus
2540 942 2820 1012 scriptum
2842 942 3260 1011 chirographum
3292 950 3419 995 ante

1834 1032 2070 1089 tribunal
2122 1031 2332 1087 Christi
2380 1031 2431 1085 in
2475 1034 2840 1089 testimonium
2882 1035 2977 1090 tibi
3020 1034 3181 1090 fuerit
3216 1034 3414 1089 recita-

1834 1138 1945 1182 tum
1972 1141 1987 1193 ;
2017 1133 2111 1181 aut
2145 1126 2188 1178 si
2236 1126 2287 1178 in
2316 1124 2708 1180 maledictionis
2733 1128 2815 1182 via
2849 1128 3244 1189 haereticorum,
3277 1126 3419 1196 quod

1834 1233 1942 1274 non
1972 1227 2122 1287 opto,
2149 1218 2397 1272 inventus
2420 1215 2585 1271 lueris
2604 1232 2669 1271 ex
2698 1220 2879 1272 animo
2906 1220 3164 1285 sociatus,
3190 1233 3417 1289 qn:eroa

1835 1321 1887 1365 te
1911 1319 1969 1365 ut
2000 1317 2311 1365 caveantur.
2358 1307 2484 1363 Ideo
2514 1307 2741 1363 inferius
2788 1310 2880 1364 tibi
2921 1312 3251 1367 rreitahitur.
3296 1311 3421 1365 llmc

1835 1412 1939 1467 est,
1972 1403 2191 1471 inquam
2229 1400 2480 1470 fugienda
2506 1409 2665 1469 atque
2688 1403 3035 1472 przecavettda
3059 1406 3140 1458 via
3174 1405 3421 1459 tenebra-

1837 1512 1971 1560 rum,
2004 1495 2057 1549 in
2095 1509 2196 1563 qua
2227 1502 2304 1548 tot
2348 1507 2541 1563 genera
2584 1494 2909 1563 serpentium
2945 1494 3179 1551 lubricos
3223 1496 3422 1550 habent

1835 1585 2129 1648 anfractus,
2153 1584 2412 1638 adversus
2453 1599 2587 1653 quos
2633 1585 2870 1654 oportuit
2913 1600 3011 1640 nos
3053 1598 3261 1641 scutum
3298 1588 3421 1642 fidei

1836 1693 1931 1747 per
1961 1679 2174 1732 nomina
2216 1691 2341 1729 vera
2386 1692 2732 1745 personarum
2774 1676 3095 1731 conﬁtentes
3124 1680 3284 1751 255
3314 1679 3419 1733 eri-

1833 1784 1982 1837 gere,
2017 1777 2074 1823 ut
2103 1768 2396 1822 secundum
2432 1767 2601 1836 ipsam
2634 1768 3003 1821 auctoritatem
3038 1776 3134 1823 eos
3164 1770 3419 1823 divinitus

148 1855 260 1896 esse
290 1842 649 1897 substantiam
695 1846 886 1911 Patris,
924 1858 977 1902 et
1008 1849 1150 1916 Filii,
1180 1861 1233 1906 et
1265 1855 1436 1908 sancti
1470 1856 1723 1925 Spiritus.
1764 1848 2147 1931 Bjaculemur,
2190 1860 2332 1913 unde
2375 1864 2454 1911 tul
2482 1868 2534 1912 et
2576 1858 2697 1911 talia
2742 1857 3057 1927 proferenda
3098 1869 3220 1913 sunt
3256 1858 3420 1914 ferra-

148 1931 428 1988 Beatitudo
476 1934 527 1988 ei
576 1936 666 2005 qui
710 1937 837 1991 nihil
881 1938 1149 1997 addiderit
1192 1945 1274 1999 vel
1322 1946 1636 2003 diminuerit
1678 1951 1727 2004 in
1776 1958 1781 1961 ’

145 2022 482 2080 confessione
509 2027 672 2082 unita:
705 2040 908 2084 naturae
938 2033 1152 2089 deitatis
1192 2036 1386 2102 Patris,
1422 2049 1476 2095 et
1506 2040 1649 2107 Filii,
1679 2052 1733 2097 et

143 2118 311 2170 sancti
369 2118 619 2186 Spiritus.
677 2123 956 2178 Beatitudo
995 2126 1042 2180 ei
1091 2128 1179 2197 qui
1221 2132 1512 2189 conﬁtetur
1549 2138 1728 2190 omnia

143 2204 278 2259 bona
310 2208 445 2263 facta
477 2210 639 2265 fuisse
669 2227 698 2264 a
728 2213 906 2275 Patre.
941 2226 994 2270 et
1022 2217 1182 2284 Filio,
1210 2232 1263 2276 et
1288 2233 1479 2281 sancto
1504 2226 1731 2297 Spiritu.

144 2295 426 2354 Beatitudo
447 2302 495 2356 ei
516 2304 605 2371 qui
629 2306 915 2361 conﬁtetur
939 2325 1096 2363 unam
1128 2315 1485 2381 :equalitatem
1512 2295 1562 2373 in
1591 2335 1731 2376 sem-

149 2387 359 2455 piterna
401 2392 733 2458 plenitudine
774 2397 989 2451 deitatis
1028 2415 1149 2455 esse
1195 2403 1389 2472 Plris,
1424 2416 1478 2462 et
1509 2409 1650 2475 Filii,
1680 2420 1734 2465 et

143 2481 317 2534 sancti
352 2481 603 2548 Spiritus.
646 2484 927 2540 Beatitudo
970 2490 1018 2542 ei
1059 2491 1148 2559 qui
1188 2496 1481 2551 secundum
1528 2500 1733 2569 singula

146 2571 371 2623 nomina
422 2572 724 2642 Trinitatis,
764 2577 814 2629 id
856 2588 938 2631 est
989 2578 1181 2647 Patris,
1214 2594 1266 2637 et
1300 2585 1435 2651 Filii,
1468 2596 1521 2641 et
1564 2592 1734 2645 sancti

137 2654 400 2723 Spiritus,
429 2662 672 2730 proprias
694 2663 777 2718 his
807 2674 1009 2721 tantum
1039 2684 1297 2739 personas
1322 2674 1600 2731 distinctas
1615 2693 1735 2733 esse

136 2752 451 2808 conﬁtetur.
482 2755 665 2827 itaque
696 2760 837 2814 idem
862 2763 976 2831 ipse
1000 2766 1217 2833 replico,
1247 2771 1368 2838 quia
1391 2773 1735 2831 vehementer

138 2843 310 2898 timeo
341 2861 407 2900 ne
436 2847 655 2917 aliquod
682 2851 1063 2909 oﬁendiculum
1093 2860 1268 2914 minus
1318 2862 1734 2933 intelligentibus

138 2939 431 3004 posuerim,
464 2939 602 2995 adeo
644 2958 740 3011 per
778 2946 1074 3012 apertiores
1125 2964 1405 3008 sermones
1452 2954 1568 3011 hare
1617 2958 1730 3027 ipsa

139 3027 280 3083 dicta
306 3032 489 3099 paucis
518 3048 797 3102 exponere
823 3036 1092 3095 desidero.
1122 3043 1230 3112 Ego
1254 3061 1417 3100 unum
1452 3048 1615 3103 Deum
1642 3052 1729 3105 ubi

139 3120 384 3187 memini,
421 3124 622 3179 unitam
663 3126 919 3184 deitatem
953 3129 1148 3200 Patris,
1189 3147 1241 3191 et
1288 3137 1430 3205 Filii,
1475 3150 1529 3196 et
1556 3146 1725 3199 sancti

139 3208 373 3277 Spiritus
400 3212 688 3269 declaravi.
726 3219 854 3273 Item
876 3225 1297 3293 omnipotentem
1332 3229 1495 3285 Deum
1522 3233 1587 3286 ad
1611 3250 1726 3289 um-
1754 3216 1800 3278 (ἶ

138 3300 429 3368 nipotentis
458 3306 808 3363 subStantiam
839 3312 1116 3370 Trinitatis
1148 3322 1441 3387 prepalavi.
1479 3324 1610 3379 Item
1641 3342 1726 3383 so-

138 3390 244 3447 lum
281 3395 470 3462 Deum,
503 3413 530 3453 a
562 3400 733 3457 solius
775 3414 963 3459 natura
1001 3409 1162 3481 254
1189 3417 1566 3486 suprascripta:
1611 3420 1730 3475 Tri-

136 3486 319 3541 uitatis
358 3489 610 3547 iudicavi.
675 3494 966 3553 ldentidem
1012 3518 1175 3558 unum
1206 3524 1393 3564 verum
1429 3512 1617 3581 Deum,
1660 3517 1726 3570 ad

137 3590 296 3631 unam
344 3595 523 3635 veram
568 3594 814 3642 naturam
847 3590 1142 3649 divinitatis
1174 3598 1363 3667 Patris,
1410 3613 1466 3657 et
1497 3605 1637 3671 Filii,
1668 3622 1720 3663 et

136 3669 310 3722 sancti
335 3672 566 3740 Spiritus
594 3675 707 3731 haec
736 3678 873 3734 dicta
904 3687 1079 3739 retuli.
1114 3686 1219 3743 Aut
1252 3690 1301 3743 in
1334 3710 1438 3761 quo
1460 3669 1725 3753 summum

136 3759 332 3830 Deum,
365 3765 430 3817 ad
481 3770 839 3827 summitatem
889 3775 1104 3833 deitatis
1146 3759 1361 3849 Patris,
1388 3798 1441 3840 et
1482 3790 1623 3857 Filii,
1672 3804 1728 3849 et

138 3856 314 3909 sancti
345 3856 577 3928 Spiritus
623 3866 913 3935 assignavi.
952 3871 1076 3925 Sive
1104 3890 1265 3931 unum
1311 3879 1507 3936 bonum
1535 3885 1722 3949 Deum,

133 3946 198 3999 ad
241 3964 404 4003 unam
453 3953 743 4011 bonitatem
779 3971 981 4016 natum
1012 3964 1289 4024 Trinitatis
1332 3972 1723 4042 demonstravi,

133 4048 189 4093 et
222 4056 391 4094 unum
422 4042 588 4096 Deum
614 4047 678 4099 ad
710 4049 913 4103 unitam
943 4053 1364 4114 dominationem
1398 4064 1612 4122 deitatis
1642 4086 1719 4123 re-

131 4129 335 4184 velavi.
377 4131 484 4184 Seu
517 4133 566 4185 in
596 4150 703 4200 quo
734 4136 1015 4193 indivisam
1049 4145 1364 4204 Trinitatem
1400 4169 1727 4214 memoratus

132 4233 285 4279 sum,
324 4219 389 4271 ad
419 4220 617 4274 unitam
649 4224 1002 4282 substantiam
1027 4234 1375 4298 plenitudinis
1402 4257 1585 4297 eorum
1614 4247 1727 4302 haee

129 4307 396 4378 praefatus
435 4324 576 4364 sum.
626 4312 686 4365 Et
729 4313 843 4369 haec
879 4321 1067 4374 omnia
1087 4340 1207 4392 qua:
1243 4331 1491 4397 superius
1521 4334 1725 4404 singula

130 4398 394 4463 iudicavi,
439 4400 507 4453 ad
551 4402 832 4460 indivisam
865 4408 1078 4467 deitatis
1118 4398 1727 4487 sempiternitatem'l’a-

131 4492 252 4558 tris,
286 4503 342 4543 et
375 4491 515 4560 Filii,
557 4503 612 4549 et
657 4499 829 4552 sancti
876 4501 1105 4568 Spiritus
1136 4509 1490 4565 manifestavi.
1528 4516 1601 4568 Ac
1632 4533 1727 4586 per

134 4582 238 4637 hoc
265 4585 335 4636 de
368 4587 515 4640 unito
538 4591 756 4643 nomine
784 4592 1023 4659 deitut's,
1068 4600 1360 4657 multifarie
1395 4582 1729 4674 qttantvissit
1770 4600 1814 4656 Β

136 4674 338 4727 dictum
372 4692 465 4744 per
494 4679 733 4748 singulas
763 4698 1038 4752 personas,
1068 4692 1215 4757 quod
1262 4697 1511 4754 retuleris
1540 4702 1589 4754 in
1622 4705 1724 4759 Pa-

138 4775 239 4830 tre,
271 4769 375 4821 hoc
407 4771 577 4838 ipsum
610 4783 661 4827 et
692 4778 997 4835 coalitearis
1033 4800 1251 4840 necesse
1286 4802 1367 4846 e-t
1399 4794 1572 4850 uniter
1596 4814 1715 4853 esse

138 4870 187 4911 et
221 4859 272 4911 in
306 4859 478 4929 Filio;
516 4864 679 4920 Deum
711 4867 780 4922 de
811 4870 938 4936 Deo,
982 4875 1162 4932 iumen
1192 4880 1259 4934 de
1306 4882 1522 4949 lumine,
1558 4898 1723 4943 totum

140 4947 203 5005 de
245 4960 383 5015 to‘o,
423 4964 478 5008 et
522 4965 690 5012 tntum
733 4959 788 5012 in
821 4971 953 5025 toto,
1007 4968 1301 5032 perfectum
1350 4974 1417 5029 de
1466 4980 1721 5049 perfecto,

141 5040 527 5105 plenitudinem
568 5045 636 5100 de
679 5048 1028 5120 plenitudine,
1069 5058 1331 5128 integrum
1377 5040 1720 5140 de'integro,’

125 5133 528 5200 sempiternum
551 5137 623 5191 de
641 5142 988 5211 sempiterno,
1009 5150 1324 5216 sapientiam
1349 5156 1414 5210 de
1437 5133 1719 5235 sapientia,

120 5226 392 5280 .vErtntem
437 5229 504 5283 de
533 5231 743 5299 virtute,
779 5253 938 5291 unum
989 5240 1056 5296 de
1100 5262 1204 5298 uno
1232 5259 1281 5301 et
1313 5266 1471 5304 unum
1509 5254 1556 5305 in
1597 5226 1723 5324 uno,

142 5329 320 5371 verum
345 5318 414 5372 de
437 5335 583 5387 vero,
619 5322 804 5380 Filium
833 5328 899 5383 de
931 5330 1089 5388 Patre
1122 5347 1300 5393 natum
1349 5358 1451 5396 non
1505 5345 1723 5413 fat-tum,

141 5408 294 5461 unius
322 5410 640 5467 substantia:
669 5431 788 5470 cum
837 5420 1013 5477 Patre.
1066 5428 1168 5481 Sed
1214 5442 1266 5483 et
1303 5434 1557 5502 Spiritum
1605 5408 1724 5493 θειιιέ

140 5503 301 5559 ctum,
326 5500 419 5569 qui
454 5501 519 5556 de
544 5504 691 5558 unita
726 5507 984 5568 Trittitate
1013 5519 1274 5584 consistit,
1315 5500 1477 5580 [lenm
1514 5545 1719 5595 veinm,

142 5595 305 5644 totum
354 5592 674 5663 perfectum,
710 5606 875 5654 totum
924 5606 1158 5679 plenum,
1197 5613 1481 5685 integrum,
1531 5629 1724 5691 sempi-

142 5688 371 5748 ternum,
405 5684 457 5738 in
504 5687 611 5753 ipsa
654 5692 913 5759 sapientia
949 5702 1194 5760 virtutem
1245 5712 1596 5775 prteseieutia:
1633 5715 1725 5769 Pa-

143 5773 238 5826 tris
263 5785 316 5830 et
350 5775 469 5831 Filii
494 5781 896 5840 consistentem.

1836 1966 2013 2009 menta
2046 1952 2366 2021 spiritualia,
2396 1960 2525 2018 quot
2553 1960 2606 2004 et
2630 1952 2851 2005 vulnera
2881 1951 3173 2005 resecanda
3203 1969 3214 2003 :
3244 1966 3305 2007 ac
3328 1968 3421 2019 per

1839 2044 1940 2099 hoc
1975 2058 2079 2097 non
2112 2042 2210 2096 fuit
2237 2041 2623 2095 dissimulanda
2656 2056 2816 2095 causa
2843 2042 3141 2109 mortifera,
3171 2043 3420 2113 quoniam

1834 2151 1940 2189 non
1962 2143 2205 2204 poterant
2232 2150 2290 2187 ea
2325 2135 2471 2202 prius
2506 2148 2599 2202 per
2626 2133 2857 2187 fomenta
2892 2133 3139 2201 ltlandiri,
3173 2146 3225 2189 et
3263 2134 3332 2187 ita
3355 2135 3421 2187 ad

1841 2228 2107 2282 medelam
2152 2226 2339 2281 salutis
2369 2227 2645 2290 accedere,
2681 2227 2780 2279 nisi
2812 2227 3063 2279 interiora
3106 2240 3296 2280 eorum
3328 2240 3419 2277 cu-

1837 2330 2107 2383 rarentur,
2146 2327 2201 2372 ct
2234 2318 2521 2387 pelleretur
2565 2320 2907 2386 serpentinus
2950 2333 3161 2372 Cancer.
3208 2318 3337 2371 Mm
3374 2322 3427 2372 sit

1837 2411 2005 2465 velint
2050 2410 2352 2464 severitatis
2393 2410 2538 2477 prius
2589 2410 2910 2464 fertamenta
2959 2412 3223 2479 recipere,
3264 2413 3418 2467 facile

1839 2510 2088 2571 poterant
2114 2501 2178 2554 ad
2209 2500 2471 2555 medelam
2496 2516 2521 2553 s
2538 2502 2684 2554 ilutis
2707 2503 3005 2569 pervenire.
3038 2502 3142 2557 Sed
3167 2506 3420 2572 quoniam

1839 2595 2067 2649 adhmsit
2112 2596 2162 2649 in
2214 2595 2321 2649 illis
2369 2594 2515 2648 radix
2566 2594 2804 2657 zizaniir,
2848 2595 3159 2663 germinans
3199 2596 3249 2647 in
3299 2595 3425 2650 felle

1843 2687 2233 2751 amaritudinis,
2286 2696 2569 2756 prepterea
2619 2686 2867 2740 difﬁdunt
2915 2686 3138 2741 introire
3191 2688 3242 2741 in
3283 2688 3425 2741 viain

1837 2780 2195 2833 confessionis
2223 2779 2496 2844 salutaris,
2534 2780 2654 2849 quia
2696 2778 2810 2833 inec
2840 2779 2923 2833 via
2956 2779 3089 2834 lucis
3110 2779 3429 2836 scandalum

1838 2878 1921 2923 est
1952 2869 2081 2922 illis.
2109 2868 2262 2923 Unde
2285 2876 2499 2939 oportet
2529 2883 2626 2922 nos
2655 2869 2943 2924 ostendere
2973 2872 3075 2937 eis,
3109 2886 3241 2940 quos
3262 2872 3422 2926 edant

1838 2961 1938 3011 via-
1964 2974 2075 3013 sua:
2107 2958 2312 3013 fructus
2340 2959 2733 3014 maledietionis
2764 2962 3001 3014 omnium
3035 2964 3173 3017 male
3197 2964 3323 3018 cred
3363 2982 3421 3017 n-

1837 3054 1989 3117 tiunt,
2034 3053 2174 3107 sicut
2202 3054 2461 3122 scriptum
2500 3062 2582 3108 est
2617 3070 2628 3106 :
2665 3052 2971 3110 Maledicta:
3002 3058 3163 3109 omnis
3194 3060 3280 3125 qui
3311 3074 3411 3110 non

1835 3145 2119 3199 obaudierit
2155 3147 2301 3198 verba
2334 3143 2449 3197 libri
2473 3144 2652 3217 hujus,
2683 3157 2734 3198 ut
2762 3147 2917 3216 faciat
2961 3163 3020 3201 ea
3052 3150 3102 3201 in
3140 3149 3293 3201 corde
3326 3166 3419 3202 suo

1833 3237 2012 3304 (Deut.
2048 3255 2215 3306 xxvii,
2245 3238 2361 3307 26).
2396 3238 2708 3295 Maledictus
2738 3241 2827 3311 qui
2864 3240 3059 3308 Palris,
3103 3251 3155 3295 rt
3183 3242 3322 3308 Filii,
3365 3256 3419 3298 ct

1832 3316 2000 3385 sancti
2032 3331 2261 3401 Spiritus
2304 3332 2506 3385 unitant
2551 3336 2929 3401 sempiternam
2965 3337 3013 3387 ιΙί
3060 3337 3260 3389 initatis
3292 3339 3419 3391 suh-

1830 3426 2082 3478 stantiam
2121 3440 2241 3479 esse
2282 3440 2387 3478 non
2420 3427 2726 3481 conﬁtetur.
2774 3427 2909 3491 Fiat,
2943 3430 3050 3482 fiat.
3106 3430 3419 3486 Malnlictns

1831 3518 1920 3586 qui
1953 3518 2247 3571 secundum
2295 3531 2403 3573 tres
2439 3535 2717 3585 personas,
2755 3532 2862 3574 tres
2898 3521 3141 3575 diversas
3173 3526 3419 3577 substan—

1834 3612 1935 3663 tias
1963 3609 2013 3663 in
2051 3612 2133 3665 his
2175 3627 2295 3666 esse
2324 3616 2633 3669 confitetur.
2673 3614 2810 3679 Fiat,
2854 3617 2961 3669 liat.
2996 3617 3306 3673 Maledictus
3330 3624 3431 3689 qui

1832 3702 1929 3755 tria
1961 3704 2218 3774 principia
2256 3706 2307 3759 in
2354 3706 2450 3761 hac
2478 3722 2665 3761 eorum
2697 3709 2897 3762 unitate
2934 3711 3257 3780 sempiterna
3301 3710 3333 3765 d
3358 3713 3418 3764 υἱ-

1832 3793 1955 3847 tatis
1986 3810 2107 3849 esse
2134 3796 2438 3851 conﬁtetur.
2474 3799 2611 3863 Fiat,
2641 3799 2749 3853 fiat.
2784 3800 2989 3855 Mal’edit
3012 3813 3095 3857 tus
3126 3805 3213 3874 qui
3250 3805 3421 3858 solum

1832 3900 2013 3945 vertun
2048 3887 2218 3941 Deum
2249 3887 2483 3955 Patrem,
2519 3902 2571 3947 et
2613 3897 2941 3967 unigenitum
2978 3913 3163 3951 verum
3205 3898 3418 3960 Filium,

1831 3985 1884 4028 et
1914 3977 2128 4031 unicum
2170 3994 2353 4034 verum
2386 3982 2551 4037 Deum
2593 3986 2851 4054 Spiritum
2882 4000 3126 4042 sontum
3160 4005 3263 4042 non
3292 4004 3421 4042 cuu-

1834 4066 2032 4121 ﬁ:ctur.
2065 4068 2198 4129 Fiat,
2236 4072 2348 4124 liat.
2392 4073 2707 4129 Maledictus
2738 4078 2826 4144 qui
2868 4080 3075 4131 unitum
3110 4095 3305 4131 nomen
3335 4096 3419 4130 se-

1832 4161 2067 4213 cundum
2127 4161 2381 4217 deitatem
2439 4165 2722 4222 Trinitatis
2775 4185 2894 4225 esse
2946 4186 3049 4223 non
3109 4171 3418 4225 confitetur.

1858 4253 1892 4265 ς.

1836 4251 1973 4316 Fiat,
2023 4256 2133 4307 fiat.
2180 4254 2493 4313 Malcdictus
2534 4257 2623 4329 q'ui
2667 4263 3129 4321 inconvertibi'etn
3171 4267 3423 4323 divinita-

1838 4353 1941 4395 tem
1996 4344 2113 4399 Filii
2150 4345 2263 4411 Dei,
2311 4349 2363 4403 id
2409 4361 2491 4405 est
2522 4352 2754 4411 Verbum
2804 4357 2920 4423 Dei,
2986 4358 3063 4413 sic
3112 4361 3161 4413 in
3205 4375 3421 4415 carnem

1852 4436 2167 4491 translatum
2202 4438 2283 4493 vel
2318 4452 2579 4496 mutatum
2616 4447 2914 4514 proﬁtetur,
2941 4459 2998 4503 ιιι
3022 4449 3124 4505 hoc
3155 4453 3423 4506 tnotlode-

1841 4526 2044 4596 siverit,
2080 4541 2168 4583 ant
2197 4532 2438 4588 amiserit
2481 4537 2622 4604 quod
2657 4539 2766 4607 jam
2805 4540 3009 4609 pridem
3053 4553 3177 4598 ante
3216 4560 3243 4598 a
3278 4563 3422 4599 sunt-

1845 4620 2077 4685 p'ionem
2114 4624 2345 4678 hominis
2370 4626 2529 4682 fuerit
2563 4648 2575 4683 :
2615 4634 2913 4697 prtcsertim
2939 4650 3060 4689 cum
3091 4638 3209 4691 talis
3240 4640 3288 4692 iit
3324 4640 3420 4692 lto-

1838 4710 1980 4765 mine
2028 4716 2281 4781 pt‘zlrsenti
2345 4725 2590 4787 tempore
2634 4720 2814 4790 fuerit,
2868 4734 2924 4779 et
2970 4727 3059 4793 sit,
3110 4729 3320 4797 qualem
3364 4748 3422 4785 διε

1834 4818 2053 4872 Semper
2095 4818 2221 4862 ante
2248 4813 2675 4878 assumptionent
2721 4813 2953 4870 hominis
2984 4835 3083 4872 una
3119 4835 3238 4875 cunt
3266 4822 3421 4876 Patro

1840 4898 2002 4951 fuisse
2042 4901 2392 4958 consciverit.
2432 4904 2571 4970 Fiat,
2610 4906 2719 4962 fiat.
2756 4908 3066 4964 Maledictus
3108 4914 3195 4978 qui
3229 4913 3407 4969 indivi-

1835 5005 1946 5041 sam
1977 4990 2231 5045 deitatem
2266 4992 2461 5060 Patris,
2502 5006 2555 5049 et
2584 4996 2721 5064 Filii,
2758 5010 2808 5054 et
2838 5003 3010 5056 sancti
3057 5004 3283 5071 Spiritus
3316 5021 3419 5059 non

1835 5080 2148 5139 (τίοιιῐίιιιιυΐ.
2184 5082 2321 5149 Fiat,
2356 5086 2463 5140 ﬁat.
2501 5086 2812 5145 Maleilirtus
2836 5094 2925 5161 qui
2959 5106 3179 5163 pmpter
3205 5096 3301 5151 tria
3326 5113 3421 5149 no-

1844 5174 1983 5223 mina
2034 5189 2402 5241 personarum,
2444 5188 2554 5233 tres
2590 5180 2740 5247 deus,
2785 5191 2877 5238 aut
2921 5195 3027 5240 tres
3071 5186 3418 5249 substantias.

1841 5271 1931 5313 aut
1957 5271 2065 5315 tres
2090 5266 2315 5332 Spiritus
2347 5270 2654 5325 conﬁtetur.
2688 5273 2827 5339 Fiat,
2862 5275 2967 5330 ﬁat.
2998 5277 3309 5332 Maledictus
3329 5281 3427 5349 qui

1837 5355 2132 5409 secundum
2160 5358 2394 5429 singulas
2427 5380 2471 5429 p'
2494 5380 2687 5419 rsunas
2732 5367 2832 5420 tria
2863 5369 3077 5423 nomina
3111 5378 3312 5423 tantutn
3338 5373 3421 5426 di-

1836 5445 2027 5497 Stincta
2063 5448 2250 5514 Patris,
2289 5465 2338 5505 et
2374 5455 2512 5518 Filii,
2556 5469 2609 5511 et
2641 5460 2810 5512 sancti
2845 5460 3078 5527 Spiritus
3122 5476 3227 5516 non
3258 5466 3421 5537 256

1834 5537 2141 5593 conﬁtetur.
2189 5542 2324 5607 Fiat,
2376 5547 2485 5601 liat.
2530 5549 2867 5613 Maledictus,
2918 5553 3005 5618 qni
3049 5562 3266 5622 propter
3318 5562 3417 5613 tria

1836 5628 2046 5681 immitia
2079 5646 2453 5699 personarum,
2485 5649 2539 5693 ct
2570 5639 2773 5693 unitam
2803 5641 3188 5708 plenitudinem
3220 5648 3414 5703 divini-

1834 5722 1952 5774 tatis
2002 5721 2507 5796 incomparabilem,
2558 5732 2845 5799 tiigunium
2887 5733 2967 5786 vel
3016 5745 3160 5793 certe
3193 5747 3416 5814 tetrago-

1832 5814 1977 5868 nium
2022 5814 2190 5883 Patri,
2235 5829 2285 5873 et
2320 5819 2473 5887 Filio,
2520 5831 2571 5876 et
2615 5833 2802 5879 sancto
2848 5825 3068 5896 Spiritui
3107 5845 3409 5905 computat;
