3938 6376
616 317 681 372 79
1859 329 2081 385 VlGlLll
2119 331 2485 392 TAPSENSIS

574 436 668 483 aut
688 429 786 485 tria
813 431 985 501 capita
1016 433 1069 489 in
1098 449 1156 490 se
1183 437 1507 494 cohaerentia
1534 438 1615 507 (ut
1636 438 1936 510 philOsophi
1966 442 2147 498 dicere
2176 447 2227 503 Δ
2256 444 2393 511 Fiat,
2426 448 2535 502 fiat.
2581 450 2893 508 Maledicta:
2921 457 3010 526 qui
3058 458 3318 517 hominem
3360 482 3469 522 vere
3503 485 3631 539 quem
3664 493 3723 531 as.

575 524 993 592 consueverunt)
1022 539 1037 589 ;
1078 536 1170 579 aut
1200 543 1356 581 unam
1390 542 1670 598 personam
1696 544 1819 585 esse
1848 531 2149 600 proﬁtetur.

574 609 713 675 Fiat,
739 609 848 665 ﬁat.
884 612 1209 670 Maledictus
1232 619 1320 686 qui
1353 633 1509 672 unam
1551 633 1831 687 personam
1869 620 2067 686 Patris,
2097 632 2153 677 et

572 704 715 772 Filii,
748 715 803 761 et
831 708 1062 777 Spiritus
1102 716 1273 769 sancti
1308 716 1617 772 conﬁtetur.
1652 719 1790 783 Fiat,
1835 719 1943 774 ﬁat.
1991 722 2152 775 Male-

571 796 745 852 tlictus
766 799 853 867 qui
893 816 1049 867 quem
1086 801 1277 859 Filium
1314 806 1462 870 dicit,
1499 807 1638 863 hunc
1667 810 1912 865 eumdem
1956 820 2010 866 et
2047 811 2151 865 Pa-

575 898 710 951 trem
738 889 959 951 confuse
987 890 1248 962 designat.
1270 895 1409 961 Fiat,
1458 897 1570 951 ﬁat.
1600 898 1912 955 Maledictus
1938 901 2029 970 qui
2058 917 2151 971 pa-

577 986 717 1033 trem
748 986 953 1047 uatum,
981 991 1071 1038 aut
1096 983 1450 1052 incarnatum,
1483 997 1572 1042 ant
1595 1004 1810 1057 passum
1839 1006 1959 1047 esse
1978 993 2149 1047 conﬁ-

575 1080 741 1125 tetur.
791 1072 929 1139 Fiat,
979 1076 1089 1133 ﬁat.
1129 1077 1439 1134 Maledictus
1464 1081 1552 1149 qui
1592 1084 2015 1139 inenarrabiliter
2060 1084 2149 1139 Fi-

589 1162 718 1215 tinm
769 1179 891 1219 vere
936 1169 1173 1235 genitum
1214 1170 1281 1226 de
1319 1172 1611 1227 substantia
1650 1175 1821 1232 Patris
1875 1190 1996 1233 esse
2039 1193 2144 1233 non

580 1255 884 1310 conﬁtetur.
928 1256 1067 1325 Fiat,
1102 1260 1209 1318 ﬁat.
1257 1261 1585 1329 Maledictus,
1614 1265 1706 1334 qui
1737 1264 1874 1322 hanc
1903 1268 2148 1322 nativita-

573 1356 680 1398 tem
724 1345 1219 1417 incomparabilem,
1267 1350 1484 1417 factam,
1531 1364 1621 1408 aut
1649 1365 1881 1411 creatam
1909 1359 1993 1414 vel
2021 1373 2149 1415 con-

570 1432 736 1487 ditam
765 1449 886 1489 esse
914 1436 1216 1493 conﬁtetur.
1268 1440 1404 1508 Fiat,
1440 1441 1553 1497 ﬁat.
1590 1444 1899 1501 Maledictus
1927 1448 2014 1518 qui
2054 1450 2147 1506 ad:

570 1538 761 1580 versus
804 1526 939 1582 hanc
988 1528 1414 1589 inaestimabilem
1455 1537 1855 1604 generationem
1904 1540 2141 1608 deitatis,

569 1617 800 1686 aliquam
827 1619 894 1672 de
918 1619 1115 1674 factura
1143 1622 1258 1691 ejus
1284 1625 1569 1681 crediderit
1600 1630 1812 1696 proprie
1844 1631 1895 1684 in
1933 1631 2146 1687 confes-

568 1709 775 1765 sionem
807 1710 999 1767 aﬁ‘erre
1032 1714 1181 1768 vobis
1209 1721 1682 1787 comparationem.
1714 1722 1850 1790 Fiat,
1892 1724 2002 1779 ﬁat.
2035 1727 2145 1781 Ma-

2255 540 2488 607 sumpsit
2514 554 2723 607 passum
2763 558 2883 599 esse
2913 561 3018 602 non
3055 553 3353 609 conﬁtetur.
3387 559 3506 626 Fiat,
3534 563 3620 618 ﬁat.
3645 568 3721 623 ita.

2256 628 2479 683 ledictus
2507 632 2598 701 qui
2625 631 2765 688 hunc
2794 643 2960 691 totum
2989 638 3276 709 hominem,
3315 646 3363 701 id
3390 659 3467 704 est
3487 654 3668 712 animam
3686 671 3721 714 et

2253 734 2448 789 corpus
2476 722 2615 791 quod
2651 728 2963 797 assumpsit,
2996 730 3173 785 denuo
3210 749 3513 806 assumptum
3540 746 3607 798 vel
3627 746 3720 802 libe-

2253 819 2446 875 ratum,
2495 822 2634 881 post,
2672 817 2828 872 tertia
2876 820 2964 874 die
3004 837 3033 873 a
3072 826 3294 879 mortuis
3322 833 3628 888 resurrexisse
3651 852 3720 890 non

2251 903 2555 959 conﬁtetur.
2588 907 2726 975 Fiat,
2753 909 2861 964 ﬁat.
2895 912 3209 970 Maledictus
3230 920 3319 984 qui
3343 921 3719 992 incomparabilem

2250 994 2500 1050 deitatem
2533 998 2806 1055 Trinitatis
2851 1006 3065 1071 proprie
3106 1007 3171 1061 ad
3223 1009 3442 1066 hominis
3480 1015 3720 1072 lineamenta

2250 1101 2369 1143 esse
2396 1091 2712 1157 confitetur;
2739 1094 2865 1147 dum
2892 1098 3149 1165 scriptum
3175 1101 3487 1159 inveniamus
3514 1106 3612 1177 (Ill
3634 1110 3718 1181 Reg.

2251 1193 2363 1243 vtu,
2393 1177 2651 1249 23).'qnia
2695 1199 2801 1238 non
2841 1187 2907 1238 sit
2938 1186 3009 1240 illi
3047 1190 3241 1244 similis
3279 1194 3534 1262 quisquam
3562 1177 3720 1254 Deusin

2248 1270 2386 1324 ctelo
2415 1286 2647 1338 sursum,
2677 1290 2847 1344 neque
2880 1276 2929 1329 in
2964 1287 3101 1332 terra
3126 1280 3391 1337 deorsum.
3422 1286 3542 1352 Fiat,
3568 1291 3651 1341 ﬁat.

2393 1414 2525 1468 Item
2551 1417 2611 1469 de
2641 1419 2792 1472 variis
2821 1422 3083 1490 generibus
3106 1424 3348 1479 librorum
3383 1438 3450 1482 est
3475 1446 3624 1486 sermo.

2325 1536 2411 1591 Vae
2442 1538 2592 1594 vobis
2618 1541 2707 1609 qui
2745 1541 2964 1608 primam
3010 1545 3167 1600 fidem
3202 1548 3445 1617 baptismi
3473 1554 3647 1607 calitus
3671 1556 3721 1608 in.

2247 1627 2488 1685 stitutam
2516 1630 2715 1687 irritam
2750 1633 2943 1702 facitis,
2974 1646 3029 1690 et
3058 1637 3405 1695 instrumenta
3440 1643 3721 1699 libertatis»-

2248 1721 2349 1774 mel
2374 1734 2624 1777 concessa
2647 1725 3084 1793 periterationem
3110 1730 3405 1787 inﬁrmatis.
3435 1734 3722 1801 Fiat,liat.Va
3776 1754 3779 1759 ·

568 1802 795 1857 ledictus
821 1806 910 1873 qui
940 1820 1122 1862 verum
1156 1808 1347 1869 Filium
1382 1812 1479 1868 Dei
1522 1828 1590 1868 ex
1633 1816 1904 1872 voluntate
1935 1826 2134 1873 tantum

2248 1809 2392 1865 vobis
2408 1813 2497 1881 qui
2523 1812 2687 1881 lapsis
2706 1817 3079 1883 paenitentibus
3095 1822 3301 1876 veniam
3329 1825 3621 1879 tribuendam
3640 1840 3719 1879 esse

569 1893 697 1947 dicit
744 1911 884 1960 esse,
927 1908 979 1953 et
1020 1914 1122 1958 non
1175 1904 1349 1969 potius
1390 1903 1457 1959 de
1493 1907 1789 1964 nativitate.
1839 1909 1977 1976 Fiat,
2027 1912 2134 1964 ﬁat.

570 1987 881 2053 Malediczus
910 1992 997 2060 qui
1023 1993 1152 2048 dicit
1183 2017 1194 2046 -.
1230 1996 1353 2051 Erat
1391 2006 1597 2068 tempus
1626 2002 1841 2070 quando
1872 2020 1978 2059 non
2025 2014 2141 2060 erat

570 2078 613 2131 F
618 2078 756 2133 ilius.
800 2081 933 2147 Fiat,
968 2083 1079 2138 ﬁat.
1121 2085 1435 2144 Maledictus
1477 2092 1570 2160 qui
1608 2092 1743 2148 hanc
1772 2094 1864 2150 Dei
1894 2096 2141 2151 nativita-

573 2181 677 2225 tem
703 2188 772 2229 ex
800 2174 958 2234 nullis
983 2178 1317 2235 exstantibus
1340 2181 1652 2250 phantasma
1690 2201 1809 2241 esse
1832 2189 2137 2256 conﬁtetur,

572 2265 711 2333 quod
742 2265 914 2322 Graeci
945 2271 995 2334 ἐξ
1024 2273 1115 2324 οὐκ
1143 2269 1295 2327 ὄντων
1326 2275 1616 2344 appellant.
1653 2277 1792 2344 Fiat,
1830 2280 1941 2335 ﬁat.
1974 2280 2140 2336 Male-

572 2356 746 2412 dictus
773 2359 861 2428 qui
893 2360 1224 2417 divinitatem
1257 2364 1373 2419 Filii
1410 2367 1500 2421 Dei
1541 2367 1672 2423 dicit
1701 2368 1910 2425 initium
1942 2371 2141 2427 habere

570 2447 638 2502 de
670 2460 928 2518 tempore,
963 2462 1137 2507 ortum
1170 2470 1235 2509 ex
1267 2456 1453 2523 nihilo,
1498 2474 1690 2515 nomen
1720 2462 1868 2528 quasi
1906 2461 2141 2531 adoptio-

568 2539 654 2594 nis
682 2543 977 2598 accessisse
1004 2558 1175 2614 nuper
1195 2561 1261 2601 ex
1292 2547 1480 2606 altero.
1517 2548 1649 2614 Fiat,
1685 2550 1792 2606 ﬁat.
1828 2543 2142 2610 Malédietus

573 2630 664 2699 qui
708 2646 870 2689 unum
903 2632 973 2687 de
1002 2649 1125 2700 uno,
1155 2635 1345 2691 Filium
1383 2638 1449 2692 de
1477 2638 1640 2695 Patre
1660 2656 1783 2694 vere
1814 2651 1993 2696 natum
2034 2660 2139 2697 non

571 2720 873 2777 conﬁtetur.
918 2724 1061 2791 Fiat,
1101 2726 1213 2781 ﬁat.
1261 2729 1572 2785 Maledictus
1607 2732 1696 2794 qui
1741 2733 2142 2801 impassibiliter

570 2808 769 2865 Filium
819 2823 998 2867 natum
1044 2815 1115 2873 de
1149 2815 1304 2874 Patre
1344 2834 1449 2874 non
1500 2821 1804 2877 conﬁtetur.
1855 2823 1993 2888 Fiat,
2025 2824 2136 2879 ﬁat.

573 2899 886 2957 Maledictus
911 2903 1000 2973 qui
1039 2904 1168 2963 dicit
1200 2924 1212 2959 :
1242 2907 1363 2963 Fuit
1410 2910 1458 2963 al
1483 2912 1697 2981 quando
1725 2912 1882 2968 Pater
1909 2914 2028 2969 sine
2058 2915 2144 2970 Fi-

575 2992 669 3046 lio.
704 2993 840 3059 Fiat,
884 2994 994 3050 ﬁat.
1042 2998 1355 3057 Maledictus
1384 3004 1472 3072 qui
1518 3018 1621 3057 non
1676 3006 1979 3068 conﬁtetur.
2020 3020 2145 3064 ante

573 3097 734 3136 omne
755 3084 976 3139 omnino
1008 3088 1345 3157 principium,
1376 3092 1457 3145 vel
1492 3092 1699 3149 initium
1741 3109 1955 3165 semper
1983 3095 2146 3153 fuisse

2244 1918 2347 1957 nou
2378 1903 2614 1965 creditis.
2641 1906 2777 1971 Fiat,
2809 1908 2917 1963 ﬁat.
2950 1912 3112 1983 258
3144 1912 3233 1967 Va:
3259 1915 3407 1968 vobis
3426 1917 3505 1985 qui
3528 1916 3672 1982 Patris,
3692 1926 3721 1971 et

2242 1995 2385 2064 Filii,
2414 2006 2469 2053 et
2484 2000 2653 2053 sancti
2675 2000 2904 2069 Spiritus
2927 2015 3083 2058 unam
3119 2020 3400 2073 personam
3423 2008 3671 2067 defenditis.
3691 2018 3722 2061 et

2240 2105 2346 2145 non
2380 2101 2509 2158 tres,
2540 2094 2831 2149 secundum
2859 2096 2969 2163 ipsa
2995 2098 3208 2152 nomina
3231 2102 3489 2155 veritatis.
3519 2101 3627 2164 Fiat,
3646 2100 3717 2152 ﬁat.

2242 2184 2333 2238 Vae
2363 2186 2514 2241 vobis
2542 2187 2630 2256 qui
2660 2187 2728 2242 de
2757 2187 2855 2243 hac
2880 2191 3023 2245 unita
3060 2192 3458 2261 incomparabili
3480 2192 3723 2261 plenitudine

2242 2276 2436 2332 divina:
2481 2279 2757 2335 Trinitatis
2804 2283 3194 2350 extensionem,
3238 2285 3323 2340 vel
3358 2282 3722 2341 excisionetn.vel

2244 2370 2637 2437 protensionem
2671 2372 2901 2441 aliquam
2933 2373 2984 2427 in
3031 2374 3112 2427 his
3150 2390 3274 2429 esse
3303 2375 3608 2442 proﬁtemini.
3635 2372 3721 2431 Fiat,

2243 2458 2355 2517 ﬁat.
2383 2457 2471 2511 Vre
2501 2459 2649 2513 vobis
2670 2460 2761 2529 qui
2781 2460 2850 2515 de
2876 2461 2973 2515 hac
2994 2463 3139 2517 unita
3173 2464 3498 2532 plenitudine
3520 2463 3665 2525 Patris,
3688 2470 3721 2513 et

2244 2551 2385 2619 Filii,
2442 2551 2610 2607 sancti
2651 2552 2882 2623 Spiritus
2921 2554 3313 2611 derivationem
3359 2567 3413 2612 et
3455 2555 3721 2611 delluxionen

2243 2643 2472 2714 aliquam
2506 2645 2556 2698 in
2601 2646 2683 2701 his
2725 2661 2845 2701 esse
2879 2647 3181 2702 defenditis.
3220 2647 3360 2714 Fiat,
3393 2648 3496 2702 ﬁat.
3534 2647 3607 2701 Va:
3626 2643 3721 2696 vobis

2244 2736 2332 2804 qui
2362 2736 2415 2792 in
2442 2737 2584 2790 unita
2610 2735 2886 2792 divinitate
2916 2737 3191 2792 Trinitatis
3228 2755 3389 2793 unam
3418 2736 3719 2808 praescientiam

2246 2843 2367 2885 esse
2400 2831 2623 2900 negatis.
2656 2830 2792 2899 Fiat,
2832 2831 2941 2885 ﬁat.
2978 2832 3064 2885 Vae
3092 2833 3249 2888 vobis
3292 2835 3378 2905 qui
3422 2833 3505 2887 Dei
3534 2832 3673 2886 Filium
3689 2830 3719 2877 in

2248 2922 2360 2989 ipsa
2393 2923 2721 2991 prmscientia
2752 2939 2854 2993 qua
2882 2925 3037 2979 Pater
3064 2934 3145 2981 est
3177 2942 3303 2983 esse
3329 2927 3613 2997 uegatis;ut
3632 2922 3721 2976 diem

2248 3024 2301 3070 et
2335 3016 2518 3070 horam
2546 3017 2731 3084 iudicii
2763 3018 2976 3087 quando
2999 3018 3237 3073 futurum
3269 3021 3359 3085 sit,
3396 3035 3508 3074 eum
3531 3020 3722 3088 ignorase

2249 3104 2437 3159 dicatis
2457 3123 2477 3161 ιι
2495 3106 2618 3160 dum
2649 3107 2759 3175 ipse
2787 3107 2853 3163 de
2878 3123 2937 3163 se
2966 3111 3328 3165 testimonium
3357 3112 3493 3181 prius
3519 3107 3722 3178 perbibat-

574 3169 768 3225 Filium
793 3188 915 3228 cum
947 3174 1126 3230 Patre.
1160 3177 1294 3242 Fiat,
1329 3178 1439 3238 ﬁat.
1466 3181 1772 3239 Maledictus
1792 3185 1879 3254 qui
1907 3184 2019 3239 haec
2048 3188 2145 3240 tria
2173 3176 2218 3239 C
2252 3200 2319 3252 rit
2346 3198 2411 3253 ad
2449 3169 2681 3266 Patrem;
2722 3200 2774 3254 in
2811 3204 3103 3256 centesimo
3145 3212 3341 3257 octavo
3357 3169 3559 3257 .decim-o
3587 3197 3724 3266 psalmo

574 3265 811 3328 nomina,
856 3266 906 3320 id
948 3277 1029 3322 est
1060 3268 1251 3334 Patris,
1283 3284 1337 3326 et
1361 3271 1506 3349 Filii,
1544 3282 1595 3327 et
1623 3276 1792 3333 sancti
1828 3274 2055 3345 Spiritus
2090 3279 2142 3333 in

573 3370 731 3409 unam
760 3359 1092 3414 tantumme
1116 3360 1286 3417 Patris
1311 3378 1593 3433 personam
1622 3379 1740 3426 esse
1762 3368 2061 3436 conﬁtetur,
2092 3379 2147 3428 et

574 3462 680 3502 non
725 3460 830 3504 tres
871 3452 1161 3507 secundum
1207 3453 1320 3524 ipsa
1365 3455 1582 3514 nomina
1611 3472 1734 3512 vera
1770 3473 2140 3526 personarum.

573 3537 712 3604 Fiat,
758 3542 863 3596 ﬁat.
915 3544 1226 3601 Maledictus
1266 3548 1354 3617 qui
1407 3550 1760 3605 immortalem
1810 3552 2141 3610 divinitatem

572 3630 692 3685 Filii
738 3634 829 3687 Dei
866 3650 984 3691 esse
1013 3652 1116 3691 non
1155 3638 1459 3694 conﬁtetur.
1497 3640 1632 3707 Fiat,
1677 3643 1785 3696 ﬁat.
1830 3643 2144 3705 Maledictus

576 3724 667 3805 qui
710 3724 779 3779 de
818 3730 1143 3795 sempiterno
1186 3730 1320 3784 Filio
1366 3731 1458 3787 Dei
1500 3732 1629 3787 dicit
1655 3751 1665 3785 :
1691 3733 1803 3787 Non
1836 3735 1992 3805 257
2033 3745 2146 3788 erat

576 3804 859 3885 antequam
908 3818 973 3872 de
1015 3820 1174 3874 Maria
1226 3834 1551 3879 nasceretur.
1597 3824 1732 3890 Fiat,
1769 3827 1878 3880 ﬁat.
1906 3804 2145 3881 atatem-

576 3916 696 3960 ctus
734 3907 824 3978 qui
854 3911 1054 3963 unitatn
1092 3911 1344 3968 deitatem
1381 3915 1572 3984 Patris,
1617 3926 1672 3971 et
1702 3917 1842 3982 Filii,
1882 3927 1935 3972 ct
1976 3890 2143 3973 s’ancti

573 4002 831 4078 Spiritus,
864 4020 928 4059 ex
958 4008 1181 4062 caritate
1210 4009 1511 4065 concordiae
1548 4019 1753 4064 tantum
1784 4026 1903 4065 esse
1933 4012 2146 4079 proﬁte-

574 4102 680 4161 tur,
710 4107 764 4157 et
804 4111 909 4166 non
952 4100 1118 4169 magis
1150 4114 1246 4169 per
1279 4099 1415 4154 hanc
1447 4103 1615 4169 ipsam
1663 4103 1862 4156 unitam
1892 4101 2143 4156 divinita-

574 4195 699 4253 tem,
744 4187 884 4256 Fiat,
937 4190 1046 4259 ﬁat.
1100 4192 1413 4247 Maledictus
1434 4193 1522 4263 qui
1560 4194 1758 4248 unitam
1796 4194 2048 4249 deitatem
2091 4198 2141 4250 in

575 4285 683 4330 tres
710 4278 806 4331 has
838 4294 1093 4347 personas
1117 4296 1236 4336 esse
1264 4299 1367 4336 non
1390 4286 1697 4339 conﬁtetur.
1725 4284 1860 4349 Fiat,
1895 4286 2006 4342 ﬁat.
2033 4286 2142 4339 Ma-

575 4365 802 4420 ledictus
832 4368 920 4435 qui
962 4370 1218 4424 unitatem
1251 4373 1600 4441 plenitudinis
1639 4374 1830 4428 divina:
1871 4376 2146 4431 Trinitatis

577 4454 858 4509 indivisam
891 4472 1011 4513 esse
1040 4474 1143 4515 non
1174 4462 1479 4517 conﬁtetur.
1520 4464 1656 4531 Fiat,
1688 4465 1799 4519 ﬁat.
1834 4467 2145 4521 Maledictns

578 4545 665 4613 qui
713 4545 911 4600 unitam
956 4549 1336 4616 sempiternam
1378 4552 1712 4607 divinitatem
1754 4555 2143 4624 incomparabi-
2176 4546 2220 4604 υ

581 4634 683 4689 lem
713 4635 903 4696 Patris.
935 4646 992 4692 et
1030 4637 1172 4705 Filii,
1215 4649 1269 4694 et
1316 4641 1487 4697 sancti
1513 4642 1742 4711 Spiritus
1790 4659 1895 4697 non
1923 4646 2145 4701 conﬁte-

578 4735 683 4780 tur.
718 4727 854 4795 Fiat,
902 4728 1010 4783 ﬁat.
1057 4731 1371 4789 Maledictus
1406 4734 1493 4804 qui
1535 4733 1794 4790 adversus
1820 4736 2053 4806 vigorem
2093 4750 2147 4794 et

580 4833 858 4874 censuram
887 4821 1078 4877 divinae
1106 4823 1395 4893 Scriptura
1426 4826 1567 4887 hunc
1610 4842 1791 4897 verum
1826 4828 1991 4883 Deum
2024 4829 2143 4898 Spi-

581 4911 737 4964 ritum
768 4910 1111 4981 Paraclitum,
1141 4914 1374 4980 Patrem,
1408 4925 1499 4971 aut
1531 4916 1747 4979 Filium.
1781 4920 1866 4974 vel
1896 4928 2043 4974 certe
2066 4920 2146 4972 fa—

580 5014 786 5057 cturam
814 5013 1032 5073 usurpat
1055 5006 1253 5062 debere
1296 5010 1561 5071 conﬁteri.
1609 5010 1746 5077 Fiat,
1790 5012 1902 5066 ﬁat.
1936 5012 2147 5069 Maledi-

580 5104 696 5149 ctus
725 5093 812 5163 qui
838 5094 1027 5149 Filium
1051 5095 1167 5163 Dei,
1197 5096 1360 5151 Deum
1393 5115 1604 5168 verum,
1637 5101 1908 5158 hominem
1940 5104 2007 5158 de
2036 5105 2147 5159 Ma-

581 5189 655 5240 iia
685 5186 903 5256 Virgine
929 5202 1097 5258 nuper
1124 5191 1478 5259 assumpsisse
1508 5207 1603 5260 pro
1635 5203 1815 5248 nostra
1844 5194 2012 5258 salute
2041 5211 2145 5249 non

576 5279 883 5333 conﬁtetur.
918 5277 1055 5345 Fiat,
1088 5278 1195 5332 ﬁat.
1232 5280 1545 5336 Maledictus
1578 5283 1667 5352 qui
1706 5284 1796 5339 Dei
1830 5283 2021 5351 Filium
2055 5284 2151 5339 ho-

578 5372 776 5425 minem
818 5370 1185 5424 tantummodo
1226 5372 1522 5425 solitarium
1573 5374 1656 5427 vel
1696 5390 1884 5443 purqu
1919 5382 2150 5431 tantum-

578 5460 739 5514 modo
775 5459 1085 5516 conﬁtetur.
1139 5460 1278 5528 Fiat,
1339 5462 1452 5517 ﬁat.
1498 5462 1813 5517 Maledictus
1851 5466 1938 5534 qui
1983 5466 2145 5521 Deum

581 5555 673 5607 Dei
708 5554 898 5610 Filium
944 5544 1350 5627 sempiternum,
1395 5557 1462 5612 de
1502 5559 1868 5627 assumptione
1919 5560 2149 5614 hominis

582 5661 751 5713 nuper
792 5649 893 5703 hoc
937 5650 1255 5718 principium
1299 5648 1496 5703 habere
1535 5648 1798 5717 assignat.
1849 5649 1983 5714 Fiat,
2034 5650 2146 5704 ﬁat.

586 5734 889 5801 illnletlictus
919 5740 1005 5809 qui
1029 5741 1277 5796 deitatem
1305 5740 1421 5809 ejus
1456 5756 1664 5808 passam
1701 5755 1821 5795 esse
1844 5741 2144 5795 conﬁtetur.

2247 3290 2315 3345 div
2334 3305 2431 3345 ens
2455 3308 2469 3342 :
2501 3290 2585 3346 Me
2604 3303 3013 3361 exspectaverunt
3032 3304 3322 3362 peccatores
3350 3304 3403 3348 ait
3430 3295 3648 3363 perderent
3660 3303 3722 3348 me,

2246 3384 2532 3438 testimonia
2561 3394 2728 3439 autem
2750 3396 2837 3439 tua
2874 3402 2974 3440 non
3012 3386 3408 3452 intellexerunt;
3430 3385 3623 3440 antatium
3647 3395 3723 3432 m-

2247 3478 2632 3530 snmmationem
2657 3477 2781 3544 vidi,
2807 3486 2854 3530 et
2884 3477 3055 3545 ﬁnem.
3088 3476 3251 3532 Vides
3282 3493 3431 3546 ergo,
3461 3491 3555 3529 non
3588 3479 3723 3525 tantum

2246 3582 2397 3622 suum
2427 3568 2589 3634 diem,
2623 3579 2713 3622 aut
2741 3567 2924 3623 horam
2943 3568 3125 3637 indicii
3170 3570 3334 3635 scire,
3365 3568 3453 3623 sed
3478 3576 3525 3622 et
3559 3562 3724 3619 omnium

2247 3662 2560 3717 saeculorum
2602 3662 3111 3718 consummationem
3141 3672 3327 3729 postea
3374 3662 3647 3715 futurorum.
3672 3650 3725 3702 Vt

2250 3755 2401 3808 vobis
2434 3756 2521 3820 qui
2552 3753 2743 3808 Filium
2777 3753 2865 3807 Dei
2892 3752 2961 3807 de
3002 3752 3161 3806 Maria
3190 3753 3411 3822 Virgine
3441 3750 3558 3805 nihil
3583 3756 3724 3840 assuta:

2248 3849 2420 3917 psisse
2447 3845 2686 3901 creditis.
2731 3846 2865 3910 Fiat,
2894 3844 3004 3899 ﬁat.
3042 3846 3130 3898 Vm
3162 3845 3315 3900 vobis
3364 3846 3450 3914 qui
3492 3842 3643 3897 Filiam
3671 3836 3727 3885 lM

2245 3940 2596 3994 mediatorem
2638 3938 2735 3991 Dei
2763 3947 2817 3992 et
2845 3938 3119 3991 hominum
3164 3951 3273 3989 non
3303 3925 3724 4000 conﬁtemini.Fial.

2248 4032 2358 4085 ﬁat.
2387 4032 2476 4085 Va:
2503 4032 2654 4086 vobis
2683 4031 2771 4100 qui
2800 4031 2962 4084 falsos
2990 4029 3278 4097 prophetas
3301 4040 3391 4082 aut
3419 4030 3562 4082 falsos
3582 4028 3726 4115 aposte-

2251 4126 2329 4178 los
2360 4124 2409 4176 in
2460 4123 2830 4177 auctoritatem
2874 4121 3135 4189 accipitis.
3189 4120 3283 4173 Va:
3325 4120 3471 4173 vobis
3497 4115 3572 4184 qui
3609 4119 3728 4179 grate

2248 4226 2463 4287 peccata
2493 4214 2794 4278 admittitis,
2823 4224 2876 4270 et
2899 4214 3156 4268 adversus
3200 4223 3343 4267 auct:
3368 4213 3558 4266 ritatem
3585 4210 3729 4271 alios”

2248 4314 2418 4366 l0rum
2451 4312 2662 4377 nuptias
2689 4310 2951 4364 secundas
2977 4308 3263 4362 damnatis.
3296 4309 3432 4371 Fiat,
3462 4305 3559 4358 ﬁat.
3587 4300 3654 4350 ναξ

2248 4404 2330 4459 bis
2358 4406 2444 4471 qui
2478 4412 2750 4472 peccatum
2794 4413 2885 4457 aut
2915 4412 3137 4456 mortem
3173 4403 3340 4456 Deum
3370 4402 3550 4455 fecisse
3582 4388 3732 4447 ascribi-

2251 4495 2339 4547 tis.
2373 4494 2506 4558 Fiat,
2537 4495 2644 4547 ﬁat.
2678 4494 2767 4546 Va:
2801 4493 2951 4547 vobis
2980 4497 3066 4562 qtti
3103 4494 3240 4547 hunc
3288 4493 3532 4545 mundum
3557 4503 3579 4538 a
3602 4484 3732 4538 semei

2252 4590 2372 4657 ipso
2394 4603 2608 4656 semper
2645 4598 2969 4641 coaeternum
3004 4588 3111 4640 Deo
3152 4586 3318 4641 fuisse
3358 4583 3612 4641 ascribitis,
3637 4580 3735 4665 ante

2254 4680 2370 4734 Deo
2412 4679 2607 4732 factum
2656 4692 2773 4732 esse
2812 4678 3035 4746 negatis.
3068 4676 3204 4741 Fiat,
3246 4677 3357 4730 ﬁat.
3416 4677 3498 4727 Vm
3534 4668 3653 4725 vobis
3678 4672 3734 4727 qm

2249 4770 2503 4825 mundum
2540 4786 2607 4823 ex
2647 4769 2819 4838 aliqua
2865 4768 3158 4836 subjaceuti
3211 4768 3431 4821 materia
3465 4766 3628 4818 factum
3662 4762 3737 4809 esse

2250 4859 2556 4915 defenditis.
2597 4858 2736 4922 Fiat,
2769 4860 2876 4911 fiat.
2902 4859 2995 4913 γε
3035 4858 3184 4911 vobis
3210 4860 3301 4926 qui
3332 4874 3433 4910 non
3464 4870 3547 4920 per
3574 4840 3738 4902 huncin-

2252 4960 2455 5007 ctorem
2496 4951 2663 5006 Deum
2697 4951 2929 5011 Patrem,
2975 4958 3029 5003 et
3072 4949 3287 5012 Filium,
3325 4959 3377 5003 et
3412 4946 3633 5015 Spiritum
3659 4945 3739 5027 san:

2255 5052 2395 5098 ctum
2421 5052 2611 5097 cuncta
2642 5057 2760 5111 quae
2792 5042 2841 5094 in
2874 5041 3027 5097 caelis
3061 5049 3255 5095 suntet
3280 5040 3332 5093 in
3365 5049 3521 5097 terra,
3549 5032 3591 5086 id
3613 5034 3673 5082 est
3693 5035 3740 5070 ει·

2250 5135 2422 5191 sibilia
2447 5148 2499 5190 et
2530 5134 2831 5200 invisibilia,
2855 5134 2990 5187 facta
3015 5147 3133 5188 esse
3162 5130 3399 5187 creditis.

2260 5276 2540 5333 Idemidem
2570 5279 2650 5330 hic
2676 5289 2852 5331 contra
2880 5278 3073 5331 diversa
3113 5278 3376 5347 mortifera
3414 5286 3585 5354 venena
3617 5265 3742 5317 dmo‘

2502 5366 2622 5402 num
2649 5361 2691 5401 et
2714 5350 2950 5418 aspidum
2974 5358 3045 5400 est
3071 5358 3241 5401 nostra
3268 5350 3564 5418 congressio.

2326 5471 2487 5541 259
2518 5468 2571 5524 Si
2606 5468 2723 5537 quis
2763 5469 3047 5524 conﬁtetur
3092 5468 3337 5538 angelum
3377 5460 3680 5533 apostaticum
3712 5459 3745 5541 ut

2256 5536 2575 5628 nat—arva'qna
2606 5536 2775 5620 factus
2803 5570 2907 5625 est,
2942 5575 3043 5614 non
3079 5577 3107 5613 a
3143 5536 3255 5614 Deo
3292 5559 3482 5613 factum
3512 5536 3748 5642 fuisse}?d

2257 5667 2284 5704 a
2312 5667 2370 5705 se
2400 5667 2538 5715 esse,
2586 5660 2641 5705 ut
2681 5652 2770 5706 det
2810 5653 2884 5715 illi
2928 5652 3309 5719 sempiternum
3340 5664 3455 5705 cum
3487 5647 3580 5699 De"
3609 5642 3748 5707 imm"

2260 5748 2427 5811 p'um,
2460 5743 2739 5799 anathema
2767 5744 2862 5798 illi.
2893 5744 2946 5797 Si
2976 5743 3092 5811 quis
3117 5742 3404 5800 conﬁtetur
3432 5734 3601 5806 “"80”
3622 5750 3644 5776 ”
3663 5737 3750 5789 ap”
