  <div class='ocr_page' id='page_1' title='image "/cluster/home/n/w/nwhite01/storage/ocr_20150623/62/hvd.32044015706393/146.png"; bbox 0 0 3938 6376; ppageno 0'>
   <div class='ocr_carea' id='block_1_1' title="bbox 174 311 2193 426">
    <p class='ocr_par' dir='ltr' id='par_1_1' title="bbox 174 311 2193 426">
     <span class='ocr_line' id='line_1_1' title="bbox 174 311 2193 426; baseline 0.008 -22"><span class='ocrx_word' id='word_1_1' title='bbox 174 372 262 426; x_wconf 61' lang='lat' dir='ltr'><strong>gs.</strong></span> <span class='ocrx_word' id='word_1_2' title='bbox 919 311 932 324; x_wconf 67' lang='grc'><em>’</em></span> <span class='ocrx_word' id='word_1_3' title='bbox 1387 361 1469 415; x_wconf 79' lang='lat' dir='ltr'><strong>DE</strong></span> <span class='ocrx_word' id='word_1_4' title='bbox 1509 361 1875 417; x_wconf 81' lang='lat' dir='ltr'><strong>TRINITATE</strong></span> <span class='ocrx_word' id='word_1_5' title='bbox 1913 363 2039 419; x_wconf 88' lang='lat' dir='ltr'><strong>LIB.</strong></span> <span class='ocrx_word' id='word_1_6' title='bbox 2085 365 2193 422; x_wconf 89' lang='lat' dir='ltr'><strong>vn.</strong></span> 
     </span>
    </p>
   </div>
   <div class='ocr_carea' id='block_1_2' title="bbox 3289 374 3396 430">
    <p class='ocr_par' dir='ltr' id='par_1_2' title="bbox 3289 374 3396 430">
     <span class='ocr_line' id='line_1_2' title="bbox 3289 374 3396 430; baseline 0.037 -4"><span class='ocrx_word' id='word_1_7' title='bbox 3289 374 3396 430; x_wconf 70' lang='grc'><strong>282</strong></span> 
     </span>
    </p>
   </div>
   <div class='ocr_carea' id='block_1_3' title="bbox 173 475 3399 554">
    <p class='ocr_par' dir='ltr' id='par_1_3' title="bbox 173 475 3399 554">
     <span class='ocr_line' id='line_1_3' title="bbox 173 475 3399 554; baseline 0.001 -17"><span class='ocrx_word' id='word_1_8' title='bbox 173 484 398 537; x_wconf 87' lang='lat' dir='ltr'><strong>staticum</strong></span> <span class='ocrx_word' id='word_1_9' title='bbox 429 481 479 532; x_wconf 91' lang='lat' dir='ltr'><strong>in</strong></span> <span class='ocrx_word' id='word_1_10' title='bbox 513 479 650 532; x_wconf 83' lang='lat' dir='ltr'><strong>mala</strong></span> <span class='ocrx_word' id='word_1_11' title='bbox 681 486 866 532; x_wconf 87' lang='lat' dir='ltr'><strong>natura</strong></span> <span class='ocrx_word' id='word_1_12' title='bbox 890 493 918 532; x_wconf 82' lang='lat' dir='ltr'><strong>s</strong></span> <span class='ocrx_word' id='word_1_13' title='bbox 952 478 1060 531; x_wconf 89' lang='lat' dir='ltr'><strong>Deo</strong></span> <span class='ocrx_word' id='word_1_14' title='bbox 1090 475 1284 530; x_wconf 84' lang='lat' dir='ltr'><strong>factum</strong></span> <span class='ocrx_word' id='word_1_15' title='bbox 1319 475 1503 541; x_wconf 83' lang='lat' dir='ltr'><strong>fuisse,</strong></span> <span class='ocrx_word' id='word_1_16' title='bbox 1534 484 1583 529; x_wconf 90' lang='lat' dir='ltr'><strong>et</strong></span> <span class='ocrx_word' id='word_1_17' title='bbox 1617 490 1718 529; x_wconf 92' lang='lat' dir='ltr'><strong>non</strong></span> <span class='ocrx_word' id='word_1_18' title='bbox 1749 476 1796 535; x_wconf 79' lang='grc' dir='ltr'><strong>Α</strong></span> <span class='ocrx_word' id='word_1_19' title='bbox 1827 475 1879 529; x_wconf 93' lang='lat' dir='ltr'><strong>in</strong></span> <span class='ocrx_word' id='word_1_20' title='bbox 1908 479 2252 545; x_wconf 79' lang='lat' dir='ltr'><strong>conspicabili</strong></span> <span class='ocrx_word' id='word_1_21' title='bbox 2285 479 2502 533; x_wconf 79' lang='lat' dir='ltr'><strong>materia</strong></span> <span class='ocrx_word' id='word_1_22' title='bbox 2535 481 2678 534; x_wconf 87' lang='lat' dir='ltr'><strong>visus</strong></span> <span class='ocrx_word' id='word_1_23' title='bbox 2712 480 2890 548; x_wconf 82' lang='lat' dir='ltr'><strong>fuerit,</strong></span> <span class='ocrx_word' id='word_1_24' title='bbox 2940 482 3148 551; x_wconf 88' lang='lat' dir='ltr'><strong>ignoras</strong></span> <span class='ocrx_word' id='word_1_25' title='bbox 3180 485 3230 538; x_wconf 92' lang='lat' dir='ltr'><strong>in</strong></span> <span class='ocrx_word' id='word_1_26' title='bbox 3260 501 3399 554; x_wconf 67' lang='lat' dir='ltr'><strong>prie-</strong></span> 
     </span>
    </p>
   </div>
   <div class='ocr_carea' id='block_1_4' title="bbox 172 560 1718 639">
    <p class='ocr_par' dir='ltr' id='par_1_4' title="bbox 172 560 1718 639">
     <span class='ocr_line' id='line_1_4' title="bbox 172 560 1718 639; baseline -0.005 -11"><span class='ocrx_word' id='word_1_27' title='bbox 172 573 351 628; x_wconf 81' lang='lat' dir='ltr'><strong>dixerit</strong></span> <span class='ocrx_word' id='word_1_28' title='bbox 377 560 497 626; x_wconf 79' lang='lat' dir='ltr'><strong>eum</strong></span> <span class='ocrx_word' id='word_1_29' title='bbox 523 586 554 624; x_wconf 92' lang='lat' dir='ltr'><strong>a</strong></span> <span class='ocrx_word' id='word_1_30' title='bbox 583 571 867 639; x_wconf 89' lang='lat' dir='ltr'><strong>semetipso</strong></span> <span class='ocrx_word' id='word_1_31' title='bbox 889 571 1158 625; x_wconf 90' lang='lat' dir='ltr'><strong>voluntate</strong></span> <span class='ocrx_word' id='word_1_32' title='bbox 1179 583 1270 621; x_wconf 90' lang='lat' dir='ltr'><strong>sua</strong></span> <span class='ocrx_word' id='word_1_33' title='bbox 1297 569 1493 622; x_wconf 91' lang='lat' dir='ltr'><strong>malum</strong></span> <span class='ocrx_word' id='word_1_34' title='bbox 1521 583 1718 621; x_wconf 79' lang='lat' dir='ltr'><strong>concc-</strong></span> 
     </span>
    </p>
   </div>
   <div class='ocr_carea' id='block_1_5' title="bbox 173 659 1718 735">
    <p class='ocr_par' dir='ltr' id='par_1_5' title="bbox 173 659 1718 735">
     <span class='ocr_line' id='line_1_5' title="bbox 173 659 1718 735; baseline -0.004 -16"><span class='ocrx_word' id='word_1_35' title='bbox 173 667 322 735; x_wconf 88' lang='lat' dir='ltr'><strong>pisse,</strong></span> <span class='ocrx_word' id='word_1_36' title='bbox 352 663 633 717; x_wconf 80' lang='lat' dir='ltr'><strong>anathema</strong></span> <span class='ocrx_word' id='word_1_37' title='bbox 662 663 758 717; x_wconf 87' lang='lat' dir='ltr'><strong>illi.</strong></span> <span class='ocrx_word' id='word_1_38' title='bbox 808 662 860 718; x_wconf 93' lang='lat' dir='ltr'><strong>Si</strong></span> <span class='ocrx_word' id='word_1_39' title='bbox 894 662 1008 731; x_wconf 86' lang='lat' dir='ltr'><strong>quis</strong></span> <span class='ocrx_word' id='word_1_40' title='bbox 1036 662 1318 716; x_wconf 90' lang='lat' dir='ltr'><strong>conﬁtetur</strong></span> <span class='ocrx_word' id='word_1_41' title='bbox 1346 661 1588 730; x_wconf 79' lang='lat' dir='ltr'><strong>angelum</strong></span> <span class='ocrx_word' id='word_1_42' title='bbox 1621 659 1718 715; x_wconf 90' lang='lat' dir='ltr'><strong>Sa-</strong></span> 
     </span>
    </p>
   </div>
   <div class='ocr_carea' id='block_1_6' title="bbox 173 751 1719 822">
    <p class='ocr_par' dir='ltr' id='par_1_6' title="bbox 173 751 1719 822">
     <span class='ocr_line' id='line_1_6' title="bbox 173 751 1719 822; baseline -0.003 -14"><span class='ocrx_word' id='word_1_43' title='bbox 173 765 298 808; x_wconf 76' lang='lat' dir='ltr'><strong>tanze</strong></span> <span class='ocrx_word' id='word_1_44' title='bbox 327 755 577 808; x_wconf 93' lang='lat' dir='ltr'><strong>mundum</strong></span> <span class='ocrx_word' id='word_1_45' title='bbox 607 754 818 820; x_wconf 78' lang='lat' dir='ltr'><strong>fecisse,</strong></span> <span class='ocrx_word' id='word_1_46' title='bbox 851 753 989 822; x_wconf 92' lang='lat' dir='ltr'><strong>quod</strong></span> <span class='ocrx_word' id='word_1_47' title='bbox 1016 754 1173 816; x_wconf 90' lang='lat' dir='ltr'><strong>absit,</strong></span> <span class='ocrx_word' id='word_1_48' title='bbox 1196 762 1250 807; x_wconf 91' lang='lat' dir='ltr'><strong>et</strong></span> <span class='ocrx_word' id='word_1_49' title='bbox 1273 768 1376 805; x_wconf 89' lang='lat' dir='ltr'><strong>non</strong></span> <span class='ocrx_word' id='word_1_50' title='bbox 1395 751 1719 818; x_wconf 87' lang='lat' dir='ltr'><strong>judicaverit</strong></span> 
     </span>
    </p>
   </div>
   <div class='ocr_carea' id='block_1_7' title="bbox 171 842 1721 914">
    <p class='ocr_par' dir='ltr' id='par_1_7' title="bbox 171 842 1721 914">
     <span class='ocr_line' id='line_1_7' title="bbox 171 842 1721 914; baseline 0 -18"><span class='ocrx_word' id='word_1_51' title='bbox 171 861 317 900; x_wconf 90' lang='lat' dir='ltr'><strong>omne</strong></span> <span class='ocrx_word' id='word_1_52' title='bbox 339 854 610 914; x_wconf 83' lang='lat' dir='ltr'><strong>peceatum</strong></span> <span class='ocrx_word' id='word_1_53' title='bbox 640 861 734 913; x_wconf 90' lang='lat' dir='ltr'><strong>per</strong></span> <span class='ocrx_word' id='word_1_54' title='bbox 780 847 950 912; x_wconf 87' lang='lat' dir='ltr'><strong>ipsum</strong></span> <span class='ocrx_word' id='word_1_55' title='bbox 987 845 1325 897; x_wconf 89' lang='lat' dir='ltr'><strong>adinventum</strong></span> <span class='ocrx_word' id='word_1_56' title='bbox 1372 842 1564 905; x_wconf 82' lang='lat' dir='ltr'><strong>fuisse,</strong></span> <span class='ocrx_word' id='word_1_57' title='bbox 1594 858 1721 896; x_wconf 90' lang='lat' dir='ltr'><strong>ana-</strong></span> 
     </span>
    </p>
   </div>
   <div class='ocr_carea' id='block_1_8' title="bbox 172 934 1724 1006">
    <p class='ocr_par' dir='ltr' id='par_1_8' title="bbox 172 934 1724 1006">
     <span class='ocr_line' id='line_1_8' title="bbox 172 934 1724 1006; baseline -0.001 -16"><span class='ocrx_word' id='word_1_58' title='bbox 172 937 332 990; x_wconf 81' lang='lat' dir='ltr'><strong>thema</strong></span> <span class='ocrx_word' id='word_1_59' title='bbox 364 937 463 992; x_wconf 91' lang='lat' dir='ltr'><strong>illi.</strong></span> <span class='ocrx_word' id='word_1_60' title='bbox 486 937 540 992; x_wconf 86' lang='lat' dir='ltr'><strong>Si</strong></span> <span class='ocrx_word' id='word_1_61' title='bbox 575 937 695 1006; x_wconf 87' lang='lat' dir='ltr'><strong>quis</strong></span> <span class='ocrx_word' id='word_1_62' title='bbox 719 936 1000 989; x_wconf 78' lang='lat' dir='ltr'><strong>conﬁtetur</strong></span> <span class='ocrx_word' id='word_1_63' title='bbox 1031 935 1168 1002; x_wconf 91' lang='lat' dir='ltr'><strong>quod</strong></span> <span class='ocrx_word' id='word_1_64' title='bbox 1202 935 1337 988; x_wconf 86' lang='lat' dir='ltr'><strong>Deus</strong></span> <span class='ocrx_word' id='word_1_65' title='bbox 1359 935 1586 986; x_wconf 89' lang='lat' dir='ltr'><strong>animam</strong></span> <span class='ocrx_word' id='word_1_66' title='bbox 1621 934 1724 988; x_wconf 95' lang='lat' dir='ltr'><strong>ho-</strong></span> 
     </span>
    </p>
   </div>
   <div class='ocr_carea' id='block_1_9' title="bbox 171 1023 1719 1092">
    <p class='ocr_par' dir='ltr' id='par_1_9' title="bbox 171 1023 1719 1092">
     <span class='ocr_line' id='line_1_9' title="bbox 171 1023 1719 1092; baseline -0.003 -12"><span class='ocrx_word' id='word_1_67' title='bbox 171 1028 315 1080; x_wconf 91' lang='lat' dir='ltr'><strong>minis</strong></span> <span class='ocrx_word' id='word_1_68' title='bbox 345 1034 548 1080; x_wconf 87' lang='lat' dir='ltr'><strong>tantum</strong></span> <span class='ocrx_word' id='word_1_69' title='bbox 597 1026 800 1089; x_wconf 81' lang='lat' dir='ltr'><strong>fecerit,</strong></span> <span class='ocrx_word' id='word_1_70' title='bbox 851 1033 904 1079; x_wconf 88' lang='lat' dir='ltr'><strong>et</strong></span> <span class='ocrx_word' id='word_1_71' title='bbox 928 1025 1149 1079; x_wconf 82' lang='lat' dir='ltr'><strong>Satanas</strong></span> <span class='ocrx_word' id='word_1_72' title='bbox 1177 1025 1222 1076; x_wconf 93' lang='lat' dir='ltr'><strong>ei</strong></span> <span class='ocrx_word' id='word_1_73' title='bbox 1265 1038 1458 1092; x_wconf 91' lang='lat' dir='ltr'><strong>corpus</strong></span> <span class='ocrx_word' id='word_1_74' title='bbox 1487 1023 1719 1091; x_wconf 78' lang='lat' dir='ltr'><strong>plasma-</strong></span> 
     </span>
    </p>
   </div>
   <div class='ocr_carea' id='block_1_10' title="bbox 171 1114 1724 1186">
    <p class='ocr_par' dir='ltr' id='par_1_10' title="bbox 171 1114 1724 1186">
     <span class='ocr_line' id='line_1_10' title="bbox 171 1114 1724 1186; baseline 0.001 -19"><span class='ocrx_word' id='word_1_75' title='bbox 171 1119 316 1180; x_wconf 83' lang='lat' dir='ltr'><strong>verit,</strong></span> <span class='ocrx_word' id='word_1_76' title='bbox 360 1119 502 1186; x_wconf 92' lang='lat' dir='ltr'><strong>quod</strong></span> <span class='ocrx_word' id='word_1_77' title='bbox 541 1118 702 1182; x_wconf 93' lang='lat' dir='ltr'><strong>absit,</strong></span> <span class='ocrx_word' id='word_1_78' title='bbox 750 1117 1028 1170; x_wconf 84' lang='lat' dir='ltr'><strong>anathema</strong></span> <span class='ocrx_word' id='word_1_79' title='bbox 1068 1115 1163 1167; x_wconf 93' lang='lat' dir='ltr'><strong>illi.</strong></span> <span class='ocrx_word' id='word_1_80' title='bbox 1214 1114 1268 1168; x_wconf 90' lang='lat' dir='ltr'><strong>Si</strong></span> <span class='ocrx_word' id='word_1_81' title='bbox 1296 1117 1413 1180; x_wconf 87' lang='lat' dir='ltr'><strong>quis</strong></span> <span class='ocrx_word' id='word_1_82' title='bbox 1440 1115 1724 1169; x_wconf 86' lang='lat' dir='ltr'><strong>conﬁtetur</strong></span> 
     </span>
    </p>
   </div>
   <div class='ocr_carea' id='block_1_11' title="bbox 169 1207 1718 1272">
    <p class='ocr_par' dir='ltr' id='par_1_11' title="bbox 169 1207 1718 1272">
     <span class='ocr_line' id='line_1_11' title="bbox 169 1207 1718 1272; baseline -0.001 -10"><span class='ocrx_word' id='word_1_83' title='bbox 169 1210 359 1263; x_wconf 86' lang='lat' dir='ltr'><strong>animas</strong></span> <span class='ocrx_word' id='word_1_84' title='bbox 389 1211 684 1272; x_wconf 89' lang='lat' dir='ltr'><strong>hominum,</strong></span> <span class='ocrx_word' id='word_1_85' title='bbox 737 1210 788 1263; x_wconf 93' lang='lat' dir='ltr'><strong>in</strong></span> <span class='ocrx_word' id='word_1_86' title='bbox 834 1209 1166 1262; x_wconf 89' lang='lat' dir='ltr'><strong>revolutione</strong></span> <span class='ocrx_word' id='word_1_87' title='bbox 1205 1221 1387 1259; x_wconf 87' lang='lat' dir='ltr'><strong>rursus</strong></span> <span class='ocrx_word' id='word_1_88' title='bbox 1421 1207 1470 1260; x_wconf 91' lang='lat' dir='ltr'><strong>in</strong></span> <span class='ocrx_word' id='word_1_89' title='bbox 1503 1209 1718 1270; x_wconf 92' lang='lat' dir='ltr'><strong>mundo,</strong></span> 
     </span>
    </p>
   </div>
   <div class='ocr_carea' id='block_1_12' title="bbox 168 1299 1722 1369">
    <p class='ocr_par' dir='ltr' id='par_1_12' title="bbox 168 1299 1722 1369">
     <span class='ocr_line' id='line_1_12' title="bbox 168 1299 1722 1369; baseline 0.002 -18"><span class='ocrx_word' id='word_1_90' title='bbox 168 1310 247 1352; x_wconf 90' lang='lat' dir='ltr'><strong>aut</strong></span> <span class='ocrx_word' id='word_1_91' title='bbox 274 1300 324 1354; x_wconf 90' lang='lat' dir='ltr'><strong>in</strong></span> <span class='ocrx_word' id='word_1_92' title='bbox 352 1299 676 1363; x_wconf 87' lang='lat' dir='ltr'><strong>hominibus,</strong></span> <span class='ocrx_word' id='word_1_93' title='bbox 717 1311 804 1353; x_wconf 91' lang='lat' dir='ltr'><strong>aut</strong></span> <span class='ocrx_word' id='word_1_94' title='bbox 834 1301 884 1354; x_wconf 93' lang='lat' dir='ltr'><strong>in</strong></span> <span class='ocrx_word' id='word_1_95' title='bbox 915 1300 1224 1369; x_wconf 85' lang='lat' dir='ltr'><strong>pecudibus,</strong></span> <span class='ocrx_word' id='word_1_96' title='bbox 1257 1311 1343 1352; x_wconf 88' lang='lat' dir='ltr'><strong>aut</strong></span> <span class='ocrx_word' id='word_1_97' title='bbox 1377 1301 1425 1352; x_wconf 93' lang='lat' dir='ltr'><strong>in</strong></span> <span class='ocrx_word' id='word_1_98' title='bbox 1461 1301 1722 1368; x_wconf 89' lang='lat' dir='ltr'><strong>serpenti-</strong></span> 
     </span>
    </p>
   </div>
   <div class='ocr_carea' id='block_1_13' title="bbox 170 1387 1723 1458">
    <p class='ocr_par' dir='ltr' id='par_1_13' title="bbox 170 1387 1723 1458">
     <span class='ocr_line' id='line_1_13' title="bbox 170 1387 1723 1458; baseline 0.001 -16"><span class='ocrx_word' id='word_1_99' title='bbox 170 1389 260 1442; x_wconf 86' lang='lat' dir='ltr'><strong>bus</strong></span> <span class='ocrx_word' id='word_1_100' title='bbox 288 1390 501 1450; x_wconf 89' lang='lat' dir='ltr'><strong>reverti,</strong></span> <span class='ocrx_word' id='word_1_101' title='bbox 545 1387 824 1444; x_wconf 89' lang='lat' dir='ltr'><strong>anathema</strong></span> <span class='ocrx_word' id='word_1_102' title='bbox 871 1391 965 1442; x_wconf 92' lang='lat' dir='ltr'><strong>illi.</strong></span> <span class='ocrx_word' id='word_1_103' title='bbox 1017 1391 1070 1444; x_wconf 88' lang='lat' dir='ltr'><strong>Si</strong></span> <span class='ocrx_word' id='word_1_104' title='bbox 1103 1393 1219 1458; x_wconf 84' lang='lat' dir='ltr'><strong>quis</strong></span> <span class='ocrx_word' id='word_1_105' title='bbox 1244 1391 1526 1444; x_wconf 88' lang='lat' dir='ltr'><strong>conﬁtetur</strong></span> <span class='ocrx_word' id='word_1_106' title='bbox 1553 1391 1723 1444; x_wconf 85' lang='lat' dir='ltr'><strong>homi-</strong></span> 
     </span>
    </p>
   </div>
   <div class='ocr_carea' id='block_1_14' title="bbox 171 1481 1724 1551">
    <p class='ocr_par' dir='ltr' id='par_1_14' title="bbox 171 1481 1724 1551">
     <span class='ocr_line' id='line_1_14' title="bbox 171 1481 1724 1551; baseline 0.002 -18"><span class='ocrx_word' id='word_1_107' title='bbox 171 1496 278 1534; x_wconf 88' lang='lat' dir='ltr'><strong>nem</strong></span> <span class='ocrx_word' id='word_1_108' title='bbox 310 1482 359 1534; x_wconf 93' lang='lat' dir='ltr'><strong>in</strong></span> <span class='ocrx_word' id='word_1_109' title='bbox 395 1482 572 1534; x_wconf 91' lang='lat' dir='ltr'><strong>anima</strong></span> <span class='ocrx_word' id='word_1_110' title='bbox 606 1491 805 1535; x_wconf 91' lang='lat' dir='ltr'><strong>tantum</strong></span> <span class='ocrx_word' id='word_1_111' title='bbox 849 1483 898 1533; x_wconf 92' lang='lat' dir='ltr'><strong>in</strong></span> <span class='ocrx_word' id='word_1_112' title='bbox 929 1481 1068 1534; x_wconf 82' lang='lat' dir='ltr'><strong>diem</strong></span> <span class='ocrx_word' id='word_1_113' title='bbox 1111 1482 1292 1550; x_wconf 84' lang='lat' dir='ltr'><strong>judicii</strong></span> <span class='ocrx_word' id='word_1_114' title='bbox 1327 1498 1618 1551; x_wconf 67' lang='lat' dir='ltr'><strong>reuirgere,</strong></span> <span class='ocrx_word' id='word_1_115' title='bbox 1669 1492 1724 1536; x_wconf 91' lang='lat' dir='ltr'><strong>et</strong></span> 
     </span>
    </p>
   </div>
   <div class='ocr_carea' id='block_1_15' title="bbox 171 1572 1718 1640">
    <p class='ocr_par' dir='ltr' id='par_1_15' title="bbox 171 1572 1718 1640">
     <span class='ocr_line' id='line_1_15' title="bbox 171 1572 1718 1640; baseline 0.001 -15"><span class='ocrx_word' id='word_1_116' title='bbox 171 1588 264 1626; x_wconf 90' lang='lat' dir='ltr'><strong>non</strong></span> <span class='ocrx_word' id='word_1_117' title='bbox 296 1588 412 1626; x_wconf 92' lang='lat' dir='ltr'><strong>cum</strong></span> <span class='ocrx_word' id='word_1_118' title='bbox 441 1573 684 1640; x_wconf 84' lang='lat' dir='ltr'><strong>corpdre,</strong></span> <span class='ocrx_word' id='word_1_119' title='bbox 732 1572 1176 1640; x_wconf 82' lang='lat' dir='ltr'><strong>quemadmodum</strong></span> <span class='ocrx_word' id='word_1_120' title='bbox 1211 1574 1350 1627; x_wconf 88' lang='lat' dir='ltr'><strong>Dens</strong></span> <span class='ocrx_word' id='word_1_121' title='bbox 1379 1575 1526 1626; x_wconf 81' lang='grc' dir='ltr'><strong>ἱΙΙιιηι</strong></span> <span class='ocrx_word' id='word_1_122' title='bbox 1575 1574 1718 1640; x_wconf 80' lang='lat' dir='ltr'><strong>fecit,</strong></span> 
     </span>
    </p>
   </div>
   <div class='ocr_carea' id='block_1_16' title="bbox 169 1663 1719 1734">
    <p class='ocr_par' dir='ltr' id='par_1_16' title="bbox 169 1663 1719 1734">
     <span class='ocr_line' id='line_1_16' title="bbox 169 1663 1719 1734; baseline 0.003 -20"><span class='ocrx_word' id='word_1_123' title='bbox 169 1664 438 1717; x_wconf 85' lang='lat' dir='ltr'><strong>anathema</strong></span> <span class='ocrx_word' id='word_1_124' title='bbox 489 1664 582 1718; x_wconf 90' lang='lat' dir='ltr'><strong>illi.</strong></span> <span class='ocrx_word' id='word_1_125' title='bbox 637 1663 691 1718; x_wconf 92' lang='lat' dir='ltr'><strong>Si</strong></span> <span class='ocrx_word' id='word_1_126' title='bbox 737 1664 855 1730; x_wconf 89' lang='lat' dir='ltr'><strong>quis</strong></span> <span class='ocrx_word' id='word_1_127' title='bbox 897 1665 1180 1717; x_wconf 75' lang='lat' dir='ltr'><strong>confitetur</strong></span> <span class='ocrx_word' id='word_1_128' title='bbox 1221 1664 1407 1718; x_wconf 91' lang='lat' dir='ltr'><strong>Filium</strong></span> <span class='ocrx_word' id='word_1_129' title='bbox 1439 1666 1527 1718; x_wconf 91' lang='lat' dir='ltr'><strong>Dei</strong></span> <span class='ocrx_word' id='word_1_130' title='bbox 1573 1667 1719 1734; x_wconf 89' lang='lat' dir='ltr'><strong>quasi</strong></span> 
     </span>
    </p>
   </div>
   <div class='ocr_carea' id='block_1_17' title="bbox 169 1751 1721 1820">
    <p class='ocr_par' dir='ltr' id='par_1_17' title="bbox 169 1751 1721 1820">
     <span class='ocr_line' id='line_1_17' title="bbox 169 1751 1721 1820; baseline 0.003 -16"><span class='ocrx_word' id='word_1_131' title='bbox 169 1755 493 1820; x_wconf 81' lang='lat' dir='ltr'><strong>phantasma,</strong></span> <span class='ocrx_word' id='word_1_132' title='bbox 544 1754 619 1807; x_wconf 90' lang='lat' dir='ltr'><strong>sic</strong></span> <span class='ocrx_word' id='word_1_133' title='bbox 667 1753 716 1805; x_wconf 95' lang='lat' dir='ltr'><strong>in</strong></span> <span class='ocrx_word' id='word_1_134' title='bbox 751 1751 964 1807; x_wconf 85' lang='lat' dir='ltr'><strong>homine</strong></span> <span class='ocrx_word' id='word_1_135' title='bbox 993 1753 1160 1806; x_wconf 87' lang='lat' dir='ltr'><strong>visum</strong></span> <span class='ocrx_word' id='word_1_136' title='bbox 1209 1753 1390 1819; x_wconf 77' lang='lat' dir='ltr'><strong>fuisse,</strong></span> <span class='ocrx_word' id='word_1_137' title='bbox 1439 1755 1721 1809; x_wconf 85' lang='lat' dir='ltr'><strong>anathema</strong></span> 
     </span>
    </p>
   </div>
   <div class='ocr_carea' id='block_1_18' title="bbox 167 1831 1800 1914">
    <p class='ocr_par' dir='ltr' id='par_1_18' title="bbox 167 1831 1800 1914">
     <span class='ocr_line' id='line_1_18' title="bbox 167 1831 1800 1914; baseline 0.001 -16"><span class='ocrx_word' id='word_1_138' title='bbox 167 1845 259 1898; x_wconf 87' lang='lat' dir='ltr'><strong>illi.</strong></span> <span class='ocrx_word' id='word_1_139' title='bbox 285 1846 336 1899; x_wconf 90' lang='lat' dir='ltr'><strong>Si</strong></span> <span class='ocrx_word' id='word_1_140' title='bbox 356 1846 474 1914; x_wconf 88' lang='lat' dir='ltr'><strong>quis</strong></span> <span class='ocrx_word' id='word_1_141' title='bbox 501 1845 780 1898; x_wconf 88' lang='lat' dir='ltr'><strong>conﬁtetur</strong></span> <span class='ocrx_word' id='word_1_142' title='bbox 805 1860 988 1898; x_wconf 89' lang='lat' dir='ltr'><strong>verum</strong></span> <span class='ocrx_word' id='word_1_143' title='bbox 1021 1846 1314 1910; x_wconf 87' lang='lat' dir='ltr'><strong>hominem,</strong></span> <span class='ocrx_word' id='word_1_144' title='bbox 1340 1861 1494 1914; x_wconf 87' lang='lat' dir='ltr'><strong>quem</strong></span> <span class='ocrx_word' id='word_1_145' title='bbox 1520 1861 1724 1899; x_wconf 89' lang='lat' dir='ltr'><strong>assum-</strong></span> <span class='ocrx_word' id='word_1_146' title='bbox 1759 1831 1800 1890; x_wconf 77' lang='grc' dir='ltr'><strong>Β</strong></span> 
     </span>
    </p>
   </div>
   <div class='ocr_carea' id='block_1_19' title="bbox 166 1936 1724 2007">
    <p class='ocr_par' dir='ltr' id='par_1_19' title="bbox 166 1936 1724 2007">
     <span class='ocr_line' id='line_1_19' title="bbox 166 1936 1724 2007; baseline 0.017 -23"><span class='ocrx_word' id='word_1_147' title='bbox 166 1939 282 2006; x_wconf 79' lang='lat' dir='ltr'><strong>psit,</strong></span> <span class='ocrx_word' id='word_1_148' title='bbox 309 1954 413 1990; x_wconf 90' lang='lat' dir='ltr'><strong>non</strong></span> <span class='ocrx_word' id='word_1_149' title='bbox 438 1953 562 1992; x_wconf 86' lang='lat' dir='ltr'><strong>vere</strong></span> <span class='ocrx_word' id='word_1_150' title='bbox 590 1939 959 2000; x_wconf 83' lang='lat' dir='ltr'><strong>manducasse,</strong></span> <span class='ocrx_word' id='word_1_151' title='bbox 984 1949 1070 1990; x_wconf 91' lang='lat' dir='ltr'><strong>aut</strong></span> <span class='ocrx_word' id='word_1_152' title='bbox 1099 1936 1316 1998; x_wconf 90' lang='lat' dir='ltr'><strong>bibisse,</strong></span> <span class='ocrx_word' id='word_1_153' title='bbox 1345 1948 1435 1990; x_wconf 89' lang='lat' dir='ltr'><strong>aut</strong></span> <span class='ocrx_word' id='word_1_154' title='bbox 1464 1938 1724 2007; x_wconf 67' lang='lat' dir='ltr'><strong>lacrl&#39;ma&quot;</strong></span> 
     </span>
    </p>
   </div>
   <div class='ocr_carea' id='block_1_20' title="bbox 165 2027 1720 2098">
    <p class='ocr_par' dir='ltr' id='par_1_20' title="bbox 165 2027 1720 2098">
     <span class='ocr_line' id='line_1_20' title="bbox 165 2027 1720 2098; baseline 0.001 -18"><span class='ocrx_word' id='word_1_155' title='bbox 165 2038 268 2081; x_wconf 92' lang='lat' dir='ltr'><strong>tum</strong></span> <span class='ocrx_word' id='word_1_156' title='bbox 300 2029 482 2090; x_wconf 76' lang='lat' dir='ltr'><strong>fuisse,</strong></span> <span class='ocrx_word' id='word_1_157' title='bbox 515 2037 566 2082; x_wconf 93' lang='lat' dir='ltr'><strong>et</strong></span> <span class='ocrx_word' id='word_1_158' title='bbox 592 2029 902 2098; x_wconf 87' lang='lat' dir='ltr'><strong>sanguinem</strong></span> <span class='ocrx_word' id='word_1_159' title='bbox 929 2031 1170 2091; x_wconf 91' lang='lat' dir='ltr'><strong>sudasse,</strong></span> <span class='ocrx_word' id='word_1_160' title='bbox 1209 2036 1262 2082; x_wconf 90' lang='lat' dir='ltr'><strong>et</strong></span> <span class='ocrx_word' id='word_1_161' title='bbox 1293 2042 1504 2096; x_wconf 83' lang='lat' dir='ltr'><strong>passum</strong></span> <span class='ocrx_word' id='word_1_162' title='bbox 1534 2027 1720 2095; x_wconf 81' lang='lat' dir='ltr'><strong>fuisse,</strong></span> 
     </span>
    </p>
   </div>
   <div class='ocr_carea' id='block_1_21' title="bbox 161 2117 1721 2182">
    <p class='ocr_par' dir='ltr' id='par_1_21' title="bbox 161 2117 1721 2182">
     <span class='ocr_line' id='line_1_21' title="bbox 161 2117 1721 2182; baseline -0.001 -9"><span class='ocrx_word' id='word_1_163' title='bbox 161 2129 212 2172; x_wconf 87' lang='lat' dir='ltr'><strong>et</strong></span> <span class='ocrx_word' id='word_1_164' title='bbox 237 2121 615 2182; x_wconf 79' lang='lat' dir='ltr'><strong>resurrexisse,</strong></span> <span class='ocrx_word' id='word_1_165' title='bbox 642 2128 696 2173; x_wconf 91' lang='lat' dir='ltr'><strong>et</strong></span> <span class='ocrx_word' id='word_1_166' title='bbox 726 2120 776 2172; x_wconf 94' lang='lat' dir='ltr'><strong>in</strong></span> <span class='ocrx_word' id='word_1_167' title='bbox 808 2119 959 2173; x_wconf 73' lang='lat' dir='ltr'><strong>ccelis</strong></span> <span class='ocrx_word' id='word_1_168' title='bbox 987 2119 1052 2171; x_wconf 85' lang='lat' dir='ltr'><strong>ad</strong></span> <span class='ocrx_word' id='word_1_169' title='bbox 1083 2119 1352 2172; x_wconf 76' lang='lat' dir='ltr'><strong>dexteram</strong></span> <span class='ocrx_word' id='word_1_170' title='bbox 1395 2117 1562 2172; x_wconf 88' lang='lat' dir='ltr'><strong>Patris</strong></span> <span class='ocrx_word' id='word_1_171' title='bbox 1587 2132 1721 2173; x_wconf 90' lang='lat' dir='ltr'><strong>con-</strong></span> 
     </span>
    </p>
   </div>
   <div class='ocr_carea' id='block_1_22' title="bbox 159 2210 1719 2280">
    <p class='ocr_par' dir='ltr' id='par_1_22' title="bbox 159 2210 1719 2280">
     <span class='ocr_line' id='line_1_22' title="bbox 159 2210 1719 2280; baseline 0 -16"><span class='ocrx_word' id='word_1_172' title='bbox 159 2210 382 2275; x_wconf 82' lang='lat' dir='ltr'><strong>sedi-se,</strong></span> <span class='ocrx_word' id='word_1_173' title='bbox 412 2212 690 2265; x_wconf 89' lang='lat' dir='ltr'><strong>anathema</strong></span> <span class='ocrx_word' id='word_1_174' title='bbox 723 2212 816 2264; x_wconf 89' lang='lat' dir='ltr'><strong>illi.</strong></span> <span class='ocrx_word' id='word_1_175' title='bbox 869 2211 922 2265; x_wconf 89' lang='lat' dir='ltr'><strong>Si</strong></span> <span class='ocrx_word' id='word_1_176' title='bbox 959 2213 1077 2280; x_wconf 86' lang='lat' dir='ltr'><strong>quis</strong></span> <span class='ocrx_word' id='word_1_177' title='bbox 1107 2210 1387 2264; x_wconf 87' lang='lat' dir='ltr'><strong>conﬁtetur</strong></span> <span class='ocrx_word' id='word_1_178' title='bbox 1417 2210 1602 2264; x_wconf 88' lang='lat' dir='ltr'><strong>Filium</strong></span> <span class='ocrx_word' id='word_1_179' title='bbox 1630 2210 1719 2264; x_wconf 86' lang='lat' dir='ltr'><strong>Del</strong></span> 
     </span>
    </p>
   </div>
   <div class='ocr_carea' id='block_1_23' title="bbox 157 2301 1725 2371">
    <p class='ocr_par' dir='ltr' id='par_1_23' title="bbox 157 2301 1725 2371">
     <span class='ocr_line' id='line_1_23' title="bbox 157 2301 1725 2371; baseline 0.001 -18"><span class='ocrx_word' id='word_1_180' title='bbox 157 2301 294 2355; x_wconf 85' lang='lat' dir='ltr'><strong>sicut</strong></span> <span class='ocrx_word' id='word_1_181' title='bbox 315 2316 505 2370; x_wconf 91' lang='lat' dir='ltr'><strong>aquam</strong></span> <span class='ocrx_word' id='word_1_182' title='bbox 537 2301 904 2371; x_wconf 57' lang='lat' dir='ltr'><strong>peUistulam,</strong></span> <span class='ocrx_word' id='word_1_183' title='bbox 930 2301 1002 2354; x_wconf 88' lang='lat' dir='ltr'><strong>sic</strong></span> <span class='ocrx_word' id='word_1_184' title='bbox 1027 2316 1117 2368; x_wconf 90' lang='lat' dir='ltr'><strong>per</strong></span> <span class='ocrx_word' id='word_1_185' title='bbox 1141 2314 1336 2367; x_wconf 88' lang='lat' dir='ltr'><strong>corpus</strong></span> <span class='ocrx_word' id='word_1_186' title='bbox 1349 2301 1525 2354; x_wconf 73' lang='lat' dir='ltr'><strong>Maria:</strong></span> <span class='ocrx_word' id='word_1_187' title='bbox 1547 2311 1725 2354; x_wconf 77' lang='lat' dir='ltr'><strong>trans-</strong></span> 
     </span>
    </p>
   </div>
   <div class='ocr_carea' id='block_1_24' title="bbox 157 2391 1719 2458">
    <p class='ocr_par' dir='ltr' id='par_1_24' title="bbox 157 2391 1719 2458">
     <span class='ocr_line' id='line_1_24' title="bbox 157 2391 1719 2458; baseline -0.001 -14"><span class='ocrx_word' id='word_1_188' title='bbox 157 2392 284 2444; x_wconf 91' lang='lat' dir='ltr'><strong>itum</strong></span> <span class='ocrx_word' id='word_1_189' title='bbox 339 2393 550 2453; x_wconf 86' lang='lat' dir='ltr'><strong>lecisse,</strong></span> <span class='ocrx_word' id='word_1_190' title='bbox 595 2402 685 2444; x_wconf 91' lang='lat' dir='ltr'><strong>aut</strong></span> <span class='ocrx_word' id='word_1_191' title='bbox 735 2393 861 2444; x_wconf 89' lang='lat' dir='ltr'><strong>nihil</strong></span> <span class='ocrx_word' id='word_1_192' title='bbox 893 2391 958 2444; x_wconf 87' lang='lat' dir='ltr'><strong>de</strong></span> <span class='ocrx_word' id='word_1_193' title='bbox 988 2407 1047 2444; x_wconf 85' lang='lat' dir='ltr'><strong>ea</strong></span> <span class='ocrx_word' id='word_1_194' title='bbox 1081 2393 1432 2458; x_wconf 83' lang='lat' dir='ltr'><strong>assumpsisse</strong></span> <span class='ocrx_word' id='word_1_195' title='bbox 1475 2391 1719 2455; x_wconf 83' lang='lat' dir='ltr'><strong>allirmet,</strong></span> 
     </span>
    </p>
   </div>
   <div class='ocr_carea' id='block_1_25' title="bbox 153 2479 1725 2548">
    <p class='ocr_par' dir='ltr' id='par_1_25' title="bbox 153 2479 1725 2548">
     <span class='ocr_line' id='line_1_25' title="bbox 153 2479 1725 2548; baseline 0.001 -16"><span class='ocrx_word' id='word_1_196' title='bbox 153 2483 438 2534; x_wconf 83' lang='lat' dir='ltr'><strong>anathema</strong></span> <span class='ocrx_word' id='word_1_197' title='bbox 470 2483 564 2534; x_wconf 92' lang='lat' dir='ltr'><strong>illi.</strong></span> <span class='ocrx_word' id='word_1_198' title='bbox 595 2481 647 2533; x_wconf 90' lang='lat' dir='ltr'><strong>Si</strong></span> <span class='ocrx_word' id='word_1_199' title='bbox 676 2482 794 2548; x_wconf 89' lang='lat' dir='ltr'><strong>quis</strong></span> <span class='ocrx_word' id='word_1_200' title='bbox 818 2481 1101 2532; x_wconf 80' lang='lat' dir='ltr'><strong>conﬁtetur</strong></span> <span class='ocrx_word' id='word_1_201' title='bbox 1127 2480 1329 2531; x_wconf 88' lang='lat' dir='ltr'><strong>animas</strong></span> <span class='ocrx_word' id='word_1_202' title='bbox 1356 2479 1626 2532; x_wconf 87' lang='lat' dir='ltr'><strong>hominum</strong></span> <span class='ocrx_word' id='word_1_203' title='bbox 1659 2481 1725 2534; x_wconf 89' lang='lat' dir='ltr'><strong>de</strong></span> 
     </span>
    </p>
   </div>
   <div class='ocr_carea' id='block_1_26' title="bbox 157 2570 1726 2640">
    <p class='ocr_par' dir='ltr' id='par_1_26' title="bbox 157 2570 1726 2640">
     <span class='ocr_line' id='line_1_26' title="bbox 157 2570 1726 2640; baseline -0.001 -16"><span class='ocrx_word' id='word_1_204' title='bbox 157 2573 372 2640; x_wconf 84' lang='lat' dir='ltr'><strong>prepria</strong></span> <span class='ocrx_word' id='word_1_205' title='bbox 395 2572 685 2627; x_wconf 89' lang='lat' dir='ltr'><strong>substantia</strong></span> <span class='ocrx_word' id='word_1_206' title='bbox 715 2571 804 2623; x_wconf 86' lang='lat' dir='ltr'><strong>Dei</strong></span> <span class='ocrx_word' id='word_1_207' title='bbox 831 2586 968 2630; x_wconf 86' lang='lat' dir='ltr'><strong>esse,</strong></span> <span class='ocrx_word' id='word_1_208' title='bbox 999 2570 1139 2638; x_wconf 92' lang='lat' dir='ltr'><strong>quod</strong></span> <span class='ocrx_word' id='word_1_209' title='bbox 1167 2570 1324 2633; x_wconf 88' lang='lat' dir='ltr'><strong>absit,</strong></span> <span class='ocrx_word' id='word_1_210' title='bbox 1359 2578 1415 2621; x_wconf 94' lang='lat' dir='ltr'><strong>ut</strong></span> <span class='ocrx_word' id='word_1_211' title='bbox 1439 2584 1534 2622; x_wconf 92' lang='lat' dir='ltr'><strong>nec</strong></span> <span class='ocrx_word' id='word_1_212' title='bbox 1563 2570 1726 2624; x_wconf 79' lang='lat' dir='ltr'><strong>lactes</strong></span> 
     </span>
    </p>
   </div>
   <div class='ocr_carea' id='block_1_27' title="bbox 153 2657 1726 2728">
    <p class='ocr_par' dir='ltr' id='par_1_27' title="bbox 153 2657 1726 2728">
     <span class='ocr_line' id='line_1_27' title="bbox 153 2657 1726 2728; baseline -0.001 -14"><span class='ocrx_word' id='word_1_213' title='bbox 153 2676 248 2714; x_wconf 89' lang='lat' dir='ltr'><strong>eas</strong></span> <span class='ocrx_word' id='word_1_214' title='bbox 279 2676 307 2714; x_wconf 90' lang='lat' dir='ltr'><strong>a</strong></span> <span class='ocrx_word' id='word_1_215' title='bbox 344 2662 452 2715; x_wconf 83' lang='lat' dir='ltr'><strong>Deo</strong></span> <span class='ocrx_word' id='word_1_216' title='bbox 476 2660 736 2723; x_wconf 75' lang='lat' dir='ltr'><strong>afﬁrmet;</strong></span> <span class='ocrx_word' id='word_1_217' title='bbox 765 2669 815 2713; x_wconf 91' lang='lat' dir='ltr'><strong>et</strong></span> <span class='ocrx_word' id='word_1_218' title='bbox 840 2659 976 2728; x_wconf 65' lang='lat' dir='ltr'><strong>qvod</strong></span> <span class='ocrx_word' id='word_1_219' title='bbox 1007 2659 1354 2712; x_wconf 72' lang='lat' dir='ltr'><strong>substantiam</strong></span> <span class='ocrx_word' id='word_1_220' title='bbox 1376 2672 1524 2711; x_wconf 91' lang='lat' dir='ltr'><strong>suam</strong></span> <span class='ocrx_word' id='word_1_221' title='bbox 1551 2657 1726 2713; x_wconf 82' lang='lat' dir='ltr'><strong>facere</strong></span> 
     </span>
    </p>
   </div>
   <div class='ocr_carea' id='block_1_28' title="bbox 153 2751 1727 2821">
    <p class='ocr_par' dir='ltr' id='par_1_28' title="bbox 153 2751 1727 2821">
     <span class='ocr_line' id='line_1_28' title="bbox 153 2751 1727 2821; baseline 0.001 -15"><span class='ocrx_word' id='word_1_222' title='bbox 153 2753 278 2820; x_wconf 90' lang='lat' dir='ltr'><strong>quis</strong></span> <span class='ocrx_word' id='word_1_223' title='bbox 310 2762 504 2821; x_wconf 86' lang='lat' dir='ltr'><strong>potest,</strong></span> <span class='ocrx_word' id='word_1_224' title='bbox 537 2752 814 2806; x_wconf 84' lang='lat' dir='ltr'><strong>anathema</strong></span> <span class='ocrx_word' id='word_1_225' title='bbox 845 2752 938 2806; x_wconf 91' lang='lat' dir='ltr'><strong>illi.</strong></span> <span class='ocrx_word' id='word_1_226' title='bbox 987 2751 1043 2805; x_wconf 90' lang='lat' dir='ltr'><strong>Si</strong></span> <span class='ocrx_word' id='word_1_227' title='bbox 1074 2752 1191 2818; x_wconf 89' lang='lat' dir='ltr'><strong>quis</strong></span> <span class='ocrx_word' id='word_1_228' title='bbox 1217 2751 1501 2804; x_wconf 86' lang='lat' dir='ltr'><strong>conﬁtetur</strong></span> <span class='ocrx_word' id='word_1_229' title='bbox 1524 2753 1727 2807; x_wconf 90' lang='lat' dir='ltr'><strong>animas</strong></span> 
     </span>
    </p>
   </div>
   <div class='ocr_carea' id='block_1_29' title="bbox 159 2842 1726 2911">
    <p class='ocr_par' dir='ltr' id='par_1_29' title="bbox 159 2842 1726 2911">
     <span class='ocr_line' id='line_1_29' title="bbox 159 2842 1726 2911; baseline -0.001 -13"><span class='ocrx_word' id='word_1_230' title='bbox 159 2846 436 2898; x_wconf 88' lang='lat' dir='ltr'><strong>hominum</strong></span> <span class='ocrx_word' id='word_1_231' title='bbox 480 2858 692 2911; x_wconf 88' lang='lat' dir='ltr'><strong>semper</strong></span> <span class='ocrx_word' id='word_1_232' title='bbox 731 2857 849 2896; x_wconf 91' lang='lat' dir='ltr'><strong>cum</strong></span> <span class='ocrx_word' id='word_1_233' title='bbox 886 2842 991 2896; x_wconf 88' lang='lat' dir='ltr'><strong>Deo</strong></span> <span class='ocrx_word' id='word_1_234' title='bbox 1032 2842 1214 2906; x_wconf 80' lang='lat' dir='ltr'><strong>fuisse,</strong></span> <span class='ocrx_word' id='word_1_235' title='bbox 1265 2851 1320 2895; x_wconf 93' lang='lat' dir='ltr'><strong>ut</strong></span> <span class='ocrx_word' id='word_1_236' title='bbox 1365 2855 1590 2896; x_wconf 79' lang='lat' dir='ltr'><strong>:eternas</strong></span> <span class='ocrx_word' id='word_1_237' title='bbox 1635 2859 1726 2898; x_wconf 85' lang='lat' dir='ltr'><strong>cas</strong></span> 
     </span>
    </p>
   </div>
   <div class='ocr_carea' id='block_1_30' title="bbox 155 2933 1722 3002">
    <p class='ocr_par' dir='ltr' id='par_1_30' title="bbox 155 2933 1722 3002">
     <span class='ocr_line' id='line_1_30' title="bbox 155 2933 1722 3002; baseline 0.001 -15"><span class='ocrx_word' id='word_1_238' title='bbox 155 2935 410 3002; x_wconf 83' lang='lat' dir='ltr'><strong>assignet,</strong></span> <span class='ocrx_word' id='word_1_239' title='bbox 436 2941 488 2987; x_wconf 88' lang='lat' dir='ltr'><strong>et</strong></span> <span class='ocrx_word' id='word_1_240' title='bbox 515 2948 612 2987; x_wconf 90' lang='lat' dir='ltr'><strong>nec</strong></span> <span class='ocrx_word' id='word_1_241' title='bbox 639 2933 804 2986; x_wconf 78' lang='lat' dir='ltr'><strong>factas</strong></span> <span class='ocrx_word' id='word_1_242' title='bbox 839 2948 936 2986; x_wconf 87' lang='lat' dir='ltr'><strong>nec</strong></span> <span class='ocrx_word' id='word_1_243' title='bbox 967 2934 1076 2986; x_wconf 87' lang='lat' dir='ltr'><strong>lieri</strong></span> <span class='ocrx_word' id='word_1_244' title='bbox 1100 2947 1190 2987; x_wconf 89' lang='lat' dir='ltr'><strong>eas</strong></span> <span class='ocrx_word' id='word_1_245' title='bbox 1223 2947 1378 3000; x_wconf 85' lang='lat' dir='ltr'><strong>posse</strong></span> <span class='ocrx_word' id='word_1_246' title='bbox 1404 2934 1571 2998; x_wconf 86' lang='lat' dir='ltr'><strong>dicat;</strong></span> <span class='ocrx_word' id='word_1_247' title='bbox 1602 2937 1722 2989; x_wconf 89' lang='lat' dir='ltr'><strong>dum</strong></span> 
     </span>
    </p>
   </div>
   <div class='ocr_carea' id='block_1_31' title="bbox 157 3026 1724 3096">
    <p class='ocr_par' dir='ltr' id='par_1_31' title="bbox 157 3026 1724 3096">
     <span class='ocr_line' id='line_1_31' title="bbox 157 3026 1724 3096; baseline 0 -16"><span class='ocrx_word' id='word_1_248' title='bbox 157 3029 411 3096; x_wconf 84' lang='lat' dir='ltr'><strong>scriptum</strong></span> <span class='ocrx_word' id='word_1_249' title='bbox 437 3027 536 3081; x_wconf 88' lang='lat' dir='ltr'><strong>sit:</strong></span> <span class='ocrx_word' id='word_1_250' title='bbox 569 3027 667 3089; x_wconf 82' lang='lat' dir='ltr'><strong>Qui</strong></span> <span class='ocrx_word' id='word_1_251' title='bbox 692 3027 804 3094; x_wconf 81' lang='lat' dir='ltr'><strong>fecit</strong></span> <span class='ocrx_word' id='word_1_252' title='bbox 834 3026 968 3093; x_wconf 80' lang='lat' dir='ltr'><strong>quod</strong></span> <span class='ocrx_word' id='word_1_253' title='bbox 996 3034 1068 3078; x_wconf 86' lang='lat' dir='ltr'><strong>est</strong></span> <span class='ocrx_word' id='word_1_254' title='bbox 1095 3043 1124 3077; x_wconf 89' lang='lat' dir='ltr'><strong>a</strong></span> <span class='ocrx_word' id='word_1_255' title='bbox 1147 3027 1291 3094; x_wconf 83' lang='lat' dir='ltr'><strong>foris,</strong></span> <span class='ocrx_word' id='word_1_256' title='bbox 1312 3028 1426 3090; x_wconf 81' lang='lat' dir='ltr'><strong>fecit</strong></span> <span class='ocrx_word' id='word_1_257' title='bbox 1453 3037 1497 3080; x_wconf 85' lang='lat' dir='ltr'><strong>et</strong></span> <span class='ocrx_word' id='word_1_258' title='bbox 1522 3029 1573 3080; x_wconf 84' lang='lat' dir='ltr'><strong>id</strong></span> <span class='ocrx_word' id='word_1_259' title='bbox 1593 3028 1724 3095; x_wconf 84' lang='lat' dir='ltr'><strong>quod</strong></span> 
     </span>
    </p>
   </div>
   <div class='ocr_carea' id='block_1_32' title="bbox 157 3117 1723 3186">
    <p class='ocr_par' dir='ltr' id='par_1_32' title="bbox 157 3117 1723 3186">
     <span class='ocr_line' id='line_1_32' title="bbox 157 3117 1723 3186; baseline 0.002 -16"><span class='ocrx_word' id='word_1_260' title='bbox 157 3121 293 3172; x_wconf 86' lang='lat' dir='ltr'><strong>imus</strong></span> <span class='ocrx_word' id='word_1_261' title='bbox 315 3128 410 3179; x_wconf 82' lang='lat' dir='ltr'><strong>est,</strong></span> <span class='ocrx_word' id='word_1_262' title='bbox 440 3119 719 3172; x_wconf 84' lang='lat' dir='ltr'><strong>anathema</strong></span> <span class='ocrx_word' id='word_1_263' title='bbox 751 3117 844 3169; x_wconf 90' lang='lat' dir='ltr'><strong>illi.</strong></span> <span class='ocrx_word' id='word_1_264' title='bbox 879 3117 933 3171; x_wconf 91' lang='lat' dir='ltr'><strong>Si</strong></span> <span class='ocrx_word' id='word_1_265' title='bbox 967 3118 1085 3186; x_wconf 92' lang='lat' dir='ltr'><strong>quis</strong></span> <span class='ocrx_word' id='word_1_266' title='bbox 1115 3117 1315 3170; x_wconf 80' lang='lat' dir='ltr'><strong>Novum</strong></span> <span class='ocrx_word' id='word_1_267' title='bbox 1347 3127 1400 3171; x_wconf 90' lang='lat' dir='ltr'><strong>et</strong></span> <span class='ocrx_word' id='word_1_268' title='bbox 1435 3118 1592 3172; x_wconf 81' lang='lat' dir='ltr'><strong>Vetus</strong></span> <span class='ocrx_word' id='word_1_269' title='bbox 1624 3120 1723 3173; x_wconf 86' lang='lat' dir='ltr'><strong>Te-</strong></span> 
     </span>
    </p>
   </div>
   <div class='ocr_carea' id='block_1_33' title="bbox 1824 569 3399 646">
    <p class='ocr_par' dir='ltr' id='par_1_33' title="bbox 1824 569 3399 646">
     <span class='ocr_line' id='line_1_33' title="bbox 1824 569 3399 646; baseline 0.008 -27"><span class='ocrx_word' id='word_1_270' title='bbox 1824 569 2194 635; x_wconf 88' lang='lat' dir='ltr'><strong>ligurationem</strong></span> <span class='ocrx_word' id='word_1_271' title='bbox 2220 572 2398 639; x_wconf 89' lang='lat' dir='ltr'><strong>operis</strong></span> <span class='ocrx_word' id='word_1_272' title='bbox 2428 574 2680 641; x_wconf 90' lang='lat' dir='ltr'><strong>assumpti</strong></span> <span class='ocrx_word' id='word_1_273' title='bbox 2714 573 2963 636; x_wconf 89' lang='lat' dir='ltr'><strong>hominis,</strong></span> <span class='ocrx_word' id='word_1_274' title='bbox 2993 573 3106 628; x_wconf 88' lang='lat' dir='ltr'><strong>sive</strong></span> <span class='ocrx_word' id='word_1_275' title='bbox 3133 575 3293 630; x_wconf 79' lang='lat' dir='ltr'><strong>futuri</strong></span> <span class='ocrx_word' id='word_1_276' title='bbox 3313 577 3399 646; x_wconf 83' lang='lat' dir='ltr'><strong>ju-</strong></span> 
     </span>
    </p>
   </div>
   <div class='ocr_carea' id='block_1_34' title="bbox 1821 661 3398 734">
    <p class='ocr_par' dir='ltr' id='par_1_34' title="bbox 1821 661 3398 734">
     <span class='ocr_line' id='line_1_34' title="bbox 1821 661 3398 734; baseline 0.006 -20"><span class='ocrx_word' id='word_1_277' title='bbox 1821 661 1945 714; x_wconf 92' lang='lat' dir='ltr'><strong>dicii</strong></span> <span class='ocrx_word' id='word_1_278' title='bbox 1972 661 2084 716; x_wconf 70' lang='lat' dir='ltr'><strong>hmc</strong></span> <span class='ocrx_word' id='word_1_279' title='bbox 2113 671 2296 716; x_wconf 84' lang='lat' dir='ltr'><strong>cuncta</strong></span> <span class='ocrx_word' id='word_1_280' title='bbox 2331 665 2380 716; x_wconf 91' lang='lat' dir='ltr'><strong>in</strong></span> <span class='ocrx_word' id='word_1_281' title='bbox 2405 679 2469 718; x_wconf 89' lang='lat' dir='ltr'><strong>eo</strong></span> <span class='ocrx_word' id='word_1_282' title='bbox 2495 673 2823 734; x_wconf 71' lang='lat' dir='ltr'><strong>prmostensa</strong></span> <span class='ocrx_word' id='word_1_283' title='bbox 2851 665 3034 732; x_wconf 83' lang='lat' dir='ltr'><strong>luisse,</strong></span> <span class='ocrx_word' id='word_1_284' title='bbox 3060 676 3113 720; x_wconf 92' lang='lat' dir='ltr'><strong>et</strong></span> <span class='ocrx_word' id='word_1_285' title='bbox 3137 681 3245 720; x_wconf 92' lang='lat' dir='ltr'><strong>non</strong></span> <span class='ocrx_word' id='word_1_286' title='bbox 3267 681 3398 723; x_wconf 83' lang='lat' dir='ltr'><strong>sane</strong></span> 
     </span>
    </p>
   </div>
   <div class='ocr_carea' id='block_1_35' title="bbox 1823 752 3395 822">
    <p class='ocr_par' dir='ltr' id='par_1_35' title="bbox 1823 752 3395 822">
     <span class='ocr_line' id='line_1_35' title="bbox 1823 752 3395 822; baseline 0.004 -16"><span class='ocrx_word' id='word_1_287' title='bbox 1823 752 2106 806; x_wconf 84' lang='lat' dir='ltr'><strong>invisibilis</strong></span> <span class='ocrx_word' id='word_1_288' title='bbox 2138 769 2265 822; x_wconf 92' lang='lat' dir='ltr'><strong>pura</strong></span> <span class='ocrx_word' id='word_1_289' title='bbox 2299 755 2488 822; x_wconf 77' lang='lat' dir='ltr'><strong>deitas,</strong></span> <span class='ocrx_word' id='word_1_290' title='bbox 2514 759 2651 810; x_wconf 84' lang='lat' dir='ltr'><strong>sicut</strong></span> <span class='ocrx_word' id='word_1_291' title='bbox 2679 767 2890 810; x_wconf 92' lang='lat' dir='ltr'><strong>cautum</strong></span> <span class='ocrx_word' id='word_1_292' title='bbox 2920 767 3000 811; x_wconf 88' lang='lat' dir='ltr'><strong>est</strong></span> <span class='ocrx_word' id='word_1_293' title='bbox 3033 777 3044 809; x_wconf 86' lang='lat'><strong>:</strong></span> <span class='ocrx_word' id='word_1_294' title='bbox 3073 757 3202 810; x_wconf 75' lang='lat' dir='ltr'><strong>Ha&#39;c</strong></span> <span class='ocrx_word' id='word_1_295' title='bbox 3227 759 3395 812; x_wconf 84' lang='lat' dir='ltr'><strong>omnia</strong></span> 
     </span>
    </p>
   </div>
   <div class='ocr_carea' id='block_1_36' title="bbox 1823 844 3395 917">
    <p class='ocr_par' dir='ltr' id='par_1_36' title="bbox 1823 844 3395 917">
     <span class='ocr_line' id='line_1_36' title="bbox 1823 844 3395 917; baseline 0.003 -21"><span class='ocrx_word' id='word_1_296' title='bbox 1823 845 1876 896; x_wconf 84' lang='lat' dir='ltr'><strong>in</strong></span> <span class='ocrx_word' id='word_1_297' title='bbox 1903 844 2070 913; x_wconf 81' lang='lat' dir='ltr'><strong>ﬁgura</strong></span> <span class='ocrx_word' id='word_1_298' title='bbox 2092 845 2228 912; x_wconf 79' lang='lat' dir='ltr'><strong>facta</strong></span> <span class='ocrx_word' id='word_1_299' title='bbox 2250 858 2365 898; x_wconf 83' lang='lat' dir='ltr'><strong>sunt</strong></span> <span class='ocrx_word' id='word_1_300' title='bbox 2394 849 2552 899; x_wconf 82' lang='lat' dir='ltr'><strong>nostri</strong></span> <span class='ocrx_word' id='word_1_301' title='bbox 2577 848 2627 916; x_wconf 90' lang='grc'><strong>(1</strong></span> <span class='ocrx_word' id='word_1_302' title='bbox 2659 846 2774 900; x_wconf 88' lang='lat' dir='ltr'><strong>Cor.</strong></span> <span class='ocrx_word' id='word_1_303' title='bbox 2809 864 2859 911; x_wconf 73' lang='grc' dir='ltr'><strong>ι,</strong></span> <span class='ocrx_word' id='word_1_304' title='bbox 2890 847 2943 917; x_wconf 85' lang='grc'><strong>6)</strong></span> <span class='ocrx_word' id='word_1_305' title='bbox 2980 866 2990 898; x_wconf 92' lang='lat'>:</span> <span class='ocrx_word' id='word_1_306' title='bbox 3028 848 3108 902; x_wconf 89' lang='lat' dir='ltr'><strong>sin</strong></span> <span class='ocrx_word' id='word_1_307' title='bbox 3139 863 3289 912; x_wconf 84' lang='lat' dir='ltr'><strong>vero,</strong></span> <span class='ocrx_word' id='word_1_308' title='bbox 3317 864 3395 903; x_wconf 86' lang='lat' dir='ltr'><strong>re-</strong></span> 
     </span>
    </p>
   </div>
   <div class='ocr_carea' id='block_1_37' title="bbox 1824 935 3394 1006">
    <p class='ocr_par' dir='ltr' id='par_1_37' title="bbox 1824 935 3394 1006">
     <span class='ocr_line' id='line_1_37' title="bbox 1824 935 3394 1006; baseline 0.003 -19"><span class='ocrx_word' id='word_1_309' title='bbox 1824 936 2027 1004; x_wconf 88' lang='lat' dir='ltr'><strong>sponde</strong></span> <span class='ocrx_word' id='word_1_310' title='bbox 2060 935 2185 986; x_wconf 92' lang='lat' dir='ltr'><strong>mihi</strong></span> <span class='ocrx_word' id='word_1_311' title='bbox 2218 935 2340 1004; x_wconf 89' lang='lat' dir='ltr'><strong>quia</strong></span> <span class='ocrx_word' id='word_1_312' title='bbox 2384 937 2432 988; x_wconf 94' lang='lat' dir='ltr'><strong>in</strong></span> <span class='ocrx_word' id='word_1_313' title='bbox 2461 938 2650 1006; x_wconf 79' lang='lat' dir='ltr'><strong>angelo</strong></span> <span class='ocrx_word' id='word_1_314' title='bbox 2675 939 2819 992; x_wconf 87' lang='lat' dir='ltr'><strong>visus</strong></span> <span class='ocrx_word' id='word_1_315' title='bbox 2849 948 2951 1004; x_wconf 90' lang='lat' dir='ltr'><strong>est,</strong></span> <span class='ocrx_word' id='word_1_316' title='bbox 2986 939 3219 1006; x_wconf 91' lang='lat' dir='ltr'><strong>nunquid</strong></span> <span class='ocrx_word' id='word_1_317' title='bbox 3251 939 3394 992; x_wconf 81' lang='lat' dir='ltr'><strong>divi-</strong></span> 
     </span>
    </p>
   </div>
   <div class='ocr_carea' id='block_1_38' title="bbox 1826 1029 3393 1100">
    <p class='ocr_par' dir='ltr' id='par_1_38' title="bbox 1826 1029 3393 1100">
     <span class='ocr_line' id='line_1_38' title="bbox 1826 1029 3393 1100; baseline 0.001 -18"><span class='ocrx_word' id='word_1_318' title='bbox 1826 1030 1964 1082; x_wconf 90' lang='lat' dir='ltr'><strong>nitas</strong></span> <span class='ocrx_word' id='word_1_319' title='bbox 1986 1029 2100 1097; x_wconf 81' lang='lat' dir='ltr'><strong>ejus</strong></span> <span class='ocrx_word' id='word_1_320' title='bbox 2126 1029 2338 1096; x_wconf 88' lang='lat' dir='ltr'><strong>proprie</strong></span> <span class='ocrx_word' id='word_1_321' title='bbox 2361 1031 2592 1099; x_wconf 90' lang='lat' dir='ltr'><strong>angelica</strong></span> <span class='ocrx_word' id='word_1_322' title='bbox 2619 1032 2731 1084; x_wconf 86' lang='lat' dir='ltr'><strong>est?</strong></span> <span class='ocrx_word' id='word_1_323' title='bbox 2758 1031 2995 1100; x_wconf 87' lang='lat' dir='ltr'><strong>Autquia</strong></span> <span class='ocrx_word' id='word_1_324' title='bbox 3019 1031 3071 1083; x_wconf 92' lang='lat' dir='ltr'><strong>in</strong></span> <span class='ocrx_word' id='word_1_325' title='bbox 3100 1031 3393 1086; x_wconf 89' lang='lat' dir='ltr'><strong>certamine</strong></span> 
     </span>
    </p>
   </div>
   <div class='ocr_carea' id='block_1_39' title="bbox 1825 1121 3390 1190">
    <p class='ocr_par' dir='ltr' id='par_1_39' title="bbox 1825 1121 3390 1190">
     <span class='ocr_line' id='line_1_39' title="bbox 1825 1121 3390 1190; baseline 0.001 -16"><span class='ocrx_word' id='word_1_326' title='bbox 1825 1121 2161 1174; x_wconf 91' lang='lat' dir='ltr'><strong>colluctantis</strong></span> <span class='ocrx_word' id='word_1_327' title='bbox 2191 1123 2328 1174; x_wconf 91' lang='lat' dir='ltr'><strong>sicut</strong></span> <span class='ocrx_word' id='word_1_328' title='bbox 2360 1122 2520 1174; x_wconf 88' lang='lat' dir='ltr'><strong>homo</strong></span> <span class='ocrx_word' id='word_1_329' title='bbox 2551 1123 2811 1190; x_wconf 85' lang='lat' dir='ltr'><strong>palpatus,</strong></span> <span class='ocrx_word' id='word_1_330' title='bbox 2847 1124 2926 1177; x_wconf 87' lang='lat' dir='ltr'><strong>vel</strong></span> <span class='ocrx_word' id='word_1_331' title='bbox 2958 1124 3098 1176; x_wconf 88' lang='lat' dir='ltr'><strong>visus</strong></span> <span class='ocrx_word' id='word_1_332' title='bbox 3125 1132 3226 1189; x_wconf 91' lang='lat' dir='ltr'><strong>est,</strong></span> <span class='ocrx_word' id='word_1_333' title='bbox 3256 1138 3390 1175; x_wconf 93' lang='lat' dir='ltr'><strong>nun-</strong></span> 
     </span>
    </p>
   </div>
   <div class='ocr_carea' id='block_1_40' title="bbox 1824 1209 3392 1278">
    <p class='ocr_par' dir='ltr' id='par_1_40' title="bbox 1824 1209 3392 1278">
     <span class='ocr_line' id='line_1_40' title="bbox 1824 1209 3392 1278; baseline 0.003 -18"><span class='ocrx_word' id='word_1_334' title='bbox 1824 1209 1948 1275; x_wconf 90' lang='lat' dir='ltr'><strong>quid</strong></span> <span class='ocrx_word' id='word_1_335' title='bbox 1983 1219 2168 1262; x_wconf 90' lang='lat' dir='ltr'><strong>natura</strong></span> <span class='ocrx_word' id='word_1_336' title='bbox 2203 1209 2293 1263; x_wconf 86' lang='lat' dir='ltr'><strong>Dei</strong></span> <span class='ocrx_word' id='word_1_337' title='bbox 2322 1210 2469 1277; x_wconf 87' lang='lat' dir='ltr'><strong>quasi</strong></span> <span class='ocrx_word' id='word_1_338' title='bbox 2518 1219 2704 1262; x_wconf 91' lang='lat' dir='ltr'><strong>natura</strong></span> <span class='ocrx_word' id='word_1_339' title='bbox 2736 1211 2964 1264; x_wconf 91' lang='lat' dir='ltr'><strong>hominis</strong></span> <span class='ocrx_word' id='word_1_340' title='bbox 2993 1210 3268 1278; x_wconf 90' lang='lat' dir='ltr'><strong>palpabilis</strong></span> <span class='ocrx_word' id='word_1_341' title='bbox 3297 1219 3392 1265; x_wconf 86' lang='lat' dir='ltr'><strong>aut</strong></span> 
     </span>
    </p>
   </div>
   <div class='ocr_carea' id='block_1_41' title="bbox 1825 1300 3392 1369">
    <p class='ocr_par' dir='ltr' id='par_1_41' title="bbox 1825 1300 3392 1369">
     <span class='ocr_line' id='line_1_41' title="bbox 1825 1300 3392 1369; baseline 0.002 -18"><span class='ocrx_word' id='word_1_342' title='bbox 1825 1300 2047 1353; x_wconf 86' lang='lat' dir='ltr'><strong>visibilis</strong></span> <span class='ocrx_word' id='word_1_343' title='bbox 2069 1301 2184 1354; x_wconf 82' lang='lat' dir='ltr'><strong>est?</strong></span> <span class='ocrx_word' id='word_1_344' title='bbox 2213 1303 2316 1353; x_wconf 82' lang='lat' dir='ltr'><strong>Aut</strong></span> <span class='ocrx_word' id='word_1_345' title='bbox 2342 1301 2460 1368; x_wconf 92' lang='lat' dir='ltr'><strong>quia</strong></span> <span class='ocrx_word' id='word_1_346' title='bbox 2486 1301 2536 1352; x_wconf 93' lang='lat' dir='ltr'><strong>in</strong></span> <span class='ocrx_word' id='word_1_347' title='bbox 2563 1301 2695 1353; x_wconf 89' lang='lat' dir='ltr'><strong>rubo</strong></span> <span class='ocrx_word' id='word_1_348' title='bbox 2720 1311 2776 1353; x_wconf 92' lang='lat' dir='ltr'><strong>ut</strong></span> <span class='ocrx_word' id='word_1_349' title='bbox 2805 1303 2940 1369; x_wconf 92' lang='lat' dir='ltr'><strong>ignis</strong></span> <span class='ocrx_word' id='word_1_350' title='bbox 2969 1302 3108 1354; x_wconf 85' lang='lat' dir='ltr'><strong>visus</strong></span> <span class='ocrx_word' id='word_1_351' title='bbox 3131 1310 3232 1364; x_wconf 89' lang='lat' dir='ltr'><strong>est,</strong></span> <span class='ocrx_word' id='word_1_352' title='bbox 3256 1317 3392 1354; x_wconf 87' lang='lat' dir='ltr'><strong>nun-</strong></span> 
     </span>
    </p>
   </div>
   <div class='ocr_carea' id='block_1_42' title="bbox 1823 1390 3390 1459">
    <p class='ocr_par' dir='ltr' id='par_1_42' title="bbox 1823 1390 3390 1459">
     <span class='ocr_line' id='line_1_42' title="bbox 1823 1390 3390 1459; baseline -0.001 -15"><span class='ocrx_word' id='word_1_353' title='bbox 1823 1391 1947 1458; x_wconf 87' lang='lat' dir='ltr'><strong>quid</strong></span> <span class='ocrx_word' id='word_1_354' title='bbox 1977 1391 2264 1443; x_wconf 81' lang='lat' dir='ltr'><strong>substantia</strong></span> <span class='ocrx_word' id='word_1_355' title='bbox 2292 1391 2404 1457; x_wconf 86' lang='lat' dir='ltr'><strong>ejus</strong></span> <span class='ocrx_word' id='word_1_356' title='bbox 2435 1390 2555 1442; x_wconf 89' lang='lat' dir='ltr'><strong>talis</strong></span> <span class='ocrx_word' id='word_1_357' title='bbox 2581 1390 2700 1442; x_wconf 76' lang='lat' dir='ltr'><strong>est?</strong></span> <span class='ocrx_word' id='word_1_358' title='bbox 2725 1391 2828 1445; x_wconf 82' lang='lat' dir='ltr'><strong>Aut</strong></span> <span class='ocrx_word' id='word_1_359' title='bbox 2855 1393 2977 1458; x_wconf 92' lang='lat' dir='ltr'><strong>quia</strong></span> <span class='ocrx_word' id='word_1_360' title='bbox 3010 1390 3316 1459; x_wconf 81' lang='lat' dir='ltr'><strong>frequenter</strong></span> <span class='ocrx_word' id='word_1_361' title='bbox 3337 1391 3390 1444; x_wconf 93' lang='lat' dir='ltr'><strong>in</strong></span> 
     </span>
    </p>
   </div>
   <div class='ocr_carea' id='block_1_43' title="bbox 1823 1481 3382 1550">
    <p class='ocr_par' dir='ltr' id='par_1_43' title="bbox 1823 1481 3382 1550">
     <span class='ocr_line' id='line_1_43' title="bbox 1823 1481 3382 1550; baseline 0.001 -16"><span class='ocrx_word' id='word_1_362' title='bbox 1823 1483 1979 1536; x_wconf 92' lang='lat' dir='ltr'><strong>variis</strong></span> <span class='ocrx_word' id='word_1_363' title='bbox 2006 1483 2281 1550; x_wconf 73' lang='lat' dir='ltr'><strong>Speciebus</strong></span> <span class='ocrx_word' id='word_1_364' title='bbox 2325 1484 2465 1534; x_wconf 90' lang='lat' dir='ltr'><strong>visus</strong></span> <span class='ocrx_word' id='word_1_365' title='bbox 2512 1491 2610 1545; x_wconf 67' lang='lat' dir='ltr'><strong>est,</strong></span> <span class='ocrx_word' id='word_1_366' title='bbox 2664 1481 2896 1550; x_wconf 87' lang='lat' dir='ltr'><strong>nunquid</strong></span> <span class='ocrx_word' id='word_1_367' title='bbox 2941 1482 3016 1534; x_wconf 90' lang='lat' dir='ltr'><strong>sic</strong></span> <span class='ocrx_word' id='word_1_368' title='bbox 3045 1491 3100 1535; x_wconf 89' lang='lat' dir='ltr'><strong>et</strong></span> <span class='ocrx_word' id='word_1_369' title='bbox 3144 1481 3382 1535; x_wconf 88' lang='lat' dir='ltr'><strong>diversas</strong></span> 
     </span>
    </p>
   </div>
   <div class='ocr_carea' id='block_1_44' title="bbox 1824 1572 3392 1640">
    <p class='ocr_par' dir='ltr' id='par_1_44' title="bbox 1824 1572 3392 1640">
     <span class='ocr_line' id='line_1_44' title="bbox 1824 1572 3392 1640; baseline 0.001 -16"><span class='ocrx_word' id='word_1_370' title='bbox 1824 1576 2136 1640; x_wconf 84' lang='lat' dir='ltr'><strong>permixtas,</strong></span> <span class='ocrx_word' id='word_1_371' title='bbox 2171 1575 2286 1626; x_wconf 88' lang='lat' dir='ltr'><strong>sive</strong></span> <span class='ocrx_word' id='word_1_372' title='bbox 2311 1581 2588 1626; x_wconf 87' lang='lat' dir='ltr'><strong>concretas</strong></span> <span class='ocrx_word' id='word_1_373' title='bbox 2621 1581 2834 1626; x_wconf 88' lang='lat' dir='ltr'><strong>naturas</strong></span> <span class='ocrx_word' id='word_1_374' title='bbox 2863 1572 2912 1624; x_wconf 91' lang='lat' dir='ltr'><strong>in</strong></span> <span class='ocrx_word' id='word_1_375' title='bbox 2945 1574 3235 1640; x_wconf 88' lang='lat' dir='ltr'><strong>semetipso</strong></span> <span class='ocrx_word' id='word_1_376' title='bbox 3261 1587 3392 1626; x_wconf 86' lang='lat' dir='ltr'><strong>con-</strong></span> 
     </span>
    </p>
   </div>
   <div class='ocr_carea' id='block_1_45' title="bbox 1825 1661 3392 1732">
    <p class='ocr_par' dir='ltr' id='par_1_45' title="bbox 1825 1661 3392 1732">
     <span class='ocr_line' id='line_1_45' title="bbox 1825 1661 3392 1732; baseline 0 -16"><span class='ocrx_word' id='word_1_377' title='bbox 1825 1664 1993 1718; x_wconf 84' lang='lat' dir='ltr'><strong>tinet?</strong></span> <span class='ocrx_word' id='word_1_378' title='bbox 2019 1664 2142 1716; x_wconf 93' lang='lat' dir='ltr'><strong>dum</strong></span> <span class='ocrx_word' id='word_1_379' title='bbox 2166 1663 2309 1716; x_wconf 91' lang='lat' dir='ltr'><strong>unita</strong></span> <span class='ocrx_word' id='word_1_380' title='bbox 2341 1663 2510 1716; x_wconf 91' lang='lat' dir='ltr'><strong>deitas</strong></span> <span class='ocrx_word' id='word_1_381' title='bbox 2539 1661 2824 1716; x_wconf 88' lang='lat' dir='ltr'><strong>indiscreta</strong></span> <span class='ocrx_word' id='word_1_382' title='bbox 2871 1663 2958 1726; x_wconf 91' lang='lat' dir='ltr'><strong>sit,</strong></span> <span class='ocrx_word' id='word_1_383' title='bbox 3006 1663 3392 1732; x_wconf 91' lang='lat' dir='ltr'><strong>invisibilisque</strong></span> 
     </span>
    </p>
   </div>
   <div class='ocr_carea' id='block_1_46' title="bbox 1826 1755 3392 1824">
    <p class='ocr_par' dir='ltr' id='par_1_46' title="bbox 1826 1755 3392 1824">
     <span class='ocr_line' id='line_1_46' title="bbox 1826 1755 3392 1824; baseline 0.001 -17"><span class='ocrx_word' id='word_1_384' title='bbox 1826 1756 1944 1823; x_wconf 90' lang='lat' dir='ltr'><strong>ejus</strong></span> <span class='ocrx_word' id='word_1_385' title='bbox 1975 1756 2242 1823; x_wconf 77' lang='lat' dir='ltr'><strong>maiestas.</strong></span> <span class='ocrx_word' id='word_1_386' title='bbox 2279 1755 2455 1824; x_wconf 90' lang='lat' dir='ltr'><strong>Itaque</strong></span> <span class='ocrx_word' id='word_1_387' title='bbox 2502 1755 2736 1824; x_wconf 85' lang='lat' dir='ltr'><strong>intellige</strong></span> <span class='ocrx_word' id='word_1_388' title='bbox 2765 1769 2884 1809; x_wconf 88' lang='lat' dir='ltr'><strong>cum</strong></span> <span class='ocrx_word' id='word_1_389' title='bbox 2933 1755 2983 1807; x_wconf 93' lang='lat' dir='ltr'><strong>in</strong></span> <span class='ocrx_word' id='word_1_390' title='bbox 3021 1756 3220 1823; x_wconf 80' lang='lat' dir='ltr'><strong>angelis</strong></span> <span class='ocrx_word' id='word_1_391' title='bbox 3249 1757 3392 1810; x_wconf 84' lang='lat' dir='ltr'><strong>visus</strong></span> 
     </span>
    </p>
   </div>
   <div class='ocr_carea' id='block_1_47' title="bbox 1827 1843 3390 1913">
    <p class='ocr_par' dir='ltr' id='par_1_47' title="bbox 1827 1843 3390 1913">
     <span class='ocr_line' id='line_1_47' title="bbox 1827 1843 3390 1913; baseline 0 -14"><span class='ocrx_word' id='word_1_392' title='bbox 1827 1855 1930 1909; x_wconf 91' lang='lat' dir='ltr'><strong>est,</strong></span> <span class='ocrx_word' id='word_1_393' title='bbox 1957 1848 2171 1899; x_wconf 86' lang='lat' dir='ltr'><strong>nuntius</strong></span> <span class='ocrx_word' id='word_1_394' title='bbox 2199 1843 2367 1899; x_wconf 80' lang='lat' dir='ltr'><strong>Patris</strong></span> <span class='ocrx_word' id='word_1_395' title='bbox 2399 1855 2755 1913; x_wconf 71' lang='lat' dir='ltr'><strong>prmostensus</strong></span> <span class='ocrx_word' id='word_1_396' title='bbox 2791 1854 2891 1899; x_wconf 90' lang='lat' dir='ltr'><strong>est.</strong></span> <span class='ocrx_word' id='word_1_397' title='bbox 2925 1845 3048 1898; x_wconf 86' lang='lat' dir='ltr'><strong>Sive</strong></span> <span class='ocrx_word' id='word_1_398' title='bbox 3079 1845 3128 1898; x_wconf 90' lang='lat' dir='ltr'><strong>in</strong></span> <span class='ocrx_word' id='word_1_399' title='bbox 3156 1844 3390 1909; x_wconf 88' lang='lat' dir='ltr'><strong>homine,</strong></span> 
     </span>
    </p>
   </div>
   <div class='ocr_carea' id='block_1_48' title="bbox 1826 1938 3393 2007">
    <p class='ocr_par' dir='ltr' id='par_1_48' title="bbox 1826 1938 3393 2007">
     <span class='ocr_line' id='line_1_48' title="bbox 1826 1938 3393 2007; baseline 0 -17"><span class='ocrx_word' id='word_1_400' title='bbox 1826 1939 1947 2006; x_wconf 90' lang='lat' dir='ltr'><strong>quia</strong></span> <span class='ocrx_word' id='word_1_401' title='bbox 1977 1938 2044 1992; x_wconf 87' lang='lat' dir='ltr'><strong>de</strong></span> <span class='ocrx_word' id='word_1_402' title='bbox 2077 1939 2235 1990; x_wconf 81' lang='lat' dir='ltr'><strong>Maria</strong></span> <span class='ocrx_word' id='word_1_403' title='bbox 2290 1939 2492 2006; x_wconf 80' lang='lat' dir='ltr'><strong>virgine</strong></span> <span class='ocrx_word' id='word_1_404' title='bbox 2536 1954 2702 2007; x_wconf 91' lang='lat' dir='ltr'><strong>nuper</strong></span> <span class='ocrx_word' id='word_1_405' title='bbox 2731 1946 2886 1991; x_wconf 90' lang='lat' dir='ltr'><strong>natus</strong></span> <span class='ocrx_word' id='word_1_406' title='bbox 2911 1947 3027 2000; x_wconf 87' lang='lat' dir='ltr'><strong>est;</strong></span> <span class='ocrx_word' id='word_1_407' title='bbox 3077 1938 3160 1989; x_wconf 88' lang='lat' dir='ltr'><strong>vel</strong></span> <span class='ocrx_word' id='word_1_408' title='bbox 3194 1938 3244 1989; x_wconf 93' lang='lat' dir='ltr'><strong>in</strong></span> <span class='ocrx_word' id='word_1_409' title='bbox 3277 1939 3393 2005; x_wconf 89' lang='lat' dir='ltr'><strong>igne</strong></span> 
     </span>
    </p>
   </div>
   <div class='ocr_carea' id='block_1_49' title="bbox 1827 2027 3394 2098">
    <p class='ocr_par' dir='ltr' id='par_1_49' title="bbox 1827 2027 3394 2098">
     <span class='ocr_line' id='line_1_49' title="bbox 1827 2027 3394 2098; baseline -0.003 -15"><span class='ocrx_word' id='word_1_410' title='bbox 1827 2032 2029 2098; x_wconf 87' lang='lat' dir='ltr'><strong>utique,</strong></span> <span class='ocrx_word' id='word_1_411' title='bbox 2075 2030 2192 2098; x_wconf 91' lang='lat' dir='ltr'><strong>quia</strong></span> <span class='ocrx_word' id='word_1_412' title='bbox 2221 2029 2475 2097; x_wconf 85' lang='lat' dir='ltr'><strong>judicium</strong></span> <span class='ocrx_word' id='word_1_413' title='bbox 2506 2045 2571 2082; x_wconf 82' lang='lat' dir='ltr'><strong>ex</strong></span> <span class='ocrx_word' id='word_1_414' title='bbox 2601 2044 2666 2083; x_wconf 91' lang='lat' dir='ltr'><strong>eo</strong></span> <span class='ocrx_word' id='word_1_415' title='bbox 2696 2028 2928 2082; x_wconf 80' lang='lat' dir='ltr'><strong>futurum</strong></span> <span class='ocrx_word' id='word_1_416' title='bbox 2957 2034 3061 2091; x_wconf 86' lang='lat' dir='ltr'><strong>est,</strong></span> <span class='ocrx_word' id='word_1_417' title='bbox 3094 2028 3218 2080; x_wconf 91' lang='lat' dir='ltr'><strong>dum</strong></span> <span class='ocrx_word' id='word_1_418' title='bbox 3259 2027 3394 2080; x_wconf 69' lang='lat' dir='ltr'><strong>scri2</strong></span> 
     </span>
    </p>
   </div>
   <div class='ocr_carea' id='block_1_50' title="bbox 1826 2107 3389 2192">
    <p class='ocr_par' dir='ltr' id='par_1_50' title="bbox 1826 2107 3389 2192">
     <span class='ocr_line' id='line_1_50' title="bbox 1826 2107 3389 2192; baseline -0.005 -16"><span class='ocrx_word' id='word_1_419' title='bbox 1826 2133 1972 2192; x_wconf 89' lang='lat' dir='ltr'><strong>ptum</strong></span> <span class='ocrx_word' id='word_1_420' title='bbox 2001 2122 2086 2183; x_wconf 92' lang='lat' dir='ltr'><strong>sit,</strong></span> <span class='ocrx_word' id='word_1_421' title='bbox 2115 2122 2236 2190; x_wconf 91' lang='lat' dir='ltr'><strong>quia</strong></span> <span class='ocrx_word' id='word_1_422' title='bbox 2264 2123 2434 2190; x_wconf 84' lang='lat' dir='ltr'><strong>magni</strong></span> <span class='ocrx_word' id='word_1_423' title='bbox 2467 2107 2666 2173; x_wconf 79' lang='lat' dir='ltr'><strong>consilii</strong></span> <span class='ocrx_word' id='word_1_424' title='bbox 2691 2121 2897 2189; x_wconf 84' lang='lat' dir='ltr'><strong>angelus</strong></span> <span class='ocrx_word' id='word_1_425' title='bbox 2920 2128 3000 2172; x_wconf 88' lang='lat' dir='ltr'><strong>est</strong></span> <span class='ocrx_word' id='word_1_426' title='bbox 3027 2116 3181 2186; x_wconf 85' lang='lat' dir='ltr'><strong>(Isai.</strong></span> <span class='ocrx_word' id='word_1_427' title='bbox 3204 2133 3273 2182; x_wconf 80' lang='lat' dir='ltr'><strong>Is,</strong></span> <span class='ocrx_word' id='word_1_428' title='bbox 3301 2117 3389 2185; x_wconf 87' lang='lat'><strong>5):</strong></span> 
     </span>
    </p>
   </div>
   <div class='ocr_carea' id='block_1_51' title="bbox 1826 2207 3393 2270">
    <p class='ocr_par' dir='ltr' id='par_1_51' title="bbox 1826 2207 3393 2270">
     <span class='ocr_line' id='line_1_51' title="bbox 1826 2207 3393 2270; baseline -0.005 -2"><span class='ocrx_word' id='word_1_429' title='bbox 1826 2222 1881 2268; x_wconf 87' lang='lat' dir='ltr'><strong>et</strong></span> <span class='ocrx_word' id='word_1_430' title='bbox 1928 2214 1979 2266; x_wconf 90' lang='lat' dir='ltr'><strong>in</strong></span> <span class='ocrx_word' id='word_1_431' title='bbox 2023 2212 2237 2264; x_wconf 89' lang='lat' dir='ltr'><strong>homine</strong></span> <span class='ocrx_word' id='word_1_432' title='bbox 2284 2212 2543 2264; x_wconf 90' lang='lat' dir='ltr'><strong>mediator</strong></span> <span class='ocrx_word' id='word_1_433' title='bbox 2571 2210 2879 2263; x_wconf 82' lang='lat' dir='ltr'><strong>Emmanuel</strong></span> <span class='ocrx_word' id='word_1_434' title='bbox 2909 2218 3064 2262; x_wconf 90' lang='lat' dir='ltr'><strong>natus</strong></span> <span class='ocrx_word' id='word_1_435' title='bbox 3102 2208 3196 2270; x_wconf 87' lang='lat' dir='ltr'><strong>sit;</strong></span> <span class='ocrx_word' id='word_1_436' title='bbox 3248 2216 3302 2260; x_wconf 90' lang='lat' dir='ltr'><strong>et</strong></span> <span class='ocrx_word' id='word_1_437' title='bbox 3341 2207 3393 2260; x_wconf 90' lang='lat' dir='ltr'><strong>in</strong></span> 
     </span>
    </p>
   </div>
   <div class='ocr_carea' id='block_1_52' title="bbox 1827 2299 3392 2373">
    <p class='ocr_par' dir='ltr' id='par_1_52' title="bbox 1827 2299 3392 2373">
     <span class='ocr_line' id='line_1_52' title="bbox 1827 2299 3392 2373; baseline -0.006 -14"><span class='ocrx_word' id='word_1_438' title='bbox 1827 2306 1946 2373; x_wconf 86' lang='lat' dir='ltr'><strong>igne</strong></span> <span class='ocrx_word' id='word_1_439' title='bbox 1967 2304 2115 2373; x_wconf 90' lang='lat' dir='ltr'><strong>quasi</strong></span> <span class='ocrx_word' id='word_1_440' title='bbox 2131 2303 2386 2359; x_wconf 90' lang='lat' dir='ltr'><strong>conﬁator</strong></span> <span class='ocrx_word' id='word_1_441' title='bbox 2410 2301 2522 2355; x_wconf 90' lang='lat' dir='ltr'><strong>auri</strong></span> <span class='ocrx_word' id='word_1_442' title='bbox 2553 2311 2604 2355; x_wconf 92' lang='lat' dir='ltr'><strong>et</strong></span> <span class='ocrx_word' id='word_1_443' title='bbox 2630 2302 2855 2370; x_wconf 78' lang='lat' dir='ltr'><strong>argenti,</strong></span> <span class='ocrx_word' id='word_1_444' title='bbox 2878 2309 2934 2354; x_wconf 92' lang='lat' dir='ltr'><strong>ut</strong></span> <span class='ocrx_word' id='word_1_445' title='bbox 2960 2300 3199 2354; x_wconf 90' lang='lat' dir='ltr'><strong>cordium</strong></span> <span class='ocrx_word' id='word_1_446' title='bbox 3222 2299 3392 2366; x_wconf 88' lang='lat' dir='ltr'><strong>justo-</strong></span> 
     </span>
    </p>
   </div>
   <div class='ocr_carea' id='block_1_53' title="bbox 1827 2389 3392 2462">
    <p class='ocr_par' dir='ltr' id='par_1_53' title="bbox 1827 2389 3392 2462">
     <span class='ocr_line' id='line_1_53' title="bbox 1827 2389 3392 2462; baseline -0.004 -15"><span class='ocrx_word' id='word_1_447' title='bbox 1827 2410 1944 2448; x_wconf 92' lang='lat' dir='ltr'><strong>rum</strong></span> <span class='ocrx_word' id='word_1_448' title='bbox 1978 2395 2231 2462; x_wconf 84' lang='lat' dir='ltr'><strong>probator</strong></span> <span class='ocrx_word' id='word_1_449' title='bbox 2259 2393 2350 2445; x_wconf 86' lang='lat' dir='ltr'><strong>sit.</strong></span> <span class='ocrx_word' id='word_1_450' title='bbox 2379 2391 2690 2458; x_wconf 88' lang='lat' dir='ltr'><strong>Quanquam</strong></span> <span class='ocrx_word' id='word_1_451' title='bbox 2723 2400 2775 2444; x_wconf 91' lang='lat' dir='ltr'><strong>et</strong></span> <span class='ocrx_word' id='word_1_452' title='bbox 2805 2391 2854 2443; x_wconf 93' lang='lat' dir='ltr'><strong>in</strong></span> <span class='ocrx_word' id='word_1_453' title='bbox 2885 2389 2966 2442; x_wconf 91' lang='lat' dir='ltr'><strong>his</strong></span> <span class='ocrx_word' id='word_1_454' title='bbox 3007 2389 3284 2456; x_wconf 86' lang='lat' dir='ltr'><strong>speciebus</strong></span> <span class='ocrx_word' id='word_1_455' title='bbox 3310 2403 3392 2440; x_wconf 83' lang='lat' dir='ltr'><strong>ss-</strong></span> 
     </span>
    </p>
   </div>
   <div class='ocr_carea' id='block_1_54' title="bbox 1827 2477 3392 2552">
    <p class='ocr_par' dir='ltr' id='par_1_54' title="bbox 1827 2477 3392 2552">
     <span class='ocr_line' id='line_1_54' title="bbox 1827 2477 3392 2552; baseline -0.004 -15"><span class='ocrx_word' id='word_1_456' title='bbox 1827 2484 2074 2552; x_wconf 87' lang='lat' dir='ltr'><strong>sumptis,</strong></span> <span class='ocrx_word' id='word_1_457' title='bbox 2107 2481 2377 2548; x_wconf 91' lang='lat' dir='ltr'><strong>quomodo</strong></span> <span class='ocrx_word' id='word_1_458' title='bbox 2407 2480 2592 2544; x_wconf 92' lang='lat' dir='ltr'><strong>voluit,</strong></span> <span class='ocrx_word' id='word_1_459' title='bbox 2625 2481 2768 2533; x_wconf 88' lang='lat' dir='ltr'><strong>visus</strong></span> <span class='ocrx_word' id='word_1_460' title='bbox 2792 2479 2881 2542; x_wconf 89' lang='lat' dir='ltr'><strong>sit,</strong></span> <span class='ocrx_word' id='word_1_461' title='bbox 2914 2489 3091 2532; x_wconf 89' lang='lat' dir='ltr'><strong>tamen</strong></span> <span class='ocrx_word' id='word_1_462' title='bbox 3123 2479 3172 2530; x_wconf 92' lang='lat' dir='ltr'><strong>in</strong></span> <span class='ocrx_word' id='word_1_463' title='bbox 3199 2477 3392 2530; x_wconf 90' lang='lat' dir='ltr'><strong>deitate</strong></span> 
     </span>
    </p>
   </div>
   <div class='ocr_carea' id='block_1_55' title="bbox 1830 2567 3391 2640">
    <p class='ocr_par' dir='ltr' id='par_1_55' title="bbox 1830 2567 3391 2640">
     <span class='ocr_line' id='line_1_55' title="bbox 1830 2567 3391 2640; baseline -0.006 -14"><span class='ocrx_word' id='word_1_464' title='bbox 1830 2574 1967 2626; x_wconf 89' lang='lat' dir='ltr'><strong>idem</strong></span> <span class='ocrx_word' id='word_1_465' title='bbox 2000 2572 2113 2640; x_wconf 89' lang='lat' dir='ltr'><strong>ipse</strong></span> <span class='ocrx_word' id='word_1_466' title='bbox 2143 2570 2426 2624; x_wconf 90' lang='lat' dir='ltr'><strong>invisibilis</strong></span> <span class='ocrx_word' id='word_1_467' title='bbox 2455 2577 2558 2632; x_wconf 89' lang='lat' dir='ltr'><strong>est,</strong></span> <span class='ocrx_word' id='word_1_468' title='bbox 2587 2569 2757 2634; x_wconf 87' lang='lat' dir='ltr'><strong>qualis</strong></span> <span class='ocrx_word' id='word_1_469' title='bbox 2788 2582 2998 2634; x_wconf 85' lang='lat' dir='ltr'><strong>semper</strong></span> <span class='ocrx_word' id='word_1_470' title='bbox 3019 2567 3154 2634; x_wconf 91' lang='lat' dir='ltr'><strong>apud</strong></span> <span class='ocrx_word' id='word_1_471' title='bbox 3182 2567 3391 2618; x_wconf 85' lang='lat' dir='ltr'><strong>Patrem</strong></span> 
     </span>
    </p>
   </div>
   <div class='ocr_carea' id='block_1_56' title="bbox 1831 2659 3394 2717">
    <p class='ocr_par' dir='ltr' id='par_1_56' title="bbox 1831 2659 3394 2717">
     <span class='ocr_line' id='line_1_56' title="bbox 1831 2659 3394 2717; baseline -0.003 0"><span class='ocrx_word' id='word_1_472' title='bbox 1831 2663 1927 2717; x_wconf 84' lang='lat' dir='ltr'><strong>luit</strong></span> <span class='ocrx_word' id='word_1_473' title='bbox 1965 2673 2018 2717; x_wconf 91' lang='lat' dir='ltr'><strong>et</strong></span> <span class='ocrx_word' id='word_1_474' title='bbox 2055 2670 2155 2716; x_wconf 87' lang='lat' dir='ltr'><strong>est.</strong></span> <span class='ocrx_word' id='word_1_475' title='bbox 2192 2662 2382 2716; x_wconf 88' lang='lat' dir='ltr'><strong>Procul</strong></span> <span class='ocrx_word' id='word_1_476' title='bbox 2423 2661 2584 2714; x_wconf 92' lang='lat' dir='ltr'><strong>dubio</strong></span> <span class='ocrx_word' id='word_1_477' title='bbox 2629 2660 2741 2715; x_wconf 68' lang='lat' dir='ltr'><strong>hare</strong></span> <span class='ocrx_word' id='word_1_478' title='bbox 2784 2668 2969 2713; x_wconf 87' lang='lat' dir='ltr'><strong>cuncta</strong></span> <span class='ocrx_word' id='word_1_479' title='bbox 3018 2667 3142 2712; x_wconf 83' lang='lat' dir='ltr'><strong>tum:</strong></span> <span class='ocrx_word' id='word_1_480' title='bbox 3181 2660 3314 2711; x_wconf 63' lang='lat' dir='ltr'><strong>Deus</strong></span> <span class='ocrx_word' id='word_1_481' title='bbox 3346 2659 3394 2712; x_wconf 93' lang='lat' dir='ltr'><strong>in</strong></span> 
     </span>
    </p>
   </div>
   <div class='ocr_carea' id='block_1_57' title="bbox 1834 2755 3388 2825">
    <p class='ocr_par' dir='ltr' id='par_1_57' title="bbox 1834 2755 3388 2825">
     <span class='ocr_line' id='line_1_57' title="bbox 1834 2755 3388 2825; baseline -0.005 -16"><span class='ocrx_word' id='word_1_482' title='bbox 1834 2760 2054 2825; x_wconf 85' lang='lat' dir='ltr'><strong>ﬁguram</strong></span> <span class='ocrx_word' id='word_1_483' title='bbox 2089 2756 2318 2808; x_wconf 87' lang='lat' dir='ltr'><strong>hominis</strong></span> <span class='ocrx_word' id='word_1_484' title='bbox 2370 2766 2640 2824; x_wconf 85' lang='lat' dir='ltr'><strong>operatur,</strong></span> <span class='ocrx_word' id='word_1_485' title='bbox 2697 2757 2818 2823; x_wconf 89' lang='lat' dir='ltr'><strong>quia</strong></span> <span class='ocrx_word' id='word_1_486' title='bbox 2857 2769 2990 2821; x_wconf 84' lang='lat' dir='ltr'><strong>Opus</strong></span> <span class='ocrx_word' id='word_1_487' title='bbox 3034 2755 3189 2807; x_wconf 82' lang='lat' dir='ltr'><strong>futuri</strong></span> <span class='ocrx_word' id='word_1_488' title='bbox 3243 2756 3388 2807; x_wconf 86' lang='lat' dir='ltr'><strong>ineo</strong></span> 
     </span>
    </p>
   </div>
   <div class='ocr_carea' id='block_1_58' title="bbox 1823 2849 3393 2920">
    <p class='ocr_par' dir='ltr' id='par_1_58' title="bbox 1823 2849 3393 2920">
     <span class='ocr_line' id='line_1_58' title="bbox 1823 2849 3393 2920; baseline -0.002 -17"><span class='ocrx_word' id='word_1_489' title='bbox 1823 2853 1932 2920; x_wconf 86' lang='lat' dir='ltr'><strong>jam</strong></span> <span class='ocrx_word' id='word_1_490' title='bbox 1967 2851 2476 2920; x_wconf 68' lang='lat' dir='ltr'><strong>prmostendebatur,</strong></span> <span class='ocrx_word' id='word_1_491' title='bbox 2523 2851 2657 2919; x_wconf 90' lang='lat' dir='ltr'><strong>quod</strong></span> <span class='ocrx_word' id='word_1_492' title='bbox 2693 2851 2805 2918; x_wconf 87' lang='lat' dir='ltr'><strong>ipse</strong></span> <span class='ocrx_word' id='word_1_493' title='bbox 2837 2849 3057 2903; x_wconf 88' lang='lat' dir='ltr'><strong>absolvit</strong></span> <span class='ocrx_word' id='word_1_494' title='bbox 3084 2849 3268 2902; x_wconf 76' lang='lat' dir='ltr'><strong>dicens</strong></span> <span class='ocrx_word' id='word_1_495' title='bbox 3297 2868 3306 2898; x_wconf 88' lang='lat'>:</span> <span class='ocrx_word' id='word_1_496' title='bbox 3337 2850 3393 2900; x_wconf 79' lang='lat' dir='ltr'><strong>Si</strong></span> 
     </span>
    </p>
   </div>
   <div class='ocr_carea' id='block_1_59' title="bbox 1826 2942 3394 3010">
    <p class='ocr_par' dir='ltr' id='par_1_59' title="bbox 1826 2942 3394 3010">
     <span class='ocr_line' id='line_1_59' title="bbox 1826 2942 3394 3010; baseline -0.004 -14"><span class='ocrx_word' id='word_1_497' title='bbox 1826 2944 1950 2996; x_wconf 80' lang='lat' dir='ltr'><strong>mihi</strong></span> <span class='ocrx_word' id='word_1_498' title='bbox 1985 2959 2082 2996; x_wconf 82' lang='lat' dir='ltr'><strong>non</strong></span> <span class='ocrx_word' id='word_1_499' title='bbox 2127 2943 2351 3005; x_wconf 82' lang='lat' dir='ltr'><strong>creditis,</strong></span> <span class='ocrx_word' id='word_1_500' title='bbox 2399 2945 2477 2996; x_wconf 80' lang='lat' dir='ltr'><strong>vel</strong></span> <span class='ocrx_word' id='word_1_501' title='bbox 2515 2943 2747 3010; x_wconf 80' lang='lat' dir='ltr'><strong>operibus</strong></span> <span class='ocrx_word' id='word_1_502' title='bbox 2793 2943 3009 3003; x_wconf 81' lang='lat' dir='ltr'><strong>credite,</strong></span> <span class='ocrx_word' id='word_1_503' title='bbox 3058 2944 3178 3010; x_wconf 83' lang='lat' dir='ltr'><strong>quia</strong></span> <span class='ocrx_word' id='word_1_504' title='bbox 3218 2956 3308 3008; x_wconf 75' lang='lat' dir='ltr'><strong>ego</strong></span> <span class='ocrx_word' id='word_1_505' title='bbox 3343 2942 3394 2990; x_wconf 86' lang='lat' dir='ltr'><strong>iu</strong></span> 
     </span>
    </p>
   </div>
   <div class='ocr_carea' id='block_1_60' title="bbox 1831 3027 3392 3099">
    <p class='ocr_par' dir='ltr' id='par_1_60' title="bbox 1831 3027 3392 3099">
     <span class='ocr_line' id='line_1_60' title="bbox 1831 3027 3392 3099; baseline -0.004 -14"><span class='ocrx_word' id='word_1_506' title='bbox 1831 3032 1984 3086; x_wconf 86' lang='lat' dir='ltr'><strong>Patre</strong></span> <span class='ocrx_word' id='word_1_507' title='bbox 2015 3042 2059 3086; x_wconf 87' lang='lat' dir='ltr'><strong>et</strong></span> <span class='ocrx_word' id='word_1_508' title='bbox 2086 3032 2241 3086; x_wconf 78' lang='lat' dir='ltr'><strong>Pater</strong></span> <span class='ocrx_word' id='word_1_509' title='bbox 2265 3034 2314 3086; x_wconf 84' lang='lat' dir='ltr'><strong>in</strong></span> <span class='ocrx_word' id='word_1_510' title='bbox 2354 3050 2432 3085; x_wconf 77' lang='lat' dir='ltr'><strong>me</strong></span> <span class='ocrx_word' id='word_1_511' title='bbox 2460 3042 2530 3085; x_wconf 80' lang='lat' dir='ltr'><strong>est</strong></span> <span class='ocrx_word' id='word_1_512' title='bbox 2563 3027 2740 3099; x_wconf 81' lang='lat' dir='ltr'><strong>(Joan.</strong></span> <span class='ocrx_word' id='word_1_513' title='bbox 2773 3047 2823 3097; x_wconf 75' lang='grc' dir='ltr'><strong>κ,</strong></span> <span class='ocrx_word' id='word_1_514' title='bbox 2857 3032 2968 3096; x_wconf 80' lang='grc'><strong>58).</strong></span> <span class='ocrx_word' id='word_1_515' title='bbox 3018 3030 3203 3084; x_wconf 84' lang='lat' dir='ltr'><strong>Nonne</strong></span> <span class='ocrx_word' id='word_1_516' title='bbox 3233 3031 3392 3081; x_wconf 89' lang='lat' dir='ltr'><strong>mira-</strong></span> 
     </span>
    </p>
   </div>
   <div class='ocr_carea' id='block_1_61' title="bbox 1829 3121 3393 3193">
    <p class='ocr_par' dir='ltr' id='par_1_61' title="bbox 1829 3121 3393 3193">
     <span class='ocr_line' id='line_1_61' title="bbox 1829 3121 3393 3193; baseline -0.003 -16"><span class='ocrx_word' id='word_1_517' title='bbox 1829 3125 1954 3177; x_wconf 84' lang='lat' dir='ltr'><strong>bilia</strong></span> <span class='ocrx_word' id='word_1_518' title='bbox 1985 3124 2125 3178; x_wconf 88' lang='lat' dir='ltr'><strong>Deus</strong></span> <span class='ocrx_word' id='word_1_519' title='bbox 2155 3139 2390 3193; x_wconf 50' lang='lat' dir='ltr'><strong>praesens</strong></span> <span class='ocrx_word' id='word_1_520' title='bbox 2420 3123 2759 3191; x_wconf 88' lang='lat' dir='ltr'><strong>operabatur,</strong></span> <span class='ocrx_word' id='word_1_521' title='bbox 2792 3132 2844 3176; x_wconf 90' lang='lat' dir='ltr'><strong>et</strong></span> <span class='ocrx_word' id='word_1_522' title='bbox 2870 3137 3029 3191; x_wconf 90' lang='lat' dir='ltr'><strong>opera</strong></span> <span class='ocrx_word' id='word_1_523' title='bbox 3059 3137 3150 3174; x_wconf 80' lang='lat' dir='ltr'><strong>sua</strong></span> <span class='ocrx_word' id='word_1_524' title='bbox 3181 3138 3272 3188; x_wconf 87' lang='lat' dir='ltr'><strong>per</strong></span> <span class='ocrx_word' id='word_1_525' title='bbox 3300 3121 3393 3172; x_wconf 91' lang='lat' dir='ltr'><strong>ho-</strong></span> 
     </span>
    </p>
   </div>
   <div class='ocr_carea' id='block_1_62' title="bbox 157 3189 3392 3286">
    <p class='ocr_par' dir='ltr' id='par_1_62' title="bbox 157 3189 3392 3286">
     <span class='ocr_line' id='line_1_62' title="bbox 157 3189 3392 3286; baseline 0.001 -24"><span class='ocrx_word' id='word_1_526' title='bbox 157 3219 481 3264; x_wconf 70' lang='lat' dir='ltr'><strong>stamvntum</strong></span> <span class='ocrx_word' id='word_1_527' title='bbox 525 3208 873 3278; x_wconf 90' lang='lat' dir='ltr'><strong>blasphemat,</strong></span> <span class='ocrx_word' id='word_1_528' title='bbox 915 3209 1193 3262; x_wconf 90' lang='lat' dir='ltr'><strong>anathema</strong></span> <span class='ocrx_word' id='word_1_529' title='bbox 1236 3209 1330 3262; x_wconf 94' lang='lat' dir='ltr'><strong>illi.</strong></span> <span class='ocrx_word' id='word_1_530' title='bbox 1365 3210 1420 3264; x_wconf 91' lang='lat' dir='ltr'><strong>Si</strong></span> <span class='ocrx_word' id='word_1_531' title='bbox 1456 3213 1572 3279; x_wconf 92' lang='lat' dir='ltr'><strong>quis</strong></span> <span class='ocrx_word' id='word_1_532' title='bbox 1605 3227 1723 3264; x_wconf 86' lang='lat' dir='ltr'><strong>san-</strong></span> <span class='ocrx_word' id='word_1_533' title='bbox 1754 3189 1800 3252; x_wconf 68' lang='grc' dir='ltr'><strong>δ</strong></span> <span class='ocrx_word' id='word_1_534' title='bbox 1833 3217 2026 3271; x_wconf 79' lang='lat' dir='ltr'><strong>minem</strong></span> <span class='ocrx_word' id='word_1_535' title='bbox 2051 3217 2183 3271; x_wconf 77' lang='lat' dir='ltr'><strong>facta</strong></span> <span class='ocrx_word' id='word_1_536' title='bbox 2217 3215 2670 3286; x_wconf 83' lang='lat' dir='ltr'><strong>agnoscebantur?</strong></span> <span class='ocrx_word' id='word_1_537' title='bbox 2717 3225 2769 3268; x_wconf 87' lang='lat' dir='ltr'><strong>et</strong></span> <span class='ocrx_word' id='word_1_538' title='bbox 2815 3230 2916 3269; x_wconf 90' lang='lat' dir='ltr'><strong>non</strong></span> <span class='ocrx_word' id='word_1_539' title='bbox 2951 3225 3124 3269; x_wconf 92' lang='lat' dir='ltr'><strong>tamen</strong></span> <span class='ocrx_word' id='word_1_540' title='bbox 3153 3214 3318 3266; x_wconf 70' lang='lat' dir='ltr'><strong>dl-itas</strong></span> <span class='ocrx_word' id='word_1_541' title='bbox 3343 3215 3392 3266; x_wconf 88' lang='lat' dir='ltr'><strong>in</strong></span> 
     </span>
    </p>
   </div>
   <div class='ocr_carea' id='block_1_63' title="bbox 157 3301 1724 3372">
    <p class='ocr_par' dir='ltr' id='par_1_63' title="bbox 157 3301 1724 3372">
     <span class='ocr_line' id='line_1_63' title="bbox 157 3301 1724 3372; baseline 0.001 -16"><span class='ocrx_word' id='word_1_542' title='bbox 157 3315 270 3358; x_wconf 88' lang='lat' dir='ltr'><strong>ctos</strong></span> <span class='ocrx_word' id='word_1_543' title='bbox 301 3301 654 3372; x_wconf 84' lang='lat' dir='ltr'><strong>patriarchas,</strong></span> <span class='ocrx_word' id='word_1_544' title='bbox 699 3311 789 3355; x_wconf 89' lang='lat' dir='ltr'><strong>aut</strong></span> <span class='ocrx_word' id='word_1_545' title='bbox 834 3303 1138 3370; x_wconf 88' lang='lat' dir='ltr'><strong>prophetas,</strong></span> <span class='ocrx_word' id='word_1_546' title='bbox 1183 3311 1274 3354; x_wconf 91' lang='lat' dir='ltr'><strong>aut</strong></span> <span class='ocrx_word' id='word_1_547' title='bbox 1312 3304 1602 3370; x_wconf 65' lang='lat' dir='ltr'><strong>apostolos,</strong></span> <span class='ocrx_word' id='word_1_548' title='bbox 1634 3315 1724 3357; x_wconf 92' lang='lat' dir='ltr'><strong>aut</strong></span> 
     </span>
    </p>
   </div>
   <div class='ocr_carea' id='block_1_64' title="bbox 158 3391 1724 3463">
    <p class='ocr_par' dir='ltr' id='par_1_64' title="bbox 158 3391 1724 3463">
     <span class='ocr_line' id='line_1_64' title="bbox 158 3391 1724 3463; baseline 0.001 -16"><span class='ocrx_word' id='word_1_549' title='bbox 158 3403 421 3463; x_wconf 84' lang='lat' dir='ltr'><strong>martyres</strong></span> <span class='ocrx_word' id='word_1_550' title='bbox 448 3393 800 3460; x_wconf 89' lang='lat' dir='ltr'><strong>blasphemat,</strong></span> <span class='ocrx_word' id='word_1_551' title='bbox 829 3394 1109 3446; x_wconf 86' lang='lat' dir='ltr'><strong>anathema</strong></span> <span class='ocrx_word' id='word_1_552' title='bbox 1146 3393 1240 3444; x_wconf 93' lang='lat' dir='ltr'><strong>illi.</strong></span> <span class='ocrx_word' id='word_1_553' title='bbox 1293 3391 1346 3446; x_wconf 91' lang='lat' dir='ltr'><strong>Si</strong></span> <span class='ocrx_word' id='word_1_554' title='bbox 1393 3394 1509 3461; x_wconf 90' lang='lat' dir='ltr'><strong>quis</strong></span> <span class='ocrx_word' id='word_1_555' title='bbox 1556 3395 1724 3449; x_wconf 87' lang='lat' dir='ltr'><strong>solem</strong></span> 
     </span>
    </p>
   </div>
   <div class='ocr_carea' id='block_1_65' title="bbox 157 3484 1723 3556">
    <p class='ocr_par' dir='ltr' id='par_1_65' title="bbox 157 3484 1723 3556">
     <span class='ocr_line' id='line_1_65' title="bbox 157 3484 1723 3556; baseline 0 -18"><span class='ocrx_word' id='word_1_556' title='bbox 157 3494 248 3539; x_wconf 88' lang='lat' dir='ltr'><strong>aut</strong></span> <span class='ocrx_word' id='word_1_557' title='bbox 273 3486 435 3556; x_wconf 67' lang='lat'><strong>260</strong></span> <span class='ocrx_word' id='word_1_558' title='bbox 464 3485 661 3548; x_wconf 91' lang='lat' dir='ltr'><strong>lunam,</strong></span> <span class='ocrx_word' id='word_1_559' title='bbox 703 3485 781 3537; x_wconf 87' lang='lat' dir='ltr'><strong>vel</strong></span> <span class='ocrx_word' id='word_1_560' title='bbox 817 3484 1179 3550; x_wconf 76' lang='lat' dir='ltr'><strong>hujuscemodi</strong></span> <span class='ocrx_word' id='word_1_561' title='bbox 1231 3486 1484 3536; x_wconf 80' lang='lat' dir='ltr'><strong>iacturam</strong></span> <span class='ocrx_word' id='word_1_562' title='bbox 1516 3485 1723 3550; x_wconf 87' lang='lat' dir='ltr'><strong>adorat,</strong></span> 
     </span>
    </p>
   </div>
   <div class='ocr_carea' id='block_1_66' title="bbox 157 3575 1726 3644">
    <p class='ocr_par' dir='ltr' id='par_1_66' title="bbox 157 3575 1726 3644">
     <span class='ocr_line' id='line_1_66' title="bbox 157 3575 1726 3644; baseline 0.001 -16"><span class='ocrx_word' id='word_1_563' title='bbox 157 3584 440 3632; x_wconf 83' lang='lat' dir='ltr'><strong>anathema</strong></span> <span class='ocrx_word' id='word_1_564' title='bbox 474 3577 568 3630; x_wconf 92' lang='lat' dir='ltr'><strong>illi.</strong></span> <span class='ocrx_word' id='word_1_565' title='bbox 599 3578 654 3631; x_wconf 91' lang='lat' dir='ltr'><strong>Si</strong></span> <span class='ocrx_word' id='word_1_566' title='bbox 687 3577 803 3642; x_wconf 82' lang='lat' dir='ltr'><strong>quis</strong></span> <span class='ocrx_word' id='word_1_567' title='bbox 831 3585 1018 3644; x_wconf 69' lang='lat' dir='ltr'><strong>praeter</strong></span> <span class='ocrx_word' id='word_1_568' title='bbox 1049 3590 1210 3628; x_wconf 92' lang='lat' dir='ltr'><strong>unum</strong></span> <span class='ocrx_word' id='word_1_569' title='bbox 1245 3575 1406 3627; x_wconf 88' lang='lat' dir='ltr'><strong>Deum</strong></span> <span class='ocrx_word' id='word_1_570' title='bbox 1440 3591 1649 3639; x_wconf 89' lang='lat' dir='ltr'><strong>verum,</strong></span> <span class='ocrx_word' id='word_1_571' title='bbox 1675 3576 1726 3629; x_wconf 89' lang='lat' dir='ltr'><strong>id</strong></span> 
     </span>
    </p>
   </div>
   <div class='ocr_carea' id='block_1_67' title="bbox 157 3665 1725 3734">
    <p class='ocr_par' dir='ltr' id='par_1_67' title="bbox 157 3665 1725 3734">
     <span class='ocr_line' id='line_1_67' title="bbox 157 3665 1725 3734; baseline -0.001 -12"><span class='ocrx_word' id='word_1_572' title='bbox 157 3677 239 3722; x_wconf 89' lang='lat' dir='ltr'><strong>est</strong></span> <span class='ocrx_word' id='word_1_573' title='bbox 274 3668 508 3732; x_wconf 87' lang='lat' dir='ltr'><strong>Patrem,</strong></span> <span class='ocrx_word' id='word_1_574' title='bbox 539 3677 590 3721; x_wconf 92' lang='lat' dir='ltr'><strong>et</strong></span> <span class='ocrx_word' id='word_1_575' title='bbox 613 3668 821 3727; x_wconf 86' lang='lat' dir='ltr'><strong>Filium,</strong></span> <span class='ocrx_word' id='word_1_576' title='bbox 851 3677 904 3719; x_wconf 87' lang='lat' dir='ltr'><strong>et</strong></span> <span class='ocrx_word' id='word_1_577' title='bbox 931 3677 1168 3720; x_wconf 87' lang='lat' dir='ltr'><strong>sanctum</strong></span> <span class='ocrx_word' id='word_1_578' title='bbox 1197 3665 1472 3734; x_wconf 86' lang='lat' dir='ltr'><strong>Spiritum,</strong></span> <span class='ocrx_word' id='word_1_579' title='bbox 1502 3668 1725 3722; x_wconf 88' lang='lat' dir='ltr'><strong>alterum</strong></span> 
     </span>
    </p>
   </div>
   <div class='ocr_carea' id='block_1_68' title="bbox 159 3756 1722 3823">
    <p class='ocr_par' dir='ltr' id='par_1_68' title="bbox 159 3756 1722 3823">
     <span class='ocr_line' id='line_1_68' title="bbox 159 3756 1722 3823; baseline 0.001 -13"><span class='ocrx_word' id='word_1_580' title='bbox 159 3759 350 3823; x_wconf 87' lang='lat' dir='ltr'><strong>Deum,</strong></span> <span class='ocrx_word' id='word_1_581' title='bbox 397 3757 520 3813; x_wconf 93' lang='lat' dir='ltr'><strong>dum</strong></span> <span class='ocrx_word' id='word_1_582' title='bbox 555 3772 658 3811; x_wconf 90' lang='lat' dir='ltr'><strong>non</strong></span> <span class='ocrx_word' id='word_1_583' title='bbox 689 3757 757 3810; x_wconf 89' lang='lat' dir='ltr'><strong>sit</strong></span> <span class='ocrx_word' id='word_1_584' title='bbox 785 3758 1002 3810; x_wconf 73' lang='lat' dir='ltr'><strong>omnino</strong></span> <span class='ocrx_word' id='word_1_585' title='bbox 1031 3758 1164 3811; x_wconf 90' lang='lat' dir='ltr'><strong>alter</strong></span> <span class='ocrx_word' id='word_1_586' title='bbox 1198 3756 1354 3821; x_wconf 91' lang='lat' dir='ltr'><strong>Deus,</strong></span> <span class='ocrx_word' id='word_1_587' title='bbox 1397 3758 1722 3812; x_wconf 89' lang='lat' dir='ltr'><strong>adorandum</strong></span> 
     </span>
    </p>
   </div>
   <div class='ocr_carea' id='block_1_69' title="bbox 155 3849 1723 3918">
    <p class='ocr_par' dir='ltr' id='par_1_69' title="bbox 155 3849 1723 3918">
     <span class='ocr_line' id='line_1_69' title="bbox 155 3849 1723 3918; baseline 0.001 -15"><span class='ocrx_word' id='word_1_588' title='bbox 155 3850 466 3916; x_wconf 86' lang='lat' dir='ltr'><strong>crediderit,</strong></span> <span class='ocrx_word' id='word_1_589' title='bbox 495 3849 773 3904; x_wconf 88' lang='lat' dir='ltr'><strong>anathema</strong></span> <span class='ocrx_word' id='word_1_590' title='bbox 805 3849 899 3902; x_wconf 91' lang='lat' dir='ltr'><strong>illi.</strong></span> <span class='ocrx_word' id='word_1_591' title='bbox 946 3850 998 3904; x_wconf 93' lang='lat' dir='ltr'><strong>Si</strong></span> <span class='ocrx_word' id='word_1_592' title='bbox 1031 3850 1146 3918; x_wconf 92' lang='lat' dir='ltr'><strong>quis</strong></span> <span class='ocrx_word' id='word_1_593' title='bbox 1173 3850 1240 3904; x_wconf 88' lang='lat' dir='ltr'><strong>de</strong></span> <span class='ocrx_word' id='word_1_594' title='bbox 1275 3849 1496 3904; x_wconf 88' lang='lat' dir='ltr'><strong>indivisa</strong></span> <span class='ocrx_word' id='word_1_595' title='bbox 1530 3851 1723 3905; x_wconf 87' lang='lat' dir='ltr'><strong>immu-</strong></span> 
     </span>
    </p>
   </div>
   <div class='ocr_carea' id='block_1_70' title="bbox 156 3940 1719 4009">
    <p class='ocr_par' dir='ltr' id='par_1_70' title="bbox 156 3940 1719 4009">
     <span class='ocr_line' id='line_1_70' title="bbox 156 3940 1719 4009; baseline 0.003 -17"><span class='ocrx_word' id='word_1_596' title='bbox 156 3941 415 4008; x_wconf 86' lang='lat' dir='ltr'><strong>tabilique</strong></span> <span class='ocrx_word' id='word_1_597' title='bbox 464 3940 789 4009; x_wconf 89' lang='lat' dir='ltr'><strong>plenitudine</strong></span> <span class='ocrx_word' id='word_1_598' title='bbox 838 3941 1178 4008; x_wconf 69' lang='lat' dir='ltr'><strong>sempiterna:</strong></span> <span class='ocrx_word' id='word_1_599' title='bbox 1224 3941 1514 3996; x_wconf 88' lang='lat' dir='ltr'><strong>divinitatis</strong></span> <span class='ocrx_word' id='word_1_600' title='bbox 1558 3943 1719 3996; x_wconf 91' lang='lat' dir='ltr'><strong>dicit:</strong></span> 
     </span>
    </p>
   </div>
   <div class='ocr_carea' id='block_1_71' title="bbox 157 4032 1726 4098">
    <p class='ocr_par' dir='ltr' id='par_1_71' title="bbox 157 4032 1726 4098">
     <span class='ocr_line' id='line_1_71' title="bbox 157 4032 1726 4098; baseline 0.002 -11"><span class='ocrx_word' id='word_1_601' title='bbox 157 4032 433 4087; x_wconf 80' lang='lat' dir='ltr'><strong>Mutabilis</strong></span> <span class='ocrx_word' id='word_1_602' title='bbox 478 4042 533 4084; x_wconf 91' lang='lat' dir='ltr'><strong>et</strong></span> <span class='ocrx_word' id='word_1_603' title='bbox 579 4033 937 4085; x_wconf 84' lang='lat' dir='ltr'><strong>convertibilis</strong></span> <span class='ocrx_word' id='word_1_604' title='bbox 987 4043 1068 4086; x_wconf 91' lang='lat' dir='ltr'><strong>est</strong></span> <span class='ocrx_word' id='word_1_605' title='bbox 1120 4043 1303 4086; x_wconf 91' lang='lat' dir='ltr'><strong>natura</strong></span> <span class='ocrx_word' id='word_1_606' title='bbox 1336 4033 1476 4098; x_wconf 86' lang='lat' dir='ltr'><strong>Filii,</strong></span> <span class='ocrx_word' id='word_1_607' title='bbox 1525 4043 1581 4087; x_wconf 90' lang='lat' dir='ltr'><strong>ut</strong></span> <span class='ocrx_word' id='word_1_608' title='bbox 1626 4035 1726 4090; x_wconf 92' lang='lat' dir='ltr'><strong>hoc</strong></span> 
     </span>
    </p>
   </div>
   <div class='ocr_carea' id='block_1_72' title="bbox 155 4124 1728 4190">
    <p class='ocr_par' dir='ltr' id='par_1_72' title="bbox 155 4124 1728 4190">
     <span class='ocr_line' id='line_1_72' title="bbox 155 4124 1728 4190; baseline 0.001 -15"><span class='ocrx_word' id='word_1_609' title='bbox 155 4124 322 4175; x_wconf 88' lang='lat' dir='ltr'><strong>modo</strong></span> <span class='ocrx_word' id='word_1_610' title='bbox 353 4124 571 4178; x_wconf 83' lang='lat' dir='ltr'><strong>desierit</strong></span> <span class='ocrx_word' id='word_1_611' title='bbox 597 4138 714 4176; x_wconf 77' lang='lat' dir='ltr'><strong>esse</strong></span> <span class='ocrx_word' id='word_1_612' title='bbox 752 4125 888 4190; x_wconf 90' lang='lat' dir='ltr'><strong>quod</strong></span> <span class='ocrx_word' id='word_1_613' title='bbox 914 4124 1019 4190; x_wconf 85' lang='lat' dir='ltr'><strong>jam</strong></span> <span class='ocrx_word' id='word_1_614' title='bbox 1048 4125 1248 4190; x_wconf 87' lang='lat' dir='ltr'><strong>pridem</strong></span> <span class='ocrx_word' id='word_1_615' title='bbox 1288 4125 1476 4189; x_wconf 82' lang='lat' dir='ltr'><strong>fuerat,</strong></span> <span class='ocrx_word' id='word_1_616' title='bbox 1507 4126 1728 4178; x_wconf 86' lang='lat' dir='ltr'><strong>anathe-</strong></span> 
     </span>
    </p>
   </div>
   <div class='ocr_carea' id='block_1_73' title="bbox 156 4213 1729 4277">
    <p class='ocr_par' dir='ltr' id='par_1_73' title="bbox 156 4213 1729 4277">
     <span class='ocr_line' id='line_1_73' title="bbox 156 4213 1729 4277; baseline 0.001 -11"><span class='ocrx_word' id='word_1_617' title='bbox 156 4229 245 4266; x_wconf 82' lang='lat' dir='ltr'><strong>tua</strong></span> <span class='ocrx_word' id='word_1_618' title='bbox 270 4214 368 4266; x_wconf 84' lang='lat' dir='ltr'><strong>illi.</strong></span> <span class='ocrx_word' id='word_1_619' title='bbox 398 4215 530 4266; x_wconf 87' lang='lat' dir='ltr'><strong>Dum</strong></span> <span class='ocrx_word' id='word_1_620' title='bbox 564 4213 754 4265; x_wconf 88' lang='lat' dir='ltr'><strong>dicitur</strong></span> <span class='ocrx_word' id='word_1_621' title='bbox 778 4214 902 4265; x_wconf 90' lang='lat' dir='ltr'><strong>mihi</strong></span> <span class='ocrx_word' id='word_1_622' title='bbox 933 4215 1069 4277; x_wconf 81' lang='lat' dir='ltr'><strong>quod</strong></span> <span class='ocrx_word' id='word_1_623' title='bbox 1112 4215 1399 4267; x_wconf 74' lang='lat' dir='ltr'><strong>multifaria</strong></span> <span class='ocrx_word' id='word_1_624' title='bbox 1424 4230 1452 4266; x_wconf 87' lang='lat' dir='ltr'><strong>a</strong></span> <span class='ocrx_word' id='word_1_625' title='bbox 1485 4215 1729 4268; x_wconf 83' lang='lat' dir='ltr'><strong>Patrihus</strong></span> 
     </span>
    </p>
   </div>
   <div class='ocr_carea' id='block_1_74' title="bbox 1832 3303 3394 3372">
    <p class='ocr_par' dir='ltr' id='par_1_74' title="bbox 1832 3303 3394 3372">
     <span class='ocr_line' id='line_1_74' title="bbox 1832 3303 3394 3372; baseline -0.006 -9"><span class='ocrx_word' id='word_1_626' title='bbox 1832 3324 1896 3363; x_wconf 88' lang='lat' dir='ltr'><strong>eo</strong></span> <span class='ocrx_word' id='word_1_627' title='bbox 1929 3309 2224 3370; x_wconf 88' lang='lat' dir='ltr'><strong>videbatur,</strong></span> <span class='ocrx_word' id='word_1_628' title='bbox 2267 3308 2404 3361; x_wconf 91' lang='lat' dir='ltr'><strong>sicut</strong></span> <span class='ocrx_word' id='word_1_629' title='bbox 2432 3307 2600 3360; x_wconf 75' lang='lat' dir='ltr'><strong>dixit:</strong></span> <span class='ocrx_word' id='word_1_630' title='bbox 2628 3308 2726 3372; x_wconf 81' lang='lat' dir='ltr'><strong>Qui</strong></span> <span class='ocrx_word' id='word_1_631' title='bbox 2757 3323 2834 3358; x_wconf 88' lang='lat' dir='ltr'><strong>me</strong></span> <span class='ocrx_word' id='word_1_632' title='bbox 2862 3307 3012 3370; x_wconf 78' lang='lat' dir='ltr'><strong>videt,</strong></span> <span class='ocrx_word' id='word_1_633' title='bbox 3059 3306 3190 3356; x_wconf 75' lang='lat' dir='ltr'><strong>videt</strong></span> <span class='ocrx_word' id='word_1_634' title='bbox 3222 3313 3266 3356; x_wconf 79' lang='lat' dir='ltr'><strong>ct</strong></span> <span class='ocrx_word' id='word_1_635' title='bbox 3293 3303 3394 3355; x_wconf 89' lang='lat' dir='ltr'><strong>Pa-</strong></span> 
     </span>
    </p>
   </div>
   <div class='ocr_carea' id='block_1_75' title="bbox 1836 3395 3393 3466">
    <p class='ocr_par' dir='ltr' id='par_1_75' title="bbox 1836 3395 3393 3466">
     <span class='ocr_line' id='line_1_75' title="bbox 1836 3395 3393 3466; baseline -0.004 -13"><span class='ocrx_word' id='word_1_636' title='bbox 1836 3410 1961 3454; x_wconf 83' lang='lat' dir='ltr'><strong>trem</strong></span> <span class='ocrx_word' id='word_1_637' title='bbox 1987 3415 2172 3452; x_wconf 84' lang='lat' dir='ltr'><strong>meum.</strong></span> <span class='ocrx_word' id='word_1_638' title='bbox 2202 3398 2358 3452; x_wconf 81' lang='lat' dir='ltr'><strong>Vides</strong></span> <span class='ocrx_word' id='word_1_639' title='bbox 2380 3400 2499 3466; x_wconf 93' lang='lat' dir='ltr'><strong>quia</strong></span> <span class='ocrx_word' id='word_1_640' title='bbox 2530 3398 2691 3451; x_wconf 88' lang='lat' dir='ltr'><strong>Deum</strong></span> <span class='ocrx_word' id='word_1_641' title='bbox 2718 3406 2774 3449; x_wconf 88' lang='lat' dir='ltr'><strong>ttt</strong></span> <span class='ocrx_word' id='word_1_642' title='bbox 2797 3407 2872 3449; x_wconf 90' lang='lat' dir='ltr'><strong>est</strong></span> <span class='ocrx_word' id='word_1_643' title='bbox 2903 3411 3032 3464; x_wconf 79' lang='lat' dir='ltr'><strong>pure.</strong></span> <span class='ocrx_word' id='word_1_644' title='bbox 3057 3409 3211 3449; x_wconf 88' lang='lat' dir='ltr'><strong>nemo</strong></span> <span class='ocrx_word' id='word_1_645' title='bbox 3238 3395 3393 3464; x_wconf 77' lang='lat'><strong>261</strong></span> 
     </span>
    </p>
   </div>
   <div class='ocr_carea' id='block_1_76' title="bbox 1837 3484 3397 3557">
    <p class='ocr_par' dir='ltr' id='par_1_76' title="bbox 1837 3484 3397 3557">
     <span class='ocr_line' id='line_1_76' title="bbox 1837 3484 3397 3557; baseline -0.003 -18"><span class='ocrx_word' id='word_1_646' title='bbox 1837 3490 1970 3542; x_wconf 89' lang='lat' dir='ltr'><strong>vidit</strong></span> <span class='ocrx_word' id='word_1_647' title='bbox 2018 3503 2271 3557; x_wconf 85' lang='lat' dir='ltr'><strong>unquam,</strong></span> <span class='ocrx_word' id='word_1_648' title='bbox 2311 3502 2344 3539; x_wconf 93' lang='lat' dir='ltr'><strong>o</strong></span> <span class='ocrx_word' id='word_1_649' title='bbox 2375 3487 2650 3539; x_wconf 73' lang='lat' dir='ltr'><strong>hmretice?</strong></span> <span class='ocrx_word' id='word_1_650' title='bbox 2702 3485 2880 3552; x_wconf 89' lang='lat' dir='ltr'><strong>Itaque</strong></span> <span class='ocrx_word' id='word_1_651' title='bbox 2922 3486 2964 3536; x_wconf 90' lang='lat' dir='ltr'><strong>si</strong></span> <span class='ocrx_word' id='word_1_652' title='bbox 3007 3499 3121 3552; x_wconf 77' lang='lat' dir='ltr'><strong>qua:</strong></span> <span class='ocrx_word' id='word_1_653' title='bbox 3167 3484 3397 3536; x_wconf 66' lang='lat' dir='ltr'><strong>haereses</strong></span> 
     </span>
    </p>
   </div>
   <div class='ocr_carea' id='block_1_77' title="bbox 1833 3576 3398 3650">
    <p class='ocr_par' dir='ltr' id='par_1_77' title="bbox 1833 3576 3398 3650">
     <span class='ocr_line' id='line_1_77' title="bbox 1833 3576 3398 3650; baseline -0.004 -17"><span class='ocrx_word' id='word_1_654' title='bbox 1833 3591 1955 3633; x_wconf 91' lang='lat' dir='ltr'><strong>sunt</strong></span> <span class='ocrx_word' id='word_1_655' title='bbox 1981 3597 2098 3650; x_wconf 69' lang='lat' dir='ltr'><strong>quae</strong></span> <span class='ocrx_word' id='word_1_656' title='bbox 2128 3596 2246 3633; x_wconf 84' lang='lat' dir='ltr'><strong>nns-</strong></span> <span class='ocrx_word' id='word_1_657' title='bbox 2267 3579 2451 3637; x_wconf 88' lang='lat' dir='ltr'><strong>latent,</strong></span> <span class='ocrx_word' id='word_1_658' title='bbox 2485 3578 2578 3631; x_wconf 88' lang='lat' dir='ltr'><strong>sed</strong></span> <span class='ocrx_word' id='word_1_659' title='bbox 2621 3588 2673 3630; x_wconf 88' lang='lat' dir='ltr'><strong>et</strong></span> <span class='ocrx_word' id='word_1_660' title='bbox 2703 3593 2818 3646; x_wconf 77' lang='lat' dir='ltr'><strong>qua:</strong></span> <span class='ocrx_word' id='word_1_661' title='bbox 2859 3576 3048 3628; x_wconf 71' lang='lat' dir='ltr'><strong>futura:</strong></span> <span class='ocrx_word' id='word_1_662' title='bbox 3078 3582 3231 3638; x_wconf 93' lang='lat' dir='ltr'><strong>sunt,</strong></span> <span class='ocrx_word' id='word_1_663' title='bbox 3281 3588 3398 3640; x_wconf 71' lang='lat' dir='ltr'><strong>qua:</strong></span> 
     </span>
    </p>
   </div>
   <div class='ocr_carea' id='block_1_78' title="bbox 1832 3665 3398 3738">
    <p class='ocr_par' dir='ltr' id='par_1_78' title="bbox 1832 3665 3398 3738">
     <span class='ocr_line' id='line_1_78' title="bbox 1832 3665 3398 3738; baseline -0.006 -13"><span class='ocrx_word' id='word_1_664' title='bbox 1832 3671 2085 3725; x_wconf 89' lang='lat' dir='ltr'><strong>adversus</strong></span> <span class='ocrx_word' id='word_1_665' title='bbox 2115 3671 2270 3725; x_wconf 79' lang='lat' dir='ltr'><strong>[idem</strong></span> <span class='ocrx_word' id='word_1_666' title='bbox 2318 3670 2514 3738; x_wconf 79' lang='lat' dir='ltr'><strong>regula:</strong></span> <span class='ocrx_word' id='word_1_667' title='bbox 2559 3668 2897 3736; x_wconf 79' lang='lat' dir='ltr'><strong>evangelicze,</strong></span> <span class='ocrx_word' id='word_1_668' title='bbox 2945 3675 2998 3720; x_wconf 89' lang='lat' dir='ltr'><strong>et</strong></span> <span class='ocrx_word' id='word_1_669' title='bbox 3029 3665 3281 3718; x_wconf 73' lang='lat' dir='ltr'><strong>Ecclesia:</strong></span> <span class='ocrx_word' id='word_1_670' title='bbox 3311 3677 3398 3717; x_wconf 87' lang='lat' dir='ltr'><strong>ca-</strong></span> 
     </span>
    </p>
   </div>
   <div class='ocr_carea' id='block_1_79' title="bbox 1835 3754 3398 3822">
    <p class='ocr_par' dir='ltr' id='par_1_79' title="bbox 1835 3754 3398 3822">
     <span class='ocr_line' id='line_1_79' title="bbox 1835 3754 3398 3822; baseline -0.005 -8"><span class='ocrx_word' id='word_1_671' title='bbox 1835 3761 2044 3816; x_wconf 71' lang='lat' dir='ltr'><strong>tholica:</strong></span> <span class='ocrx_word' id='word_1_672' title='bbox 2091 3769 2215 3816; x_wconf 91' lang='lat' dir='ltr'><strong>sunt</strong></span> <span class='ocrx_word' id='word_1_673' title='bbox 2265 3761 2457 3816; x_wconf 68' lang='lat' dir='ltr'><strong>futura:</strong></span> <span class='ocrx_word' id='word_1_674' title='bbox 2499 3754 2780 3813; x_wconf 69' lang='lat' dir='ltr'><strong>anathema</strong></span> <span class='ocrx_word' id='word_1_675' title='bbox 2814 3757 3124 3810; x_wconf 88' lang='lat' dir='ltr'><strong>habeantur.</strong></span> <span class='ocrx_word' id='word_1_676' title='bbox 3174 3755 3229 3809; x_wconf 92' lang='lat' dir='ltr'><strong>Si</strong></span> <span class='ocrx_word' id='word_1_677' title='bbox 3281 3754 3398 3822; x_wconf 91' lang='lat' dir='ltr'><strong>quis</strong></span> 
     </span>
    </p>
   </div>
   <div class='ocr_carea' id='block_1_80' title="bbox 1832 3844 3398 3915">
    <p class='ocr_par' dir='ltr' id='par_1_80' title="bbox 1832 3844 3398 3915">
     <span class='ocr_line' id='line_1_80' title="bbox 1832 3844 3398 3915; baseline -0.004 -11"><span class='ocrx_word' id='word_1_678' title='bbox 1832 3862 2015 3905; x_wconf 89' lang='lat' dir='ltr'><strong>contra</strong></span> <span class='ocrx_word' id='word_1_679' title='bbox 2059 3851 2396 3906; x_wconf 85' lang='lat' dir='ltr'><strong>traditionem</strong></span> <span class='ocrx_word' id='word_1_680' title='bbox 2424 3849 2662 3915; x_wconf 84' lang='lat' dir='ltr'><strong>canonis,</strong></span> <span class='ocrx_word' id='word_1_681' title='bbox 2697 3848 3066 3900; x_wconf 81' lang='lat' dir='ltr'><strong>ha-reticorum</strong></span> <span class='ocrx_word' id='word_1_682' title='bbox 3097 3844 3398 3913; x_wconf 75' lang='lat' dir='ltr'><strong>apocrypha</strong></span> 
     </span>
    </p>
   </div>
   <div class='ocr_carea' id='block_1_81' title="bbox 1831 3939 3398 4013">
    <p class='ocr_par' dir='ltr' id='par_1_81' title="bbox 1831 3939 3398 4013">
     <span class='ocr_line' id='line_1_81' title="bbox 1831 3939 3398 4013; baseline -0.008 -15"><span class='ocrx_word' id='word_1_683' title='bbox 1831 3961 1949 4013; x_wconf 65' lang='lat' dir='ltr'><strong>qua:</strong></span> <span class='ocrx_word' id='word_1_684' title='bbox 1981 3945 2213 3998; x_wconf 86' lang='lat' dir='ltr'><strong>Ecclesia</strong></span> <span class='ocrx_word' id='word_1_685' title='bbox 2260 3943 2519 3998; x_wconf 75' lang='lat' dir='ltr'><strong>catholica</strong></span> <span class='ocrx_word' id='word_1_686' title='bbox 2567 3943 2783 3994; x_wconf 87' lang='lat' dir='ltr'><strong>omnino</strong></span> <span class='ocrx_word' id='word_1_687' title='bbox 2830 3955 2933 3992; x_wconf 91' lang='lat' dir='ltr'><strong>non</strong></span> <span class='ocrx_word' id='word_1_688' title='bbox 2983 3939 3188 4006; x_wconf 88' lang='lat' dir='ltr'><strong>recipit,</strong></span> <span class='ocrx_word' id='word_1_689' title='bbox 3242 3952 3398 4004; x_wconf 86' lang='lat' dir='ltr'><strong>super</strong></span> 
     </span>
    </p>
   </div>
   <div class='ocr_carea' id='block_1_82' title="bbox 1833 4027 3394 4103">
    <p class='ocr_par' dir='ltr' id='par_1_82' title="bbox 1833 4027 3394 4103">
     <span class='ocr_line' id='line_1_82' title="bbox 1833 4027 3394 4103; baseline -0.007 -15"><span class='ocrx_word' id='word_1_690' title='bbox 1833 4035 1945 4088; x_wconf 64' lang='lat' dir='ltr'><strong>hanc</strong></span> <span class='ocrx_word' id='word_1_691' title='bbox 1975 4051 2286 4103; x_wconf 77' lang='lat' dir='ltr'><strong>prrcponere</strong></span> <span class='ocrx_word' id='word_1_692' title='bbox 2316 4035 2396 4088; x_wconf 88' lang='lat' dir='ltr'><strong>vel</strong></span> <span class='ocrx_word' id='word_1_693' title='bbox 2419 4032 2706 4086; x_wconf 82' lang='lat' dir='ltr'><strong>defendere</strong></span> <span class='ocrx_word' id='word_1_694' title='bbox 2731 4031 2975 4094; x_wconf 89' lang='lat' dir='ltr'><strong>voluerit,</strong></span> <span class='ocrx_word' id='word_1_695' title='bbox 2999 4029 3276 4080; x_wconf 85' lang='lat' dir='ltr'><strong>anathema</strong></span> <span class='ocrx_word' id='word_1_696' title='bbox 3308 4027 3394 4078; x_wconf 92' lang='lat' dir='ltr'><strong>sit.</strong></span> 
     </span>
    </p>
   </div>
   <div class='ocr_carea' id='block_1_83' title="bbox 1833 4125 2110 4190">
    <p class='ocr_par' dir='ltr' id='par_1_83' title="bbox 1833 4125 2110 4190">
     <span class='ocr_line' id='line_1_83' title="bbox 1833 4125 2110 4190; baseline -0.007 -12"><span class='ocrx_word' id='word_1_697' title='bbox 1833 4125 1972 4190; x_wconf 88' lang='lat' dir='ltr'><strong>Fiat,</strong></span> <span class='ocrx_word' id='word_1_698' title='bbox 2003 4125 2110 4176; x_wconf 84' lang='lat' dir='ltr'><strong>ﬁat.</strong></span> 
     </span>
    </p>
   </div>
   <div class='ocr_carea' id='block_1_84' title="bbox 1092 4327 2487 4452">
    <p class='ocr_par' dir='ltr' id='par_1_84' title="bbox 1092 4327 2487 4452">
     <span class='ocr_line' id='line_1_84' title="bbox 1092 4327 2487 4452; baseline -0.001 -4"><span class='ocrx_word' id='word_1_699' title='bbox 1092 4343 1565 4448; x_wconf 82' lang='lat' dir='ltr'><strong>LIBER</strong></span> <span class='ocrx_word' id='word_1_700' title='bbox 1643 4345 2245 4452; x_wconf 73' lang='lat' dir='ltr'><strong>SEPTIJVI</strong></span> <span class='ocrx_word' id='word_1_701' title='bbox 2266 4327 2487 4447; x_wconf 85' lang='lat' dir='ltr'><strong>US.</strong></span> 
     </span>
    </p>
   </div>
   <div class='ocr_carea' id='block_1_85' title="bbox 621 4500 2935 4582">
    <p class='ocr_par' dir='ltr' id='par_1_85' title="bbox 621 4500 2935 4582">
     <span class='ocr_line' id='line_1_85' title="bbox 621 4500 2935 4582; baseline -0.003 -18"><span class='ocrx_word' id='word_1_702' title='bbox 621 4505 710 4564; x_wconf 82' lang='lat' dir='ltr'><strong>De</strong></span> <span class='ocrx_word' id='word_1_703' title='bbox 753 4503 1136 4579; x_wconf 78' lang='lat' dir='ltr'><strong>professione</strong></span> <span class='ocrx_word' id='word_1_704' title='bbox 1176 4502 1403 4579; x_wconf 67' lang='lat' dir='ltr'><strong>regalia</strong></span> <span class='ocrx_word' id='word_1_705' title='bbox 1444 4501 1784 4577; x_wconf 66' lang='lat' dir='ltr'><strong>catholicae,</strong></span> <span class='ocrx_word' id='word_1_706' title='bbox 1827 4523 1964 4564; x_wconf 86' lang='lat' dir='ltr'><strong>cum</strong></span> <span class='ocrx_word' id='word_1_707' title='bbox 2010 4503 2436 4582; x_wconf 78' lang='lat' dir='ltr'><strong>increpatione</strong></span> <span class='ocrx_word' id='word_1_708' title='bbox 2484 4500 2935 4560; x_wconf 70' lang='lat' dir='ltr'><strong>haereticorum.</strong></span> 
     </span>
    </p>
   </div>
   <div class='ocr_carea' id='block_1_86' title="bbox 227 4644 3400 4719">
    <p class='ocr_par' dir='ltr' id='par_1_86' title="bbox 227 4644 3400 4719">
     <span class='ocr_line' id='line_1_86' title="bbox 227 4644 3400 4719; baseline -0.003 -12"><span class='ocrx_word' id='word_1_709' title='bbox 227 4654 454 4719; x_wconf 89' lang='lat' dir='ltr'><strong>Propter</strong></span> <span class='ocrx_word' id='word_1_710' title='bbox 492 4647 628 4713; x_wconf 88' lang='lat' dir='ltr'><strong>quod</strong></span> <span class='ocrx_word' id='word_1_711' title='bbox 673 4645 1061 4714; x_wconf 82' lang='lat' dir='ltr'><strong>impensissime</strong></span> <span class='ocrx_word' id='word_1_712' title='bbox 1111 4647 1334 4700; x_wconf 87' lang='lat' dir='ltr'><strong>obsecro</strong></span> <span class='ocrx_word' id='word_1_713' title='bbox 1383 4648 1722 4703; x_wconf 86' lang='lat' dir='ltr'><strong>sublimitatis</strong></span> <span class='ocrx_word' id='word_1_714' title='bbox 1751 4652 2077 4717; x_wconf 86' lang='lat' dir='ltr'><strong>Domnibus</strong></span> <span class='ocrx_word' id='word_1_715' title='bbox 2117 4649 2364 4719; x_wconf 87' lang='lat' dir='ltr'><strong>gentibus</strong></span> <span class='ocrx_word' id='word_1_716' title='bbox 2397 4647 2672 4716; x_wconf 70' lang='lat' dir='ltr'><strong>prmmium</strong></span> <span class='ocrx_word' id='word_1_717' title='bbox 2716 4644 2839 4697; x_wconf 77' lang='lat' dir='ltr'><strong>vita:</strong></span> <span class='ocrx_word' id='word_1_718' title='bbox 2880 4653 3092 4696; x_wconf 60' lang='lat' dir='ltr'><strong>alterum</strong></span> <span class='ocrx_word' id='word_1_719' title='bbox 3135 4645 3400 4712; x_wconf 90' lang='lat' dir='ltr'><strong>promitti-</strong></span> 
     </span>
    </p>
   </div>
   <div class='ocr_carea' id='block_1_87' title="bbox 154 4738 1726 4814">
    <p class='ocr_par' dir='ltr' id='par_1_87' title="bbox 154 4738 1726 4814">
     <span class='ocr_line' id='line_1_87' title="bbox 154 4738 1726 4814; baseline -0.003 -16"><span class='ocrx_word' id='word_1_720' title='bbox 154 4745 399 4814; x_wconf 87' lang='lat' dir='ltr'><strong>gloriam,</strong></span> <span class='ocrx_word' id='word_1_721' title='bbox 453 4751 508 4794; x_wconf 90' lang='lat' dir='ltr'><strong>ut</strong></span> <span class='ocrx_word' id='word_1_722' title='bbox 538 4741 751 4808; x_wconf 85' lang='lat' dir='ltr'><strong>clonges</strong></span> <span class='ocrx_word' id='word_1_723' title='bbox 793 4755 819 4790; x_wconf 90' lang='lat' dir='ltr'><strong>a</strong></span> <span class='ocrx_word' id='word_1_724' title='bbox 853 4738 1097 4792; x_wconf 89' lang='lat' dir='ltr'><strong>sensibus</strong></span> <span class='ocrx_word' id='word_1_725' title='bbox 1147 4739 1340 4792; x_wconf 79' lang='lat' dir='ltr'><strong>nostlis</strong></span> <span class='ocrx_word' id='word_1_726' title='bbox 1390 4740 1502 4794; x_wconf 75' lang='lat' dir='ltr'><strong>hzrc</strong></span> <span class='ocrx_word' id='word_1_727' title='bbox 1551 4741 1726 4796; x_wconf 89' lang='lat' dir='ltr'><strong>eradi-</strong></span> 
     </span>
    </p>
   </div>
   <div class='ocr_carea' id='block_1_88' title="bbox 155 4828 1720 4902">
    <p class='ocr_par' dir='ltr' id='par_1_88' title="bbox 155 4828 1720 4902">
     <span class='ocr_line' id='line_1_88' title="bbox 155 4828 1720 4902; baseline -0.001 -15"><span class='ocrx_word' id='word_1_728' title='bbox 155 4835 319 4887; x_wconf 82' lang='lat' dir='ltr'><strong>cauda</strong></span> <span class='ocrx_word' id='word_1_729' title='bbox 351 4843 509 4900; x_wconf 89' lang='lat' dir='ltr'><strong>atque</strong></span> <span class='ocrx_word' id='word_1_730' title='bbox 537 4828 891 4884; x_wconf 85' lang='lat' dir='ltr'><strong>comburenda</strong></span> <span class='ocrx_word' id='word_1_731' title='bbox 932 4831 1128 4884; x_wconf 89' lang='lat' dir='ltr'><strong>semina</strong></span> <span class='ocrx_word' id='word_1_732' title='bbox 1176 4832 1418 4896; x_wconf 75' lang='lat' dir='ltr'><strong>zizanizc,</strong></span> <span class='ocrx_word' id='word_1_733' title='bbox 1469 4841 1522 4886; x_wconf 90' lang='lat' dir='ltr'><strong>et</strong></span> <span class='ocrx_word' id='word_1_734' title='bbox 1550 4848 1720 4902; x_wconf 89' lang='lat' dir='ltr'><strong>quan-</strong></span> 
     </span>
    </p>
   </div>
   <div class='ocr_carea' id='block_1_89' title="bbox 158 4921 1721 4981">
    <p class='ocr_par' dir='ltr' id='par_1_89' title="bbox 158 4921 1721 4981">
     <span class='ocr_line' id='line_1_89' title="bbox 158 4921 1721 4981; baseline 0.001 -5"><span class='ocrx_word' id='word_1_735' title='bbox 158 4932 263 4978; x_wconf 92' lang='lat' dir='ltr'><strong>tum</strong></span> <span class='ocrx_word' id='word_1_736' title='bbox 290 4923 456 4978; x_wconf 86' lang='lat' dir='ltr'><strong>distat</strong></span> <span class='ocrx_word' id='word_1_737' title='bbox 475 4922 654 4975; x_wconf 90' lang='lat' dir='ltr'><strong>oriens</strong></span> <span class='ocrx_word' id='word_1_738' title='bbox 676 4921 742 4973; x_wconf 91' lang='lat' dir='ltr'><strong>ab</strong></span> <span class='ocrx_word' id='word_1_739' title='bbox 772 4934 984 4981; x_wconf 87' lang='lat' dir='ltr'><strong>occasu,</strong></span> <span class='ocrx_word' id='word_1_740' title='bbox 1018 4929 1219 4975; x_wconf 86' lang='lat' dir='ltr'><strong>tantum</strong></span> <span class='ocrx_word' id='word_1_741' title='bbox 1250 4923 1464 4977; x_wconf 78' lang='lat' dir='ltr'><strong>recedat</strong></span> <span class='ocrx_word' id='word_1_742' title='bbox 1493 4938 1521 4976; x_wconf 89' lang='lat' dir='ltr'><strong>a</strong></span> <span class='ocrx_word' id='word_1_743' title='bbox 1548 4925 1721 4978; x_wconf 82' lang='lat' dir='ltr'><strong>cordi-</strong></span> 
     </span>
    </p>
   </div>
   <div class='ocr_carea' id='block_1_90' title="bbox 156 5012 1722 5084">
    <p class='ocr_par' dir='ltr' id='par_1_90' title="bbox 156 5012 1722 5084">
     <span class='ocr_line' id='line_1_90' title="bbox 156 5012 1722 5084; baseline -0.001 -14"><span class='ocrx_word' id='word_1_744' title='bbox 156 5017 252 5070; x_wconf 91' lang='lat' dir='ltr'><strong>bus</strong></span> <span class='ocrx_word' id='word_1_745' title='bbox 283 5015 482 5072; x_wconf 88' lang='lat' dir='ltr'><strong>nostris</strong></span> <span class='ocrx_word' id='word_1_746' title='bbox 514 5014 626 5067; x_wconf 72' lang='lat' dir='ltr'><strong>hmc</strong></span> <span class='ocrx_word' id='word_1_747' title='bbox 653 5015 702 5066; x_wconf 93' lang='lat' dir='ltr'><strong>in</strong></span> <span class='ocrx_word' id='word_1_748' title='bbox 735 5012 995 5081; x_wconf 90' lang='lat' dir='ltr'><strong>superiori</strong></span> <span class='ocrx_word' id='word_1_749' title='bbox 1027 5012 1160 5066; x_wconf 93' lang='lat' dir='ltr'><strong>libro</strong></span> <span class='ocrx_word' id='word_1_750' title='bbox 1191 5016 1493 5084; x_wconf 71' lang='lat' dir='ltr'><strong>przescripta</strong></span> <span class='ocrx_word' id='word_1_751' title='bbox 1517 5029 1546 5067; x_wconf 90' lang='lat' dir='ltr'><strong>a</strong></span> <span class='ocrx_word' id='word_1_752' title='bbox 1571 5015 1722 5069; x_wconf 90' lang='lat' dir='ltr'><strong>nobis</strong></span> 
     </span>
    </p>
   </div>
   <div class='ocr_carea' id='block_1_91' title="bbox 155 5103 1722 5176">
    <p class='ocr_par' dir='ltr' id='par_1_91' title="bbox 155 5103 1722 5176">
     <span class='ocr_line' id='line_1_91' title="bbox 155 5103 1722 5176; baseline 0 -16"><span class='ocrx_word' id='word_1_753' title='bbox 155 5107 452 5162; x_wconf 86' lang='lat' dir='ltr'><strong>adulterina</strong></span> <span class='ocrx_word' id='word_1_754' title='bbox 472 5105 843 5160; x_wconf 64' lang='lat' dir='ltr'><strong>haeretiCorum</strong></span> <span class='ocrx_word' id='word_1_755' title='bbox 863 5103 1148 5158; x_wconf 76' lang='lat' dir='ltr'><strong>c0nl‘essio.</strong></span> <span class='ocrx_word' id='word_1_756' title='bbox 1179 5106 1327 5159; x_wconf 90' lang='lat' dir='ltr'><strong>Unde</strong></span> <span class='ocrx_word' id='word_1_757' title='bbox 1355 5115 1480 5174; x_wconf 89' lang='lat' dir='ltr'><strong>puto</strong></span> <span class='ocrx_word' id='word_1_758' title='bbox 1509 5107 1591 5160; x_wconf 92' lang='lat' dir='ltr'><strong>hic</strong></span> <span class='ocrx_word' id='word_1_759' title='bbox 1613 5107 1722 5176; x_wconf 86' lang='lat' dir='ltr'><strong>jam</strong></span> 
     </span>
    </p>
   </div>
   <div class='ocr_carea' id='block_1_92' title="bbox 157 5197 1724 5274">
    <p class='ocr_par' dir='ltr' id='par_1_92' title="bbox 157 5197 1724 5274">
     <span class='ocr_line' id='line_1_92' title="bbox 157 5197 1724 5274; baseline 0.001 -21"><span class='ocrx_word' id='word_1_760' title='bbox 157 5203 354 5258; x_wconf 88' lang='lat' dir='ltr'><strong>nullam</strong></span> <span class='ocrx_word' id='word_1_761' title='bbox 400 5199 710 5274; x_wconf 66' lang='lat' dir='ltr'><strong>ignorantia:</strong></span> <span class='ocrx_word' id='word_1_762' title='bbox 759 5198 920 5252; x_wconf 83' lang='lat' dir='ltr'><strong>fuisse</strong></span> <span class='ocrx_word' id='word_1_763' title='bbox 965 5197 1274 5252; x_wconf 89' lang='lat' dir='ltr'><strong>derelictam</strong></span> <span class='ocrx_word' id='word_1_764' title='bbox 1325 5200 1724 5254; x_wconf 70' lang='lat' dir='ltr'><strong>excusationem</strong></span> 
     </span>
    </p>
   </div>
   <div class='ocr_carea' id='block_1_93' title="bbox 156 5289 1727 5357">
    <p class='ocr_par' dir='ltr' id='par_1_93' title="bbox 156 5289 1727 5357">
     <span class='ocr_line' id='line_1_93' title="bbox 156 5289 1727 5357; baseline 0.001 -12"><span class='ocrx_word' id='word_1_765' title='bbox 156 5293 292 5348; x_wconf 86' lang='lat' dir='ltr'><strong>inter</strong></span> <span class='ocrx_word' id='word_1_766' title='bbox 325 5291 466 5345; x_wconf 90' lang='lat' dir='ltr'><strong>viam</strong></span> <span class='ocrx_word' id='word_1_767' title='bbox 507 5290 639 5343; x_wconf 90' lang='lat' dir='ltr'><strong>lucis</strong></span> <span class='ocrx_word' id='word_1_768' title='bbox 681 5299 734 5343; x_wconf 89' lang='lat' dir='ltr'><strong>ct</strong></span> <span class='ocrx_word' id='word_1_769' title='bbox 781 5289 916 5342; x_wconf 90' lang='lat' dir='ltr'><strong>viam</strong></span> <span class='ocrx_word' id='word_1_770' title='bbox 964 5289 1324 5344; x_wconf 90' lang='lat' dir='ltr'><strong>tenebrarum.</strong></span> <span class='ocrx_word' id='word_1_771' title='bbox 1369 5291 1508 5357; x_wconf 76' lang='lat' dir='ltr'><strong>Ergo</strong></span> <span class='ocrx_word' id='word_1_772' title='bbox 1550 5292 1727 5347; x_wconf 89' lang='lat' dir='ltr'><strong>ubiubi</strong></span> 
     </span>
    </p>
   </div>
   <div class='ocr_carea' id='block_1_94' title="bbox 158 5380 1727 5452">
    <p class='ocr_par' dir='ltr' id='par_1_94' title="bbox 158 5380 1727 5452">
     <span class='ocr_line' id='line_1_94' title="bbox 158 5380 1727 5452; baseline 0.003 -19"><span class='ocrx_word' id='word_1_773' title='bbox 158 5385 327 5451; x_wconf 72' lang='lat' dir='ltr'><strong>placet</strong></span> <span class='ocrx_word' id='word_1_774' title='bbox 383 5381 618 5452; x_wconf 87' lang='lat' dir='ltr'><strong>quisquis</strong></span> <span class='ocrx_word' id='word_1_775' title='bbox 668 5396 726 5436; x_wconf 89' lang='lat' dir='ltr'><strong>es</strong></span> <span class='ocrx_word' id='word_1_776' title='bbox 776 5380 1138 5450; x_wconf 87' lang='lat' dir='ltr'><strong>proﬁciscere.</strong></span> <span class='ocrx_word' id='word_1_777' title='bbox 1188 5381 1326 5438; x_wconf 90' lang='lat' dir='ltr'><strong>Sane</strong></span> <span class='ocrx_word' id='word_1_778' title='bbox 1383 5397 1486 5435; x_wconf 92' lang='lat' dir='ltr'><strong>non</strong></span> <span class='ocrx_word' id='word_1_779' title='bbox 1543 5399 1727 5438; x_wconf 92' lang='lat' dir='ltr'><strong>sumus</strong></span> 
     </span>
    </p>
   </div>
   <div class='ocr_carea' id='block_1_95' title="bbox 157 5474 1728 5544">
    <p class='ocr_par' dir='ltr' id='par_1_95' title="bbox 157 5474 1728 5544">
     <span class='ocr_line' id='line_1_95' title="bbox 157 5474 1728 5544; baseline -0.001 -15"><span class='ocrx_word' id='word_1_780' title='bbox 157 5478 330 5530; x_wconf 59' lang='lat' dir='ltr'><strong>aimuli</strong></span> <span class='ocrx_word' id='word_1_781' title='bbox 363 5477 415 5528; x_wconf 91' lang='lat' dir='ltr'><strong>in</strong></span> <span class='ocrx_word' id='word_1_782' title='bbox 446 5482 779 5528; x_wconf 87' lang='lat' dir='ltr'><strong>sacramento</strong></span> <span class='ocrx_word' id='word_1_783' title='bbox 806 5474 983 5528; x_wconf 89' lang='lat' dir='ltr'><strong>divino</strong></span> <span class='ocrx_word' id='word_1_784' title='bbox 1007 5474 1258 5538; x_wconf 88' lang='lat' dir='ltr'><strong>celando;</strong></span> <span class='ocrx_word' id='word_1_785' title='bbox 1292 5474 1384 5528; x_wconf 88' lang='lat' dir='ltr'><strong>sed</strong></span> <span class='ocrx_word' id='word_1_786' title='bbox 1417 5475 1584 5544; x_wconf 90' lang='lat' dir='ltr'><strong>magis</strong></span> <span class='ocrx_word' id='word_1_787' title='bbox 1608 5475 1728 5527; x_wconf 84' lang='lat' dir='ltr'><strong>hor-</strong></span> 
     </span>
    </p>
   </div>
   <div class='ocr_carea' id='block_1_96' title="bbox 157 5565 1728 5636">
    <p class='ocr_par' dir='ltr' id='par_1_96' title="bbox 157 5565 1728 5636">
     <span class='ocr_line' id='line_1_96' title="bbox 157 5565 1728 5636; baseline 0.001 -17"><span class='ocrx_word' id='word_1_788' title='bbox 157 5575 331 5623; x_wconf 89' lang='lat' dir='ltr'><strong>tamur</strong></span> <span class='ocrx_word' id='word_1_789' title='bbox 363 5577 423 5621; x_wconf 92' lang='lat' dir='ltr'><strong>ut</strong></span> <span class='ocrx_word' id='word_1_790' title='bbox 470 5569 519 5621; x_wconf 92' lang='lat' dir='ltr'><strong>in</strong></span> <span class='ocrx_word' id='word_1_791' title='bbox 554 5567 688 5619; x_wconf 86' lang='lat' dir='ltr'><strong>viam</strong></span> <span class='ocrx_word' id='word_1_792' title='bbox 719 5565 1108 5620; x_wconf 88' lang='lat' dir='ltr'><strong>benedictionis</strong></span> <span class='ocrx_word' id='word_1_793' title='bbox 1149 5568 1323 5620; x_wconf 91' lang='lat' dir='ltr'><strong>uniter</strong></span> <span class='ocrx_word' id='word_1_794' title='bbox 1371 5567 1728 5636; x_wconf 87' lang='lat' dir='ltr'><strong>ingredientes</strong></span> 
     </span>
    </p>
   </div>
   <div class='ocr_carea' id='block_1_97' title="bbox 157 5656 1725 5725">
    <p class='ocr_par' dir='ltr' id='par_1_97' title="bbox 157 5656 1725 5725">
     <span class='ocr_line' id='line_1_97' title="bbox 157 5656 1725 5725; baseline -0.001 -13"><span class='ocrx_word' id='word_1_795' title='bbox 157 5659 508 5713; x_wconf 71' lang='lat' dir='ltr'><strong>inveniamur.</strong></span> <span class='ocrx_word' id='word_1_796' title='bbox 559 5657 707 5712; x_wconf 87' lang='lat' dir='ltr'><strong>Unde</strong></span> <span class='ocrx_word' id='word_1_797' title='bbox 737 5657 883 5725; x_wconf 90' lang='lat' dir='ltr'><strong>prius</strong></span> <span class='ocrx_word' id='word_1_798' title='bbox 916 5656 1068 5717; x_wconf 85' lang='lat' dir='ltr'><strong>nobis</strong></span> <span class='ocrx_word' id='word_1_799' title='bbox 1100 5658 1326 5710; x_wconf 78' lang='lat' dir='ltr'><strong>maxima</strong></span> <span class='ocrx_word' id='word_1_800' title='bbox 1358 5673 1480 5712; x_wconf 85' lang='lat' dir='ltr'><strong>Cura</strong></span> <span class='ocrx_word' id='word_1_801' title='bbox 1513 5659 1606 5711; x_wconf 85' lang='lat' dir='ltr'><strong>luit</strong></span> <span class='ocrx_word' id='word_1_802' title='bbox 1633 5657 1725 5711; x_wconf 86' lang='lat' dir='ltr'><strong>do-</strong></span> 
     </span>
    </p>
   </div>
   <div class='ocr_carea' id='block_1_98' title="bbox 158 5747 1725 5820">
    <p class='ocr_par' dir='ltr' id='par_1_98' title="bbox 158 5747 1725 5820">
     <span class='ocr_line' id='line_1_98' title="bbox 158 5747 1725 5820; baseline 0.003 -19"><span class='ocrx_word' id='word_1_803' title='bbox 158 5753 303 5812; x_wconf 68' lang='lat' dir='ltr'><strong>(etilli</strong></span> <span class='ocrx_word' id='word_1_804' title='bbox 339 5751 406 5804; x_wconf 86' lang='lat' dir='ltr'><strong>de</strong></span> <span class='ocrx_word' id='word_1_805' title='bbox 447 5762 550 5806; x_wconf 82' lang='lat' dir='ltr'><strong>tam</strong></span> <span class='ocrx_word' id='word_1_806' title='bbox 596 5747 888 5803; x_wconf 83' lang='lat' dir='ltr'><strong>admirabili</strong></span> <span class='ocrx_word' id='word_1_807' title='bbox 937 5750 1204 5816; x_wconf 84' lang='lat' dir='ltr'><strong>regalique</strong></span> <span class='ocrx_word' id='word_1_808' title='bbox 1249 5751 1484 5814; x_wconf 80' lang='lat' dir='ltr'><strong>decreto,</strong></span> <span class='ocrx_word' id='word_1_809' title='bbox 1539 5750 1590 5805; x_wconf 93' lang='lat' dir='ltr'><strong>in</strong></span> <span class='ocrx_word' id='word_1_810' title='bbox 1621 5765 1725 5820; x_wconf 91' lang='lat' dir='ltr'><strong>quo</strong></span> 
     </span>
    </p>
   </div>
   <div class='ocr_carea' id='block_1_99' title="bbox 1836 4735 3402 4805">
    <p class='ocr_par' dir='ltr' id='par_1_99' title="bbox 1836 4735 3402 4805">
     <span class='ocr_line' id='line_1_99' title="bbox 1836 4735 3402 4805; baseline -0.004 -11"><span class='ocrx_word' id='word_1_811' title='bbox 1836 4751 1936 4805; x_wconf 80' lang='lat' dir='ltr'><strong>tur,</strong></span> <span class='ocrx_word' id='word_1_812' title='bbox 1969 4743 2180 4794; x_wconf 80' lang='lat' dir='ltr'><strong>dicente</strong></span> <span class='ocrx_word' id='word_1_813' title='bbox 2206 4739 2470 4793; x_wconf 85' lang='lat' dir='ltr'><strong>Domino:</strong></span> <span class='ocrx_word' id='word_1_814' title='bbox 2507 4737 2696 4788; x_wconf 80' lang='lat' dir='ltr'><strong>Euntes</strong></span> <span class='ocrx_word' id='word_1_815' title='bbox 2735 4735 2981 4800; x_wconf 72' lang='lat' dir='ltr'><strong>baptizata</strong></span> <span class='ocrx_word' id='word_1_816' title='bbox 3019 4751 3191 4788; x_wconf 79' lang='lat' dir='ltr'><strong>omnes</strong></span> <span class='ocrx_word' id='word_1_817' title='bbox 3233 4748 3402 4805; x_wconf 82' lang='lat' dir='ltr'><strong>gentes</strong></span> 
     </span>
    </p>
   </div>
   <div class='ocr_carea' id='block_1_100' title="bbox 1831 4825 3398 4896">
    <p class='ocr_par' dir='ltr' id='par_1_100' title="bbox 1831 4825 3398 4896">
     <span class='ocr_line' id='line_1_100' title="bbox 1831 4825 3398 4896; baseline -0.004 -10"><span class='ocrx_word' id='word_1_818' title='bbox 1831 4834 1881 4886; x_wconf 79' lang='lat' dir='ltr'><strong>in</strong></span> <span class='ocrx_word' id='word_1_819' title='bbox 1913 4833 2112 4885; x_wconf 83' lang='lat' dir='ltr'><strong>nomine</strong></span> <span class='ocrx_word' id='word_1_820' title='bbox 2147 4830 2353 4896; x_wconf 82' lang='lat' dir='ltr'><strong>Patris,</strong></span> <span class='ocrx_word' id='word_1_821' title='bbox 2406 4837 2452 4882; x_wconf 84' lang='lat' dir='ltr'><strong>ct</strong></span> <span class='ocrx_word' id='word_1_822' title='bbox 2486 4826 2634 4893; x_wconf 83' lang='lat' dir='ltr'><strong>Filii,</strong></span> <span class='ocrx_word' id='word_1_823' title='bbox 2669 4836 2714 4878; x_wconf 85' lang='lat' dir='ltr'><strong>et</strong></span> <span class='ocrx_word' id='word_1_824' title='bbox 2746 4827 2967 4895; x_wconf 83' lang='lat' dir='ltr'><strong>Spiritus</strong></span> <span class='ocrx_word' id='word_1_825' title='bbox 2994 4827 3157 4878; x_wconf 83' lang='lat' dir='ltr'><strong>sancti</strong></span> <span class='ocrx_word' id='word_1_826' title='bbox 3189 4825 3398 4895; x_wconf 76' lang='lat' dir='ltr'><strong>(Matth.</strong></span> 
     </span>
    </p>
   </div>
   <div class='ocr_carea' id='block_1_101' title="bbox 1831 4917 3401 4993">
    <p class='ocr_par' dir='ltr' id='par_1_101' title="bbox 1831 4917 3401 4993">
     <span class='ocr_line' id='line_1_101' title="bbox 1831 4917 3401 4993; baseline -0.006 -14"><span class='ocrx_word' id='word_1_827' title='bbox 1831 4941 2021 4988; x_wconf 76' lang='lat' dir='ltr'><strong>xxvm,</strong></span> <span class='ocrx_word' id='word_1_828' title='bbox 2048 4925 2156 4993; x_wconf 84' lang='lat' dir='ltr'><strong>l9).</strong></span> <span class='ocrx_word' id='word_1_829' title='bbox 2189 4923 2326 4976; x_wconf 86' lang='lat' dir='ltr'><strong>Vere</strong></span> <span class='ocrx_word' id='word_1_830' title='bbox 2357 4936 2456 4990; x_wconf 88' lang='lat' dir='ltr'><strong>ego</strong></span> <span class='ocrx_word' id='word_1_831' title='bbox 2488 4920 2539 4973; x_wconf 92' lang='lat' dir='ltr'><strong>in</strong></span> <span class='ocrx_word' id='word_1_832' title='bbox 2567 4919 2666 4972; x_wconf 90' lang='lat' dir='ltr'><strong>hoc</strong></span> <span class='ocrx_word' id='word_1_833' title='bbox 2687 4920 2816 4972; x_wconf 84' lang='lat' dir='ltr'><strong>satis</strong></span> <span class='ocrx_word' id='word_1_834' title='bbox 2845 4917 3100 4982; x_wconf 88' lang='lat' dir='ltr'><strong>admiror,</strong></span> <span class='ocrx_word' id='word_1_835' title='bbox 3136 4927 3189 4970; x_wconf 90' lang='lat' dir='ltr'><strong>et</strong></span> <span class='ocrx_word' id='word_1_836' title='bbox 3220 4917 3269 4969; x_wconf 90' lang='lat' dir='ltr'><strong>in</strong></span> <span class='ocrx_word' id='word_1_837' title='bbox 3292 4929 3401 4970; x_wconf 88' lang='lat' dir='ltr'><strong>stu-</strong></span> 
     </span>
    </p>
   </div>
   <div class='ocr_carea' id='block_1_102' title="bbox 1832 5010 3403 5087">
    <p class='ocr_par' dir='ltr' id='par_1_102' title="bbox 1832 5010 3403 5087">
     <span class='ocr_line' id='line_1_102' title="bbox 1832 5010 3403 5087; baseline -0.009 -14"><span class='ocrx_word' id='word_1_838' title='bbox 1832 5033 1962 5087; x_wconf 87' lang='lat' dir='ltr'><strong>pore</strong></span> <span class='ocrx_word' id='word_1_839' title='bbox 1995 5015 2416 5071; x_wconf 89' lang='lat' dir='ltr'><strong>mentis‘diutius</strong></span> <span class='ocrx_word' id='word_1_840' title='bbox 2450 5015 2680 5068; x_wconf 89' lang='lat' dir='ltr'><strong>intentus</strong></span> <span class='ocrx_word' id='word_1_841' title='bbox 2711 5010 2958 5064; x_wconf 87' lang='lat' dir='ltr'><strong>collaudo</strong></span> <span class='ocrx_word' id='word_1_842' title='bbox 2999 5018 3198 5064; x_wconf 90' lang='lat' dir='ltr'><strong>tantam</strong></span> <span class='ocrx_word' id='word_1_843' title='bbox 3228 5025 3403 5062; x_wconf 83' lang='lat' dir='ltr'><strong>sacra-</strong></span> 
     </span>
    </p>
   </div>
   <div class='ocr_carea' id='block_1_103' title="bbox 1832 5099 3398 5174">
    <p class='ocr_par' dir='ltr' id='par_1_103' title="bbox 1832 5099 3398 5174">
     <span class='ocr_line' id='line_1_103' title="bbox 1832 5099 3398 5174; baseline -0.007 -12"><span class='ocrx_word' id='word_1_844' title='bbox 1832 5109 2054 5162; x_wconf 75' lang='lat' dir='ltr'><strong>tissima:</strong></span> <span class='ocrx_word' id='word_1_845' title='bbox 2082 5105 2356 5160; x_wconf 82' lang='lat' dir='ltr'><strong>Trinitatis</strong></span> <span class='ocrx_word' id='word_1_846' title='bbox 2383 5103 2607 5174; x_wconf 87' lang='lat' dir='ltr'><strong>gloriam</strong></span> <span class='ocrx_word' id='word_1_847' title='bbox 2634 5103 2682 5156; x_wconf 92' lang='lat' dir='ltr'><strong>in</strong></span> <span class='ocrx_word' id='word_1_848' title='bbox 2701 5103 2979 5155; x_wconf 88' lang='lat' dir='ltr'><strong>duodecim</strong></span> <span class='ocrx_word' id='word_1_849' title='bbox 3011 5101 3214 5169; x_wconf 91' lang='lat' dir='ltr'><strong>penitus</strong></span> <span class='ocrx_word' id='word_1_850' title='bbox 3241 5099 3398 5168; x_wconf 77' lang='lat'><strong>262</strong></span> 
     </span>
    </p>
   </div>
   <div class='ocr_carea' id='block_1_104' title="bbox 1833 5192 3400 5264">
    <p class='ocr_par' dir='ltr' id='par_1_104' title="bbox 1833 5192 3400 5264">
     <span class='ocr_line' id='line_1_104' title="bbox 1833 5192 3400 5264; baseline -0.008 -13"><span class='ocrx_word' id='word_1_851' title='bbox 1833 5198 2011 5253; x_wconf 90' lang='lat' dir='ltr'><strong>verbis</strong></span> <span class='ocrx_word' id='word_1_852' title='bbox 2041 5197 2440 5252; x_wconf 89' lang='lat' dir='ltr'><strong>distinctionum</strong></span> <span class='ocrx_word' id='word_1_853' title='bbox 2475 5196 2555 5248; x_wconf 91' lang='lat' dir='ltr'><strong>vel</strong></span> <span class='ocrx_word' id='word_1_854' title='bbox 2587 5194 2807 5264; x_wconf 87' lang='lat' dir='ltr'><strong>syllabis</strong></span> <span class='ocrx_word' id='word_1_855' title='bbox 2838 5192 3071 5246; x_wconf 89' lang='lat' dir='ltr'><strong>breviter</strong></span> <span class='ocrx_word' id='word_1_856' title='bbox 3115 5192 3276 5243; x_wconf 83' lang='lat' dir='ltr'><strong>fuisse</strong></span> <span class='ocrx_word' id='word_1_857' title='bbox 3306 5205 3400 5240; x_wconf 82' lang='lat' dir='ltr'><strong>ex-</strong></span> 
     </span>
    </p>
   </div>
   <div class='ocr_carea' id='block_1_105' title="bbox 1836 5281 3397 5358">
    <p class='ocr_par' dir='ltr' id='par_1_105' title="bbox 1836 5281 3397 5358">
     <span class='ocr_line' id='line_1_105' title="bbox 1836 5281 3397 5358; baseline -0.01 -17"><span class='ocrx_word' id='word_1_858' title='bbox 1836 5290 2084 5358; x_wconf 89' lang='lat' dir='ltr'><strong>positam.</strong></span> <span class='ocrx_word' id='word_1_859' title='bbox 2140 5288 2273 5342; x_wconf 84' lang='lat' dir='ltr'><strong>Vere</strong></span> <span class='ocrx_word' id='word_1_860' title='bbox 2309 5288 2360 5341; x_wconf 92' lang='lat' dir='ltr'><strong>in</strong></span> <span class='ocrx_word' id='word_1_861' title='bbox 2391 5287 2491 5340; x_wconf 91' lang='lat' dir='ltr'><strong>hoc</strong></span> <span class='ocrx_word' id='word_1_862' title='bbox 2517 5286 2694 5339; x_wconf 83' lang='lat' dir='ltr'><strong>edicto</strong></span> <span class='ocrx_word' id='word_1_863' title='bbox 2724 5285 2925 5337; x_wconf 90' lang='lat' dir='ltr'><strong>unitum</strong></span> <span class='ocrx_word' id='word_1_864' title='bbox 2958 5281 3167 5335; x_wconf 89' lang='lat' dir='ltr'><strong>deitatis</strong></span> <span class='ocrx_word' id='word_1_865' title='bbox 3209 5291 3397 5330; x_wconf 90' lang='lat' dir='ltr'><strong>nomen</strong></span> 
     </span>
    </p>
   </div>
   <div class='ocr_carea' id='block_1_106' title="bbox 1836 5371 3396 5446">
    <p class='ocr_par' dir='ltr' id='par_1_106' title="bbox 1836 5371 3396 5446">
     <span class='ocr_line' id='line_1_106' title="bbox 1836 5371 3396 5446; baseline -0.01 -13"><span class='ocrx_word' id='word_1_866' title='bbox 1836 5380 2008 5434; x_wconf 90' lang='lat' dir='ltr'><strong>Patris</strong></span> <span class='ocrx_word' id='word_1_867' title='bbox 2036 5388 2091 5433; x_wconf 94' lang='lat' dir='ltr'><strong>et</strong></span> <span class='ocrx_word' id='word_1_868' title='bbox 2117 5379 2256 5444; x_wconf 86' lang='lat' dir='ltr'><strong>Filii,</strong></span> <span class='ocrx_word' id='word_1_869' title='bbox 2281 5389 2332 5432; x_wconf 91' lang='lat' dir='ltr'><strong>et</strong></span> <span class='ocrx_word' id='word_1_870' title='bbox 2353 5377 2584 5446; x_wconf 91' lang='lat' dir='ltr'><strong>Spiritus</strong></span> <span class='ocrx_word' id='word_1_871' title='bbox 2611 5376 2778 5429; x_wconf 90' lang='lat' dir='ltr'><strong>sancti</strong></span> <span class='ocrx_word' id='word_1_872' title='bbox 2796 5383 2918 5426; x_wconf 87' lang='lat' dir='ltr'><strong>ante</strong></span> <span class='ocrx_word' id='word_1_873' title='bbox 2949 5371 3276 5439; x_wconf 70' lang='lat' dir='ltr'><strong>prmmissum</strong></span> <span class='ocrx_word' id='word_1_874' title='bbox 3298 5375 3396 5418; x_wconf 89' lang='lat' dir='ltr'><strong>est.</strong></span> 
     </span>
    </p>
   </div>
   <div class='ocr_carea' id='block_1_107' title="bbox 1836 5461 3402 5526">
    <p class='ocr_par' dir='ltr' id='par_1_107' title="bbox 1836 5461 3402 5526">
     <span class='ocr_line' id='line_1_107' title="bbox 1836 5461 3402 5526; baseline -0.01 -1"><span class='ocrx_word' id='word_1_875' title='bbox 1836 5472 1974 5526; x_wconf 90' lang='lat' dir='ltr'><strong>Vere</strong></span> <span class='ocrx_word' id='word_1_876' title='bbox 2006 5472 2058 5524; x_wconf 92' lang='lat' dir='ltr'><strong>in</strong></span> <span class='ocrx_word' id='word_1_877' title='bbox 2088 5471 2187 5525; x_wconf 91' lang='lat' dir='ltr'><strong>hac</strong></span> <span class='ocrx_word' id='word_1_878' title='bbox 2219 5469 2574 5524; x_wconf 77' lang='lat' dir='ltr'><strong>sacratissima</strong></span> <span class='ocrx_word' id='word_1_879' title='bbox 2606 5467 2866 5520; x_wconf 86' lang='lat' dir='ltr'><strong>Trinitate</strong></span> <span class='ocrx_word' id='word_1_880' title='bbox 2900 5463 3112 5516; x_wconf 83' lang='lat' dir='ltr'><strong>nomina</strong></span> <span class='ocrx_word' id='word_1_881' title='bbox 3143 5461 3191 5511; x_wconf 91' lang='lat' dir='ltr'><strong>in</strong></span> <span class='ocrx_word' id='word_1_882' title='bbox 3223 5473 3402 5526; x_wconf 83' lang='lat' dir='ltr'><strong>perso-</strong></span> 
     </span>
    </p>
   </div>
   <div class='ocr_carea' id='block_1_108' title="bbox 1834 5551 3399 5621">
    <p class='ocr_par' dir='ltr' id='par_1_108' title="bbox 1834 5551 3399 5621">
     <span class='ocr_line' id='line_1_108' title="bbox 1834 5551 3399 5621; baseline -0.012 -3"><span class='ocrx_word' id='word_1_883' title='bbox 1834 5564 1916 5618; x_wconf 88' lang='lat' dir='ltr'><strong>nis</strong></span> <span class='ocrx_word' id='word_1_884' title='bbox 1949 5572 2152 5618; x_wconf 88' lang='lat' dir='ltr'><strong>tantum</strong></span> <span class='ocrx_word' id='word_1_885' title='bbox 2181 5563 2428 5616; x_wconf 88' lang='lat' dir='ltr'><strong>distincta</strong></span> <span class='ocrx_word' id='word_1_886' title='bbox 2451 5570 2593 5614; x_wconf 88' lang='lat' dir='ltr'><strong>sunt.</strong></span> <span class='ocrx_word' id='word_1_887' title='bbox 2625 5559 2759 5611; x_wconf 77' lang='lat' dir='ltr'><strong>Vere</strong></span> <span class='ocrx_word' id='word_1_888' title='bbox 2789 5571 2886 5609; x_wconf 88' lang='lat' dir='ltr'><strong>nec</strong></span> <span class='ocrx_word' id='word_1_889' title='bbox 2914 5556 3018 5613; x_wconf 79' lang='lat' dir='ltr'><strong>lex,</strong></span> <span class='ocrx_word' id='word_1_890' title='bbox 3046 5567 3141 5606; x_wconf 91' lang='lat' dir='ltr'><strong>nec</strong></span> <span class='ocrx_word' id='word_1_891' title='bbox 3169 5551 3399 5621; x_wconf 64' lang='lat' dir='ltr'><strong>prnpile-</strong></span> 
     </span>
    </p>
   </div>
   <div class='ocr_carea' id='block_1_109' title="bbox 1837 5645 3400 5713">
    <p class='ocr_par' dir='ltr' id='par_1_109' title="bbox 1837 5645 3400 5713">
     <span class='ocr_line' id='line_1_109' title="bbox 1837 5645 3400 5713; baseline -0.01 -3"><span class='ocrx_word' id='word_1_892' title='bbox 1837 5665 1902 5710; x_wconf 68' lang='lat' dir='ltr'><strong>ta:</strong></span> <span class='ocrx_word' id='word_1_893' title='bbox 1933 5664 2038 5709; x_wconf 91' lang='lat' dir='ltr'><strong>tam</strong></span> <span class='ocrx_word' id='word_1_894' title='bbox 2085 5655 2332 5710; x_wconf 87' lang='lat' dir='ltr'><strong>absolute</strong></span> <span class='ocrx_word' id='word_1_895' title='bbox 2361 5653 2462 5708; x_wconf 90' lang='lat' dir='ltr'><strong>hoc</strong></span> <span class='ocrx_word' id='word_1_896' title='bbox 2494 5664 2743 5706; x_wconf 88' lang='lat' dir='ltr'><strong>arcanum</strong></span> <span class='ocrx_word' id='word_1_897' title='bbox 2777 5645 3084 5713; x_wconf 81' lang='lat' dir='ltr'><strong>mysterium</strong></span> <span class='ocrx_word' id='word_1_898' title='bbox 3136 5645 3400 5697; x_wconf 71' lang='lat' dir='ltr'><strong>rttwlave-</strong></span> 
     </span>
    </p>
   </div>
   <div class='ocr_carea' id='block_1_110' title="bbox 1834 5735 3400 5812">
    <p class='ocr_par' dir='ltr' id='par_1_110' title="bbox 1834 5735 3400 5812">
     <span class='ocr_line' id='line_1_110' title="bbox 1834 5735 3400 5812; baseline -0.008 -8"><span class='ocrx_word' id='word_1_899' title='bbox 1834 5757 1978 5804; x_wconf 90' lang='lat' dir='ltr'><strong>runt.</strong></span> <span class='ocrx_word' id='word_1_900' title='bbox 2009 5747 2142 5803; x_wconf 86' lang='lat' dir='ltr'><strong>Vere</strong></span> <span class='ocrx_word' id='word_1_901' title='bbox 2173 5762 2330 5812; x_wconf 89' lang='lat' dir='ltr'><strong>super</strong></span> <span class='ocrx_word' id='word_1_902' title='bbox 2359 5759 2569 5799; x_wconf 88' lang='lat' dir='ltr'><strong>omnem</strong></span> <span class='ocrx_word' id='word_1_903' title='bbox 2591 5735 2992 5795; x_wconf 76' lang='lat' dir='ltr'><strong>wstodiendam</strong></span> <span class='ocrx_word' id='word_1_904' title='bbox 3027 5737 3276 5791; x_wconf 78' lang='lat' dir='ltr'><strong>divinitus</strong></span> <span class='ocrx_word' id='word_1_905' title='bbox 3297 5737 3400 5791; x_wconf 56' lang='lat' dir='ltr'><strong>do-</strong></span> 
     </span>
    </p>
   </div>
  </div>
