3938 6376
533 304 640 379 asa

1848 286 2069 343 \‘lClLll
2112 282 2479 342 TAPSENSIS

3670 303 3742 355 Si“.

528 414 853 489 positionem
917 412 1019 467 hoc
1081 412 1312 465 mustine
1355 403 1760 462 custodiendum
1806 412 1906 456 est.
1983 403 2121 455 Vrre
2150 397 2201 455 A
2235 396 2489 450 nisxratur
2510 411 2689 452 sermo
2706 400 3005 465 sapientiae,
3042 400 3153 456 sive
3175 401 3401 458 verbum
3425 405 3745 471 scientiamsivo

532 522 691 576 super
710 507 812 560 hoc
840 518 943 560 non
971 512 1052 558 est
1075 500 1213 571 quod
1245 499 1394 566 addi,
1422 506 1475 551 et
1502 496 1568 550 ab
1592 498 1691 549 hoc
1718 510 1824 548 non
1852 505 1933 547 est
1959 493 2099 563 quod

532 600 696 655 minui
730 597 912 668 possit.
960 595 1100 649 Vere
1149 594 1198 647 in
1233 592 1331 645 hoc.
1359 591 1555 643 donum
1605 587 1849 656 baptismi
1897 602 2095 655 [ιι-ωρο-

533 702 683 761 ptum
709 689 906 744 addere
935 686 1015 740 vel
1052 685 1288 738 minuere
1320 681 1689 749 blasphemum
1724 689 1825 733 cst.

604 780 971 851 Interrogatio.
1014 778 1068 831 Si
1110 777 1221 830 lnec
1248 775 1323 828 sic
1370 789 1427 828 se
1473 774 1690 836 habent,
1724 782 1781 826 ut
1810 773 1876 826 de
1922 773 2103 841 regula

536 874 928 940 Scripturarum
957 867 1082 922 mibi
1106 866 1364 931 declares,
1398 865 1789 932 impensissime
1815 864 2068 917 obsecro.

612 960 913 1028 Responsio.
965 958 1108 1013 Scito
1135 957 1280 1025 prius
1310 956 1359 1009 in
1393 956 1488 1008 hac
1521 955 1808 1020 Scriptum
1839 956 2103 1008 sententia

534 1059 899 1120 argumentum
930 1047 1046 1101 ﬁdei
1078 1062 1197 1099 csse
1223 1046 1544 1115 expositum,
1587 1062 1708 1099 cum
1741 1047 2107 1116 increpatione

534 1142 777 1197 nocturni
808 1140 1289 1209 superseminantis
1328 1140 1605 1192 zizaniam.
1639 1140 1684 1192 0
1714 1141 1865 1207 plena
1899 1142 2119 1209 praesti-

534 1236 635 1305 giis
677 1236 893 1289 obsessa
938 1248 1090 1288 mens
1136 1233 1509 1287 hmreticorum
1549 1248 1577 1285 a
1621 1232 1869 1288 diabolo!
1915 1234 2023 1287 Cur
2064 1236 2113 1287 in

534 1326 748 1380 nomine
777 1326 969 1389 Patris,
1020 1336 1075 1379 et
1100 1325 1243 1392 Filii,
1294 1334 1344 1379 et
1372 1326 1539 1378 sancti
1567 1325 1799 1394 Spiritus
1850 1329 2111 1395 baptizas,

534 1428 583 1472 et
614 1419 813 1472 unitam
867 1418 1125 1471 deitatem
1168 1416 1541 1485 blasphemas?
1591 1431 1687 1471 cur
1732 1419 1951 1471 nomina
2002 1430 2120 1472 tan-

534 1515 644 1563 tum
692 1508 904 1571 Patris,
952 1519 1008 1563 et
1051 1496 1202 1574 Filii,
1255 1517 1308 1563 et
1336 1510 1500 1563 sancti
1544 1510 1774 1579 Spiritus
1819 1511 2115 1573 confiteris,

536 1608 589 1653 et
616 1598 820 1653 ttnitnm
849 1614 1042 1653 nomen
1092 1598 1384 1653 divinitatis
1411 1601 1681 1668 abnegas?
1719 1615 1815 1655 cur
1855 1602 2123 1655 indicatur

538 1687 732 1751 unitas,
758 1689 803 1741 si
832 1689 884 1741 in
915 1688 1088 1751 Patre,
1111 1699 1162 1742 et
1188 1688 1345 1754 Filio,
1378 1699 1430 1743 et
1458 1699 1642 1744 sancto
1666 1691 1867 1758 Spiritu
1901 1706 2006 1744 non
2040 1700 2122 1745 est

2226 489 2376 548 titles.
2398 491 2509 543 sive
2529 493 2697 561 gratia
2717 494 3024 562 sanitatum,
3045 510 3136 549 seu
3155 499 3402 564 operatio
3420 499 3664 571 virtutum,
3680 520 3743 561 seu

2222 582 2523 653 prophetia,
2557 599 2650 640 seu
2680 588 2947 653 'separatio
2973 588 3257 657 spirituum
3278 630 3292 653 ,
3323 592 3421 644 nisi
3459 597 3673 662 quoniam
3693 600 3740 655 dc

2222 676 2367 729 unita
2401 676 2734 744 plenitudine
2765 681 2878 733 est?
2908 681 3228 751 hypocrita,
3271 682 3461 739 discite
3488 700 3626 740 unam
3655 705 3739 746 esse

2220 767 2592 833 operationem
2622 769 2673 821 in
2707 780 2897 823 natura
2929 772 3119 836 Patris,
3143 784 3193 825 et
3229 772 3379 847 Filii,
3406 786 3457 829 et
3482 779 3631 832 sancti
3651 780 3735 848 Spi-

2221 856 2377 922 ritus,
2426 858 2553 911 tlum
2605 876 2763 926 opera
2807 876 2923 930 quae
2971 875 3226 931 operatur
3269 866 3446 930 Pater,
3490 868 3588 936 ipsa
3626 885 3741 938 opm

2223 951 2403 1004 uniter
2423 951 2863 1008 demonstrentur
2887 969 3008 1010 esse
3034 963 3088 1009 et
3108 956 3247 1021 Filii,
3280 967 3336 1011 et
3364 961 3524 1012 sancti
3544 960 3739 1027 Spiritus.

2224 1041 2292 1094 ltt
2323 1050 2377 1095 et
2407 1043 2569 1097 l’ilius
2599 1045 2739 1113 quod
2769 1054 3041 1114 operatur,
3082 1046 3197 1101 hare
3230 1047 3348 1116 ipsa
3380 1064 3531 1111 opera
3563 1051 3739 1105 referan-

2225 1142 2311 1185 tur
2345 1135 2407 1185 ael
2437 1134 2675 1201 Patrem,
2722 1146 2774 1189 et
2798 1137 2862 1190 ad
2893 1138 3246 1206 principalem
3281 1138 3552 1207 Spiritum.
3598 1142 3741 1196 Eadem

2230 1233 2284 1279 et
2312 1224 2545 1291 Spiritus
2575 1226 2869 1282 Paraclitus
2909 1230 3179 1295 quomodo
3215 1238 3492 1297 operatur,
3540 1230 3635 1284 bzec
3668 1232 3742 1299 ipsa

2224 1329 2388 1384 opera
2424 1318 2600 1371 uniter
2631 1318 2976 1373 declarentur
3004 1335 3122 1375 esse
3149 1329 3205 1374 et
3244 1320 3438 1386 Patris,
3472 1331 3521 1375 et
3545 1322 3659 1374 Filii.
3686 1323 3741 1375 Vi-

2224 1408 2320 1463 des
2349 1410 2548 1463 unitam
2577 1425 2699 1466 esse
2728 1412 3037 1466 eormudem
3078 1413 3450 1483 operationem
3492 1414 3539 1466 in
3568 1430 3651 1467 una
3682 1431 3742 1467 na-

2200 1506 2352 1553 ‘tura
2383 1501 2631 1555 deitatis?

2298 1587 2665 1661 Interrogatio.
2714 1592 2862 1662 Rogo
2916 1604 2972 1646 ut
3022 1593 3133 1648 lucc
3183 1594 3328 1648 dicta
3385 1593 3450 1648 de
3499 1594 3740 1648 auctoritate

2227 1679 2401 1734 adhuc
2432 1681 2828 1749 Scriptttrarum
2861 1683 2988 1737 mihi
3020 1684 3313 1738 edisseras.

539 1793 640 1832 una
670 1789 833 1848 atque
856 1778 1041 1832 eadem
1082 1779 1193 1847 ipsa
1224 1780 1444 1848 aequalis
1484 1780 1758 1847 plenitudo
1790 1781 2118 1834 divinitatis?

2297 1771 2599 1837 Responsio.
2631 1773 2845 1837 Quaeso,
2872 1774 2980 1841 jam
3014 1774 3228 1841 quoties
3259 1774 3355 1827 tibi
3387 1774 3639 1828 indicatum
3662 1784 3737 1826 cst:

537 1885 634 1924 cur
661 1871 726 1923 ad
760 1880 1000 1923 nostrum
1045 1870 1371 1925 intellectum
1403 1871 1559 1924 Pater
1603 1872 1865 1940 signiﬁcat
1909 1872 1975 1925 de
2006 1874 2127 1924 nni-

537 1964 715 2031 genito
734 1962 868 2017 Filio
891 1977 985 2016 suo
1012 1980 1023 2014 :
1045 1961 1124 2015 lt'a:
1140 1971 1280 2015 utero
1299 1973 1416 2018 ante
1434 1964 1704 2033 luciferum
1718 1964 1869 2033 genui
1890 1973 1936 2015 te
1951 1964 1967 2030 (
1979 1963 2119 2018 Psul.

541 2071 648 2111 cur.
672 2056 748 2123 5),
775 2055 817 2107 si
856 2068 947 2107 vos
974 2053 1305 2107 divinitatem
1333 2054 1452 2107 Filii
1484 2054 1576 2106 Dei
1606 2062 1861 2119 creatam,
1894 2056 1973 2107 vel
1998 2069 2127 2107 oen-

541 2147 728 2213 ditam,
761 2156 852 2200 aut
884 2146 1154 2198 fundatam
1179 2160 1296 2219 esse
1329 2146 1594 2197 testamini
1616 2145 1637 2197 ?
1663 2160 1758 2196 cur
1783 2161 1916 2198 unus
1943 2146 1994 2197 in
2021 2161 2125 2198 uno

543 2246 645 2304 est,
674 2238 717 2290 si
748 2237 912 2291 divisa
954 2246 1143 2289 natura
1189 2237 1304 2290 est?
1344 2251 1438 2288 cur
1462 2251 1555 2304 ego
1593 2244 1637 2287 et
1670 2235 1827 2287 Pater
1855 2253 2011 2288 unum
2041 2253 2129 2289 sn-

546 2338 657 2383 nt’us
689 2327 871 2397 (Joan.
902 2344 956 2391 ι,
989 2326 1100 2395 50),
1154 2327 1198 2379 si
1235 2342 1338 2379 non
1384 2336 1465 2379 est
1514 2328 1567 2379 in
1600 2327 1681 2379 bis
1713 2342 1813 2381 una
1853 2328 2019 2380 virtus
2046 2342 2130 2381 sa-

547 2418 763 2488 pientia:
791 2427 844 2472 et
870 2417 1201 2471 divinitatis?
1225 2433 1320 2470 cur
1346 2418 1518 2469 omnia
1549 2434 1659 2471 mea
1688 2427 1774 2469 tua
1802 2430 1937 2482 sunt,
1968 2430 2014 2472 et
2041 2428 2130 2473 tua

547 2528 658 2565 mea
681 2521 796 2565 sunt
812 2509 988 2581 (Joan.
1017 2528 1144 2579 xvtt,
1173 2511 1344 2583 i0),si
1365 2527 1467 2564 non
1496 2521 1577 2565 est
1600 2512 1651 2565 in
1684 2512 1764 2565 his
1797 2526 1899 2565 una
1933 2512 2126 2580 deitas,

548 2602 661 2657 sive
693 2617 793 2654 una
823 2603 1064 2671 operatio
1096 2602 1349 2655 factum?
1396 2618 1494 2656 cur
1524 2618 1706 2656 verum
1758 2604 1966 2657 Patrem
2014 2603 2130 2657 bla-

550 2692 863 2759 Sphcmatis,
910 2708 1029 2747 cum
1084 2693 1271 2748 Filium
1316 2693 1431 2761 ejus
1477 2709 1661 2747 verum
1712 2703 1973 2748 creaturae
2018 2711 2133 2748 sua:

558 2784 880 2851 comparatis
907 2784 929 2834 ἶ)
957 2800 1050 2838 cur
1076 2784 1189 2852 ipse
1218 2786 1415 2838 clamat
1439 2803 1455 2839 :
1486 2786 1591 2856 Ego
1615 2787 1667 2839 in
1703 2787 1875 2850 Patre,
1908 2796 1951 2840 et
1982 2788 2138 2841 Pater

553 2877 605 2930 in
638 2892 715 2929 me
735 2874 911 2944 (Jonn.
942 2893 1049 2942 xw,
1086 2880 1170 2948 il)
1217 2878 1263 2931 si
1293 2880 1502 2934 diversa
1536 2883 1617 2934 vel
1646 2882 1822 2935 excisa
1854 2882 1904 2935 in
1939 2880 2019 2935 bis
2046 2898 2141 2933 na-

553 2974 669 3020 tura
697 2966 812 3020 est?
863 2984 955 3020 t'itl‘
999 2970 1088 3037 qui
1140 2986 1216 3021 me
1246 2970 1398 3033 ridet,
1440 2971 1571 3022 uidet
1625 2981 1672 3023 et
1722 2969 1925 3024 Patrem
1973 2989 2138 3024 meum

556 3054 742 3125 (Ibid.,
776 3056 831 3125 9)
884 3057 1103 3119 indicat,
1147 3060 1191 3112 si
1239 3074 1344 3113 non
1375 3069 1456 3111 est
1499 3062 1547 3113 in
1596 3061 1678 3114 his
1708 3078 1806 3115 una
1855 3061 2140 3117 invisibilis

556 3146 731 3213 imago
759 3157 962 3200 natura:
987 3132 1267 3201 veritatis?
1296 3165 1391 3202 cur
1418 3149 1622 3219 legitis:
1658 3151 1873 3205 Servare
1895 3154 2139 3206 unitatem

559 3235 787 3308 Spiritus
808 3238 859 3292 in
883 3241 1083 3291 vinculo
1103 3242 1241 3306 pacis
1270 3241 1488 3311 (Epiros.
1517 3242 1681 3313 Iv,5),
1712 3244 1754 3296 si
1783 3259 1902 3297 eum
1934 3244 2002 3298 de
2030 3245 2137 3313 ipsa

559 3332 706 3386 unita
735 3333 935 3388 deitate
963 3333 1159 3399 Patris,
1187 3345 1239 3389 et
1274 3335 1390 3389 Filii
1422 3351 1541 3391 esse
1570 3353 1675 3391 non
1722 3338 2003 3406 accipitis?
2047 3355 2141 3394 cur

560 3422 736 3492 legitis
767 3424 873 3479 Vas
901 3426 1182 3481 electionis
1211 3426 1411 3482 dixisse
1445 3446 1457 3481 :
1490 3428 1678 3503 Omnes
1707 3446 1864 3483 unum
1886 3430 2141 3502 Spiritum

560 3518 843 3584 potavimns
874 3518 927 3587 (I
960 3518 1077 3575 Cor.
1113 3536 1185 3587 tv,
1216 3521 1329 3591 15),
1361 3522 1402 3575 si
1424 3537 1543 3576 enm
1567 3538 1660 3577 vos
1683 3522 1749 3578 de
1782 3525 1923 3578 unita
1954 3537 2139 3579 natura

562 3606 906 3663 discernitis?
950 3626 1045 3664 cur
1094 3614 1177 3666 bie
1220 3613 1509 3669 advocatus
1551 3615 1782 3684 Spiritus
1828 3618 2067 3671 veritatis
2113 3632 2142 3670 a

565 3696 678 3751 Deo
708 3699 861 3753 Patre
892 3703 1133 3769 procedit
1160 3711 1214 3756 et
1236 3707 1401 3767 venit,
1439 3706 1482 3758 si
1515 3720 1608 3759 vos
1637 3720 1756 3760 eum
1791 3707 1842 3759 in
1881 3708 1982 3760 alia
2014 3709 2142 3761 sub-

566 3789 762 3841 stantia
791 3791 951 3860 263
981 3806 1101 3846 esse
1130 3794 1401 3847 asseritis?
1443 3811 1538 3848 cur
1569 3796 1669 3849 hoc
1698 3797 1899 3850 unitum
1949 3813 2143 3852 nomen

565 3878 859 3936 divinitatis
885 3881 1168 3948 celebrari,
1196 3892 1249 3937 et
1271 3884 1610 3939 bonoritic‘ari
1642 3886 1908 3941 invenitur
1938 3889 1990 3941 in
2014 3902 2145 3957 gen-

565 3970 725 4036 tibus,
760 3974 805 4027 si
838 3974 888 4027 in
922 3973 1038 4043 ipso
1078 3976 1293 4031 nomine
1323 3977 1600 4032 Trinitatis
1642 3978 1937 4046 baptismus
1967 3982 2145 4035 uniter

563 4078 669 4117 non
687 4064 1329 4121 relebraturdivinitatis?
1348 4083 1442 4122 cur
1456 4067 1580 4123 Tres
1601 4086 1760 4123 unum
1777 4081 1894 4124 sunt
1915 4070 1968 4142 (1
1982 4074 2141 4126 Joau.

560 4169 614 4220 ν,
648 4156 702 4225 7)
734 4156 990 4211 Joannem
1022 4159 1405 4228 evangelistam
1434 4160 1629 4216 dixisse
1658 4162 1851 4231 legitis,
1889 4164 1933 4217 si
1964 4164 2145 4217 diver-

559 4261 647 4299 sas
676 4257 889 4301 naturas
921 4252 971 4301 in
1005 4251 1245 4316 personis
1272 4266 1391 4306 esse
1421 4253 1697 4323 accipitis?
1722 4270 1818 4308 cur
1846 4270 2006 4310 unum
2042 4255 2143 4310 do-

563 4352 690 4389 num
711 4336 956 4405 baptismi
975 4342 1261 4393 secnndnm
1282 4344 1475 4412 stylum
1503 4346 1790 4415 Scriptum
1806 4361 1925 4403 esse
1941 4349 2138 4417 dicitis,

563 4428 608 4481 si
632 4428 1002 4498 discrepantes
1034 4440 1250 4486 naturas
1280 4436 1330 4487 in
1364 4436 1537 4502 Patre,
1587 4450 1639 4493 et
1669 4440 1819 4504 Filio,
1863 4452 1918 4495 et
1958 4456 2143 4499 sancto

566 4518 768 4587 Spiritu
800 4536 920 4576 esse
948 4523 1333 4591 prmscribitis?
1362 4542 1457 4581 cur
1488 4531 1778 4585 secundum
1803 4535 2142 4591 traditionem

565 4611 887 4681 baptismum
916 4614 1197 4670 celebratis
1228 4626 1282 4671 ct
1322 4622 1372 4671 in
1404 4619 1743 4677 confess'one
1775 4626 1976 4679 unitum
2006 4643 2149 4681 sem-

564 4703 833 4774 piternum
858 4721 1055 4760 nomen
1077 4708 1351 4763 Trinitatis
1372 4711 1784 4779 blasphematis?
1815 4717 2142 4788 liypocritm,

564 4796 835 4866 quomodo
857 4798 1116 4867 accipitis,
1144 4801 1245 4867 Qui
1259 4804 1480 4856 nascitur
1501 4822 1565 4858 ea:
1582 4806 1803 4874 Spiritu,
1820 4810 2049 4879 Spiritus
2074 4824 2145 4867 est

566 4887 748 4956 (Joan.
770 4888 940 4957 "1.6),
967 4891 1010 4944 si
1032 4903 1083 4946 et
1104 4892 1333 4962 Spiritus
1360 4898 1648 4964 paraclitus
1667 4898 1805 4975 Deus
1838 4916 1956 4957 esse
1986 4920 2145 4975 nega-

561 4980 688 5034 tur?
708 4981 1020 5052 hypocrita),
1037 4986 1300 5053 quomodo
1320 4988 1582 5058 inSpiritu
1608 4972 1831 5048 adorare
1853 4972 2083 5064 oportet,
2098 5000 2142 5053 si

562 5070 702 5127 Deus
722 5072 953 5144 Spiritus
972 5090 1092 5132 esse
1120 5080 1374 5148 negatur?
1399 5080 1712 5151 bypocritm,
1731 5100 1962 5153 quonam
1985 5088 2146 5144 modo

560 5167 854 5238 suscipitis,
880 5166 1010 5224 Haec
1027 5171 1200 5225 omnia
1229 5182 1467 5241 operatur
1490 5189 1619 5227 unus
1646 5185 1798 5246 atque
1820 5178 1953 5230 idem
1973 5179 2143 5250 Spiri-

560 5266 664 5325 tus,
687 5260 916 5316 dividens
938 5263 1209 5332 unicuique
1225 5263 1354 5317 sicut
1382 5268 1483 5318 vult
1502 5264 1556 5337 (I
1572 5266 1688 5321 Cor.
1708 5283 1799 5336 xn,
1824 5269 1931 5337 ll),
1958 5272 2000 5324 si
2020 5287 2140 5325 eum

561 5347 629 5402 de
653 5355 796 5407 unita
843 5352 1057 5409 deitatis
1098 5355 1411 5422 operatione
1454 5358 1774 5413 secernitis?
1825 5363 2140 5429 nypocritae,

563 5444 828 5506 quomodo
850 5445 1087 5515 accipitis
1117 5446 1313 5500 dictum
1343 5446 1527 5515 fuisse,
1562 5448 1708 5503 Idem
1733 5451 1981 5519 Spiritus,
2010 5454 2142 5507 idem

568 5525 985 5599 Dontinus,ident
1015 5547 1060 5592 et
1077 5536 1214 5592 Deus
1246 5535 1436 5610 (Ibid.,
1462 5541 1513 5604 4,
1534 5541 1586 5605 5,
1608 5540 1685 5610 6),
1716 5541 1759 5594 si
1787 5556 1911 5596 cum
1938 5559 2031 5596 vos
2064 5561 2143 5599 ve-

567 5631 684 5672 rum
704 5621 865 5678 Deum
888 5628 954 5683 de
980 5643 1103 5683 vera
1129 5633 1269 5686 unita
1301 5639 1486 5686 natura
1514 5632 1564 5685 in
1588 5631 1839 5685 omnibus
1882 5634 2141 5690 mirabilia

566 5720 869 5776 operantem
885 5733 986 5772 non
1002 5722 1299 5790 suscipitis?
1318 5723 1628 5792 bypocritte,
1669 5737 1761 5792 per
1777 5738 1934 5792 quem
1949 5729 2145 5783 submi-

2231 1859 2331 1923 Ite,
2365 1861 2620 1928 baptizata
2647 1878 2817 1913 omnes
2839 1872 3005 1932 gentes
3036 1866 3090 1916 in
3120 1866 3328 1918 nomine
3354 1864 3537 1931 Patris,
3562 1875 3601 1919 et
3634 1865 3732 1928 Filii,

2228 1960 2275 2004 et
2297 1952 2462 2004 sancti
2494 1952 2721 2021 Spiritus
2744 1952 2957 2020 (.llattlt.
2992 1969 3178 2017 xxvttt,
3208 1956 3336 2025 i9)?
3368 1958 3467 2009 Aut
3489 1958 3529 2010 si
3553 1958 3643 2009 haec
3658 1970 3737 2009 con-

2232 2044 2540 2099 tradicendo
2585 2047 2863 2100 existimas
2885 2089 2899 2113 ,
2939 2064 3005 2102 eo
3033 2050 3170 2117 quod
3205 2051 3259 2104 in
3305 2068 3464 2106 unum
3492 2053 3655 2106 donum
3674 2052 3732 2104 lu-

2232 2136 2415 2204 ptismi
2443 2137 2786 2205 Operationes
2815 2141 3259 2197 nominedeitatis
3291 2144 3465 2198 uniter
3491 2146 3734 2197 inTrinitate

2233 2243 2338 2282 non
2362 2230 2756 2295 contineantur,
2776 2246 2871 2285 cur
2899 2242 2952 2286 ιιι
2984 2234 3083 2289 ltoc
3105 2238 3550 2307 nominegieitatis
3568 2236 3728 2291 sublata.

2234 2318 2429 2384 Patris,
2465 2319 2626 2390 264
2656 2331 2707 2375 et
2740 2322 2881 2385 Filii,
2913 2332 2968 2377 et
2991 2327 3157 2380 sancti
3189 2326 3444 2395 Spiritus,
3475 2324 3733 2394 baptizasdi-

2234 2412 2409 2465 cendo
2436 2430 2449 2467 :
2478 2413 2687 2484 Baptizo
2718 2426 2764 2467 te
2807 2417 2859 2467 in
2892 2415 3067 2481 Patre,
3109 2428 3155 2471 et
3188 2420 3241 2471 in
3282 2417 3444 2483 Fifio,
3487 2430 3529 2473 et
3556 2420 3600 2471 in
3622 2426 3733 2469 sancto

2236 2505 2459 2576 Spiritu,
2486 2517 2532 2559 et
2567 2524 2666 2559 non
2696 2508 2748 2559 iu
2779 2525 2878 2562 uno
2908 2512 3147 2565 nomine?
3199 2511 3270 2567 Ut
3313 2513 3413 2565 hoc.
3454 2511 3592 2565 modo
3630 2507 3733 2559 artiﬁ-

2239 2601 2382 2653 ciose
2434 2599 2635 2651 unitum
2688 2614 2881 2654 nomen
2931 2616 3117 2656 eorum
3172 2604 3337 2657 tacite
3382 2605 3431 2656 in
3478 2601 3641 2655 deitate
3672 2611 3731 2649 non

2240 2692 2541 2755 nominare,
2571 2693 2650 2745 vel
2682 2692 2970 2759 abnegare,
3018 2694 3113 2748 sed
3141 2703 3197 2748 et
3239 2696 3455 2749 nomina
3485 2695 3530 2747 in
3570 2688 3733 2759 persevit

2242 2784 2612 2838 tantummodo
2653 2799 2840 2838 eorum
2888 2784 3022 2838 velis
3064 2787 3361 2853 assignare.
3391 2785 3511 2850 Quia
3537 2782 3572 2834 si
3592 2783 3649 2833 sic
3667 2786 3732 2831 erat

2240 2873 2617 2927 celebrandum
2645 2875 2931 2943 baptisma,
2955 2875 3269 2930 obtinuerat
3299 2877 3592 2929 Arianorum
3616 2882 3732 2923 asset

2244 2966 2347 3029 tio,
2375 2964 2463 3033 qui
2496 2970 2575 3018 sic
2603 2966 2861 3028 sentiunt,
2886 2975 2943 3020 ut
2969 2966 3055 3020 ubi
3082 2968 3305 3021 nomina
3340 2968 3389 3020 in
3424 2964 3628 3034 personis
3650 2957 3730 3012 iudi-

2246 3066 2390 3121 cant,
2427 3058 2497 3111 ibi
2531 3058 2686 3111 simul
2718 3074 2838 3113 eum
2869 3059 3000 3125 ipsis
3028 3059 3361 3125 nominibus,
3407 3068 3457 3112 ct
3484 3052 3668 3123 singulas
3685 3050 3731 3098 *εει

2171 3133 2216 3194 C
2249 3149 2489 3201 diversas
2518 3150 2843 3204 substantias
2870 3164 2991 3203 esse
3021 3152 3390 3219 pronuntient,
3423 3158 3473 3201 ut
3494 3147 3686 3200 unitatem
3703 3137 3731 3187 in

2250 3240 2539 3294 concordia
2588 3250 2793 3293 tantmn
2847 3241 3086 3295 caritatis
3120 3256 3243 3297 esse
3285 3244 3559 3310 assignent,
3599 3241 3730 3287 etnon

2248 3333 2422 3403 potius
2466 3333 2690 3386 inunita
2724 3333 3056 3401 plenitudine
3104 3334 3420 3388 divinitatis.
3470 3332 3528 3385 Et
3550 3326 3645 3396 quid
3666 3334 3731 3373 ant-

2248 3427 2389 3495 ptius
2415 3426 2479 3478 ad
2512 3426 2663 3479 ba'c?
2695 3434 2751 3479 ut
2780 3427 2966 3479 unitati
2998 3427 3114 3489 Dei,
3156 3425 3336 3480 Patris
3358 3437 3552 3483 nomen,
3588 3425 3627 3470 et
3644 3410 3730 3467 Filii.

2248 3526 2303 3572 et
2333 3521 2501 3570 sancti
2533 3519 2787 3584 Spiritus,
2826 3520 2977 3588 quasi
3008 3519 3320 3587 adoptivum
3352 3531 3509 3586 nuper
3530 3504 3731 3565 arcessiri

2251 3613 2620 3682 proﬁteantur,
2654 3622 2711 3667 ut
2754 3614 2852 3667 hoc
2901 3628 3093 3667 nomen
3125 3612 3373 3667 videttur
3400 3624 3508 3666 esse
3531 3620 3584 3659 ex
3610 3594 3729 3654 nihilo

2250 3716 2342 3759 aut
2370 3724 2434 3759 ex
2466 3708 2639 3760 altero
2669 3707 2751 3761 vel
2790 3715 3033 3777 tempore
3058 3724 3071 3760 :
3096 3706 3238 3775 quod
3270 3706 3424 3759 absit.
3472 3700 3582 3755 Nam
3615 3702 3729 3744 rerum

2250 3813 2447 3852 nomen
2474 3798 2686 3852 deitatis
2714 3797 2804 3851 ubi
2836 3801 3134 3864 nominant,
3174 3799 3240 3852 ad
3278 3812 3429 3852 unam
3460 3783 3727 3847 tantumnodo

2251 3904 2534 3958 personam
2569 3888 2743 3943 Patris
2796 3893 2909 3943 haec
2938 3889 3165 3943 dicendo
3211 3888 3509 3949 ascribuut,
3551 3883 3728 3933 "item

2251 3984 2505 4037 unitatem
2534 3983 2831 4037 divinitatis
2859 3984 3128 4047 dividant;
3165 3986 3255 4052 qui
3288 3983 3372 4037 ubi
3397 3978 3581 4035 nomina
3597 3976 3726 4064 inutilin

2249 4074 2301 4127 δη
2335 4077 2578 4142 Pe'SMIis
2605 4074 2862 4127 deberent
2894 4075 3222 4136 discernere,
3271 4075 3340 4129 ibi
3373 4070 3515 4126 simul
3541 4078 3632 4119 cum
3652 4060 3727 4125 ipsis

2250 4165 2555 4219 noininibus
2581 4174 2633 4218 et
2666 4175 2775 4220 tres
2798 4175 3013 4220 naturas
3029 4166 3270 4221 diversas
3292 4166 3589 4233 distinguunt
3610 4172 3619 4206 :
3637 4144 3724 4219 ll""d

2250 4260 2388 4313 absit
2419 4278 2445 4311 a
2479 4259 2669 4323 nobis,
2722 4276 2787 4314 ne
2834 4260 2987 4313 istam
3039 4259 3423 4329 blasphemiam
3465 4250 3727 4307 adtnittamus,

2194 4377 2208 4386 -
2248 4366 2369 4406 cum
2405 4368 2565 4403 unum
2600 4367 2792 4404 nomen
2818 4352 3033 4405 deitatis
3065 4351 3117 4405 in
3145 4350 3405 4405 Trinitate
3432 4345 3581 4400 uniter
3600 4336 3726 4389 dictum

2253 4446 2602 4515 accipiamus,
2659 4462 2751 4513 per
2799 4447 2943 4516 quod
2976 4457 3030 4502 et
3075 4447 3441 4502 remissionem
3486 4436 3728 4510 peccatorum

2173 4510 2224 4569 Β
2255 4538 2519 4605 ὺπριίειιιο
2542 4548 2797 4605 operante
2819 4538 3183 4606 suscepimus;
3215 4538 3424 4591 nomina
3451 4542 3558 4585 vero
3576 4528 3727 4606 tantttm'

2255 4628 2414 4681 modo
2444 4628 2646 4696 singula
2674 4630 2723 4680 in
2758 4630 3003 4697 perstmis
3028 4629 3263 4699 perfecte
3293 4627 3647 4692 distinguamus.
3667 4605 3728 4699 fit?

2252 4736 2341 4789 gn,
2375 4720 2461 4773 ubi
2496 4719 2764 4773 vincitlutu
2799 4720 2919 4774 ﬁdei
2971 4722 3240 4773 invenitur
3271 4718 3404 4789 apud
3450 4728 3545 4771 eos,
3584 4704 3616 4758 si
3648 4694 3724 4789 sub:

2253 4810 2465 4865 stantia}
2513 4811 2730 4865 unitatis
2779 4825 2969 4864 nomen
3017 4812 3068 4864 in
3116 4811 3375 4865 Trinitate
3422 4820 3512 4859 non
3561 4780 3728 4850 tenetur?

2254 4908 2402 4976 Rogo
2423 4906 2872 4977 quemadmodum
2904 4908 2955 4960 in
2982 4907 3203 4976 singulis
3226 4903 3457 4972 personis
3480 4888 3660 4987 sing"?S
3677 4872 3724 4987 "fl

2251 4998 2496 5055 diversas
2528 4998 2888 5067 plenitudines
2914 5013 3035 5052 esse
3076 4998 3362 5060 ascribitis,
3405 4992 3515 5045 dl'm
3544 4982 3727 5086 "Finit:

2257 5101 2372 5144 tura
2418 5092 2487 5144 sit
2536 5093 2585 5145 in
2624 5090 2724 5144 bac
2755 5093 2864 5158 ipsa
2916 5090 3247 5159 plenitudine
3293 5086 3477 5141 divina:
3502 5070 3721 5169 Trinitatis}

2256 5183 2425 5251 “"90:
2459 5183 2728 5251 (inmundo
2753 5191 2863 5237 tres
2895 5198 3055 5235 unum
3085 5191 3231 5244 sunt,
3282 5181 3323 5235 εί
3354 5176 3538 5231 ιίίνθιςτι
3562 5165 3600 5215 in
3624 5161 3724 5206 utri:-

2253 5290 2357 5345 qnc
2386 5282 2469 5327 est
2496 5284 2681 5326 natura
2719 5273 3047 5328 divinitatis?
3077 5274 3243 5338 Rogo,
3277 5254 3722 5349 qnetu:nltnmluntst'

2256 5342 2557 5431 ptil‘ormem
2593 5364 2730 5417 hunc
2757 5362 3013 5431 Spiritum
3062 5364 3352 5432 sapientiae,
3399 5364 3447 5411 et
3491 5342 3721 5439 intellei'l":

2254 5454 2509 5521 Spiritum
2542 5455 2774 5517 consilii,
2821 5466 2873 5509 et
2902 5456 3132 5519 vittatis,
3182 5455 3424 5522 Spiritum
3466 5424 3722 5533 εϐίεπξίκεχῗ

2253 5547 2484 5615 pictatis,
2525 5547 2786 5615 Spiritum
2844 5547 3052 5601 timoris
3080 5545 3285 5600 Domini
3324 5544 3370 5595 in
3411 5543 3543 5591 utantt
3572 5522 3720 5615 inquit):

2251 5637 2409 5692 tionis
2435 5637 2685 5692 chrismzc
2716 5638 2975 5705 consequi
3030 5646 3321 5699 merentur,
3362 5637 3498 5700 quem
3538 5615 3589 5665 de
3617 5603 3721 5739 pulp:

2288 5730 2298 5739 .
2376 5728 2408 5739 ._
2474 5729 2506 5739 ..
2621 5730 2651 5739 ..
2697 5731 2763 5739 ..
2853 5730 2862 5739 .
3056 5730 3067 5739 ,
3378 5716 3628 5739 unum“

2248 5728 2581 5795 plenitudine
2602 5730 2895 5783 divinitatis
2922 5730 3217 5784 consistere
3250 5742 3348 5782 non
3370 5692 3719 5783 conttteturlii‘l‘

3840 2924 3843 3107 ι

3838 3118 3843 3348 l
