3938 6376
136 349 237 404 283

1346 343 1423 398 D3
1462 341 1834 399 TRINITATE
1878 345 2005 400 LIB.
2053 346 2181 402 VIII.

139 475 222 529 go,
257 471 360 511 non
390 453 593 524 legistis
617 453 917 522 apostolum
947 451 1161 506 Petrum
1194 452 1371 506 claves
1398 454 1550 523 regni
1592 468 1702 508 cte-
1730 456 1778 515 Α
1806 457 1979 512 adhuc.
2009 459 2138 514 nihil
2190 469 2242 515 te
2288 472 2591 518 commovet
2634 464 2701 517 de
2742 464 2822 517 bis
2852 475 2970 531 qua:
3020 467 3265 533 superius
3294 484 3384 522 se-

140 551 299 604 lorum
329 544 635 608 habentem,
668 543 882 597 Ananiae
903 542 1100 596 dixisse
1124 557 1138 593 :
1166 541 1336 605 Quare
1356 541 1580 597 Satanas
1605 544 1702 595 im-

140 639 284 707 plevit
304 639 391 689 eor
418 646 559 688 tuum
580 636 648 688 ad
677 635 1018 689 mentiendum
1040 632 1266 702 Spiritui
1293 636 1509 687 sancto?
1539 634 1601 688 Et
1626 634 1705 689 sic

140 738 439 800 prosecutus
468 728 626 799 265
648 734 730 781 est
752 742 767 780 :
788 724 907 779 Non
929 725 1167 779 mentitus
1195 740 1246 791 es
1270 724 1588 790 hominibus,
1614 729 1704 779 sed

140 821 262 883 Deo,
289 819 331 873 si
360 832 455 873 vos
484 832 605 871 eum
636 817 800 870 Deum
831 830 1012 870 verum
1044 829 1165 870 esse
1186 814 1431 884 negatis?
1466 817 1634 885 ltogo,
1657 816 1703 870 si

138 913 270 967 Deus
297 926 403 964 non
433 919 569 974 erat,
602 919 659 963 ut
679 908 879 973 dicitis,
911 907 994 961 hic
1018 906 1301 977 paraclitus
1331 906 1579 975 Spiritus,
1609 922 1707 962 cur

136 1005 229 1059 sibi
262 1012 460 1057 tantam
492 1002 862 1057 auctoritatem
893 999 1248 1067 prazsumebat
1282 1000 1347 1053 ad
1391 999 1701 1067 discipulus,

136 1098 344 1151 dicens:
382 1095 659 1165 Segregate
700 1094 825 1145 mihi
855 1090 1099 1159 Paulum,
1146 1100 1191 1144 et
1226 1090 1538 1154 Barnabam,
1578 1107 1708 1159 quos

133 1187 257 1257 elegi
284 1187 333 1238 in
359 1201 491 1254 apus
515 1184 781 1237 ministerii
810 1184 860 1235 in
888 1197 988 1251 quo
1016 1182 1269 1257 assumpsi
1295 1197 1384 1235 eos
1421 1181 1558 1249 (Act.
1590 1196 1705 1246 xm,

135 1278 222 1348 2)?
257 1276 418 1331 Vides
442 1276 565 1345 quia
592 1276 731 1329 Deus
755 1282 838 1329 est
884 1274 974 1342 qui
998 1273 1315 1343 segregavit,
1358 1284 1412 1327 et
1434 1274 1521 1340 qui
1543 1273 1711 1343 elegit

138 1372 186 1431 in
214 1383 345 1439 opus
383 1366 684 1431 ministerii,
738 1365 791 1419 in
831 1379 938 1434 quo
973 1372 1027 1418 et
1054 1365 1343 1433 assumpsit
1384 1378 1499 1418 eos.
1533 1364 1703 1432 Rogo,

135 1460 575 1533 quemadmodum
604 1460 720 1514 haec
748 1459 892 1513 unita
924 1456 1197 1525 plenitudo
1219 1457 1413 1516 divinae
1432 1455 1708 1511 Trinitatis

134 1573 161 1610 ιι
192 1555 338 1609 vobis
367 1552 646 1617 dividitur,
690 1565 810 1606 cum
850 1564 987 1604 unus
1023 1548 1078 1603 in
1110 1563 1236 1613 uno,
1282 1557 1373 1603 aut
1398 1556 1543 1603 certe
1570 1562 1707 1601 unus

136 1648 185 1702 in
214 1648 452 1715 utrisque
494 1644 789 1701 consistere
832 1644 972 1698 inter
1008 1656 1067 1697 se
1110 1641 1486 1697 declarentur?
1532 1641 1702 1710 Rogo,

135 1740 219 1792 tibi
247 1753 351 1792 una
389 1739 525 1792 ﬁdes
554 1750 673 1791 esse
701 1734 1021 1799 ostenditur,
1054 1732 1103 1787 si
1128 1733 1450 1803 sempiterna
1474 1732 1707 1787 Trinitas

1806 549 2038 602 cundum
2072 550 2364 619 Scriptura:
2407 554 2761 609 rectissimam
2808 554 3001 609 lineam
3046 557 3111 610 ad
3140 556 3383 613 ordinem

1807 638 1899 692 tibi
1930 638 2216 709 diligenter
2245 646 2499 710 exposui,
2522 645 2721 712 Optime
2751 646 3065 714 Theophile,
3097 656 3154 702 ut
3184 662 3319 715 cogn
3344 669 3385 695 ιο

1807 744 1924 784 scas
1956 732 2273 798 verborum,
2305 734 2371 788 de
2402 736 2597 804 quibus
2623 739 2730 803 jam
2764 738 3009 805 superius
3034 738 3277 794 eruditus
3301 754 3381 804 es.

1806 824 2085 878 veritatem
2111 841 2126 878 :
2158 827 2247 879 Ait
2276 830 2739 900 psalmographus,
2770 830 2878 884 imo
2916 845 3186 898 praesagus
3214 831 3383 899 Spiri-

1808 922 1892 968 tus
1927 930 2022 983 per
2060 915 2528 986 psalmographum
2560 938 2573 973 :
2610 921 2773 975 Verbo
2815 921 3018 975 Domini
3047 924 3157 975 caeli
3197 923 3421 987 ﬁrmati-

1806 1016 1954 1073 sunt,
1979 1018 2024 1061 et
2056 1009 2258 1077 Spiritu
2300 1011 2404 1064 oris
2441 1016 2553 1081 ejus
2581 1015 2745 1067 omnis
2791 1015 2950 1067 virtus
2994 1030 3165 1067 eorum
3208 1012 3379 1081 (Psat.

1807 1115 1987 1165 xxxii,
2016 1100 2095 1167 6).
2128 1100 2320 1168 Utique
2340 1100 2525 1157 dicens
2551 1103 2776 1159 Verbum
2795 1146 2809 1171 ,
2841 1105 3031 1158 Filium
3057 1106 3382 1160 declaravit:

1809 1192 2089 1245 Dominum
2121 1202 2297 1245 autem
2331 1194 2543 1247 Patrem
2572 1196 2687 1263 ejus
2727 1198 3008 1262 indicavit,
3048 1208 3101 1253 et
3128 1198 3383 1267 Spiritum

1807 1283 1917 1337 oris
1955 1283 2094 1350 ejus,
2126 1283 2381 1352 Spiritum
2429 1286 2779 1353 principalem
2810 1302 2929 1343 esse
2970 1289 3380 1343 demonstravit.

1813 1373 1970 1427 Vides
2000 1388 2160 1442 quam
2204 1373 2440 1429 breviter
2477 1389 2573 1443 per
2612 1377 2851 1445 singulas
2888 1380 3306 1447 signillcationes
3335 1382 3388 1434 in

1808 1462 2051 1529 personis
2083 1463 2259 1517 inesse
2300 1461 2571 1527 distinxit,
2606 1464 2654 1518 id
2686 1475 2768 1519 est
2818 1466 3047 1521 Verbum
3068 1507 3083 1532 ,
3114 1476 3170 1523 et
3211 1468 3390 1521 Domi-

1809 1570 1933 1608 nttm
1952 1595 1965 1617 ,
1987 1564 2039 1610 et
2061 1554 2348 1621 Spiritum;
2378 1565 2432 1609 et
2459 1556 2658 1609 unitam
2690 1558 3058 1624 operationem
3084 1559 3139 1613 in
3166 1559 3388 1614 ltis‘esse

1808 1647 2078 1701 ostendit?
2106 1646 2235 1700 Nam
2266 1647 2311 1701 si
2355 1656 2406 1702 te
2444 1647 2620 1703 adhuc
2666 1650 2717 1702 in
2747 1650 2926 1718 aliquo
2961 1651 3281 1719 ambiguitas
3312 1660 3391 1705 te-

1810 1747 1931 1802 net,
1963 1738 2151 1791 eadem
2198 1739 2310 1804 ipsa
2361 1748 2565 1806 repeto.
2594 1738 2691 1792 Ubi
2740 1739 2900 1808 266
2936 1739 3038 1804 ait,
3080 1738 3241 1793 Verbo
3284 1740 3391 1794 Do-

134 1830 266 1898 apud
292 1845 391 1885 eos
420 1829 595 1885 uniter
634 1842 754 1883 esse
782 1841 887 1882 non
919 1825 1210 1893 accipitur?
1252 1824 1358 1879 Cur
1387 1824 1579 1893 legitis,
1623 1822 1704 1877 Ex
1736 1828 1779 1888 Β
1808 1829 1957 1890 min",
1991 1844 2094 1880 non
2123 1842 2311 1881 sonum
2345 1830 2489 1883 vocis
2522 1828 3068 1883 inconsubstantivum
3096 1843 3218 1884 esse
3247 1832 3389 1884 acci-

131 1926 259 1994 ipso,
290 1934 335 1978 et
360 1939 451 1993 per
478 1925 670 1992 ipsum,
702 1932 747 1976 et
775 1922 825 1973 in
856 1922 967 1991 ipso
992 1919 1172 1990 (Rom.
1196 1934 1270 1981 XI,
1294 1916 1387 1986 35)
1416 1917 1460 1970 si
1488 1916 1703 1970 unitatis

132 2032 322 2070 nomen
348 2019 402 2070 in
433 2016 631 2069 deitate
662 2014 935 2068 Trinitatis
961 2010 1218 2075 diriditis,
1264 2018 1316 2064 et
1345 2008 1542 2061 unitam
1574 2021 1700 2076 ope-

130 2108 390 2163 rationem
432 2122 619 2161 eorum
652 2106 705 2160 in
738 2106 939 2159 factura
967 2118 1085 2160 esse
1113 2102 1356 2172 negatis?
1398 2101 1565 2167 Rogo,
1596 2116 1700 2155 non

130 2201 331 2270 legistis
360 2200 672 2269 Apostolum
716 2199 932 2263 dixisse,
982 2196 1065 2251 Ea:
1098 2197 1233 2261 Deo,
1281 2212 1451 2248 coram
1474 2193 1604 2260 Deo,
1646 2193 1701 2245 iu

126 2289 329 2344 Christo
352 2291 611 2360 loquimur
632 2289 715 2359 (Il
742 2290 861 2344 Cor.
887 2306 941 2353 tt,
975 2290 1083 2358 Π),
1114 2288 1163 2342 id
1189 2298 1359 2341 estex
1395 2287 1505 2341 Deo
1524 2286 1701 2351 Patre,

126 2391 178 2435 et
204 2396 387 2436 coram
421 2382 527 2436 Deo
572 2389 757 2435 sancto
784 2380 1009 2447 Spiritu,
1063 2380 1114 2431 in
1165 2378 1381 2431 Christo
1426 2374 1561 2429 Filio
1610 2375 1705 2429 Dei

127 2474 496 2528 testimonium
541 2470 929 2540 praedicamus?
992 2470 1098 2522 Cur
1137 2468 1312 2537 legitis
1357 2465 1707 2533 historiogra-

126 2567 294 2634 pItum
327 2566 558 2635 Moysem
587 2563 869 2629 indicasse,
902 2562 970 2617 Et
998 2562 1127 2614 dixit
1149 2560 1307 2622 Deus,
1334 2568 1380 2611 et
1411 2557 1528 2628 fecit
1550 2556 1707 2617 Deus,

123 2669 173 2711 et
203 2657 462 2712 benedixit
493 2654 633 2709 Deus
659 2655 812 2725 (Gen.
849 2656 911 2723 t),
944 2654 987 2706 si
1024 2652 1125 2705 hoc
1150 2650 1301 2704 unito
1332 2648 1547 2702 nomine
1576 2646 1710 2702 divi-

127 2749 319 2804 nitatis
352 2748 527 2802 uniter
548 2754 825 2817 operatum
858 2744 1022 2799 fuisse
1054 2758 1157 2797 non
1182 2741 1457 2810 accipitis?

198 2844 561 2916 Interrogatio.
591 2842 767 2912 Itaque
795 2838 1241 2910 quemadmodum
1273 2835 1561 2891 multifarie
1593 2837 1711 2890 uni-

128 2947 236 2991 tum
268 2952 464 2991 nomen
492 2936 767 2989 Trinitatis
798 2932 926 2987 mihi
960 2932 1129 3002 palam
1164 2930 1335 2985 fecisti
1364 2948 1376 2983 :
1422 2931 1465 2984 si
1497 2944 1622 2999 ergo
1655 2936 1711 2981 et

128 3030 308 3081 omnia
345 3027 520 3081 uniter
548 3026 631 3080 sic
666 3024 720 3078 hi
758 3026 1024 3087 fecerunt,
1061 3021 1175 3076 haec
1202 3020 1343 3076 dicta
1374 3019 1440 3075 de
1478 3020 1712 3074 auctori-

130 3128 236 3173 tate
265 3128 324 3171 ut
350 3117 523 3172 adhuc
546 3118 664 3187 jure
692 3117 977 3170 conﬁrmes
1006 3114 1237 3184 postulo.

1807 1923 1949 1990 pias,
1982 1936 2136 1990 quem
2179 1920 2222 1974 si
2270 1921 2473 1974 vaiidus
2515 1922 2635 1988 quis
2678 1920 2919 1975 emiserit
2962 1921 3031 1975 de
3075 1922 3379 1983 montibus,

1804 2012 1943 2064 solet
1976 2025 2098 2064 reso
2139 2024 2231 2063 are
2260 2009 2394 2063 echo
2420 2026 2435 2063 :
2466 2010 2621 2078 cujus
2664 2020 2869 2066 tantum
2903 2011 2953 2066 in
2983 2010 3261 2079 phantasia
3291 2026 3392 2064 au-

1805 2103 1944 2155 ditus
1974 2110 2057 2157 est
2096 2102 2420 2167 resonantis,
2446 2102 2548 2167 sed
2585 2102 2760 2157 tactus
2791 2102 2990 2156 nullus.
3020 2101 3161 2157 Sane
3192 2102 3259 2157 de
3290 2102 3391 2156 hoc

1805 2194 1967 2248 verbo
2008 2194 2213 2247 Domini
2267 2195 2436 2248 nostri
2487 2195 2692 2259 Patris,
2723 2196 2811 2264 qui
2854 2204 2937 2250 est
2984 2195 3130 2251 salus
3176 2203 3391 2259 nostra,

1805 2285 1943 2337 sicut
1974 2283 2167 2352 ubique
2206 2283 2401 2338 divinre
2435 2284 2726 2350 Scriptum
2763 2292 3043 2350 testantur,
3072 2285 3195 2353 quia
3228 2284 3392 2339 Filius

1809 2376 1901 2429 Dei
1942 2376 2080 2429 Deus
2120 2384 2203 2430 est
2246 2378 2646 2445 substantivus,
2692 2392 2787 2446 per
2827 2393 2986 2448 quem
3028 2379 3204 2431 omnia
3255 2377 3392 2432 facta
3452 2441 3460 2447 _

1806 2476 1953 2523 sunt.
2000 2469 2139 2537 Ergo
2185 2470 2307 2536 quia
2357 2470 2537 2522 dixit:
2579 2469 2742 2523 Verbo
2789 2469 2997 2522 Domini
3044 2470 3156 2522 cali
3202 2470 3393 2536 firmati

1809 2569 1955 2625 sunt,
1986 2570 2030 2612 et
2063 2560 2263 2627 Spiritu
2294 2562 2395 2613 oris
2436 2562 2547 2630 ejus
2589 2561 2754 2614 omnis
2792 2561 2955 2615 virtus
2997 2576 3167 2614 eorum
3211 2559 3390 2630 (Paul.

1812 2669 1991 2715 χχχιι,
2018 2651 2110 2722 6),
2138 2667 2401 2721 cognosce
2446 2650 2547 2706 hoc
2582 2651 2810 2707 Verbum
2857 2653 3243 2706 substantivum
3285 2664 3392 2705 non

1811 2743 2024 2797 aliunde
2064 2758 2225 2812 quam
2266 2742 2334 2797 de
2379 2742 2537 2799 Patre
2578 2743 2791 2812 proprie
2835 2753 3016 2796 uatum
3058 2742 3257 2797 fuisse:
3298 2742 3392 2795 sed

1812 2848 1861 2887 et
1894 2832 2147 2901 Spiritum
2173 2834 2283 2887 oris
2307 2833 2443 2901 ejus,
2472 2849 2593 2887 eum
2622 2834 2879 2902 Spiritum
2908 2834 3080 2896 dixit,
3110 2832 3200 2903 qui
3237 2832 3305 2887 de
3333 2847 3394 2887 se

1812 2927 1922 2995 ipsa
1955 2926 2099 2980 unita
2140 2926 2434 2981 substantia
2467 2926 2768 2996 processit,
2800 2925 2939 2980 sicut
2976 2935 3191 2978 cautum
3238 2925 3390 2978 inve-

1809 3020 2007 3085 nimus,
2037 3034 2139 3072 nou
2170 3035 2237 3072 ex
2269 3019 2368 3071 alia
2397 3028 2585 3071 natura
2618 3032 2773 3084 quam
2804 3015 2870 3069 de
2898 3015 3013 3081 ipsa
3039 3033 3050 3066 :
3085 3030 3147 3068 ac
3176 3030 3269 3083 per
3294 3015 3396 3068 hoc

1811 3109 1957 3164 unita
1985 3120 2068 3164 est
2099 3110 2288 3172 Patris,
2323 3109 2440 3164 Filii
2461 3150 2473 3170 ,
2504 3119 2554 3163 et
2588 3107 2819 3175 Spiritus
2847 3104 3019 3159 sancti
3060 3104 3353 3157 substantia
3378 3147 3393 3169 ,

204 3208 508 3277 Responsio.
543 3209 676 3262 Audi
718 3222 857 3261 nunc
902 3222 1062 3260 unum
1107 3206 1174 3260 de
1204 3204 1385 3259 multis
1432 3203 1703 3271 pertinens
1732 3195 1781 3259 C
1811 3218 1966 3272 quam
2001 3201 2173 3257 Grmci
2213 3200 2399 3253 dicunt
2428 3200 2620 3253 usiam.
2652 3197 2757 3253 Sed
2787 3207 2840 3252 ct
2868 3198 3015 3250 unita
3055 3204 3135 3250 est
3160 3194 3396 3263 ejusdem

129 3302 450 3371 exemplum.
483 3300 748 3355 Memento
793 3307 911 3368 post
958 3298 1095 3352 hanc
1134 3307 1334 3350 tantam
1386 3294 1706 3350 satisfactio-

129 3408 283 3457 nem,
322 3392 595 3461 hucusque
624 3392 725 3446 erit
754 3390 874 3443 finis
918 3404 1097 3444 sermo
1135 3388 1388 3442 dicentis.
1433 3386 1487 3441 Si
1528 3396 1705 3439 tamen

1812 3295 2089 3347 Triuititis
2117 3293 2359 3361 operatio
2391 3292 2445 3345 in
2477 3291 2701 3344 factura.

184 3475 3356 3504 h—————_———_—-————n————————————————

1026 3544 1567 3652 LIBER
1668 3540 2527 3649 OCTAVUS.

1461 3685 1550 3743 De
1585 3681 1773 3744 Fidei
1801 3685 2061 3745 unitate.

1572 3801 1632 3834 AD
1651 3796 1963 3833 TBEOPHILUM.

193 3925 358 3981 Fides
386 3925 541 3980 unius
569 3922 880 3979 substantiae
909 3919 1186 3975 Trinitatis
1217 3919 1330 3972 haec
1359 3926 1472 3984 est,
1511 3916 1702 3979 Patris,

125 4027 175 4072 ct
216 4018 373 4081 Filii,
407 4027 460 4072 et
502 4018 729 4086 Spiritus
775 4016 980 4080 sancti,
1012 4013 1131 4068 sine
1176 4012 1330 4067 initio
1373 4016 1706 4079 temporum,

125 4124 291 4175 super
323 4122 536 4161 omnem
561 4120 772 4161 sensum
800 4118 853 4161 et
882 4120 1187 4161 sermonem
1212 4113 1266 4160 et
1296 4104 1573 4173 spiritum,
1606 4116 1709 4156 una

125 4202 325 4259 virtus,
354 4213 488 4251 unus
516 4198 655 4251 Deus
683 4216 695 4251 :
724 4197 823 4251 tria
853 4211 983 4250 vero
1009 4195 1298 4256 voeabula,
1323 4208 1427 4248 una
1457 4200 1712 4261 potestas,

127 4291 377 4345 nascitur
420 4289 507 4343 Dei
552 4288 781 4342 Verbum
832 4288 897 4341 de
946 4287 1110 4340 Maria
1156 4285 1408 4354 Virgine,
1448 4283 1715 4350 accipiens

131 4398 335 4451 corpus
366 4380 619 4436 animale.
654 4380 757 4434 Sed
788 4379 901 4449 ipse
932 4391 1125 4432 sensus
1152 4391 1258 4431 non
1296 4375 1606 4444 praecellens
1634 4382 1717 4429 est

136 4477 225 4531 Dei
262 4474 518 4528 Verbum.
548 4472 661 4527 Non
693 4470 1113 4542 comprehensus
1144 4482 1173 4521 a
1200 4483 1362 4523 earn:
1391 4481 1588 4530 sermo,
1622 4466 1714 4521 sed

138 4570 187 4622 in
209 4581 375 4623 carne
404 4576 458 4620 et
484 4580 644 4635 super
672 4580 916 4630 carnem,
956 4564 1096 4617 sicut
1126 4562 1267 4615 Deus
1306 4562 1589 4628 prmscius,
1627 4557 1719 4611 Dei

139 4661 331 4724 virtus,
363 4658 457 4712 Dei
488 4659 704 4712 veritas.
740 4657 933 4710 Passus
978 4664 1157 4707 autem
1201 4650 1485 4705 humanam
1520 4649 1720 4717 passio-

141 4765 299 4804 nem:
336 4762 513 4802 sermo
559 4747 650 4801 Dei
688 4745 1049 4812 impassibilis.
1092 4743 1160 4797 Et
1203 4744 1254 4797 in
1306 4741 1552 4811 passione
1598 4740 1721 4810 qui-

143 4842 261 4895 dem
307 4850 506 4908 corpus
545 4837 793 4899 moritur,
824 4846 879 4890 ut
906 4835 1140 4888 vivilicet
1176 4831 1597 4903 protoplastum,
1630 4829 1719 4899 qui

142 4931 408 4986 ceciderat
436 4944 534 4999 per
564 4928 999 4982 inobedieutiam.
1047 4926 1203 4995 267
1236 4924 1280 4979 0
1327 4924 1509 4985 homo,
1552 4920 1723 4976 deita-

145 5032 244 5077 tem
274 5021 495 5093 quzeris,
524 5020 768 5089 vitupero
800 5027 852 5072 te
878 5035 890 5070 :
926 5020 968 5071 si
1001 5015 1200 5082 credis,
1232 5015 1371 5069 bene
1400 5013 1556 5069 facis.
1582 5012 1689 5067 Cre
1708 5036 1723 5052 ο

145 5118 266 5173 dere
294 5116 393 5171 tibi
422 5114 628 5184 jussum
656 5123 768 5179 est,
816 5128 918 5167 non
950 5112 1223 5165 discutere
1254 5108 1573 5178 permissum
1617 5114 1720 5161 est.

149 5207 199 5264 Si
228 5218 407 5263 autem
439 5206 681 5272 discutis,
713 5214 767 5259 et
806 5204 959 5267 dicis,
1001 5200 1283 5267 Quomodo
1322 5197 1517 5253 Pater?
1550 5198 1617 5252 de
1646 5198 1725 5251 lu-

152 5304 287 5357 mine
333 5299 609 5364 excidisti;
639 5305 695 5353 et
720 5297 763 5351 si
809 5295 1029 5358 dixeris,
1074 5292 1357 5361 Quomodo
1396 5289 1599 5344 Filius?
1627 5304 1721 5345 uc-

150 5403 321 5447 curret
349 5392 447 5447 tibi
483 5405 660 5446 sermo
689 5388 1047 5459 prepheticus,
1074 5387 1260 5440 dicens
1286 5402 1298 5436 :
1331 5381 1723 5437 Generatienem

152 5488 256 5554 ejus
292 5486 408 5554 quis
444 5481 703 5536 enarrabit
754 5482 889 5552 (Act.
914 5496 1033 5544 vui,
1059 5475 1188 5548 55)?
1215 5476 1348 5531 Vide
1378 5491 1505 5546 ergo
1551 5489 1617 5529 ne
1644 5472 1725 5527 'si—

153 5576 343 5629 militer
371 5572 587 5627 excidas
613 5587 641 5625 a
670 5572 906 5626 lumine:
939 5584 1096 5625 nemo
1122 5569 1266 5624 enim
1315 5569 1464 5621 novit
1507 5567 1724 5621 Patrem

156 5669 252 5722 nisi
284 5667 472 5733 Filius,
501 5679 675 5736 neque
706 5666 895 5720 Filium
926 5664 1023 5717 nisi
1057 5664 1235 5717 Pater.
1276 5661 1379 5728 Qui
1422 5669 1529 5714 tres
1560 5662 1723 5713 virtu-

157 5766 234 5813 tes
264 5759 493 5824 inducit,
528 5767 636 5814 tres
685 5758 814 5817 deos
853 5758 1158 5819 conﬁtetur.
1187 5755 1293 5811 Nos
1332 5765 1506 5811 autem
1552 5753 1724 5809 credi-

1812 3929 1931 3968 mus
1960 3922 2071 3968 tres
2118 3927 2397 3981 personas,
2447 3913 2606 3968 unain
2639 3913 2915 3971 deitatem.
2964 3913 3186 3980 Quando
3230 3922 3405 3968 autem

1814 4007 2177 4061 nominaveris
2228 4007 2474 4069 Patrem,
2516 4006 2781 4059 clariﬁcas
2825 4005 3053 4058 Filium:
3097 4014 3151 4058 et
3193 4004 3408 4072 quando

1817 4101 2179 4155 nominaveris
2205 4099 2397 4152 Filium
2417 4137 2431 4161 ,
2457 4100 2651 4150 adoras
2682 4096 2918 4149 Patrem.
2948 4096 3004 4151 Si
3031 4096 3223 4149 iterum
3247 4110 3408 4148 unam

1778 4190 1779 4193 “
1820 4204 2107 4259 personam
2129 4189 2409 4242 Trinitatis
2431 4187 2683 4251 dicimus,
2708 4185 3064 4255 judaizamus,
3090 4185 3209 4253 quia
3238 4183 3410 4237 Judaei

1826 4297 1987 4335 unam
2016 4294 2301 4350 personam
2335 4279 2548 4343 dicunt,
2575 4288 2629 4332 et
2654 4292 2814 4330 unum
2850 4276 3014 4329 Deum
3059 4274 3404 4328 conﬁtentur.

1825 4373 1881 4429 Si
1915 4382 2023 4427 tres
2058 4373 2192 4427 deos
2217 4372 2536 4435 inducimus,
2562 4369 2765 4423 similes
2787 4382 2971 4421 sumus
3000 4366 3267 4437 gentibus.
3305 4366 3410 4421 Sed

1825 4466 2146 4521 confitemur
2174 4465 2383 4518 Patrem
2415 4464 2468 4516 in
2503 4461 2659 4525 Filio,
2688 4469 2743 4515 et
2773 4459 2962 4513 Filium
3007 4461 3058 4513 in
3088 4459 3245 4513 Patre
3286 4472 3407 4513 cum

1826 4556 2031 4625 Spiritu
2076 4567 2286 4611 sancto.
2318 4553 2434 4608 Non
2477 4562 2757 4623 separatur
2786 4554 2988 4615 unitas,
3022 4566 3127 4605 non
3159 4550 3413 4604 dividitur

1824 4651 2025 4713 deitas;
2077 4649 2214 4703 Deus
2234 4664 2299 4701 ex
2328 4646 2459 4713 Deo,
2494 4660 2598 4699 non
2627 4644 2733 4697 duo
2758 4645 2826 4697 dii
2856 4662 2867 4696 :
2902 4646 3069 4698 virtus
3096 4659 3160 4696 ex
3190 4643 3409 4709 virtute,

1824 4745 1918 4800 sed
1950 4758 2049 4797 una
2082 4740 2249 4793 virtus
2276 4756 2289 4791 :
2326 4738 2503 4792 lumen
2530 4737 2597 4791 de
2628 4738 2852 4799 lumine,
2883 4735 2973 4788 scd
3003 4750 3164 4788 unum
3194 4735 3370 4787 lumen
3400 4751 3412 4787 :
3452 4794 3453 4797 η

1825 4837 2023 4889 veritas
2060 4848 2122 4888 ex
2167 4831 2414 4893 veritate,
2441 4828 2537 4883 sed
2578 4841 2683 4881 una
2723 4828 2959 4886 veritas:
2993 4825 3143 4881 teSIis
3187 4840 3292 4878 non
3332 4833 3417 4878 est

1826 4928 2020 4983 emtum
2040 4968 2053 4991 ,
2082 4939 2184 4978 non
2213 4922 2378 4988 teria,
2404 4936 2507 4975 non
2537 4935 2702 4981 mare,
2730 4936 2834 4973 nou
2870 4908 2954 4973 lux
2975 4965 2987 4987 ,
3014 4934 3116 4972 non
3151 4917 3406 4979 tenebrzr,

1830 5037 1933 5077 non
1958 5018 2149 5087 angeli,
2176 5031 2346 5085 neque
2374 5013 2703 5083 archangeli,
2737 5029 2908 5080 neque
2930 5011 3212 5075 cherubin,
3242 5023 3414 5079 neque

1833 5112 2114 5182 seraphin,
2142 5108 2238 5165 sed
2262 5116 2379 5162 erat
2399 5116 2523 5162 ante
2552 5106 2865 5175 principium
2900 5104 3064 5160 Filius
3088 5118 3209 5157 cum
3235 5101 3413 5155 Patre.

1831 5206 1997 5261 Nemo
2017 5202 2288 5274 cognoscit
2312 5200 2706 5266 innascibilem,
2727 5200 2825 5254 nisi
2848 5200 2934 5268 qui
2958 5207 3113 5252 natus
3134 5204 3217 5251 est
3234 5194 3299 5247 ab
3316 5206 3409 5245 eo:

1832 5296 2091 5353 scit'unde
2110 5296 2181 5349 sit
2202 5302 2389 5359 natus;
2420 5308 2590 5362 neque
2620 5292 2926 5346 nascihilem
2954 5288 3143 5357 aliquis
3167 5285 3287 5350 scit,
3311 5282 3412 5335 nisi

1835 5390 1922 5459 qui
1946 5387 2147 5457 genuit.
2175 5386 2333 5440 Pater
2354 5384 2457 5439 scit
2478 5399 2635 5452 quem
2656 5382 2920 5452 genuerit,
2940 5378 3185 5434 similiter
3203 5372 3415 5442 genitus

1831 5480 2129 5549 genitorem
2151 5478 2272 5542 scit,
2305 5478 2478 5532 Patris
2508 5477 2789 5531 consilium
2809 5484 2859 5527 et
2878 5470 3152 5539 sapientia,
3186 5480 3286 5520 una
3306 5468 3416 5520 vir-

1833 5579 1937 5633 tus,
1967 5579 2020 5625 et
2048 5584 2152 5624 una
2178 5569 2375 5624 Deitas.
2408 5568 2749 5622 Nativitntem
2780 5566 2894 5620 Filii
2921 5562 3011 5615 Dei
3038 5557 3268 5631 qureris?
3299 5558 3416 5628 lege

1836 5663 2102 5733 propriam
2136 5664 2462 5716 nativitatem
2490 5674 2556 5715 ex
2583 5658 2785 5727 virgine
2814 5654 3006 5717 Maria;
3046 5652 3141 5707 sed
3170 5650 3415 5704 uativitas

1841 5754 1959 5811 Filii
1994 5754 2088 5809 Dei
2130 5762 2255 5809 ante
2287 5750 2638 5823 principium,
2679 5744 2816 5815 apud
2850 5744 3058 5799 Patrem
3100 5752 3199 5799 est.
3232 5738 3419 5796 (Ionii-
