3938 6376
495 363 598 420 287

1791 367 2012 420 ViGlLll
2054 365 2418 421 TAPSI‘ZNSlS

3656 363 3756 418 283

497 488 613 532 teor
639 483 780 533 enim
806 497 970 534 unum
994 481 1384 544 innascibilem,
1407 491 1460 533 et
1485 495 1643 532 unum
1677 489 1874 531 natum.
1897 479 2068 532 Confl-
2098 483 2149 543 Α
2180 479 2353 531 iactus
2384 480 2584 545 carnis,
2615 479 2785 532 Patris
2811 479 3024 541 virtute,
3055 477 3155 532 hoc
3186 486 3266 531 est
3287 478 3446 532 Jesus
3475 473 3754 530 Christus.

493 576 608 622 teor
639 570 848 624 Patrem
873 573 1313 640 omnipotentem,
1342 572 1457 624 sine
1483 571 1656 634 initio,
1678 571 1795 623 sine
1824 569 1945 633 fine,
1972 571 2058 638 qui

490 663 669 712 omnia
689 669 855 724 tenet,
880 671 932 714 et
953 678 979 712 a
1010 662 1152 714 nullo
1185 670 1420 723 tenetur;
1451 661 1626 713 omnia
1655 661 1932 728 gubernat,
1958 670 2009 712 et
2031 673 2059 710 a

491 750 642 802 nullo
657 751 1010 818 gubernatur;
1035 754 1212 805 omnia
1247 752 1410 816 videt,
1439 753 1551 819 ipse
1582 762 1757 804 autem
1781 750 2060 803 invisibilis

487 848 593 894 est.
617 841 884 894 Conﬁteor
907 842 1087 896 J‘esum
1113 843 1384 896 Chri~tum
1418 841 1607 895 Filium
1634 841 1749 906 Dei,
1773 857 1893 894 cum
1916 839 2058 893 omni

460 932 716 985 -consilio
753 941 805 985 et
833 932 1026 987 virtute
1057 944 1289 1001 paterna:
1321 935 1552 990 deitatis.
1584 934 1846 1000 Quantam
1881 943 2057 988 autem

487 1022 738 1076 virtutem
769 1023 926 1078 habet
973 1025 1147 1090 Pater,
1193 1037 1390 1079 tantam
1425 1028 1583 1080 habet
1625 1035 1678 1080 et
1723 1026 1907 1080 Filius.
1943 1025 2057 1080 Non

486 1110 800 1165 diminuitur
821 1116 1030 1182 genitus
1050 1117 1117 1168 ab
1137 1130 1203 1168 eo
1227 1118 1312 1184 qui
1346 1127 1426 1170 est
1455 1115 1802 1170 innascibilis.
1832 1115 2061 1184 Spiritus

487 1215 702 1258 sanctus
730 1221 899 1274 neque
931 1218 1108 1269 natus,
1145 1224 1314 1276 neque
1345 1208 1698 1268 innascibilis,
1729 1224 1833 1260 non
1867 1207 2055 1271 factus,

483 1309 656 1361 neque
685 1305 918 1350 creatus.
959 1298 1013 1351 Si
1053 1309 1230 1351 autem
1261 1299 1446 1353 dixero
1480 1310 1691 1364 natum,
1724 1299 1856 1353 duos
1895 1299 2060 1353 Filios

480 1392 662 1438 statuo
677 1400 740 1438 ex
763 1388 925 1457 268
955 1404 1060 1440 uno
1087 1390 1242 1442 Patre
1261 1431 1273 1452 ,
1299 1400 1352 1442 et
1385 1406 1490 1441 non
1518 1406 1677 1442 utmm
1709 1406 1770 1444 ex
1806 1405 1929 1456 uno,
1967 1397 2059 1442 aut

481 1476 650 1529 solum
696 1493 757 1531 ex
803 1479 940 1531 solo.
973 1480 1078 1532 Aut
1106 1496 1240 1533 unus
1285 1481 1440 1534 Pater
1486 1496 1548 1534 ex
1593 1497 1697 1550 quo
1727 1482 1930 1544 omnia,
1969 1489 2061 1534 aut

479 1580 614 1618 unus
642 1566 798 1621 Jesus
827 1567 1069 1622 Christus
1120 1586 1214 1639 per
1252 1587 1408 1639 quem
1440 1573 1638 1624 omnia.
1686 1572 1752 1626 Et
1793 1573 1834 1624 si
1868 1573 2057 1626 dixero

482 1654 883 1719 innascibilem,
912 1657 1018 1724 jam
1055 1673 1159 1711 n0n
1191 1677 1324 1713 unus
1355 1667 1508 1714 Pater
1538 1663 1876 1730 omnipotens
1901 1642 2058 1715 inna-

480 1747 711 1810 scibilis;
745 1749 837 1800 sed
881 1749 1014 1802 duos
1062 1751 1190 1804 dens
1221 1761 1414 1804 statuo.
1453 1753 1515 1804 Et
1557 1754 1598 1804 si
1645 1753 1834 1806 dixero
1881 1752 2049 1806 factu-

476 1852 617 1902 ram,
651 1840 921 1907 gentiliter
949 1857 1129 1908 quaero
1157 1858 1170 1895 :
1204 1851 1385 1910 gentes
1412 1843 1553 1896 enim
1579 1843 1840 1896 facturam
1867 1859 2054 1897 manus

476 1929 732 1992 adorant,
762 1939 814 1982 et
846 1946 949 1983 non
992 1930 1243 1985 factorem
1285 1935 1406 1987 cceli
1447 1946 1496 1988 et
1537 1944 1714 1988 terra}.
1758 1935 1893 2001 Quid
1927 1950 2053 2002 ergo

475 2016 642 2072 habes
667 2018 912 2074 edicere?
941 2019 1287 2089 phantasma?
1310 2024 1463 2079 Absit
1489 2043 1498 2076 :
1526 2025 1777 2092 quoniam
1809 2025 2057 2092 blasphe-

475 2108 580 2161 mia
625 2110 856 2176 Spiritus
897 2114 1068 2166 sancti
1108 2129 1212 2166 non
1246 2115 1566 2167 remittetur.
1599 2102 1880 2180 Quomodo
1926 2130 2053 2182 ergo

473 2197 586 2252 duo
607 2198 744 2266 ligna
774 2200 1091 2268 conjuncta,
1127 2202 1287 2255 missa
1326 2201 1378 2255 in
1412 2202 1678 2256 fornacem
1719 2203 1878 2270 ignis,
1908 2212 1959 2255 et
1986 2202 2059 2256 de

473 2289 678 2345 duobus
708 2291 867 2361 lignis
911 2293 1154 2362 procedit
1185 2294 1398 2348 ﬂamma
1435 2295 1841 2364 inseparabilis;
1880 2296 1958 2349 sic
1987 2295 2054 2350 de

473 2379 646 2437 Patris
667 2393 721 2438 et
753 2384 870 2439 Filii
899 2385 1096 2440 virtute
1133 2387 1377 2456 procedit
1424 2388 1657 2458 Spiritus
1698 2398 1938 2454 sanctus,
1972 2389 2050 2457 ip-

470 2489 583 2530 sam
609 2477 856 2534 virtutem
881 2478 1093 2534 deitatis
1120 2480 1350 2545 habens;
1380 2483 1514 2535 sicut
1539 2482 1881 2536 beatissimus
1908 2482 2043 2535 Pau-

470 2568 552 2623 lus
583 2570 786 2637 posuit,
825 2568 1046 2624 dicens:
1080 2570 1337 2625 Mediator
1371 2571 1463 2626 Dei
1493 2584 1537 2626 et
1568 2573 1857 2638 hominum,
1893 2573 2043 2626 homo

469 2656 699 2715 Christus
727 2659 879 2715 Iesus
907 2660 958 2728 (ι
993 2661 1125 2716 Tim.
1151 2679 1218 2730 ιι⁹
1247 2665 1324 2732 5).
1356 2664 1472 2718 Non
1523 2666 1663 2718 Deus
1707 2665 1796 2718 Dei
1845 2663 2050 2718 media-

441 2780 443 2784 ι
469 2757 573 2815 tor,
603 2768 765 2806 unum
807 2754 949 2806 enim
977 2763 1060 2806 est
1102 2769 1271 2823 usque
1300 2755 1364 2809 ad
1397 2755 1716 2810 Trinitatem
1738 2773 1757 2819 ;~
1777 2756 1872 2810 sed
1901 2758 2050 2810 aecio

471 2841 624 2909 piens
645 2857 840 2910 cor-pus
865 2843 933 2897 de
961 2845 1174 2912 virgine
1203 2846 1396 2912 Maria,
1433 2847 1660 2900 induens
1685 2855 1920 2901 veterem
1953 2847 2049 2900 ho-

471 2935 666 2989 minem
688 2978 701 3001 ,
733 2936 820 3005 qui
852 2935 1126 2991 ceciderat
1154 2953 1248 3007 per
1293 2939 1709 2994 inobedientiam
1738 2956 1750 2992 :
1785 2939 2049 2993 mediator

2171 568 2390 634 Quando
2415 579 2590 621 autem
2621 570 2909 636 assumpsit
2933 568 3224 635 apostolos,
3249 569 3388 620 sicut
3418 567 3755 635 evangelista

2169 667 2413 719 testatur,
2450 669 2500 710 et
2530 658 2772 711 ascendit
2798 659 2849 711 in
2883 668 3113 712 montem
3157 659 3426 712 excelsum
3449 697 3462 718 ,
3496 667 3552 710 et
3583 667 3754 710 trans-

2167 749 2412 817 ﬁguravit
2464 765 2521 802 se
2566 765 2746 804 coram
2793 750 2928 814 illis,
2971 760 3024 804 et
3063 765 3190 804 ecce
3237 750 3406 804 nubes
3463 749 3754 818 splendida

2164 840 2442 906 cooperuit
2469 854 2628 892 eum:
2665 855 2770 893 non
2813 855 2940 894 vero
2982 840 3314 909 Splendidam
3359 840 3623 893 virtutem
3659 840 3754 893 Pa-

2166 930 2262 982 tris
2301 929 2566 992 ostendit,
2612 931 2751 983 sicut
2779 930 2992 999 quidam
3037 946 3132 999 per
3171 931 3475 999 vaniloquia
3524 931 3751 992 docent,

2163 1020 2439 1075 dicentes:
2473 1021 2752 1088 Quomodo
2783 1031 2891 1076 tres
2923 1037 3164 1090 personae
3196 1022 3246 1075 in
3279 1037 3384 1074 una
3419 1023 3648 1085 virtute,
3679 1023 3750 1076 sic

2164 1114 2261 1166 tria
2291 1112 2574 1176 vocabula,
2607 1113 2700 1166 sed
2743 1127 2877 1166 unus
2925 1113 3082 1167 Deus.
3120 1114 3248 1167 ἔτι-ιιι
3290 1114 3554 1167 vocabula
3596 1115 3748 1167 unius

2163 1205 2313 1257 vocis
2352 1217 2545 1257 nomen
2577 1202 2771 1268 Patris,
2795 1213 2851 1258 et
2879 1203 3030 1268 Filii,
3059 1213 3112 1258 et
3149 1205 3378 1272 Spiritus
3412 1204 3609 1257 sancti.
3655 1205 3751 1258 lte-

2163 1309 2278 1348 rum
2312 1294 2386 1347 illi
2426 1295 2721 1349 dividentes
2759 1295 3010 1348 virtutem
3053 1303 3105 1348 et
3144 1295 3396 1348 deitatem
3433 1295 3743 1360 Trinitatis,

2163 1382 2381 1436 dicunt:
2413 1383 2560 1438 Sicut
2590 1383 2901 1451 imperator,
2934 1384 3217 1452 przefectus
3254 1395 3305 1437 et
3333 1399 3548 1438 comes.
3577 1385 3746 1437 Absit.

2161 1473 2275 1528 Non
2306 1475 2457 1527 trado
2481 1489 2580 1543 ego
2612 1475 2749 1528 hanc
2774 1475 3104 1541 doctrinam,
3135 1485 3225 1528 ant
3257 1478 3415 1528 istam
3449 1477 3746 1543 expositio-

2161 1581 2319 1629 nem,
2361 1565 2456 1620 sed
2496 1566 2662 1634 magis
2705 1566 3128 1620 anathematizo.
3157 1566 3430 1635 Scriptum
3478 1576 3566 1621 est
3605 1569 3745 1622 enim

2160 1659 2212 1713 in
2251 1658 2448 1712 divinis
2476 1658 2797 1726 prteceptis:
2834 1659 3068 1712 Visibilia
3109 1661 3262 1729 hujus
3306 1661 3492 1712 mundi
3524 1662 3746 1713 invisibi-

2160 1749 2290 1802 libus
2331 1760 2688 1816 comparantur
2716 1751 2890 1818 (Ibam.
2914 1766 2958 1811 ι,
2988 1749 3106 1804 2οκ
3148 1749 3428 1804 Terrenus
3460 1752 3610 1804 enim
3653 1753 3745 1804 im-

2162 1850 2374 1908 perator
2402 1840 2469 1895 de
2511 1841 2681 1895 tribus
2723 1851 2960 1906 constat,
2997 1841 3092 1895 sed
3122 1858 3282 1895 unum
3315 1853 3398 1895 est
3436 1843 3742 1911 imperium.

2156 1935 2210 1988 Si
2242 1936 2552 2003 deposuerit
2591 1937 2834 1990 diadema
2867 1951 2894 1989 a
2925 1937 3097 2004 capite
3135 1951 3254 2000 suo,
3283 1937 3472 1990 Cmsar
3498 1948 3614 2004 est,
3642 1954 3743 1990 non

2157 2023 2466 2091 imperator.
2496 2025 2646 2090 Quod
2689 2029 2736 2078 si
2763 2026 3071 2094 deposuerit
3104 2041 3394 2095 purpuram
3416 2069 3430 2088 ,
3461 2027 3739 2094 prmiectus

2155 2127 2237 2170 est
2259 2118 2368 2186 jam
2408 2118 2488 2172 vir
2512 2119 2679 2183 solus.
2709 2119 2764 2172 Si
2801 2120 2890 2187 qui
2932 2119 3300 2186 biaSphemant
3329 2119 3596 2187 Spiritum
3627 2134 3738 2172 sane

2154 2218 2326 2273 ctum,
2373 2225 2476 2263 non
2517 2219 2644 2264 sunt
2684 2210 3010 2277 Christiani,
3052 2212 3143 2264 sed
3191 2222 3318 2264 sunt
3361 2213 3506 2266 sicut
3555 2212 3737 2266 Judsi.

2156 2300 2286 2354 Nam
2315 2300 2483 2354 Judaei
2510 2317 2666 2354 unam
2701 2316 2981 2369 personam
3013 2303 3266 2366 adorant,
3301 2319 3400 2357 nos
3425 2314 3610 2358 autem
3640 2315 3737 2358 tres

2157 2406 2411 2460 personas
2437 2392 2770 2446 Conﬁtemur.
2798 2394 2943 2446 Sicut
2974 2397 3264 2462 imperator
3292 2407 3570 2452 terrenus.
3592 2399 3668 2450 sic
3694 2410 3735 2449 et

2159 2483 2391 2536 cmlestis
2417 2499 2429 2534 :
2460 2482 2619 2536 homo
2649 2487 2698 2536 in
2733 2499 2962 2552 purpura
2983 2527 2996 2549 ,
3027 2496 3080 2539 et
3123 2502 3354 2554 purpura
3391 2490 3444 2539 in
3493 2489 3731 2549 homine;

2154 2588 2348 2628 corona
2389 2583 2566 2627 autem
2613 2576 2804 2642 capitis
2843 2577 3080 2630 continet
3129 2591 3420 2644 purpuram
3470 2589 3522 2632 et
3574 2578 3730 2631 homi-

2155 2683 2306 2730 nem,
2351 2669 2513 2738 269
2551 2682 2712 2720 unum
2763 2669 3043 2736 imperium
3090 2670 3300 2722 virtutis
3344 2671 3630 2724 ostendit:
3669 2671 3730 2723 sic

2154 2759 2311 2813 Pater
2352 2760 2402 2812 in
2457 2759 2611 2824 Filio,
2653 2768 2706 2812 et
2747 2759 2912 2812 Filius
2953 2760 3003 2812 in
3053 2759 3236 2822 Patre;
3281 2759 3520 2829 Spiritus
3568 2771 3730 2814 autem

2152 2859 2390 2914 sanctus,
2417 2849 2726 2917 eunjunctio
2765 2849 2997 2911 deitatis,
3041 2849 3211 2902 virtus
3240 2859 3294 2903 et
3334 2852 3516 2906 unitas
3559 2851 3726 2904 Trini-

2155 2944 2300 2994 tatis.

1519 3127 1984 3236 LIBER
2061 3123 2672 3233 NONUS.

1843 3293 2114 3356 Libellus
2152 3293 2360 3354 Fidei.

1902 3410 1964 3442 AD
1984 3409 2296 3443 τιιεοριιιιωι.

541 3546 716 3602 Credo
743 3546 795 3600 in
829 3547 994 3602 Deum
1033 3547 1242 3602 Patrem
1283 3548 1702 3617 omnipotentem
1724 3590 1738 3613 ,
1767 3557 1821 3603 et
1859 3550 2046 3618 unige—
2074 3548 2124 3610 C
2153 3547 2314 3617 27o
2339 3560 2458 3599 esse
2480 3544 2533 3598 in
2559 3544 2717 3598 coelo.
2748 3543 2936 3598 Natum
2965 3542 3031 3597 de
3058 3543 3255 3610 Spiritu
3286 3552 3493 3605 sancto,
3531 3543 3599 3596 de
3627 3545 3721 3595 vir-

469 3638 639 3692 nitum
661 3635 841 3691 Jesum
873 3636 1142 3691 Christum
1178 3637 1507 3692 Salvatorem
1543 3647 1810 3705 nostrum,
1840 3649 1893 3692 et
1923 3638 2043 3706 Spi-

470 3726 631 3781 ritum
674 3736 914 3780 sanctum
954 3743 1115 3780 unum
1159 3729 1323 3782 Deum
1357 3745 1476 3783 esse
1507 3733 1784 3785 conliteor.
1821 3730 1934 3785 Non
1971 3731 2047 3785 sic

472 3833 633 3870 unum
663 3817 814 3884 quasi
838 3819 1166 3884 solitarium,
1199 3835 1369 3888 neque
1397 3821 1646 3873 eumdem
1678 3815 1765 3889 qui
1801 3821 1914 3889 ipse
1943 3822 2045 3874 sibi

470 3907 628 3964 Pater
656 3911 752 3975 sit,
786 3911 900 3978 ipse
925 3910 1122 3974 Filius;
1155 3911 1246 3964 sed
1277 3912 1432 3965 Pater
1458 3929 1614 3966 verus
1639 3915 1824 3982 genuit
1852 3913 2045 3967 Filium

471 4012 683 4067 Verum,
717 4011 772 4056 ιιι
798 4012 915 4067 est,
949 4004 1114 4056 Deum
1142 4003 1207 4057 de
1238 4005 1367 4069 Deo,
1397 4004 1573 4058 lumen
1613 4005 1677 4058 de
1711 4005 1931 4072 lumine,
1967 4007 2045 4059 vi-

470 4096 575 4142 tant
611 4103 678 4142 ex
721 4090 856 4154 vita,
901 4089 1198 4158 perfectum
1239 4089 1306 4143 de
1353 4090 1608 4157 perfecto,
1654 4099 1820 4144 totum
1851 4107 1878 4144 a
1913 4100 2045 4156 toto,

469 4181 680 4248 plenum
707 4195 736 4233 a
769 4181 958 4248 pleno;
991 4198 1096 4236 non
1129 4192 1373 4236 creatum
1412 4183 1504 4236 sed
1546 4185 1814 4253 genitum;
1847 4200 1952 4240 non
1979 4201 2044 4240 ex

470 4270 657 4333 nihilo,
691 4271 781 4324 sed
821 4287 886 4324 ex
923 4272 1111 4335 Patre,
1144 4277 1302 4328 unius
1345 4276 1658 4329 substantia:
1701 4292 1822 4332 cum
1865 4278 2042 4334 Patre.

471 4362 535 4415 Et
572 4363 826 4429 Spiritum
860 4374 1098 4417 sanctum
1127 4381 1313 4418 verum
1344 4367 1538 4431 Deum;
1573 4384 1676 4422 non
1706 4370 2038 4439 ingenitum,

472 4467 645 4519 neque
686 4454 952 4520 genitum;
987 4468 1089 4505 non
1135 4465 1372 4507 creatum
1405 4471 1502 4510 nec
1533 4457 1757 4524 factum,
1791 4460 1883 4514 sed
1917 4470 2043 4528 pr‘o-

473 4542 748 4608 cedentem
800 4544 971 4597 Patris
999 4553 1051 4597 et
1085 4544 1231 4608 Filii,
1274 4559 1486 4612 semper
1525 4548 1575 4600 in
1628 4549 1781 4604 Patre
1821 4560 1874 4604 et
1914 4553 2046 4606 Filio

475 4640 818 4685 corcternum.
855 4632 1024 4686 Unum
1059 4643 1234 4687 tamen
1279 4634 1472 4696 Deum,
1501 4638 1587 4703 qui
1631 4653 1693 4690 ex
1732 4655 1836 4691 uno
1866 4640 2044 4704 Patre,

423 4789 430 4796 _
474 4729 527 4773 et
557 4731 720 4774 totum
760 4725 899 4791 quod
934 4724 1088 4778 Pater
1117 4725 1208 4779 sit.
1252 4725 1388 4779 Deus
1420 4735 1572 4779 natus
1599 4739 1679 4782 est
1712 4728 1876 4782 Filius
1905 4738 1961 4784 et
1993 4732 2048 4784 in

473 4814 630 4870 Patre
669 4826 837 4870 totum
883 4819 1022 4886 quod
1053 4828 1162 4880 est,
1193 4827 1360 4872 totum
1405 4821 1587 4888 genuit
1633 4821 1842 4875 Filium.
1888 4821 2044 4878 Pater

2148 3640 2273 3707 gine
2304 3637 2486 3690 Maria.
2522 3635 2754 3690 Verbum
2800 3649 2924 3688 caro
2957 3634 3183 3698 factum,
3227 3649 3330 3685 non
3376 3634 3553 3686 amisit
3587 3635 3719 3701 quod

2148 3733 2349 3794 fuerat,
2384 3727 2476 3780 sed
2509 3727 2672 3794 cmpit
2722 3741 2842 3779 esse
2881 3724 3018 3794 quod
3053 3739 3156 3776 non
3211 3732 3342 3778 erat.
3381 3723 3494 3776 Non
3539 3724 3718 3776 demu-

2149 3829 2312 3874 tatum
2365 3819 2562 3880 Deum,
2611 3816 2702 3870 sed
2752 3824 3186 3883 permanentem,
3239 3815 3398 3868 etiam
3453 3815 3715 3867 hominem

2147 3919 2361 3970 natum;
2397 3924 2499 3961 non
2533 3909 2823 3974 putativum
2843 3949 2856 3970 ,
2879 3920 2982 3958 non
3014 3920 3252 3968 aereum,
3284 3905 3376 3958 sed
3404 3920 3714 3971 corporeum

2148 4015 2363 4054 sensum
2412 4007 2465 4052 ct
2508 3998 2736 4050 animam
2805 3996 3134 4050 habentem:
3179 3997 3246 4048 ita
3309 4011 3493 4048 verum
3557 3996 3718 4047 homi-

2152 4107 2306 4155 nem,
2367 4099 2423 4142 ut
2486 4105 2666 4142 verum
2735 4088 2897 4142 Deum
2963 4086 3353 4154 intelligimus:
3411 4087 3479 4138 ita
3540 4101 3716 4138 verum

2149 4181 2344 4236 Deum.
2383 4188 2438 4231 ut
2477 4194 2660 4233 verum
2706 4178 2971 4231 hominem
3016 4176 3180 4230 fuisse
3224 4177 3366 4228 nullo
3424 4177 3581 4228 modo
3611 4192 3717 4227 am-

2149 4272 2376 4341 bigimus
2419 4268 2800 4323 conﬁtendum.
2845 4269 2998 4321 Hunc
3037 4267 3284 4320 eumdem
3318 4266 3600 4318 Dominum
3634 4281 3719 4318 no-

2105 4361 2313 4418 'strum
2367 4361 2546 4415 .Iesum
2607 4358 2872 4413 Christum
2915 4358 3236 4426 adimplesse
3277 4357 3447 4427 legem
3507 4368 3558 4409 et
3606 4373 3719 4424 pro-

2149 4456 2362 4524 phetas,
2407 4469 2617 4520 passum
2668 4453 2765 4505 sub
2814 4450 3000 4504 Pontio
3053 4451 3254 4514 Pilato,
3295 4451 3639 4509 cruciﬁxum,
3671 4459 3720 4500 et

2149 4546 2442 4601 secundum
2467 4546 2766 4614 Scripturas
2791 4554 3056 4598 mortuum
3082 4553 3131 4596 et
3153 4547 3444 4609 sepn‘ztnni,
3467 4554 3521 4595 et
3551 4559 3720 4596 securi.

2150 4638 2274 4692 dum
2316 4637 2621 4706 Scripturas
2662 4636 2814 4690 tertia
2846 4637 2932 4690 die
2973 4651 3002 4689 a
3054 4636 3276 4689 mortuis
3323 4637 3672 4688 resurrexisse
3708 4653 3718 4684 :

2147 4739 2478 4799 assumptum
2503 4731 2554 4783 in
2585 4731 2759 4795 cmlis,
2791 4732 2979 4783 sedere
3002 4730 3064 4781 ad
3088 4729 3360 4782 dexteram
3389 4729 3578 4790 Patris,
3608 4730 3720 4782 inde

2149 4831 2431 4875 venturum
2469 4822 2710 4889 judicare
2756 4823 2904 4875 vivos
2946 4833 2999 4875 et
3038 4832 3276 4875 mortuos
3325 4834 3722 4890 exspectamus,

473 4904 663 4958 Filium
696 4920 952 4974 generans
983 4921 1085 4961 non
1120 4909 1338 4974 minuit,
1371 4926 1470 4965 nec
1492 4912 1668 4966 amisit
1698 4915 2044 4982 plenitudinis
2075 4917 2122 4976 D
2150 4917 2202 4969 in
2235 4915 2390 4985 hujus
2423 4929 2592 4970 morte
2620 4925 2667 4970 et
2703 4917 2960 4984 sanguine
2991 4915 3358 4968 remissionem
3393 4925 3722 4984 peccatorum

472 5007 582 5048 suae
607 4995 877 5049 deitatem.
907 4997 1098 5052 Totum
1127 5009 1300 5054 autem
1329 5004 1469 5071 quod
1501 5004 1639 5059 Deus
1668 5006 1823 5060 Pater
1848 5017 1956 5074 est,
1993 5008 2042 5062 id

470 5098 591 5140 esse
623 5085 808 5138 Filium
839 5087 907 5140 ab
945 5103 1010 5141 eo
1045 5098 1254 5154 natum,
1303 5094 1596 5149 certissime
1628 5105 1889 5160 tenentes,
1924 5113 2044 5153 cum

471 5175 669 5243 Spiritu
691 5187 874 5232 sancto
905 5196 1064 5233 unum
1095 5181 1260 5236 Deum
1291 5183 1524 5251 piissime
1553 5188 1892 5242 conﬁtemur.
1919 5189 2046 5245 Cre-

471 5267 643 5322 dimus
673 5269 725 5322 in
756 5271 936 5325 .Iesum
966 5272 1232 5329 Christum
1267 5275 1544 5330 Dominum
1579 5290 1818 5332 nostrmn
1854 5280 2042 5336 Filium

473 5360 608 5428 ejus,
644 5377 739 5431 per
767 5379 922 5432 quem
955 5368 1134 5421 omnia
1166 5377 1341 5423 creata
1387 5379 1538 5435 sunt,
1571 5386 1691 5438 qua:
1721 5372 1770 5422 in
1804 5372 1955 5423 cmlis
1994 5384 2046 5427 ct

472 5463 590 5518 qua:
620 5450 670 5505 in
696 5460 857 5520 terra,
884 5455 1112 5510 visibilia
1139 5467 1194 5512 et
1221 5459 1535 5522 invisibilia;
1568 5469 1784 5528 propter
1808 5468 2042 5516 nostram

475 5539 697 5595 salutem
725 5543 1065 5602 descendisse
1104 5546 1170 5601 de
1200 5548 1356 5609 cmlo,
1386 5550 1473 5616 qui
1516 5563 1781 5616 nunquam
1812 5548 2045 5605 desierat

2151 5009 2526 5062 consecuturi:
2572 5008 2964 5060 resuscitandas
3020 5020 3117 5059 nos
3160 5006 3315 5059 abeo
3349 5007 3399 5058 in
3436 5007 3515 5060 his
3544 5020 3723 5071 corpo-

2155 5099 2327 5160 ribus,
2361 5107 2413 5152 et
2444 5097 2494 5151 in
2528 5097 2713 5152 eadem
2744 5112 2906 5152 carne
2938 5097 2988 5150 in
3033 5112 3133 5165 qua
3179 5107 3333 5150 natus
3379 5106 3486 5158 est,
3523 5111 3721 5164 passus,

2153 5199 2206 5243 et
2243 5199 2508 5255 mortuus,
2540 5199 2595 5244 et
2634 5190 2958 5251 resurrexit,
3001 5190 3231 5241 animam
3278 5203 3397 5240 curn
3434 5188 3530 5240 huc
3569 5202 3724 5240 carne

2152 5285 2419 5352 accepturi
2464 5282 2532 5335 ab
2562 5297 2647 5345 eo,
2679 5291 2771 5335 aut
2809 5283 2967 5334 vitam
3001 5288 3255 5334 aeternam
3295 5295 3391 5348 pro
3421 5280 3575 5333 bonis
3614 5293 3725 5330 me.

2154 5374 2287 5439 ritis,
2313 5382 2403 5426 aut
2447 5377 2763 5428 sententiam
2790 5388 2885 5441 pro
2910 5372 3142 5441 peccatis
3162 5381 3416 5425 mternam
3447 5390 3456 5423 ς
3489 5371 3585 5423 hoc
3616 5370 3723 5437 pla.

2155 5465 2282 5516 cuit.
2307 5466 2497 5519 Amen.
