3938 6376
124 360 225 415 289

1355 354 1442 407 DE
1486 347 1855 409 'I‘RINITATE
1896 354 2022 408 ΜΒ.
2070 352 2133 407 Χ.

3252 354 3361 415 190

1074 492 1545 620 LIBER
1634 514 2379 622 DECIMUS.

1278 674 1622 754 Expositio
1658 674 1801 753 ﬁdei
1847 674 2185 735 catholica.

1530 792 1588 823 AD
1619 788 1803 822 meum!
1824 789 1933 822 ιΓΜ.

183 906 412 963 Credere
448 906 693 974 iubemur
721 906 773 959 in
810 904 898 957 Dei
931 901 1102 956 Patris
1132 901 1594 969 omnipotentiam,
1620 912 1675 956 et
1703 906 1750 963 Α
1784 901 1914 955 dicit
1941 919 1951 952 :
1984 901 2089 970 Ego
2116 918 2228 954 sum
2254 904 2400 969 partis
2426 902 2514 971 qui
2548 906 2610 959 de
2640 906 2763 960 ctelo
2800 907 3037 962 descendi
3066 906 3254 979 (Joan.
3286 925 3359 974 vr,

120 1000 229 1055 Filii
255 999 372 1065 ejus
401 996 525 1051 Jesu
576 994 797 1059 Christi,
828 1004 883 1049 et
926 991 1158 1061 Spiritus
1186 992 1356 1046 sancti
1399 992 1677 1046 indivisatn

119 1090 313 1160 quidem
345 1096 401 1141 et
426 1086 835 1154 inseparabilem
876 1083 1207 1137 Trinitatem.
1262 1080 1387 1137 Hice
1435 1084 1577 1137 enim
1625 1092 1680 1138 et

120 1180 383 1251 prophetae
409 1178 737 1241 cecinerunt,
763 1184 814 1230 et
847 1176 1102 1229 Dominus
1125 1173 1363 1236 tradidit,
1397 1183 1682 1230 tenuerunt

119 1282 165 1325 et
189 1269 482 1323 docuerunt
519 1267 767 1336 apostoli.
818 1266 940 1319 llaec
971 1264 1268 1333 redemptio
1308 1266 1465 1336 271
1497 1266 1681 1319 mundi

117 1371 220 1426 est,
251 1361 365 1413 hare
418 1358 545 1412 [ides
580 1366 757 1411 nostra
800 1364 882 1409 est
914 1367 968 1409 et
999 1356 1128 1419 vita,
1161 1363 1217 1409 ut
1245 1356 1489 1409 traditam
1528 1356 1683 1409 nobis

118 1470 265 1509 unam
298 1453 673 1515 substantiam,
707 1458 816 1506 tres
849 1466 1102 1519 personas
1142 1449 1526 1514 subsistentes,
1559 1464 1680 1515 per-

118 1546 291 1611 fectas,
319 1546 575 1612 :nquales,
598 1552 893 1600 comternas
915 1542 1283 1603 conﬁteamur,
1307 1550 1359 1593 et
1384 1538 1589 1593 ﬁrmam
1621 1538 1683 1592 ﬁ-

117 1636 197 1689 dei
223 1636 613 1689 confessionem
648 1636 698 1687 in
746 1635 903 1687 linem
935 1646 1101 1697 usuue
1131 1640 1405 1684 teneamus
1437 1631 1679 1684 illmsam.

120 1724 174 1778 Et
204 1728 299 1778 hoc
334 1734 419 1779 est
464 1724 603 1793 quod
654 1720 824 1777 Grazci
864 1719 1136 1792 ὀμσύσιον
1175 1730 1365 1774 vocant
1398 1740 1412 1773 :
1442 1721 1493 1774 id
1523 1723 1682 1775 enim

117 1817 248 1884 quod
279 1816 523 1870 subsistit
546 1830 647 1868 non
680 1812 839 1868 habet
866 1813 1098 1879 aliunde,
1125 1813 1217 1867 sed
1250 1829 1401 1867 suum
1427 1822 1480 1867 et
1514 1828 1543 1866 a
1564 1829 1683 1869 sese

114 1919 207 1962 est.
241 1905 448 1961 Ca-tera
480 1921 608 1959 vero
635 1920 753 1975 qua:
782 1914 923 1968 sunt,
958 1904 1096 1974 quod
1143 1905 1359 1969 habent,
1406 1912 1681 1973 acceptum

114 1999 326 2051 habent.
362 1996 564 2051 Idcirco
582 1998 643 2048 ad
672 1994 870 2050 Mvsem
906 1992 1042 2049 Deus
1074 1996 1305 2065 loquitur
1328 1996 1512 2049 dicens
1538 2014 1549 2047 :
1574 1994 1683 2064 Ego

113 2107 217 2142 sum
250 2107 295 2154 qr
318 2090 333 2141 i
359 2106 469 2142 sum
505 2087 696 2158 (Exod.
725 2103 799 2148 nt.
839 2088 945 2155 14).
985 2087 1044 2139 Et
1071 2102 1279 2140 rursum
1315 2104 1329 2140 :
1367 2085 1513 2139 Dices
1558 2082 1683 2154 ﬁliis

116 2179 315 2234 Israel:
352 2181 451 2247 Qui
499 2189 570 2233 est
602 2180 735 2231 misit
775 2196 869 2232 me.
903 2178 1067 2232 Erant
1094 2182 1274 2248 utique
1322 2187 1444 2232 tunc
1468 2180 1679 2249 angeli,

1782 991 1876 1059 Η)
1897 1008 2050 1081 ,εηυη
2079 992 2221 1046 cadit
2265 993 2317 1046 in
2347 1008 2565 1049 sensum
2595 1008 2856 1065 nostrum,
2892 1007 2949 1052 ut
2975 1000 3125 1067 panis
3154 1001 3363 1057 esurire

1782 1082 2065 1137 credatur:
2099 1084 2176 1137 sic
2216 1092 2269 1137 et
2312 1084 2378 1138 de
2418 1100 2608 1141 somno
2657 1089 2774 1158 ejus
2825 1090 3223 1160 intelligendum
3254 1101 3358 1148 est.

1785 1171 2047 1240 Quoniam
2073 1175 2210 1227 sicut
2244 1190 2336 1243 per
2365 1190 2635 1244 somnum,
2682 1182 2924 1248 corporis
2952 1184 3148 1236 veritus
3167 1197 3363 1252 cogno-

1784 1266 1980 1333 scitur,
2014 1266 2091 1320 sic
2115 1281 2209 1335 per
2236 1266 2362 1321 illud
2394 1268 2532 1336 quod
2582 1271 2761 1324 statim
2810 1273 2983 1327 ventis
3022 1281 3078 1327 et
3116 1275 3363 1328 ﬂuctibus

1784 1359 2031 1426 imperat,
2058 1374 2179 1413 vera
2205 1359 2319 1427 ejus
2348 1360 2596 1415 divinitas
2617 1366 2965 1431 approbatur.
2989 1366 3120 1420 Nam
3148 1378 3199 1422 et
3222 1368 3364 1435 quod

1784 1447 2047 1520 lacrymas
2076 1465 2234 1519 super
2263 1445 2517 1505 Lazarum
2548 1452 2738 1521 fundit,
2768 1455 3157 1522 phantasmatis
3190 1458 3364 1526 suSpi-

1783 1540 1867 1595 cio
1898 1541 2097 1595 tollitur
2125 1532 2419 1611 :ilacryma:
2448 1543 2590 1596 enim
2618 1544 2726 1598 veri
2757 1548 2999 1615 corporis
3028 1559 3154 1603 sunt
3176 1550 3364 1604 humo-

1785 1646 1892 1687 res.
1916 1631 2048 1688 Cum
2074 1644 2250 1688 autem
2280 1635 2425 1697 dicit,
2456 1630 2666 1702 Lazare,
2693 1639 2773 1691 exi
2793 1644 2933 1708 foras
2952 1640 3130 1712 (Joan.
3156 1659 3229 1710 xi,
3247 1645 3364 1715 45),

1786 1732 1840 1779 et
1864 1726 2045 1779 statim
2076 1725 2167 1781 illo
2209 1727 2294 1795 qui
2318 1726 2429 1795 jam
2474 1727 2692 1794 letebat,
2725 1734 3001 1798 aperiente
3029 1746 3087 1785 se
3120 1743 3259 1787 terra
3290 1736 3367 1788 vi-

1785 1828 1883 1868 vus
1929 1814 2190 1886 emergit,
2222 1831 2427 1885 magna:
2470 1817 2586 1886 ejus
2636 1818 2928 1874 divinitatis
2973 1820 3228 1875 indicium
3262 1835 3365 1878 est.

1783 1902 1900 1958 Jam
1933 1905 2059 1959 illud
2090 1905 2233 1975 quod
2264 1908 2375 1971 ait,
2408 1906 2590 1962 Tristis
2628 1920 2702 1962 est
2744 1911 2916 1963 anima
2949 1928 3056 1965 mea
3106 1929 3258 1982 usque
3298 1918 3365 1969 ad

1785 2005 1995 2049 mortem
2027 1993 2219 2067 (Marc.
2254 2013 2363 2064 xiv,
2396 2000 2504 2068 Si),
2545 2015 2609 2053 ex
2642 1999 2741 2054 hac
2768 2002 2877 2068 ipsa
2910 2002 3093 2058 Lazari
3136 2005 3367 2060 suscita-

1787 2086 1933 2140 tioue
1977 2086 2205 2155 intelligi
2236 2097 2413 2155 potest
2456 2090 2726 2159 quomodo
2775 2091 2968 2147 debeat
2998 2094 3167 2163 accipi
3196 2112 3208 2146 :
3240 2097 3366 2163 quia

1790 2190 1895 2228 non
1929 2176 2111 2245 utique
2152 2178 2425 2231 metuebat
2456 2178 2706 2233 divinitas
2737 2192 2963 2236 mortem
2985 2223 3001 2249 ,
3034 2199 3152 2253 qua:
3203 2185 3365 2240 verba

115 2272 306 2335 throni,
336 2272 749 2335 dominationes,
777 2268 990 2333 coelum,
1028 2279 1190 2335 terra,
1224 2267 1306 2323 vel
1357 2272 1542 2323 maria.
1577 2266 1681 2325 Sed
1718 2274 1763 2339 Β
1792 2272 2030 2319 mortuos
2059 2267 2369 2333 suscitabat,
2403 2271 2497 2325 sed
2528 2270 2823 2325 humanum
2867 2272 3117 2328 alfectum
3150 2288 3242 2344 per
3273 2278 3367 2329 tri-

109 2365 228 2432 Q'Iia
260 2365 345 2417 illa
379 2364 488 2416 sola
521 2374 599 2417 est
630 2363 822 2416 inlecta
855 2371 1062 2429 natura,
1089 2373 1141 2417 et
1174 2363 1225 2415 in
1251 2364 1419 2416 tribus
1444 2364 1683 2429 personis

107 2454 280 2509 duitas
312 2469 410 2507 una
442 2452 701 2519 subsistit,
752 2453 951 2507 idcirco
996 2450 1068 2506 ait
1106 2473 1117 2505 :
1150 2449 1259 2522 Ego
1284 2464 1396 2505 sum
1424 2453 1509 2520 qui
1548 2468 1681 2505 sum.

107 2546 365 2615 Quisquis
388 2559 563 2601 autem
591 2561 697 2599 tres
727 2548 1047 2606 ὑποστάσεις
1074 2545 1226 2609 dicit,
1256 2545 1306 2597 id
1332 2555 1412 2598 est
1436 2554 1543 2598 tres
1564 2544 1687 2599 sub-

106 2637 356 2703 Stantias,
390 2635 433 2689 is
463 2635 560 2688 sub
591 2635 805 2689 nomine
833 2632 1041 2704 pietatis
1074 2644 1180 2688 tres
1210 2644 1428 2688 naturas
1462 2645 1687 2690 canatur

110 2741 376 2780 asserere.
416 2726 480 2780 Et
502 2725 544 2779 si
575 2726 645 2780 ita
676 2738 778 2790 est,
803 2742 896 2779 cur
924 2724 993 2779 ab
1020 2722 1129 2779 Arii
1151 2726 1440 2795 parietibus
1470 2739 1685 2795 separe-

112 2832 251 2881 mur,
305 2816 523 2885 perﬁdia
556 2817 786 2885 copulati
815 2816 837 2867 ?
873 2817 961 2870 Ille
986 2816 1124 2870 enim
1161 2816 1412 2887 gradibus
1440 2817 1686 2873 divinita-

114 2918 216 2961 tcm
243 2906 457 2971 dividit,
492 2916 545 2961 et
572 2906 734 2962 Deum
769 2922 830 2960 ex
867 2905 995 2975 Deo,
1027 2907 1077 2960 id
1108 2916 1189 2961 est
1222 2907 1410 2961 Filium
1435 2924 1499 2963 ex
1529 2910 1685 2965 Patre

112 3004 181 3057 ita
207 3004 518 3069 conﬁtetur,
544 3013 679 3057 utex
704 3000 812 3057 Deo
837 3004 1002 3057 lactus
1028 3004 1117 3067 sit,
1149 3015 1253 3056 non
1282 3005 1347 3057 de
1374 3003 1480 3057 Deo
1508 3014 1683 3058 natus.

111 3095 206 3159 Qui
239 3094 284 3149 si
309 3104 464 3149 natus
489 3102 591 3158 est,
624 3096 775 3147 unius
806 3095 1120 3148 substantia:
1150 3103 1230 3146 est
1258 3111 1269 3144 :
1305 3094 1347 3146 si
1383 3093 1551 3149 factus
1579 3106 1681 3163 est,

112 3199 267 3239 vetus
293 3185 430 3238 ﬁlius
454 3201 557 3237 non
588 3195 688 3238 est.
716 3182 840 3237 Etsi
873 3200 1029 3238 verus
1056 3183 1193 3236 ﬁlius
1226 3200 1329 3236 non
1354 3196 1455 3247 est,
1482 3200 1579 3238 nec
1596 3199 1687 3240 ve-

111 3290 200 3329 rus
226 3275 392 3330 Deus.
426 3276 529 3328 Aut
560 3274 604 3328 si
638 3289 793 3329 verus
814 3271 953 3328 Deus
981 3284 1082 3337 est,
1102 3286 1149 3329 et
1180 3274 1246 3329 de
1269 3272 1422 3328 Patre
1446 3291 1551 3329 non
1581 3284 1683 3343 est,

110 3368 214 3422 duo
264 3376 394 3422 sunt
426 3366 683 3421 habentes
714 3366 905 3435 singuli
936 3377 990 3420 et
1022 3371 1320 3420 voluntates
1343 3368 1606 3435 proprias,
1632 3377 1687 3424 et

111 3460 333 3528 imperia
365 3459 595 3514 diversa.
632 3458 734 3513 Sed
770 3459 1020 3512 Dominus
1063 3470 1243 3513 noster
1268 3458 1421 3513 Jcsus
1440 3460 1687 3516 Christus

112 3552 162 3605 in
197 3550 492 3620 Evangelio
522 3566 619 3604 suo
652 3568 809 3603 ttntttn
841 3570 899 3604 se
945 3568 1061 3605 cuni
1116 3552 1303 3612 l‘atre,
1336 3563 1388 3605 et
1434 3569 1496 3606 ex
1530 3554 1686 3608 Patre

1786 2356 1961 2410 stitias
2001 2358 2194 2411 anima:
2223 2358 2512 2414 indicabat.
2543 2360 2688 2414 Crux
2720 2376 2905 2430 aeque,
2938 2364 3149 2431 passio,
3190 2367 3367 2434 sepul-

1790 2452 1906 2497 tura
1927 2483 1942 2507 ,
1974 2460 2079 2498 uno
2112 2446 2192 2499 vel
2224 2448 2392 2501 altero
2421 2448 2562 2502 dicto
2596 2448 2802 2503 Domini
2833 2451 3224 2520 discutiuntur,
3262 2470 3367 2522 quo

1794 2531 1971 2587 minus
1999 2534 2047 2587 ei
2079 2534 2389 2603 impotentia
2424 2536 2506 2590 vel
2557 2536 2837 2592 inﬁrmitas
2878 2542 3203 2610 ascribatur,
3247 2559 3369 2599 cum

1791 2622 1921 2676 dicit
1946 2624 2011 2677 ad
2040 2623 2292 2679 Judteos:
2322 2625 2517 2680 Solvite
2537 2628 2779 2697 templum
2806 2635 2901 2682 hoc
2942 2629 3147 2700 (utique
3173 2645 3369 2699 corpus

1792 2728 1945 2768 suum
1968 2713 2285 2785 dicebat),et
2314 2731 2409 2785 ego
2431 2714 2485 2770 in
2514 2718 2682 2771 triduo
2702 2718 2954 2771 suscitabo
2968 2719 3291 2791 illud(Joan.
3310 2737 3366 2789 ιι,

1793 2806 1903 2877 i9).
1921 2807 2047 2861 Item
2078 2809 2151 2861 ait
2175 2824 2187 2860 :
2216 2806 2521 2863 Potestatem
2547 2809 2706 2863 habeo
2734 2827 2920 2877 ponere
2944 2813 3166 2865 animam
3184 2831 3367 2879 meam,

1790 2908 1837 2951 et
1858 2908 2155 2968 potestatem
2184 2902 2343 2956 habeo
2365 2903 2542 2955 iterum
2573 2920 2769 2957 sumere
2784 2906 2925 2959 illam
2949 2906 3129 2975 (Joan.
3162 2923 3217 2974 x,
3252 2910 3366 2978 18).

1791 2988 1847 3046 Si
1879 2992 2121 3060 corporis
2149 2995 2230 3047 sui
2260 2996 2481 3049 suscitat
2512 2996 2792 3065 templum,
2822 2997 2867 3050 si
2899 3008 3133 3066 potestas
3162 3012 3244 3054 est
3276 3016 3368 3068 po-

1789 3085 1947 3140 nendi
1971 3087 2208 3141 animam
2231 3101 2326 3157 per
2352 3088 2676 3157 passionem,
2701 3100 2754 3144 et
2782 3092 3028 3146 sumendi
3060 3108 3154 3162 per
3182 3108 3366 3148 resur-

1790 3182 2104 3247 rectionem,
2130 3192 2306 3236 cesset
2336 3183 2387 3235 in
2420 3180 2633 3237 Christo
2674 3184 2996 3239 inﬁrmitatis
3028 3186 3211 3254 opinio
3232 3228 3247 3254 ,
3278 3187 3367 3243 ubi

1790 3282 1952 3328 tanta:
1984 3273 2261 3341 potestatis
2288 3272 2587 3329 sublimitas
2634 3275 2957 3331 declaratur.
3003 3276 3192 3332 Omnia
3236 3294 3367 3348 ergo

1789 3367 1876 3437 pie
1921 3365 2261 3435 intelligenda
2317 3376 2479 3420 sunt:
2513 3367 2691 3422 omnia
2741 3384 2869 3439 ergo
2918 3370 3214 3426 honoriﬁce
3258 3382 3366 3426 tra-

1788 3459 1981 3513 ctanda
2009 3470 2155 3514 sunt.
2195 3458 2489 3529 Utrumque
2516 3461 2566 3513 in
2596 3462 2820 3516 Domino
2848 3463 3211 3519 conﬁtendum
3243 3475 3363 3530 est;

1789 3559 1845 3604 et
1865 3550 2034 3604 forma
2061 3550 2177 3615 Dei,
2207 3550 2259 3604 in
2286 3565 2387 3619 qua
2408 3565 2623 3619 semper
2647 3549 2772 3617 fuit;
2792 3563 2847 3606 et
2869 3554 3035 3607 forma
3058 3557 3217 3621 servi,
3249 3572 3367 3626 quae

109 3657 225 3698 esse
257 3653 503 3707 testatur,
536 3660 655 3696 cum
686 3644 844 3696 uit-it:
877 3642 983 3714 Ego
1008 3661 1067 3695 ea.
1090 3643 1189 3695 Deo
1213 3643 1343 3697 exivi
1367 3642 1544 3713 (Joan.
1577 3657 1686 3711 xvi,
1715 3648 1761 3711 C
1792 3653 2010 3712 accepta
2039 3652 2120 3698 est
2154 3654 2371 3714 propter
2405 3660 2609 3699 servos.
2653 3644 2938 3701 Credenda
2987 3658 3070 3702 est
3108 3658 3163 3703 et
3192 3651 3367 3718 passio

107 3734 219 3804 27).
254 3733 325 3787 Et
363 3750 571 3788 rursum
600 3753 611 3786 :
646 3733 756 3805 Ego
786 3736 836 3787 in
872 3728 1027 3787 Pure
1058 3747 1102 3789 et
1138 3731 1294 3789 I’uter
1324 3738 1374 3788 in
1406 3753 1483 3790 me
1511 3735 1687 3807 (Joan.

107 3840 257 3892 xxiv,
294 3827 402 3897 10).
439 3827 566 3880 Itetn
594 3841 607 3878 :
637 3823 744 3896 Ego
768 3835 813 3879 et
838 3825 996 3879 Pater
1026 3844 1179 3881 unum
1215 3845 1391 3882 sumus
1419 3829 1598 3899 (Joau.
1634 3848 1686 3899 x,

105 3917 218 3987 30).
254 3918 317 3971 Et
371 3920 469 3983 Qui
499 3935 576 3972 me
606 3921 755 3982 videt,
786 3922 915 3973 videt
946 3932 992 3973 et
1029 3920 1231 3975 Patrem
1266 3924 1443 3991 (Joau.
1472 3940 1578 3990 λιν,
1609 3927 1685 3997 9).

110 4010 391 4080 Siquidem
445 4012 555 4065 hanc
587 4011 705 4066 ideo
736 4022 858 4066 sunt
889 4014 1103 4082 scripta,
1159 4026 1213 4068 ut
1246 4032 1288 4067 vi
1312 4032 1365 4068 ra
1398 4018 1511 4085 ejus
1540 4019 1676 4074 divi-

103 4103 246 4154 nitas
277 4112 647 4169 nonncgctur.
675 4104 778 4157 Sed
799 4105 884 4157 illa
918 4106 1137 4159 forsitan
1164 4108 1252 4160 tibi
1288 4124 1532 4178 usurpas,
1570 4128 1688 4180 qua:

99 4204 334 4262 propter
384 4195 804 4247 incarnationem
854 4196 968 4263 ejus
1011 4199 1205 4267 scripta
1240 4212 1396 4267 sunt,
1422 4196 1485 4254 ἰιι
1514 4213 1637 4272 puta
1674 4221 1686 4257 :

103 4285 212 4351 Qui
240 4300 323 4336 me
358 4285 492 4337 misit
536 4286 700 4355 major
731 4303 809 4340 me
851 4298 923 4341 est
959 4286 1135 4356 (Joan.
1171 4307 1279 4356 xlv,
1314 4292 1426 4362 28).
1466 4295 1530 4348 Et
1572 4296 1691 4349 Non

101 4378 215 4430 veni
267 4378 439 4442 facere
486 4376 793 4431 voluntatem
825 4396 985 4431 meam
1009 4420 1022 4440 ,
1068 4384 1154 4433 sed
1183 4385 1293 4450 ejus
1320 4386 1407 4453 qui
1453 4404 1528 4439 me
1558 4390 1692 4441 misit

106 4467 289 4538 (loan.
320 4483 371 4530 ν,
397 4468 508 4535 30).
544 4468 607 4521 Et
637 4466 804 4521 Filius
826 4487 859 4522 α
882 4486 936 4523 se
962 4470 1090 4523 nihil
1120 4484 1281 4540 potest
1307 4476 1476 4543 facere
1500 4476 1688 4547 (lbid.,

112 4560 219 4628 19).
250 4560 316 4612 Ει
350 4557 467 4610 Non
498 4569 569 4611 est
598 4576 762 4612 meum
790 4562 915 4612 dare
943 4563 1101 4628 vobis,
1132 4566 1222 4616 sed
1249 4567 1425 4635 quibus
1453 4580 1688 4635 paratum

108 4660 173 4702 est
204 4667 235 4701 a
268 4647 422 4701 Patre
456 4648 673 4717 (Matth.
710 4667 806 4715 xx,
839 4651 961 4718 23).
1016 4653 1081 4706 Et
1110 4668 1299 4708 canora
1350 4656 1431 4710 his
1469 4659 1685 4715 similia.

107 4742 233 4807 Qum
259 4742 437 4795 omnia
471 4757 573 4795 nun
605 4743 877 4797 inlirmant
907 4743 1125 4812 Filium,
1161 4763 1332 4817 neque
1361 4748 1682 4819 depretiant,

110 4835 195 4887 sed
225 4851 252 4886 ει
286 4834 443 4887 Patre.
486 4834 850 4905 diStinguunt,
892 4846 945 4891 et
975 4836 1092 4906 ejus
1124 4838 1475 4896 humilitatem
1521 4853 1572 4897 et
1603 4842 1686 4898 in-

87 4896 471 5017 :carnatiunem
494 4928 801 4981 ostendunt.
826 4930 930 4983 Sed
963 4945 1060 4985 nec
1092 4931 1179 4985 illa
1205 4932 1415 4988 ﬁdelem
1450 4937 1681 4991 animam

1790 3733 2085 3788 secundum
2118 3749 2355 3801 carnem,
2388 3744 2443 3790 et
2469 3733 2867 3806 impassibliitas
2900 3740 3196 3795 secundum
3234 3739 3368 3796 divi-

1790 3825 2033 3880 nitatem.

1806 3936 2319 3996 ητειιιιοϐᾼτιοκεε
2368 3958 2790 4009 ΗᾹΞΙΠΞΤΙΕΟΚΕΠ,
2831 3962 2898 3999 ΕΤ
2951 3960 3334 4003 ιεενοκδιοκεε

2364 4028 2792 4067 ολτιιοιιοωιωι.

1862 4102 2019 4171 273
2062 4102 2369 4155 Haereticus.
2400 4102 2536 4156 Deus
2560 4103 2738 4170 Pater,
2770 4120 2837 4159 ex
2884 4105 3156 4162 voluntate
3186 4108 3368 4177 genuit

1791 4192 2017 4254 Filium,
2049 4208 2114 4245 an
2138 4208 2202 4247 ex
2236 4192 2558 4246 necessitate
2588 4193 2609 4245 τ

1864 4285 2165 4352 Responsio.
2200 4282 2308 4337 Nec
2339 4296 2401 4336 ex
2435 4284 2728 4349 voluntate,
2778 4302 2875 4341 nec
2913 4303 2976 4344 ex
3018 4290 3368 4359 necessitate,

1792 4377 1912 4444 quia
1948 4375 2053 4429 Deo
2077 4375 2216 4429 nulla
2250 4387 2427 4430 manet
2453 4378 2762 4432 necessitas.
2794 4378 2894 4433 Sed
2926 4389 2977 4460 et
3026 4381 3153 4435 mihi
3202 4383 3369 4437 inter-

1792 4470 1995 4543 roganti
2029 4487 2040 4519 :
2072 4469 2211 4523 Deus
2242 4470 2411 4523 bonus
2443 4481 2542 4531 est,
2575 4486 2642 4524 an
2679 4488 2782 4524 non
2808 4472 2829 4525 ?
2853 4467 3046 4543 Utique
3077 4472 3247 4529 bonus
3262 4485 3366 4532 est.

1791 4559 1865 4613 Ex
1898 4542 2188 4625 voluntate,
2236 4573 2323 4613 aut
2354 4575 2415 4615 ex
2466 4564 2807 4620 neceSsitate.
2852 4563 2907 4621 Si
2938 4542 3003 4620 ex
3052 4568 3325 4624 voluntate
3349 4612 3366 4637 ,

1792 4652 1959 4719 major
1981 4651 2090 4720 jam
2122 4662 2174 4705 et
2205 4654 2348 4721 prior
2378 4654 2623 4707 voluntas
2646 4666 2727 4709 est
2756 4672 2819 4711 ex
2852 4671 2954 4727 qua
2984 4658 3177 4714 bonus.
3212 4662 3267 4715 Si
3298 4679 3365 4717 ex

1787 4748 2133 4810 necessitate,
2166 4747 2335 4816 major
2360 4758 2441 4801 est
2489 4752 2803 4814 necessitas,
2834 4763 2888 4806 et
2936 4753 3077 4808 Deus
3108 4755 3367 4811 inﬁrmior

1788 4835 2032 4891 habetur.
2065 4837 2175 4903 Qua
2207 4838 2275 4892 de
2300 4853 2379 4899 re,
2399 4838 2563 4892 Filius
2593 4856 2656 4894 ex
2684 4840 2858 4909 Patre,
2887 4858 2992 4896 non
3024 4859 3090 4897 ex
3122 4846 3367 4899 volunta-

1789 4933 1862 4991 te,
1894 4942 2066 4996 neque
2088 4942 2151 4981 ex
2184 4930 2524 4993 necessitate,
2549 4931 2642 4985 sed
2668 4948 2730 4986 ex
2760 4934 3055 4989 substantia
3084 4947 3240 4991 natus
3261 4949 3365 5004 est,

110 5016 502 5079 scandalizent,
546 5019 737 5086 quibus
772 5017 1027 5073 Dominus
1054 5022 1329 5090 esuriisse,
1378 5024 1642 5082 dormisse
1666 5066 1680 5092 ,
1710 5011 1764 5075 Ι)
1788 5018 1905 5087 (illia
1950 5033 2111 5086 ευρηι
2154 5019 2481 5075 "Olunlalem
2512 5032 2565 5077 el
2594 5022 2969 5079 necessitatem
3018 5036 3099 5082 εει
3142 5027 3193 5080 id
3223 5030 3366 5098 Quod

110 5105 430 5179 lacrymasse
458 5121 784 5164 memoratur
806 5152 820 5178 ,
846 5112 1090 5167 tristasse
1116 5128 1283 5183 usque
1326 5116 1390 5168 ad
1420 5126 1644 5171 mortem
1664 5158 1679 5183 ,

110 5203 413 5267 passionem
460 5216 671 5271 quoque
705 5212 760 5258 et
802 5218 1014 5257 crucem
1045 5222 1057 5257 ;
1083 5205 1344 5275 siquidem
1376 5206 1440 5261 ad
1481 5208 1529 5262 id
1560 5219 1686 5265 sunt

111 5290 302 5361 scripta
330 5303 389 5347 et
418 5290 575 5358 facta,
608 5302 663 5347 ut
690 5302 742 5347 et
770 5294 1067 5349 tolerantiae
1096 5296 1343 5366 exempla
1377 5298 1682 5365 praeberen-

113 5389 214 5448 tur,
249 5384 413 5455 272
442 5394 495 5438 et
519 5400 643 5439 vera
672 5384 788 5455 ejus
833 5387 1131 5441 incarnatio
1186 5400 1512 5443 nosceretur.
1555 5390 1685 5446 Nam

113 5473 159 5526 in
189 5491 253 5530 eo
281 5476 426 5546 quod
456 5479 707 5531 esuriisse
739 5477 993 5533 Dominus
1018 5479 1216 5534 dicitur
1236 5522 1249 5545 ,
1288 5482 1401 5535 veri
1445 5483 1687 5551 corporis

113 5569 526 5637 assumptionem
561 5569 815 5639 intelligo.
856 5570 911 5624 In
960 5586 1023 5625 eo
1054 5579 1229 5626 autem
1262 5572 1402 5642 quod
1449 5574 1685 5645 quinque

115 5657 355 5723 panibus,
383 5669 435 5711 et
462 5659 662 5713 duobus
681 5660 915 5728 piscibus
940 5661 1173 5731 quinque
1206 5663 1367 5716 millia
1410 5662 1681 5718 hominum

112 5746 283 5814 satiat,
315 5762 493 5802 veram
527 5750 641 5819 ejus
670 5748 1000 5806 divinitatem
1034 5765 1318 5822 cognosce.
1351 5752 1511 5809 Certe
1558 5770 1678 5810 cum

1790 5119 1872 5164 est
1899 5109 2092 5164 dt'ilaS.

1866 5200 2171 5256 Hteretirus.
2222 5203 2405 5259 Denuo
2456 5216 2503 5261 te
2548 5207 2818 5279 interrogo
2854 5226 2868 5262 :
2904 5208 3061 5264 Pater
3106 5222 3157 5265 et
3202 5211 3366 5266 Filius

1792 5294 1916 5365 quid
1948 5305 2029 5351 est
2049 5296 2071 5349 ?

1865 5387 2164 5459 Responsio.
2200 5387 2341 5445 Deus
2368 5400 2421 5446 et
2446 5391 2698 5448 Verbum.

1863 5479 2165 5534 Hmeticus.
2196 5482 2334 5550 Ergo
2365 5498 2473 5537 non
2496 5485 2744 5555 simplex,
2778 5483 2871 5539 sed
2899 5482 3229 5553 compositus
3259 5494 3363 5553 est,

1788 5572 1909 5643 quia
1944 5574 2054 5641 ipse
2084 5582 2165 5628 est
2193 5585 2248 5629 et
2276 5572 2532 5631 Verbum.

1861 5663 2161 5733 Responsio.
2196 5666 2334 5721 Deus
2356 5675 2638 5734 operatur,
2672 5673 2764 5720 aut
2795 5679 2899 5719 non
2923 5663 2945 5713 ?
2973 5674 3027 5720 et
3056 5680 3176 5734 qua:
3212 5664 3366 5739 facit,

1786 5753 2055 5811 voluntate
2085 5757 2228 5824 lacit,
2264 5768 2353 5812 aut
2380 5771 2486 5810 non
2513 5756 2536 5810 2
