3938 6376
619 342 720 399 991

698 455 1005 511 Ilwreticus.
1041 456 1233 525 Utique
1265 457 1556 511 voluntate.

698 546 1003 617 Responsio.
1038 547 1181 616 Ergo
1210 550 1324 617 ipse
1353 558 1433 602 est
1465 557 1518 601 et
1547 546 1795 601 voluntas
1826 565 1838 601 :
1870 556 1925 601 et
1951 556 2035 601 est
2061 563 2209 602 coms

622 640 829 711 positus
846 638 1135 694 secundum
1155 640 1623 709 interrogationem
1647 648 1814 708 tuam,
1833 654 1937 694 non
1956 642 2202 710 simplex.

695 729 1000 784 ereticus.
1051 730 1156 785 Sed
1188 730 1329 784 Deus
1362 731 1411 782 in
1443 731 1745 785 azternitate
1778 745 2024 795 manens,
2056 731 2204 784 solus

621 835 852 878 atteruus
879 831 977 877 est.
1009 822 1198 876 Omnia
1227 825 1423 876 etenim
1455 823 1543 892 qui
1572 838 1786 892 semper
1816 833 1898 878 est
1929 842 1940 875 :
1976 824 2069 878 sed
2098 840 2201 877 non

621 924 705 969 est
751 915 929 969 omnia
978 916 1161 979 multa,
1214 916 1307 968 sed
1355 931 1519 969 unum
1551 930 1613 971 ac
1642 915 1867 985 simplex
1916 916 2017 972 hoc
2061 916 2203 985 quod

620 1010 834 1076 semper
868 1009 1007 1063 Deus
1034 1021 1134 1063 est.

700 1097 998 1167 Responsio.
1053 1100 1116 1153 Et
1146 1099 1266 1155 ideo
1286 1099 1628 1168 impossibile
1657 1110 1738 1156 est
1767 1103 2004 1170 separari
2040 1118 2202 1156 unum

620 1189 688 1243 ab
716 1204 848 1255 uno,
884 1190 933 1251 id
964 1200 1045 1245 est
1089 1191 1280 1245 Filium
1325 1209 1353 1245 a
1401 1194 1589 1259 Patre,
1611 1186 1708 1247 ’vel
1737 1195 1947 1247 Patrem
1980 1210 2006 1246 a
2044 1193 2198 1246 Filio.

619 1280 841 1350 Propter
874 1284 1204 1339 idenlilatem
1235 1284 1451 1339 deitatis
1475 1285 1611 1353 dico,
1646 1284 1758 1355 Ego
1781 1294 1826 1340 et
1855 1286 2015 1341 Pater
2044 1302 2203 1338 unum

617 1389 791 1427 sumus
820 1389 837 1427 :
863 1374 987 1428 dum
1018 1392 1117 1444 ego
1146 1386 1197 1430 et
1224 1376 1381 1429 Pater
1411 1392 1513 1430 non
1553 1378 1824 1432 solitarius
1868 1379 2200 1447 intelligitur,

616 1482 790 1535 neque
811 1468 951 1537 quod
981 1485 1138 1522 unum
1164 1484 1371 1531 sumus,
1397 1469 1668 1524 diversum
1693 1473 1941 1525 sentitur.
1970 1471 2203 1525 Dicimus

616 1574 744 1630 ergo
775 1571 1049 1629 paternam
1098 1562 1351 1615 deitatem
1407 1580 1674 1631 nunquam
1707 1566 1934 1618 alienam
1977 1564 2141 1618 fuisse
2172 1580 2201 1617 a

619 1654 839 1722 propria
870 1654 1237 1722 generatione.
1286 1653 1349 1705 Et
1384 1654 1503 1707 ideo
1553 1655 1707 1723 nobis
1760 1668 1977 1723 paterna
2030 1655 2202 1707 deitas

623 1758 721 1811 pro
750 1754 986 1812 tempore
1019 1745 1232 1812 quidem
1265 1745 1615 1812 intelligibilis
1650 1745 1899 1808 efﬁcitur,
1935 1747 2047 1813 ipsa
2077 1761 2202 1799 νισι-ο

1951 338 2169 395 \‘tctut
2210 340 2584 398 TAPSENSIS
3702 357 3763 416 ω

2232 459 2284 517 Α
2312 458 2818 522 indetertnioalsilis,
2858 460 3197 531 simplexque
3221 472 3420 519 nam”,
3449 467 3580 534 Quod
3609 474 3769 540 mi.

2314 550 2642 617 compositus
2685 550 3019 622 simplexque
3050 564 3245 620 manet,
3278 556 3430 610 nullis
3458 557 3629 627 legibus
3649 562 3763 617 deter-

2312 639 2503 692 minari
2534 648 2728 709 poteSt.
2763 640 2869 696 Sed
2897 643 3162 711 reSponde
3188 645 3312 698 mihi
3335 646 3631 714 interroganti
3654 663 3762 706 utrum

2309 734 2393 781 est
2421 727 2584 792 Deus,
2618 744 2775 797 quem
2808 730 2925 784 sine
2953 732 3173 787 initioet
3196 734 3299 787 ﬁne
3327 750 3521 804 semper
3540 738 3666 793 fuisse
3682 757 3763 797 cotu-

2309 833 2582 873 memoras
2606 861 2621 885 ,
2658 822 2725 873 ita
2782 820 3299 879 indeterminabilis?
3344 828 3526 883 Statuis
3562 831 3705 899 quippe
3731 846 3762 887 ut

2310 911 2440 965 nihil
2460 913 2522 966 vei
2546 928 2660 966 1ton
2690 915 2860 967 solum
2902 917 3196 971 secundum
3226 929 3474 987 naturam,
3503 923 3581 975 sed
3622 938 3693 977 nec
3713 940 3761 978 se-

2308 1004 2545 1058 cundum
2573 1005 2833 1060 actionem
2867 1018 3070 1061 naturze
3094 1010 3347 1064 accedere
3376 1012 3554 1079 possit;
3580 1012 3633 1066 ita
3657 1023 3761 1069 utnec

2308 1097 2550 1151 novellus
2583 1098 2763 1163 Pater,
2786 1100 2879 1154 sed
2907 1116 3003 1155 nec
3029 1102 3302 1157 initiabilis
3327 1104 3519 1173 genitor
3541 1105 3760 1169 declaretur,

2308 1198 2365 1240 ut
2392 1204 2521 1241 vere
2552 1189 3064 1257 indeterminabilis,
3092 1202 3145 1246 et
3175 1210 3277 1247 non
3310 1196 3568 1262 prolicie‘n's
3595 1201 3757 1264 cognosci

2308 1281 2498 1348 possit.
2535 1280 2783 1336 Proliciet
2816 1282 2998 1351 utique
3025 1286 3067 1334 si
3092 1285 3157 1336 ad
3185 1287 3439 1339 actionem
3463 1286 3644 1340 novella:
3664 1303 3761 1353 grues

2308 1373 2531 1426 rationis
2565 1373 2855 1442 procedere
2888 1373 3124 1437 festinat,
3153 1391 3262 1445 quo
3299 1370 3463 1429 minus
3487 1393 3541 1431 ex
3572 1379 3646 1431 bac
3667 1378 3761 1447 275

2306 1477 2635 1533 cognoscere
2658 1464 2851 1530 valeat,
2885 1464 3172 1532 aliquando
3200 1466 3573 1520 semetPatrem
3595 1467 3761 1519 luluruut.

2306 1557 2473 1614 Nobis
2505 1574 2637 1613 vero
2667 1558 2897 1613 sufﬁciat
2924 1559 2966 1612 is
2993 1559 3081 1627 qui
3108 1558 3164 1611 in
3194 1558 3446 1627 principio
3488 1568 3602 1622 erat,
3627 1568 3666 1612 et
3684 1560 3761 1625 apud

2310 1667 2470 1719 quem
2502 1658 2637 1715 erat,
2670 1650 2919 1717 quoniam
2957 1649 3100 1703 Deus
3132 1649 3271 1718 apud
3300 1649 3459 1704 Deum
3488 1659 3599 1702 erat.
3623 1648 3760 1714 Quodsi

2314 1760 2418 1795 non
2446 1751 2633 1795 natura
2668 1738 2855 1805 Filius,
2888 1757 2988 1795 nec
3019 1750 3165 1795 recte
3197 1741 3351 1795 Pater
3386 1750 3435 1795 et
3461 1741 3597 1794 Filius
3621 1753 3749 1806 pronun

621 1849 721 1887 nec
746 1836 1089 1905 tcmporinec
1107 1836 1326 1889 novitati
1350 1837 1671 1906 subjacebit;
1699 1854 1765 1891 ue
1795 1838 1988 1901 inanis,
2014 1838 2201 1890 velsu-
2233 1834 2281 1894 Β
2310 1834 2499 1897 tiatur,
2533 1833 2654 1901 quia
2712 1847 2810 1885 nec
2862 1832 3101 1900 genitor,
3158 1847 3257 1886 nec
3306 1833 3503 1900 genitus
3550 1832 3751 1883 insinuatur

618 1926 844 1993 perﬁua,
864 1938 947 1979 aut
971 1940 1116 1982 certe
1138 1926 1422 1996 proﬁciens
1447 1937 1663 1997 paterna
1685 1928 1857 1981 deitas
1878 1929 2200 1997 reperiatur.

620 2013 812 2067 Libera
831 2018 1028 2069 etenim
1043 2016 1108 2069 ab
1123 2018 1263 2069 omni
1280 2017 1555 2086 qualitate,
1569 2019 1632 2071 ab
1648 2018 1791 2071 omni
1810 2018 2204 2086 quantitate,ab

618 2109 763 2161 omni
780 2107 1025 2173 exordio,
1046 2108 1114 2161 ab
1127 2109 1269 2161 omni
1286 2110 1695 2178 compositione.
1713 2109 1816 2165 Sed
1834 2125 1947 2161 (ηιιηΔ
1968 2110 2202 2178 genitum

618 2200 940 2268 appellatur,
971 2201 1103 2255 nihil
1130 2202 1271 2254 aliud
1298 2216 1459 2272 quam
1492 2203 1703 2255 Patrem
1736 2212 1788 2255 et
1811 2201 2003 2255 Filiotn
2036 2201 2203 2271 signi-

618 2292 780 2347 ﬁcare
808 2304 1158 2347 monstratur.
1192 2294 1332 2348 Nihil
1362 2295 1502 2349 enim
1539 2304 1642 2347 tam
1670 2295 1888 2363 impium
1923 2312 2080 2364 quam
2112 2297 2203 2349 Dei

616 2384 809 2441 Filium
837 2386 1131 2454 appellare,
1162 2395 1217 2440 et
1248 2386 1416 2440 Deum
1440 2402 1624 2440 verum
1656 2400 1848 2454 negare
1876 2403 1888 2438 :
1921 2402 2078 2455 quam
2107 2388 2205 2441 Pa-

616 2482 751 2531 trem
798 2477 982 2545 loqui,
1033 2488 1087 2531 et
1136 2479 1254 2533 sine
1303 2479 1650 2546 generatione
1698 2478 1909 2531 Patrem
1935 2479 2201 2533 conﬁteri.

616 2567 977 2638 Quodcunque
1004 2570 1203 2624 etenim
1230 2584 1333 2622 non
1367 2569 1434 2621 ita
1450 2569 1713 2622 exstiterit
1738 2579 1791 2621 ut
1809 2568 1948 2623 Deus
1969 2570 2204 2624 existere

613 2661 794 2725 debet,
846 2661 987 2716 Deus
1035 2663 1179 2717 credi
1215 2660 1381 2733 274
1408 2676 1513 2715 ηοη
1548 2661 1729 2715 debet.
1781 2661 1891 2729 Ego
1938 2678 2054 2714 sunt
2109 2661 2199 2730 qui

611 2762 773 2805 tum:
808 2753 900 2805 sed
935 2768 1037 2805 nou
1072 2768 1189 2804 sum
1217 2761 1483 2805 mutatus:
1520 2761 1575 2805 et
1614 2749 1734 2804 ideo
1776 2752 1918 2819 quod
1964 2750 2204 2805 divinum

613 2851 698 2895 est
728 2842 996 2895 immutari
1028 2857 1132 2895 non
1166 2852 1372 2910 potest;
1415 2856 1481 2895 ne
1530 2856 1634 2894 non
1689 2841 1759 2894 sit
1799 2840 1941 2908 quod
1991 2856 2228 2907 semper,

613 2942 716 2986 est.
755 2932 1071 2987 (inmutatur
1101 2941 1280 2985 autem
1312 2948 1340 2985 a
1370 2948 1463 2985 sua
1495 2932 1860 3001 simplicitate,
1888 2933 1931 2985 si
1965 2932 2206 2988 novellus

618 3021 783 3081 Pater
808 3035 927 3091 est;
961 3028 1004 3079 si
1033 3025 1099 3077 ab
1129 3026 1426 3078 aeternitate
1450 3040 1569 3077 cum
1603 3025 1718 3093 ipso
1762 3034 1844 3077 est
1870 3066 1882 3089 ,
1918 3034 1970 3077 et
2001 3024 2052 3077 in
2081 3024 2199 3093 ipso

618 3110 789 3169 Filius
816 3130 920 3168 non
949 3124 1067 3169 est:
1102 3125 1155 3168 et
1201 3126 1281 3169 est
1313 3116 1605 3179 mutabilis,
1647 3115 1689 3167 si
1724 3130 1826 3166 non
1858 3127 2046 3169 natura
2068 3155 2084 3182 ,
2112 3114 2205 3170 sed

615 3208 911 3273 voluntate,
947 3219 1067 3278 post
1092 3218 1332 3261 naturam
1366 3207 1550 3277 genuit
1580 3207 1795 3261 Filium.

690 3297 996 3353 Hrereticns.
1028 3300 1137 3354 Sed
1170 3299 1342 3353 solum
1384 3298 1681 3369 sapientem
1720 3308 1772 3353 et
1801 3308 2071 3368 potentem
2104 3299 2201 3353 Pa-

616 3400 754 3446 trem
782 3393 927 3446 credi
957 3393 1175 3447 debere.

685 3486 994 3557 Responsio.
1022 3487 1077 3541 Si
1110 3501 1229 3540 cum
1273 3493 1328 3539 et
1358 3483 1546 3539 Filium
1576 3483 1731 3537 simul
1774 3497 1892 3537 cum
1924 3484 2080 3537 Patre
2110 3499 2199 3537 vc-

612 3580 841 3646 neraris,
878 3579 1019 3632 Patri
1043 3579 1281 3633 detrahis
1306 3579 1393 3647 qui
1426 3578 1585 3632 situui
1618 3594 1736 3632 cum
1770 3577 1885 3646 ipso
1916 3577 2090 3630 minus
2111 3592 2197 3629 sa-

611 3673 843 3741 pientem
899 3673 1193 3726 vcnerazis.
1225 3672 1325 3739 Qui
1371 3672 1417 3725 si
1469 3671 1628 3739 igitur
1675 3672 1850 3725 minus
1900 3671 2195 3738 sapientem

618 3765 888 3832 decernis,
920 3767 1101 3833 utique
1138 3780 1234 3817 nec
1267 3765 1455 3826 Deum,
1488 3779 1586 3817 nec
1616 3763 1807 3817 Filium
1831 3763 1921 3817 Dei
1954 3777 2198 3817 asserere

615 3855 800 3909 debes.
832 3858 981 3921 Quod
1021 3857 1063 3908 si
1097 3855 1250 3923 plene
1277 3854 1574 3922 sapientcm
1602 3856 1819 3919 asseris,
1850 3861 1996 3908 recte
2031 3854 2196 3907 Deum

613 3948 694 4001 vel
726 3947 915 4002 Filium
945 3946 1155 4002 tlcﬁnis.

682 4038 987 4093 Hiereticns.
1027 4040 1130 4095 Sed
1164 4039 1354 4093 Filium
1382 4056 1410 4093 a
1446 4038 1600 4094 Patre
1628 4039 1821 4093 mutari
1854 4038 2193 4096 manifestum

609 4140 709 4195 est,
744 4132 955 4187 Patrctu
987 4148 1115 4187 vero
1142 4147 1169 4184 a
1202 4129 1341 4185 Filio
1375 4133 1563 4185 mutari
1597 4146 1705 4186 non
1737 4146 1916 4203 posse.

682 4224 983 4295 Responsio.
1032 4225 1089 4278 Si
1125 4225 1196 4276 ita
1225 4234 1339 4288 est,
1372 4240 1558 4294 qutero
1589 4234 1765 4279 utrum
1806 4224 1964 4278 Pater
1996 4225 2193 4292 imper-

610 4314 804 4369 fectum
839 4316 1029 4369 Filium
1061 4316 1328 4383 genuerit,
1354 4327 1769 4384 suspectumque
1796 4316 2080 4383 dimiserit,
2109 4316 2193 4369 cui

612 4404 864 4471 deinceps
911 4419 1015 4457 non
1065 4413 1170 4458 tam
1219 4405 1476 4474 genitoris
1506 4407 1716 4475 ofﬁcio,
1762 4422 1919 4475 quam
1955 4406 2194 4477 magistri

620 4496 848 4566 imperio
900 4495 1200 4549 rudimenta
1234 4497 1510 4565 sapientia:
1541 4499 1816 4565 impertire
1863 4498 2191 4567 dignaretur.

2311 1926 2462 1992 Quod
2510 1925 2553 1979 si
2588 1924 2863 1993 plenitudo
2891 1923 3189 1978 divinitatis
3241 1923 3521 1976 secundum
3552 1921 3707 1975 Paulum
3735 1919 3761 1968 iu

2310 2016 2447 2072 Filio
2481 2015 2725 2079 habetur,
2758 2030 2857 2068 cur
2908 2016 3047 2069 Deus
3079 2013 3423 2081 plenitudinis
3453 2011 3666 2080 negatur?
3687 2009 3761 2063 Etsi

2308 2110 2359 2164 in
2386 2126 2451 2164 eo
2481 2125 2671 2164 omnes
2719 2108 2955 2163 thesauri
3004 2107 3281 2177 sapientia:
3314 2116 3367 2161 et
3395 2106 3597 2162 scientia:
3626 2106 3761 2157 abscon-

2308 2204 2407 2257 diti
2442 2204 2723 2266 habentur,
2774 2218 2868 2255 cur
2895 2203 3037 2254 Dens
3067 2202 3285 2270 ignarus
3312 2199 3664 2269 pronuntiatur!
3685 2195 3761 2247 Etsi

2308 2294 2546 2349 Verbum
2577 2295 2626 2347 iu
2659 2292 2937 2361 principio,
2983 2303 3033 2346 et
3064 2291 3203 2360 apud
3245 2291 3411 2346 Deum
3458 2290 3578 2344 Deus
3602 2286 3760 2343 habetur.

2319 2401 2416 2439 cur
2443 2386 2583 2439 Deus
2615 2385 2867 2437 naturali~
2899 2398 3003 2436 non
3036 2383 3309 2438 creditur?
3335 2384 3481 2437 Absit
3505 2389 3642 2433 autem
3664 2393 3683 2429 ε
3707 2373 3761 2427 lida

2307 2478 2624 2548 apostolica,
2652 2488 2708 2531 ut
2738 2479 2789 2531 in
2819 2477 2937 2531 Filii
2970 2477 3323 2545 generatione
3346 2484 3431 2527 aut
3469 2482 3671 2543 augeatur
3688 2467 3761 2519 divi-

2311 2573 2477 2626 nitate
2506 2571 2645 2640 quod
2671 2570 2827 2624 Pater
2849 2579 2953 2633 est,
2985 2578 3073 2623 aut
3102 2570 3373 2623 minuatur
3395 2582 3458 2622 ne
3480 2567 3611 2621 Pater
3628 2563 3686 2616 sit.
3705 2560 3758 2612 Sci

2310 2681 2407 2719 nee
2461 2675 2617 2718 natus
2649 2664 3050 2730 provectiouem
3102 2658 3354 2725 sustinet,
3381 2657 3468 2713 sed
3496 2669 3580 2711 nec
3599 2662 3758 2723 generalis

2309 2754 2738 2810 diminutionem.

2380 2849 2687 2903 Ilwreticus.
2710 2847 2987 2915 Quomodo
3020 2848 3161 2899 enim
3196 2845 3519 2899 nativitatem
3540 2830 3759 2902 sempiterni-

2310 2943 2405 2995 tati
2452 2940 2762 3010 conjungis,
2791 2938 2912 2992 dum
2949 2938 3197 2991 nativitas
3232 2934 3487 3005 pastcrior
3521 2920 3759 2987 sitasemi‘i‘

2310 3034 2603 3088 ternitate?

2383 3126 2711 3181 Athanasius.
2771 3123 2973 3177 Revera
3007 3122 3154 3192 quasi
3200 3122 3345 3189 prius
3386 3126 3634 3183 conceptus
3661 3108 3759 3160 dese

2229 3208 2273 3270 C
2307 3222 2449 3274 mine
2476 3264 2489 3286 ,
2521 3230 2609 3271 aut
2639 3216 2948 3285 cuagulalus
2980 3218 3033 3268 in
3069 3226 3253 3268 tentre
3292 3213 3392 3277 sit,
3437 3225 3543 3265 cum
3587 3202 3759 3268 ὃςτίριυη

2304 3311 2481 3366 dicat:
2515 3310 2901 3364 Cencrationem
2928 3319 3096 3360 autem
3149 3311 3263 3377 ejus
3310 3306 3419 3376 quis
3446 3298 3653 3357 enarrabit
3684 3292 3760 3383 i-ifh

2306 3418 2398 3455 vnt
2420 3445 2433 3467 ,
2470 3402 2591 3472 35)?
2620 3400 2749 3453 Nam
2799 3408 2851 3453 et
2890 3399 3165 3467 generanti
3198 3396 3507 3451 catumuiaut
3540 3390 3760 3472 {irimque

2304 3495 2351 3549 ei
2394 3470 2684 3548 accesserit
2724 3501 2776 3545 ut
2799 3499 3096 3561 generaret.
3134 3488 3288 3555 Quod
3317 3488 3358 3541 si
3390 3483 3588 3540 accessit
3612 3478 3662 3531 illi
3684 3470 3760 3539 quod

2301 3594 2424 3639 ante
2455 3599 2558 3637 non
2593 3583 2795 3648 habuit,
2836 3582 3177 3651 imperfectus
3227 3578 3520 3632 invenitur:
3554 3570 3590 3624 si
3615 3582 3687 3621 uou
3717 3574 3760 3611 ac-

2258 3742 2267 3750 .
2302 3676 2493 3740 cessit,
2525 3673 2883 3742 sempiternus
2931 3687 3050 3725 cum
3084 3670 3417 3738 sempiterno
3448 3667 3493 3718 in
3536 3666 3760 3750 SCIttplertzt-

2302 3775 2411 3819 tate
2438 3765 2598 3819 fuisse
2627 3764 2913 3833 reperitur.
2947 3762 3021 3816 De
3045 3760 3469 3827 sempiternitate
3495 3753 3593 3807 Filii
3614 3744 3760 3807 τιυιίίιΜ

2303 3854 2465 3907 David
2510 3854 2699 3908 Filittttt
2731 3852 2797 3907 ad
2840 3853 3048 3906 Patrem
3097 3852 3261 3904 verba
3312 3850 3574 3904 iacientem
3604 3860 3612 3893 :
3648 3836 3761 3899 EH9“

2299 3964 2495 4018 semper
2526 3958 2687 3999 tecum
2713 3962 2732 4001 :
2758 3947 2961 4000 tenuisti
3000 3940 3211 3998 manauit
3243 3962 3408 3999 meam
3445 3943 3672 3995 desierant,
3692 3938 3717 3980 et
3736 3939 3762 3973 ιι

2299 4042 2559 4094 voluntate
2588 4049 2675 4093 tua
2706 4040 2982 4105 deduxisti,
3024 4050 3071 4092 et
3113 4054 3227 4090 tum
3270 4038 3431 4107 gloria
3460 4024 3762 4097 assumpsistiw
3852 4038 3853 4047 ‘

2301 4131 2470 4203 (Psal.
2505 4148 2665 4193 Lxxu,
2696 4132 2808 4199 ‘25).
2846 4131 2973 4185 Item
3027 4130 3189 4182 David
3219 4145 3233 4181 :
3269 4130 3454 4182 Tecum
3484 4112 3758 4194 principium"

2299 4229 2382 4281 die
2413 4227 2613 4279 virtutis
2635 4236 2737 4279 tnw
2761 4267 2773 4289 ,
2805 4224 2855 4276 in
2901 4222 3256 4293 splendoribus
3301 4231 3596 4277 sanctorum,
3620 4225 3664 4263 εί
3684 4212 3763 4256 ¹¹¹δ⁹

2298 4331 2412 4374 ante
2445 4320 2717 4390 luciferum
2749 4319 2899 4389 genui
2926 4329 2971 4371 te
3004 4315 3176 4387 (Paul.
3206 4331 3315 4381 Ctx,
3345 4316 3417 4379 5).
3735 4382 3761 4389 Η

2371 4411 2675 4466 Hwi‘etirus.
2712 4410 2931 4478 logeniti
2985 4423 3178 4461 nomen
3240 4406 3436 4468 Patris,
3464 4410 3513 4455 et
3552 4393 3646 4450 Filii
3668 4392 3763 4457 gen“

2298 4504 2557 4574 appellas.
2588 4503 2726 4568 Quid
2759 4502 2827 4555 de
2849 4501 3043 4571 Spiritu
3078 4508 3266 4555 sancto
3289 4500 3537 4557 dicturus,
3565 4489 3631 4557 qui
3657 4482 3765 4539 utique

614 4585 706 4638 Est
740 4599 868 4653 ergo
916 4586 997 4639 vel
1033 4586 1173 4654 quod
1210 4585 1346 4639 Deus
1387 4586 1544 4639 l’ater
1574 4588 1805 4654 perfecte
1836 4591 2048 4654 sapiens
2095 4590 2191 4643 do-
2225 4585 2274 4645 Ι)
2302 4595 2350 4648 iu
2385 4596 2543 4649 tertio
2574 4595 2743 4663 gradu
2780 4594 3025 4661 ponitur,
3062 4593 3113 4645 in
3148 4589 3439 4657 Scripturis
3483 4584 3671 4654 gruiuun
3697 4582 3765 4663 em"

612 4690 735 4730 cere
764 4676 955 4730 debeat
979 4692 993 4741 ;
1020 4687 1101 4731 est
1125 4688 1178 4732 et
1220 4680 1362 4748 quod
1409 4679 1549 4732 Deus
1578 4679 1743 4734 Filius
1775 4679 2085 4748 imperfecte
2112 4698 2195 4735 sa-

611 4770 765 4839 piens
795 4771 1003 4823 discere
1042 4775 1243 4841 possit,
1282 4784 1334 4828 et
1365 4774 1633 4843 quomodo
1680 4775 1855 4827 omnia
1888 4791 2006 4844 qua:
2041 4775 2197 4829 Pater

610 4862 771 4916 habet
801 4862 921 4916 Filii
950 4873 1094 4929 sunt,
1127 4864 1171 4916 si
1212 4880 1315 4916 non
1346 4864 1586 4936 peril-etc
1617 4864 1777 4935 sapit,
1807 4866 1886 4922 vel
1919 4865 2074 4933 plene
2101 4882 2193 4935 po-

611 4955 752 5009 test?
782 4956 1062 5021 Quomodo
1097 4957 1147 5010 in
1182 4956 1317 5011 Filio
1343 4975 1527 5013 omnes
1560 4958 1794 5013 thesauri
1836 4962 2113 5028 sapientia:
2141 4970 2195 5016 et

610 5049 853 5103 ερίιιηιίω
883 5050 1495 5119 di-preltettduntur?vel
1522 5053 1659 5107 Deus
1691 5068 1853 5121 super
1880 5056 2059 5108 omnia
2091 5072 2190 5109 no-

608 5140 889 5196 minatur?

680 5232 988 5287 (hereticus.
1018 5232 1122 5288 Sed
1167 5232 1339 5286 solum
1376 5232 1541 5289 Deam
1591 5235 1803 5290 Patrem
1845 5235 1961 5289 sine
2008 5237 2189 5301 initi»,

602 5326 723 5381 sine
753 5328 983 5396 origine,
1015 5326 1311 5397 simplicem
1338 5342 1549 5399 quoque
1586 5339 1641 5383 et
1668 5328 2190 5383 indeterminabiletn

604 5422 853 5492 cognosci
899 5421 1116 5474 debere.
1148 5421 1531 5491 Operationetu
1564 5437 1695 5475 vero
1740 5420 1879 5491 ejus,
1916 5422 1966 5473 id
1992 5430 2074 5474 est
2104 5420 2189 5474 Fi-

606 5514 752 5578 lium,
780 5530 951 5579 neque
981 5516 1096 5568 sine
1122 5512 1226 5568 ﬁne
1251 5514 1474 5582 intelligi
1506 5523 1784 5581 oportere:
1816 5514 2047 5569 maxime
2068 5528 2187 5567 cum

606 5620 766 5660 ontue
796 5621 929 5675 opus
959 5616 1012 5659 et
1048 5607 1254 5659 ittititnn
1286 5607 1579 5669 sustineat,
1630 5615 1682 5658 et
1713 5604 1815 5659 ﬁne
1858 5619 2043 5659 carere
2082 5620 2186 5659 non

613 5698 803 5765 possit.

682 5790 1013 5844 Athanasius.
1049 5792 1359 5860 lloc_etiam
1395 5807 1491 5848 uos
1531 5795 1847 5848 conﬁtemur
1881 5809 1893 5845 :
1928 5800 2007 5846 est
2034 5792 2179 5844 enim

2297 4662 2608 4751 coitliteris,
2642 4694 2732 4738 aut
2766 4686 3057 4753 ingenitum
3106 4680 3391 4752 appellas?
3417 4680 3470 4734 Si
3498 4662 3765 4743 gettit05.i""

2299 4798 2403 4836 non
2434 4798 2515 4836 es1
2548 4780 2848 4848 uuigenitus
2895 4780 3080 4845 Filius,
3111 4794 3176 4832 eo
3199 4779 3340 4848 quod
3382 4777 3447 4830 sit
3475 4780 3521 4826 et
3546 4760 3768 4855 allt'f'fi‘"5

2297 4875 2363 4928 de
2396 4875 2574 4929 Patre.
2608 4873 2661 4926 Si
2696 4887 2799 4925 non
2841 4881 2917 4925 est
2953 4881 3127 4933 natus,
3154 4879 3236 4923 est
3266 4870 3447 4936 utique
3476 4872 3524 4917 et
3547 4858 3654 4909 alter
3682 4856 3767 4907 tnge-

2299 4968 2473 5032 nitus,
2505 4975 2555 5019 et
2582 4964 2692 5034 jam
2744 4978 2848 5016 nou
2884 4976 2967 5017 εει
3000 4976 3135 5014 unus
3169 4960 3307 5015 Deus
3341 4960 3491 5013 Pater
3517 4968 3571 5006 ex
3609 4956 3686 5013 (Ιυί)
3703 4950 3770 5034 ⁰¹’ξ’

2296 5060 2418 5122 nia,
2449 5057 2541 5112 sed
2585 5057 2690 5111 duo
2724 5064 2847 5107 sunt
2878 5064 3075 5123 patres.
3130 5052 3282 5119 Quod
3321 5053 3363 5105 si
3396 5060 3552 5117 neque
3593 5042 3705 5089 natus
3732 5022 3769 5071 δέ

2296 5150 2454 5203 Patre
2481 5158 2563 5202 est
2610 5146 2843 5215 Spiritus
2864 5186 2878 5211 ,
2909 5160 3080 5215 neque
3124 5159 3227 5197 non
3267 5143 3505 5212 genitus,
3536 5126 3771 5201 superetul

2296 5248 2539 5294 creatura
2570 5237 2799 5292 ditatnr.
3207 5245 3213 5249 ·

2372 5331 2707 5384 Athanasius.
2740 5328 2797 5384 Si
2826 5328 3118 5397 Seripturis
3168 5326 3376 5381 Domini
3415 5322 3491 5376 vel
3534 5312 3709 5373 Domino
3728 5305 3771 5354 lu-

2298 5422 2480 5491 quenti
2512 5421 2786 5486 crederes,
2820 5435 3089 5487 nunquam
3118 5428 3412 5471 creatorem
3441 5405 3661 5467 creaturis
3676 5411 3772 5486 collt'.

2295 5528 2511 5582 parares
2540 5557 2554 5581 ,
2603 5527 2725 5567 cum
2772 5512 3007 5582 legeris:
3062 5510 3224 5564 Verbo
3268 5506 3472 5562 Domini
3514 5500 3609 5555 (teli
3647 5492 3772 5562 ﬁrma“

2292 5616 2409 5659 sunt
2431 5649 2443 5665 ,
2480 5616 2523 5658 et
2557 5605 2757 5675 Spiritu
2787 5606 2890 5657 oris
2942 5606 3051 5670 eius
3080 5603 3242 5655 omnis
3291 5599 3448 5672 276
3490 5595 3624 5648 uirtus
3659 5588 3773 5681 cliti!"

2297 5696 2469 5769 (Psal.
2507 5714 2675 5759 xxxii,
2721 5696 2795 5766 ὓ).
2832 5696 2958 5749 ltetn
2989 5696 3101 5765 ipsc
3134 5694 3296 5747 David
3329 5710 3339 5743 :
3372 5689 3564 5743 Emilm
3593 5676 3773 5769 δρίτίξέω

2294 5807 2486 5862 eorum,
2534 5801 2576 5843 et
2606 5790 2913 5843 rreubnntnr
2944 5788 3114 5857 (l’sul.
3147 5803 3261 5853 cm,
3297 5785 3408 5853 50).
3448 5775 3613 5835 Audivi
3638 5778 3678 5824 cl
3707 5762 3771 5815 Pi"
