3938 6376
142 338 240 394 293

1373 326 1457 382 ns
1496 324 1865 382 TlthlTATE
1904 282 2033 380 LIB.
2076 324 2144 379 x.

3289 332 3394 387 ιλιιι

141 460 265 505 trem
301 444 642 513 loquentem:
676 439 903 510 Spiritus
933 454 993 492 ex
1024 452 1100 489 me
1140 436 1333 505 prodiit
1375 434 1528 506 (Isai.
1583 451 1705 499 Lvn,
1739 440 1785 498 Α
1818 454 2009 491 nomen
2040 435 2333 491 divinitatis
2360 448 2601 506 negatur,
2638 436 2788 506 cujus
2814 448 3048 505 potestas
3076 456 3183 498 non
3216 458 3395 515 potest

141 541 242 608 16).
287 537 416 592 Item
462 536 575 604 ipse
613 549 706 603 per
751 531 869 587 .loel
922 530 1279 601 prophetam:
1315 527 1595 596 E/fundam
1648 530 1711 580 de

143 630 336 699 Spiritu
373 642 482 681 meo
510 642 659 695 super
704 639 901 677 omnem
939 638 1139 675 carnem
1187 620 1353 691 (Joel.
1400 636 1463 682 tt,
1497 618 1610 689 28).
1643 617 1709 672 Et

142 721 391 776 Dominus
434 720 485 772 in
516 716 806 786 Evangelia
852 715 1109 785 apostolis
1131 714 1299 767 dicit:
1328 711 1531 765 Mittam
1572 712 1709 765 vobis

140 832 167 867 tt
194 813 349 867 Patre
398 828 506 865 meo
551 809 895 875 Paracletum,
943 808 1193 877 Spiritum
1238 808 1499 860 veritatis:
1530 808 1611 860 hie
1649 807 1711 859 de

140 904 293 959 Patre
319 902 565 970 procedit,
592 912 638 956 et
665 904 727 954 de
755 917 866 953 meo
891 901 1084 969 accepit
1117 899 1298 969 (Joan.
1343 915 1430 963 xv,
1460 900 1528 953 26
1552 915 1565 963 ;
1601 915 1704 964 xvt,

139 996 239 1064 lt).
278 994 565 1051 Suiﬁceret
601 994 817 1064 quidem
854 993 1098 1047 ﬁdelibus
1130 994 1230 1047 hoc
1259 994 1428 1059 ipsum
1453 992 1710 1058 crtderc,

137 1089 251 1155 quia
280 1086 450 1141 Filius
469 1085 679 1156 genitus
701 1093 812 1140 est:
839 1085 1070 1153 Spiritus
1096 1093 1274 1138 autem
1306 1085 1373 1138 de
1405 1084 1561 1137 Patre
1590 1098 1712 1151 pro-

137 1178 330 1233 cedens
355 1189 457 1245 est,
478 1177 627 1246 cujus
652 1180 925 1245 processio
948 1175 1121 1245 qualis
1144 1184 1441 1244 atthuattla
1466 1176 1555 1237 sit,
1581 1174 1710 1229 nulli

142 1270 453 1323 conceditur
477 1269 636 1331 scire,
662 1270 797 1322 sicut
824 1276 877 1322 et
900 1267 965 1322 de
995 1266 1130 1321 Filio
1164 1266 1363 1322 dictum
1396 1278 1479 1321 est
1505 1283 1519 1320 :
1548 1266 1711 1321 Gene-

136 1360 381 1413 rationem
404 1368 571 1411 autem
593 1360 700 1429 ejus
721 1359 834 1426 quis
863 1358 1117 1412 enarrabit
1142 1358 1282 1429 (Act.
1315 1373 1430 1423 \‘lll,
1454 1358 1582 1426 55)?
1606 1356 1712 1412 Sed

137 1452 335 1506 arctius
363 1462 579 1520 propter
601 1451 905 1506 incredulos
926 1450 1301 1520 requirendum
1333 1462 1431 1516 est,
1468 1460 1521 1506 et
1548 1451 1714 1505 inter-

138 1542 346 1612 roganti
373 1541 501 1596 mihi
536 1544 823 1611 responde.

203 1631 513 1687 Ilmreticus.
555 1632 892 1701 Respondeo.

202 1726 540 1780 Athanasius.
582 1725 739 1779 Certe
770 1724 1041 1779 conﬁteris
1077 1724 1240 1779 Deum
1274 1740 1392 1781 esse
1420 1736 1472 1780 et
1499 1736 1712 1779 creato-

1813 526 2087 594 abnegari.
2124 525 2217 580 Est
2246 538 2299 579 et
2328 526 2478 591 illud,
2530 526 2671 596 quod
2721 528 2897 581 omnis
2926 540 3174 586 creatura
3224 550 3393 605 capax

1815 624 1897 668 est
1922 615 2221 669 divinarum
2251 619 2529 685 virtutum,
2555 628 2608 673 et
2637 628 2750 689 eget
2793 618 2963 687 gloria
2995 621 3084 675 Dei
3110 640 3125 679 :
3158 624 3395 694 Spiritus

1814 706 1956 760 enim
1985 708 2243 775 Capttbilis
2270 722 2350 763 est
2372 754 2385 777 ,
2422 726 2526 764 non
2556 726 2725 780 capax
2745 753 2758 777 ,
2790 722 2843 765 et
2872 713 3072 765 nullius
3117 725 3266 784 eget,
3295 718 3393 772 sed

1814 796 2094 864 egentibus
2117 812 2174 850 se
2198 798 2416 866 largiter
2444 799 2692 854 infundit.
2720 800 2848 854 Nam
2877 800 2942 855 de
2971 802 3109 856 Filio
3128 804 3392 875 scriptum

1814 896 1896 938 est
1919 904 1928 937 :
1953 886 2279 958 Unguentum
2302 890 2516 957 effusum
2536 910 2715 947 nomen
2740 905 2883 947 tuum
2908 894 3077 962 (Cant.
3100 912 3137 963 ι,
3159 895 3238 968 2).
3264 898 3394 954 ltcm

1815 975 1881 1029 de
1911 978 2111 1046 Spiritu
2154 990 2341 1032 sancto
2373 982 2512 1036 Deus
2546 984 2779 1055 loquitur
2809 1002 2821 1040 :
2858 984 3139 1052 E/I‘undam
3174 992 3237 1041 de
3265 990 3393 1059 Spi-

1816 1067 1919 1119 ritu
1950 1085 2057 1122 nteo
2087 1088 2238 1141 super
2264 1089 2461 1126 ontnem
2507 1092 2707 1131 carnem
2742 1077 2901 1149 (Jeel.
2935 1096 2994 1145 tt,
3022 1080 3138 1148 28).
3171 1080 3266 1136 Ubi
3298 1083 3395 1137 ali-

1816 1160 2029 1226 quando
2058 1162 2266 1231 legisti:
2301 1164 2581 1219 Lﬁundam
2611 1169 2856 1237 attgcluttt
2882 1186 3093 1237 meum,
3123 1172 3205 1227 vel
3236 1173 3393 1227 aliam

1817 1253 2115 1319 quamlibet
2141 1256 2440 1311 etelestium
2468 1270 2836 1316 creaturarum
2875 1263 3011 1318 sicut
3042 1265 3108 1320 de
3151 1266 3395 1335 Spiritu?

1817 1342 2069 1416 Legimus
2123 1350 2357 1419 repletos
2406 1366 2621 1421 quoque
2668 1353 2830 1408 fuisse
2878 1356 3147 1424 apostolos
3196 1357 3397 1427 Spitiltl

1817 1451 2022 1508 sancto,
2057 1454 2111 1497 et
2139 1460 2297 1513 quam
2350 1457 2611 1499 terrarum
2645 1457 2849 1516 partem
2889 1448 2958 1504 ob
2987 1450 3398 1507 aedificationem

1821 1546 2079 1600 Ecclesite
2110 1546 2475 1614 unusquisque
2511 1548 2741 1615 agebat,
2782 1564 2904 1601 cum
2948 1549 3171 1619 singulis
3216 1550 3399 1622 utique

1821 1648 1963 1694 tottts
2011 1652 2146 1692 erat.
2181 1639 2370 1706 Angeli
2403 1654 2522 1693 cum
2556 1640 2779 1709 singulis
2826 1641 3018 1711 singuli
3041 1651 3195 1708 sunt,
3228 1652 3284 1698 et
3313 1644 3399 1701 ubi

1820 1734 2067 1799 mittitur,
2098 1732 2223 1786 dum
2254 1732 2323 1785 ibi
2346 1742 2447 1798 est,
2472 1731 2596 1787 alibi
2624 1735 2804 1803 utique
2826 1733 2999 1789 deest.
3027 1735 3259 1804 Spiritus
3278 1751 3399 1794 cum

135 1831 241 1870 rem
266 1860 281 1884 ,
313 1815 362 1869 id
408 1824 491 1869 est
540 1815 874 1869 conditorem
916 1831 1093 1869 rerttm
1126 1816 1399 1882 omnium,
1443 1824 1497 1871 et
1546 1816 1611 1869 ab
1649 1830 1716 1871 eo
1745 1824 1794 1885 B
1820 1826 2073 1881 omnibus
2102 1825 2302 1895 ubique
2333 1834 2477 1879 totus
2506 1835 2618 1891 est,
2664 1825 2808 1896 quod
2840 1841 2943 1881 non
2976 1827 3080 1881 nisi
3107 1829 3274 1882 solius
3307 1829 3400 1885 Dei

138 1906 432 1969 conditum,
459 1906 656 1959 nihilve
685 1906 939 1960 medium.

205 1996 491 2051 threticus
539 1996 676 2063 Quid
700 1997 959 2051 conﬁteor
988 1996 1127 2065 quod
1158 1997 1352 2067 ambigi
1380 2014 1485 2052 non
1511 1999 1717 2068 potest?

202 2087 535 2140 Athanasius.
561 2086 923 2141 Convertibile
951 2101 1111 2142 omne
1134 2087 1431 2156 Conditum,
1468 2088 1588 2158 quia
1617 2089 1716 2143 ini-

134 2178 260 2231 tium
322 2177 514 2243 habet,
562 2186 614 2230 et
665 2178 770 2230 line
824 2192 929 2230 non
974 2186 1142 2230 caret.
1204 2176 1610 2232 Inconvcrtibile
1662 2189 1717 2233 et

133 2266 566 2320 incommutabile
592 2282 750 2320 omne
779 2264 919 2334 quod
949 2278 1212 2319 aeternum
1244 2256 1475 2331 est,'uec
1501 2267 1712 2323 initium

130 2354 352 2422 habere,
387 2370 485 2409 nec
519 2356 674 2409 linem
707 2355 1022 2424 conﬁteris}

202 2434 512 2487 Htereticus.
541 2433 732 2501 Utique
764 2435 841 2486 sic
872 2433 976 2494 aio,
1010 2432 1135 2500 quia
1164 2432 1243 2486 sic
1283 2433 1461 2487 habet.

205 2525 540 2577 Athanasius.
558 2522 782 2577 Creator
795 2523 1053 2576 creaturis
1066 2524 1486 2589 commiscibilis,
1505 2525 1717 2578 annon?

204 2613 515 2666 ereticus.
540 2613 912 2667 Communicat
937 2612 1151 2681 quidem
1203 2625 1461 2668 creatura:
1506 2624 1715 2681 semet,

126 2705 390 2759 miscetur
425 2714 600 2756 tamen
635 2717 924 2772 nunquam,
953 2718 1019 2757 ne
1061 2702 1329 2757 mutabilis
1357 2712 1410 2757 et
1453 2706 1720 2759 converti-

128 2795 274 2859 bilis,
301 2801 353 2847 et
375 2794 734 2862 corruptionis
758 2796 1025 2862 particeps
1055 2807 1175 2847 esse
1207 2794 1525 2862 reperiatur.

194 2882 532 2937 Athanasius.
568 2882 735 2936 liecte
763 2882 965 2934 dixisti.
1011 2882 1075 2935 Et
1101 2882 1376 2949 quomodo
1416 2883 1586 2953 legis:
1614 2883 1714 2953 Ite,

127 2973 381 3043 baptizate
412 2988 582 3025 omnes
630 2982 799 3042 gentes
828 2974 877 3026 in
913 2974 1115 3026 nomine
1148 2972 1341 3044 Patris,
1385 2982 1431 3029 et
1482 2976 1634 3044 Filii,
1668 2988 1714 3033 et

127 3062 360 3130 Spiritus
388 3063 551 3115 sancti
586 3060 799 3133 (Matth.
848 3078 1032 3128 xxvm,
1088 3062 1219 3134 l9)?
1249 3063 1307 3122 Si
1354 3077 1597 3119 creatura
1631 3080 1714 3122 est

125 3152 360 3222 Spiritus
382 3161 617 3219 sanctus,
635 3153 903 3222 quomodo
923 3153 1164 3210 Creatori
1192 3157 1372 3211 unitur
1393 3156 1442 3211 in
1472 3161 1709 3228 nomine,

125 3241 178 3295 in
207 3244 440 3311 virtute,
487 3241 539 3296 in
590 3242 987 3313 redemptione,

125 3347 287 3402 quem
319 3341 374 3386 tu
402 3333 453 3386 in
483 3334 638 3387 tertio
666 3332 784 3388 loco
804 3335 1069 3389 nominari
1102 3346 1275 3405 putas,
1307 3338 1357 3391 in
1392 3340 1562 3407 primo
1590 3356 1710 3393 cum

126 3425 319 3480 Petrus
366 3425 644 3493 apostolus
675 3426 920 3495 collocat,
955 3428 1045 3496 qui
1095 3427 1413 3483 Trinitatem
1460 3430 1711 3498 gradibus

125 3534 229 3573 non
272 3518 495 3585 dividit,
528 3535 810 3575 numerum
842 3523 1052 3588 nescit,
1094 3523 1187 3577 sed
1236 3525 1449 3578 tertium
1485 3527 1711 3592 irimunt

124 3613 310 3681 ponit,
343 3628 463 3667 cum
493 3614 624 3667 dicit
656 3614 876 3669 Ananiae
911 3634 921 3667 :
963 3615 1134 3683 Quare
1172 3619 1437 3683 complevit
1488 3618 1713 3676 Satanas

122 3722 208 3758 eor
240 3716 407 3771 tuum,
431 3715 485 3759 ut
507 3708 788 3761 mentireris
816 3707 1041 3778 Spiritui
1068 3720 1244 3762 sancto
1272 3712 1408 3781 (Act.
1445 3729 1495 3779 v,
1526 3713 1621 3783 5)?
1646 3714 1714 3769 Et

120 3802 245 3861 post
277 3796 550 3865 paululum
587 3814 598 3848 :
638 3796 758 3852 Non
789 3816 841 3853 es
872 3801 1111 3853 mentitus
1141 3800 1448 3868 hominibus,
1490 3807 1579 3858 sed
1603 3806 1712 3861 Deo

120 3882 320 3954 (lbid.,
348 3886 426 3958 4).
463 3888 603 3959 Ergo
629 3892 717 3960 qui
760 3891 983 3961 Spiritui
1034 3904 1220 3949 sancto
1269 3898 1553 3964 mentitur,
1601 3901 1712 3957 Deo

118 3976 384 4030 mentitur
416 3994 431 4032 :
465 3981 586 4046 quia
619 3981 852 4049 Spiritus
883 3993 963 4037 est
998 3983 1157 4038 Deus.
1210 3987 1345 4040 Audi
1394 4000 1447 4043 et
1491 3991 1710 4048 Paulum

115 4068 427 4134 apostolum
471 4070 778 4126 dicentem:
816 4072 985 4127 Nemo
1037 4078 1167 4129 enini
1206 4080 1298 4131 scit
1329 4097 1444 4149 qua:
1488 4096 1608 4137 sunt
1659 4088 1713 4141 in

112 4157 351 4223 homine,
394 4160 490 4211 nisi
513 4162 719 4230 spiritus
751 4163 970 4217 hominis
1001 4171 1087 4233 qui
1115 4178 1187 4220 est
1214 4169 1263 4221 in
1289 4185 1348 4221 eo
1376 4186 1391 4222 :
1424 4172 1496 4224 ita
1521 4184 1569 4226 et
1597 4192 1713 4244 qua:

111 4250 169 4300 in
208 4244 323 4298 Deo
350 4258 463 4299 sunt
505 4264 647 4301 nemo
675 4252 803 4313 scit,
835 4253 930 4304 nisi
963 4252 1191 4322 Spiritus
1220 4259 1332 4326 ejus
1358 4260 1444 4328 qui
1474 4272 1546 4314 est
1575 4264 1624 4316 in
1654 4281 1713 4319 eo

123 4334 185 4407 (l
220 4335 349 4390 Cor.
380 4352 437 4403 tt,
473 4338 584 4408 il);
610 4339 707 4405 Qui
735 4343 916 4411 utique
946 4343 990 4397 si
1016 4354 1159 4398 esset
1187 4355 1450 4417 creatura,
1487 4360 1541 4404 ut
1569 4354 1713 4407 credi

117 4429 333 4489 studes,
388 4429 515 4498 quid
560 4433 609 4484 in
661 4444 904 4487 creatore
932 4445 1075 4490 esset
1127 4438 1265 4493 scire
1317 4454 1422 4493 non
1480 4451 1708 4510 poterat.

124 4518 284 4573 Unde
310 4516 452 4571 idem
484 4518 716 4579 Paulus:
752 4523 877 4587 Quis
903 4525 1034 4577 enim
1060 4529 1290 4597 cognovit
1316 4545 1517 4584 sensum
1552 4535 1710 4605 277

126 4608 367 4673 Domini,
413 4621 501 4675 aut
554 4613 669 4680 quis
718 4614 1046 4667 consiliarius
1091 4619 1204 4687 ejus
1250 4618 1349 4685 fuit
1390 4619 1563 4689 (Rom.
1622 4640 1707 4688 χι,

123 4704 213 4772 54)
238 4708 261 4757 γ
291 4703 351 4757 Si
381 4719 509 4773 ergo
538 4705 607 4757 de
640 4706 794 4760 Patre
834 4707 1075 4775 procedit
1115 4708 1347 4779 Spiritus
1378 4722 1618 4779 sanctus,
1654 4727 1708 4769 ut

126 4793 386 4862 legimus;
418 4793 464 4847 si
492 4792 698 4860 liberat,
725 4796 768 4849 si
799 4796 1113 4864 sanctificat,
1139 4799 1181 4853 si
1206 4801 1511 4856 consolator
1536 4814 1637 4870 est,
1662 4806 1705 4860 si

124 4886 299 4941 bonus
322 4895 404 4940 est
435 4896 491 4939 ut
523 4886 679 4951 Deus,
717 4888 855 4942 sicut
884 4892 1136 4959 scriptum
1166 4902 1286 4948 est:
1331 4893 1559 4964 Spiritus
1595 4914 1705 4949 .uus

124 4978 282 5032 bonus
307 4978 524 5032 deducet
550 4996 625 5032 me
651 4981 701 5033 in
728 4990 913 5033 terram
950 4992 1137 5035 rectam
1167 4984 1337 5053 (Psnl.
1380 5000 1544 5048 exui,
1580 4988 1699 5056 lli):

127 5071 168 5123 si
199 5071 395 5134 abluit,
427 5073 469 5124 si
496 5070 774 5139 justiﬁcat,
808 5072 853 5125 si
888 5074 931 5126 is
962 5075 1049 5141 qui
1080 5088 1199 5126 eum
1233 5074 1704 5143 blaSphemaverit,

123 5163 258 5215 sicut
287 5162 550 5229 scriptum
582 5171 694 5229 est,
725 5161 845 5215 Non
882 5162 1028 5215 habet
1054 5164 1419 5230 remissionem,
1455 5181 1612 5235 neque
1654 5166 1706 5219 in

123 5251 215 5306 hoc
228 5254 437 5319 steculo,
468 5270 625 5321 neque
644 5255 693 5307 in
708 5254 881 5323 futuro
906 5253 1119 5325 (Matth.
1144 5255 1340 5326 ruﬁ?)
1359 5273 1371 5319 ;
1389 5272 1508 5325 qua:
1524 5258 1707 5327 utique

123 5344 247 5399 nulli
274 5344 387 5398 nisi
414 5344 522 5399 Deo
548 5347 754 5414 propria
780 5355 922 5412 sunt,
958 5345 1083 5414 quid
1115 5362 1243 5415 ergo
1291 5348 1523 5416 amplius
1565 5365 1708 5419 quie-

126 5438 346 5492 rendum
376 5437 443 5491 de
476 5438 565 5492 illo
594 5448 696 5503 est,
731 5438 811 5491 vel
857 5438 1249 5493 dubitandum?
1277 5438 1409 5493 Cum
1445 5454 1540 5509 per
1572 5456 1701 5508 ope-

124 5540 236 5581 rum
289 5527 712 5597 magnitudinem
753 5530 895 5597 quod
934 5538 1014 5583 est
1047 5529 1161 5598 ipse
1207 5528 1558 5587 manifestat:
1594 5548 1705 5587 non

126 5620 303 5689 utique
332 5619 567 5673 alietntm
613 5634 731 5675 esse
761 5636 789 5674 a
820 5618 1005 5684 Patris,
1038 5630 1089 5675 et
1121 5619 1244 5674 Filii
1280 5621 1581 5689 majestate,
1616 5622 1707 5691 qui

124 5722 224 5763 non
254 5718 339 5764 est
369 5710 438 5763 ab
480 5724 698 5777 operum
753 5710 1032 5765 virtutibus
1080 5711 1315 5774 alienus;
1372 5711 1568 5766 frustra
1625 5713 1703 5770 illi

1819 1930 1920 1978 est.
1967 1922 2271 1975 Adoremus
2316 1937 2445 1991 ergo
2496 1923 2729 1989 l’atrem,
2763 1922 3049 1977 adoremus
3086 1933 3141 1977 et
3168 1923 3358 1977 Filium
3381 1967 3396 1989 ,

1819 2013 2109 2068 adoremus
2133 2021 2188 2067 et
2216 2012 2475 2083 Spiritum
2503 2000 2767 2081 sanctum,
2799 2030 2902 2068 una
2929 2014 3226 2083 eademque
3250 2030 3400 2070 vene-

1821 2108 2055 2162 ratione.
2087 2106 2147 2163 Si
2178 2107 2266 2162 ille
2294 2109 2451 2163 nobis
2494 2124 2614 2163 eum
2647 2109 2805 2163 Patre
2828 2120 2882 2163 et
2912 2109 3046 2163 Filio
3072 2110 3280 2169 confert
3313 2126 3401 2164 re-

1820 2200 2134 2255 missionem
2188 2212 2551 2269 peccatorum,
2603 2203 3085 2257 sanctiﬁcationem
3131 2211 3189 2256 et
3235 2203 3399 2257 vitam

1819 2303 2158 2361 perpetuam,
2186 2294 2346 2347 simul
2395 2295 2578 2363 utique
2603 2311 2722 2350 cum
2754 2296 2911 2350 Patre
2946 2306 2999 2350 et
3031 2297 3165 2351 Filio
3203 2298 3400 2352 reiera-
3486 2350 3491 2356 .

1822 2398 1939 2436 tuus
1968 2392 2023 2437 et
2051 2386 2294 2453 gloriam.
2329 2384 2435 2447 Aut
2466 2386 2511 2439 si
2539 2402 2643 2439 non
2672 2396 2755 2440 est
2795 2402 2915 2440 cum
2951 2387 3107 2442 Patre
3143 2389 3401 2445 colendus

1824 2484 1876 2529 et
1909 2475 2067 2541 Filio,
2100 2490 2231 2544 ergo
2254 2491 2352 2529 nec
2376 2478 2714 2531 conlitendus
2745 2477 2798 2531 in
2831 2478 3115 2546 baptismo.

1895 2564 2200 2619 Htereticus.
2234 2566 2398 2620 Paulo
2421 2576 2546 2621 ante
2573 2568 2806 2623 confessi
2835 2584 3019 2626 sumus
3040 2570 3199 2625 ambo
3227 2572 3395 2627 Deum

1823 2655 2034 2711 Patrem
2068 2656 2408 2725 invisibilem,
2447 2658 3071 2729 incomprehensibilem,
3097 2661 3401 2717 immutabi-

1821 2747 1949 2815 lem,
1980 2753 2097 2804 sine
2123 2752 2227 2804 fine
2244 2752 2653 2820 sempiternum.

1890 2844 2221 2897 Athanasius.
2250 2842 2340 2899 Sic
2370 2844 2549 2899 habet.

1891 2935 2201 2991 llwt-eticus.
2237 2936 2301 2991 Et
2327 2936 2597 3006 quomodo
2625 2935 2693 2991 de
2720 2936 2836 3006 ejus
2883 2936 3181 2992 substantia
3208 2937 3402 2994 Filium

1816 3026 2112 3092 conﬁteris,
2136 3028 2224 3095 qui
2257 3042 2401 3096 sarpe
2442 3042 2468 3079 a
2514 3027 2763 3082 Patribus
2791 3029 2935 3083 visus
2974 3038 3054 3084 est
3083 3031 3403 3085 eonvertibi~

1820 3118 1889 3175 lis
1918 3127 2078 3188 atque
2101 3119 2389 3183 mutabilis,
2425 3129 2478 3174 et
2509 3120 2560 3173 in
2602 3121 2765 3175 variis
2801 3122 2984 3191 ﬁguris
3024 3123 3249 3191 singulis
3290 3124 3403 3193 qui-

1041 3246 1093 3299 ίη
1140 3210 1714 3305 ἤι’(ἒηηώηώιξίῇ
1738 3220 1785 3283 c
1816 3210 2022 3279 busque
2050 3226 2194 3280 saepe
2215 3210 2654 3265 demonstratus?
2686 3212 2791 3278 Qui
2838 3213 2883 3266 si
2909 3212 2976 3268 de
3007 3215 3119 3283 ipsa
3149 3216 3402 3270 substan-

1822 3304 1891 3359 tia
1914 3312 2091 3370 esset,
2142 3303 2320 3358 carnis
2350 3304 2513 3375 278
2543 3303 2722 3373 utique
2751 3307 3120 3375 assumptione
3150 3322 3247 3361 nec
3278 3307 3403 3359 visi-

1817 3393 1940 3449 bilis
1979 3404 2325 3461 cerneretur,
2362 3400 2491 3464 quin
2528 3398 2705 3464 potius
2753 3400 2803 3450 in
2837 3412 2899 3451 ea
2950 3399 3257 3467 aequalitate
3300 3414 3401 3468 qua

1818 3484 1976 3541 Pater
2026 3496 2109 3540 est
2157 3488 2564 3554 permansisset,
2601 3504 2669 3541 ex
2722 3490 2873 3555 cujus
2905 3491 3204 3545 substantia
3235 3502 3353 3544 erat
3387 3508 3400 3541 :

1817 3577 1938 3645 quia
1963 3577 2103 3645 quod
2134 3579 2203 3631 de
2248 3578 2407 3632 Patre
2437 3588 2538 3645 est,
2570 3594 2667 3633 nec
2694 3580 2887 3644 videri,
2922 3597 3019 3634 nec
3048 3583 3265 3646 mutati,
3303 3596 3401 3635 nec

1818 3672 2057 3726 converti
2093 3686 2251 3739 posse
2272 3672 2601 3727 credendum
2630 3684 2733 3729 est.

1888 3764 2219 3818 Athanasius.
2245 3765 2372 3821 llttec
2398 3776 2488 3821 est
2516 3780 2675 3821 causa
2700 3768 2924 3833 erroris,
2954 3768 3069 3824 haec
3105 3770 3256 3840 origo
3288 3770 3403 3824 hrc-

1816 3856 1953 3911 resis
1983 3856 2217 3921 Ariante,
2249 3858 2373 3911 dum
2410 3873 2516 3912 non
2547 3859 2850 3929 intelligunt
2881 3861 3130 3915 virtutem
3164 3862 3278 3929 Dei,
3310 3878 3402 3918 ne-

1816 3970 1918 4025 que
1946 3954 2829 4024 tantisacramentidispositionem
2850 3966 3147 4026 agnoscunt
3172 3975 3185 4010 :
3213 3959 3402 4027 quibus

1817 4050 1867 4103 in
1915 4049 2088 4117 primo
2140 4047 2572 4115 respondendum
2619 4059 2702 4101 est
2757 4048 2950 4101 Filium
3004 4049 3128 4112 Dei,
3182 4063 3291 4102 non
3331 4050 3403 4105 ita

1817 4142 1989 4195 visum
2043 4152 2098 4194 ut
2128 4141 2270 4195 Deus
2312 4149 2471 4205 erat,
2528 4139 2622 4193 sed
2672 4147 2731 4192 ut
2781 4141 2943 4194 homo
2993 4140 3113 4209 capi
3168 4151 3399 4209 poterat.

1818 4233 2024 4287 Deinde
2070 4236 2170 4287 hoc
2199 4247 2319 4287 esse
2338 4231 2591 4300 potentiae
2622 4231 2741 4297 Dei,
2766 4240 2823 4284 ut
2853 4246 2969 4285 cum
2997 4232 3224 4302 singulis
3248 4248 3403 4303 prout

1820 4327 1988 4381 voluit
2016 4325 2242 4380 revelari
2275 4324 2521 4395 dignatus
2552 4331 2656 4392 est,
2704 4322 2941 4378 habitum
2987 4336 3239 4391 mutaret,
3292 4342 3398 4381 non

1818 4419 2169 4475 subsmntiam
2219 4426 2494 4483 verteret,
2539 4432 2637 4473 nec
2684 4419 3062 4487 proprietatem
3130 4419 3399 4489 qualitatis

1818 4514 2087 4579 amittens,
2120 4512 2214 4567 sed
2253 4511 2405 4581 juxta
2446 4512 2694 4565 meritum
2750 4510 2983 4565 videntis
3008 4519 3399 4580 temperamen-

1823 4615 1930 4661 tum
1957 4603 2221 4672 majestati
2254 4602 2516 4657 adhibuit.
2548 4602 2669 4671 Ipse
2710 4612 2885 4657 tamen
2922 4613 3228 4672 utsemper
3259 4604 3398 4659 idem

1817 4707 1919 4766 est,
1955 4700 2006 4753 in
2034 4698 2345 4752 substantiae
2382 4711 2493 4751 suae
2534 4696 2865 4767 proprietate
2902 4698 3217 4766 permansit,
3262 4698 3399 4752 sicut

1816 4792 2075 4860 scriptum
2106 4797 2189 4844 est
2220 4806 2237 4842 :
2263 4787 2487 4841 Mutabis
2514 4804 2623 4853 eos,
2658 4799 2707 4840 et
2737 4788 3070 4841 mutabuntur
3098 4805 3115 4841 :
3147 4798 3202 4841 tu
3232 4802 3398 4843 autem
3450 4796 3451 4801 ‘

1815 4884 1922 4952 ipse
1941 4883 2073 4935 ident
2099 4897 2169 4946 es,
2199 4888 2243 4933 et
2275 4880 2399 4932 anni
2428 4881 2503 4931 tui
2538 4895 2637 4931 non
2682 4880 2918 4948 deﬁcient
2964 4877 3139 4948 (Psal.
3164 4896 3236 4948 Cl,
3276 4881 3394 4952 9.8).

1813 4973 1944 5027 Nam
1962 4973 2199 5041 etangeli
2224 4972 2273 5024 in
2295 4969 2458 5038 ﬁgura
2480 4969 2753 5023 hominum
2770 4986 2913 5039 saepe
2926 4969 3045 5037 visi,
3064 4982 3238 5026 tamen
3256 4974 3395 5026 aliud

1814 5080 1917 5117 non
1948 5070 2073 5118 sunt
2095 5077 2252 5129 quam
2276 5062 2416 5130 quod
2443 5075 2563 5116 esse
2590 5076 2648 5115 se
2685 5069 2901 5127 norunt,
2933 5077 3107 5133 neque
3146 5063 3397 5117 substan-

1812 5158 1937 5212 tiam
1970 5165 2197 5223 mutant,
2230 5171 2347 5209 cum
2375 5156 2593 5225 ﬁguram
2620 5155 2833 5209 humani
2870 5156 3110 5224 Corporis
3155 5166 3393 5207 sumunt.

1812 5251 2020 5317 Quanto
2047 5247 2215 5317 magis
2242 5258 2428 5302 auctor
2452 5247 2765 5317 angelorum
2809 5262 2915 5301 non
2946 5246 3255 5308 mutabitur,
3303 5245 3393 5312 qui

1811 5342 2015 5411 angelis
2046 5350 2104 5395 ut
2128 5343 2227 5396 hoc
2252 5340 2429 5395 facere
2453 5341 2656 5410 possint
2687 5355 2782 5395 sua
2822 5338 3140 5393 liberalitate
3169 5352 3394 5391 conces-

1812 5437 1915 5493 sit?
1950 5414 2110 5491 Vides
2134 5450 2263 5505 ergo
2306 5434 2685 5504 dispositiones
2723 5446 2898 5484 rerum
2927 5429 3247 5492 futurarum,
3274 5443 3394 5496 qum

1812 5528 1922 5583 suis
1945 5526 2241 5595 quibusque
2288 5524 2622 5594 temperibns
2662 5519 2995 5587 complenda:
3036 5527 3188 5571 erant
3216 5518 3268 5571 in
3303 5516 3394 5570 illo

1813 5635 1909 5689 per
1958 5619 2242 5692 imaginem
2286 5617 2523 5687 patribus
2568 5622 2984 5683 prmostensam,
3056 5625 3161 5664 non
3216 5621 3391 5666 tamen

1810 5711 1984 5779 ipsum
2012 5710 2199 5776 Deum,
2228 5716 2285 5762 ut
2312 5716 2388 5762 est
2416 5706 2651 5773 proprie,
2690 5702 2885 5754 visum.
