3938 6376
179 382 271 447 Ὲξῆ

1400 378 1491 443 ’ΒΕ
1530 378 1898 443 'I'RINITATE
1939 386 2061 443 LIB.
2095 382 2195 443 XI.

3333 382 3440 436 298

177 510 237 561 in
265 517 320 560 se
346 518 440 573 per
466 501 810 557 humilitatem
840 512 893 557 et
914 500 1282 556 obedientiam
1316 512 1519 557 natura:
1553 512 1749 557 nostra:
1781 508 1828 563 Α
1929 502 2233 557 "irretitus.
2264 500 2438 567 Quare
2465 499 2706 554 nominas
2732 498 3127 569 significanter?

187 592 429 656 restituit,
455 591 597 661 quod
632 606 722 657 per
753 590 1174 644 inobcdientiam
1209 592 1446 659 perierat
1472 591 1523 643 in
1555 590 1748 644 Adam.

189 687 249 739 Et
273 686 319 735 in
351 697 510 737 carne
540 694 801 745 mortuus,
844 683 933 750 qui
977 696 1197 750 semper
1237 682 1370 735 vivit
1422 683 1471 736 in
1518 682 1749 751 spiritu:

188 773 452 829 vivificaris
474 786 597 826 cum
629 772 785 826 Patre
811 771 1009 836 omnia,
1027 771 1137 838 jam
1164 785 1435 839 nunquam
1460 771 1527 825 de
1553 780 1751 826 caetero

177 864 483 917 moriturus.
514 861 564 916 Is
584 862 867 915 suscitatus
887 874 917 914 a
942 861 1096 914 Patre
1125 859 1386 921 incarne,
1418 868 1472 914 et
1498 860 1553 913 fit
1580 860 1737 914 nobis

175 954 561 1023 ‘primogenitus
598 968 664 1008 ex
705 953 968 1017 mortuis,
1016 952 1108 1021 qui
1156 960 1240 1006 est
1289 951 1594 1021 unigenitus
1652 950 1746 1005 Dei

181 1044 303 1107 vivi,
346 1058 409 1096 ac
438 1043 649 1097 diversa
670 1043 895 1114 vsarcula
927 1051 1147 1112 propter
1166 1057 1274 1097 nos
1298 1058 1498 1112 pauper
1537 1044 1586 1097 in
1617 1052 1753 1098 tem-

175 1147 323 1200 pore,
361 1130 604 1200 indigens
636 1132 687 1185 in
721 1131 957 1199 homine,
984 1132 1137 1186 nobis
1162 1133 1374 1209 accipit,
1406 1132 1549 1204 quod
1573 1132 1749 1188 abun-

170 1224 308 1279 dans
326 1224 437 1279 'sibi
464 1239 676 1292 semper
707 1225 939 1280 habebat
961 1225 1013 1279 in
1047 1226 1221 1281 Patre.

248 1313 557 1369 Hareticu‘s.
590 1312 822 1367 Firmata
845 1315 897 1368 in
923 1315 1085 1371 corde
1124 1331 1246 1372 meo
1276 1330 1381 1371 non
1420 1316 1626 1371 nescias
1662 1331 1752 1371 su-

181 1403 387 1473 periora
418 1403 807 1459 rationabiliter
832 1413 883 1459 et
914 1420 1039 1460 vere
1067 1406 1336 1474 exposita,
1360 1404 1452 1460 sed
1483 1405 1546 1459 ad
1568 1420 1753 1460 cumu-

176 1496 283 1549 ium
317 1494 443 1549 ﬁdei
474 1510 655 1564 quaeso
684 1510 944 1564 exponas,
975 1512 1071 1550 cur
1094 1496 1340 1566 personis
1366 1506 1419 1552 et
1446 1494 1751 1550 nominibus

176 1586 505 1653 dividuntur,
538 1601 659 1641 eum
690 1587 760 1641 sit
804 1602 906 1641 una
942 1587 1238 1641 substantia
1270 1586 1473 1651 Patris,
1508 1594 1561 1639 et
1605 1583 1743 1649 Filii,

173 1688 227 1730 et
252 1676 482 1744 Spiritus
504 1676 713 1730 sancti?

222 1768 545 1821 Athanasius.
563 1768 797 1838 Ignoras,
808 1769 926 1837 quia
942 1769 1099 1824 Pater
1113 1769 1249 1824 Deus
1262 1783 1396 1823 unus
1408 1778 1569 1833 est,et
1584 1768 1747 1823 Filius

1928 592 2255 645 Athanasius.
2288 591 2479 646 Procul
2511 590 2672 645 dubio
2710 590 2866 643 Pater
2901 603 3025 642 vere
3057 587 3275 656 genuit;
3333 586 3433 641 ltoc

1858 681 2086 751 primum
2112 696 2303 736 nomen
2328 692 2409 734 cst
2431 681 2565 751 ejus.
2599 680 2762 736 Filius
2794 694 2917 737 vero
2948 679 3013 733 de
3045 693 3111 732 eo
3144 687 3299 733 natus
3328 689 3434 739 est,

1858 773 1959 827 hoc
1973 772 2183 825 unicum
2204 773 2363 841 282
2383 788 2572 827 nomen
2591 773 2731 826 estei
2754 770 3003 840 :Spiritus
3028 779 3202 825 autem
3218 777 3436 825 sanctus

1854 862 1942 932 qui
1959 861 2027 916 de
2044 861 2197 916 Patre
2210 862 2484 930 processit,
2502 862 2740 916 naturale
2764 876 2957 915 nomen
2972 870 3047 914 est
3065 860 3136 915 ei.
3159 860 3291 915 Dum
3307 876 3437 930 ergo

1856 954 2068 1007 nomina
2099 952 2151 1006 in
2172 954 2411 1021 personis
2433 952 2848 1022 distinguuntur,
2870 951 3079 1021 prOpria
3105 952 3321 1005 nomina
3348 966 3436 1005 os-

1855 1043 2147 1098 tenduntur
2172 1060 2183 1094 :
2213 1041 2337 1097 dum
2361 1043 2649 1097 secundum
2674 1043 2926 1099 deitatem
2955 1043 3203 1107 refertur,
3226 1043 3433 1096 unitum

1855 1149 2048 1189 nomen
2077 1136 2127 1188 in
2157 1134 2239 1189 IIIS
2270 1132 2568 1188 indicatur:
2598 1134 3107 1202 quia‘substantivus
3138 1142 3220 1187 est
3251 1133 3430 1197 Pater,

1855 1226 2218 1281 substantivus
2261 1231 2343 1277 est
2384 1223 2569 1289 Filius,
2610 1225 2978 1279 substantivns
3008 1233 3169 1279 estet
3200 1223 3433 1293 Spiritus

1854 1324 2093 1371 sanctus.
2127 1314 2206 1369 Sit
2226 1327 2355 1382 ergo
2388 1312 2539 1366 nobis
2568 1313 2858 1368 secundum
2888 1313 3141 1367 salutaris
3173 1312 3431 1382 baptismi

1853 1405 2241 1461 confessionem
2273 1404 2404 1458 fides
2454 1403 2655 1472 integra
2690 1402 2989 1467 Trinitatis,
3032 1404 3100 1457 sit
3131 1418 3234 1457 una
3270 1403 3432 1459 devo-

1846 1494 1931 1549 tio
1959 1495 2170 1563 pietatis
2196 1513 2206 1546 :
2234 1509 2330 1549 nec
2363 1508 2512 1547 more
2544 1493 2843 1561 gentilium,
2886 1503 3214 1563 potestatum
3250 1494 3431 1550 diver-

1850 1585 2036 1640 sitates
2072 1586 2386 1654 opinemur,
2426 1583 2518 1638 sed
2563 1582 2739 1653 potius
2782 1582 3072 1649 perfectam
3103 1584 3429 1639 Trinitatem

1851 1674 2138 1730 adorantes
2175 1684 2226 1729 et
2264 1673 2683 1743 magnificantes,
2734 1674 2874 1727 sicut
2916 1674 2966 1727 in
3016 1677 3282 1745 mysteriis
3334 1691 3428 1731 ore

1853 1772 2039 1819 nostro
2069 1765 2316 1827 dicimus,
2349 1764 2419 1818 ita
2449 1763 2775 1819 conscientia
2808 1772 3089 1818 teneamus
3119 1782 3132 1816 :
3170 1765 3419 1831 Sanctus,

167 1869 307 1909 unus
320 1856 463 1909 Deus
476 1866 579 1922 est,
595 1866 650 1911 et
672 1856 899 1925 Spiritus
919 1865 1134 1912 sanctus
1154 1872 1292 1911 unus
1312 1856 1451 1911 Dcus
1472 1857 1590 1913 est?
1622 1858 1746 1911 Uni-
1780 1874 1823 1933 Β
1852 1867 2077 1921 sanctus,
2097 1865 2302 1909 sanctus
2327 1854 2572 1908 Dominus
2596 1854 2727 1907 Otus
2751 1855 3067 1923 omnipotens
3084 1852 3237 1924 (lsai.
3253 1870 3326 1923 νι,
3344 1855 3423 1924 5).

172 1956 280 1999 tum
300 1962 493 2002 nomen
510 1956 613 2011 est,
627 1952 749 2017 quia
764 1964 874 2003 una
896 1960 1175 2004 esteorum
1193 1950 1515 2004 substantia.
1532 1948 1684 2005 Unde
1695 1956 1751 2004 et

172 2037 401 2093 Joannes
414 2039 465 2093 in
481 2039 712 2108 Epistola
725 2055 817 2094 sua
832 2041 905 2095 ait
922 2059 933 2092 :
955 2039 1076 2095 Tres
1092 2051 1208 2096 sunt
1219 2042 1306 2111 qui
1319 2043 1658 2095 testimonium
1672 2042 1747 2095 di-

162 2136 289 2180 cunt
303 2129 353 2181 in
370 2129 513 2195 calo,
530 2127 706 2193 Pater,
717 2129 934 2185 Verbum
950 2141 995 2185 et
1016 2132 1233 2201 Spiritus
1248 2148 1267 2187 :
1282 2134 1397 2187 etin
1408 2132 1609 2187 Christo
1622 2132 1655 2185 J
1658 2148 1745 2186 esu

166 2232 323 2269 unum
355 2226 472 2272 sunt
502 2218 551 2288 (Ι
584 2219 741 2273 Joan.
777 2234 830 2285 v,
862 2222 952 2291 7);
982 2238 1085 2276 non
1120 2231 1295 2277 tamen
1330 2236 1465 2277 unus
1494 2232 1596 2279 est.
1620 2223 1741 2291 quia

170 2322 273 2362 non
298 2318 380 2363 est
403 2324 586 2364 eorum
620 2323 724 2364 una
757 2326 1003 2379 persona.
1056 2311 1303 2382 Nunquid
1332 2313 1477 2367 aliud
1506 2313 1744 2366 sentien-

160 2396 291 2452 dum
319 2408 609 2469 e.~t,-quam
641 2401 798 2455 Pater
820 2416 979 2455 verus
1021 2416 1156 2455 unus
1202 2404 1289 2471 qui
1336 2403 1554 2471 genuit,
1601 2401 1741 2456 idem

165 2502 272 2540 non
294 2489 365 2541 sit
387 2490 476 2557 qui
506 2500 559 2544 et
578 2492 797 2559 genitus
824 2491 892 2544 ab
918 2492 1035 2559 ipso
1065 2500 1185 2557 est;
1220 2502 1279 2548 et
1310 2492 1474 2545 Filius
1499 2506 1635 2545 unus
1655 2490 1745 2558 qui

157 2592 276 2629 non
304 2579 507 2653 genuit,
536 2579 691 2633 Pater
718 2564 826 2633 non
852 2582 950 2645 sit;
1002 2593 1053 2635 et
1085 2582 1319 2651 Spiritus
1366 2590 1603 2643 sanctus,
1654 2580 1743 2649 qui

164 2682 266 2721 nec
300 2668 475 2737 Pater,
509 2685 607 2726 nec
639 2671 825 2740 Filius,
854 2673 992 2727 alter
1018 2674 1089 2728 sit
1114 2673 1169 2728 in
1206 2688 1452 2741 persona,
1486 2682 1743 2741 praeterea

158 2758 250 2822 qui
276 2774 376 2812 nec
396 2761 595 2827 genuit,
622 2775 720 2816 nec
742 2772 897 2816 natus
928 2763 1207 2818 referatur.

1850 1943 1958 1999 'I'er
1985 1944 2171 2000 dicens
2221 1953 2438 2001 sanctus
2466 1959 2622 1999 unam
2653 1946 3092 2014 omnipotentiam
3114 1947 3420 2001 confiteris.

1855 2033 1945 2089 Vel
1991 2034 2119 2089 illud
2169 2034 2448 2103 Apostoli:
2484 2032 2629 2087 Unus
2671 2034 2897 2102 Spiritus
2926 2034 3159 2104 (Ephes.
3204 2050 3288 2100 tv,
3339 2034 3421 2105 4).

1848 2125 2097 2180 Dominus
2125 2124 2274 2179 Iesus
2296 2124 2525 2179 Christus
2554 2126 2606 2179 in
2654 2126 2820 2195 gloria
2857 2124 2950 2181 Dei
2982 2126 3153 2181 Patris
3194 2128 3417 2197 (Philip.

1848 2230 1903 2277 tt,
1939 2214 2052 2283 Η).
2089 2215 2260 2269 Unum
2289 2216 2483 2283 Amen,
2512 2215 2635 2286 quia
2668 2232 2769 2270 una
2800 2226 2883 2272 est
2927 2218 3134 2289 religio,
3158 2233 3271 2272 'una
3299 2219 3417 2289 glo-

1847 2302 2074 2357 riﬁcatio
2100 2304 2397 2358 Trinitatis.
2434 2305 2499 2359 Et
2541 2306 2795 2375 deinceps
2820 2310 3417 2376 pacem-dilectionem-

1845 2408 1949 2462 que
1978 2402 2242 2447 sectantes
2270 2408 2481 2463 semper
2513 2398 2665 2451 novis
2691 2398 2946 2465 operibus
2972 2401 3327 2470 abundamus,
3363 2416 3419 2461 ut

1846 2481 2129 2536 audiamus
2173 2483 2239 2535 ab
2278 2484 2538 2552 Apostolo
2576 2504 2587 2536 :
2637 2486 2817 2540 Gratia
2849 2488 3054 2544 Domini
3072 2490 3199 2546 Iesu
3231 2493 3419 2549 Christi

1847 2582 1892 2625 et
1939 2574 2146 2625 dilectio
2189 2572 2306 2637 Dei,
2348 2582 2396 2625 et
2423 2577 2810 2630 commun'catio
2837 2578 3063 2646 Spiritus
3107 2586 3268 2638 sancti
3305 2600 3419 2640 cum

1845 2663 2077 2716 omnibus
2102 2663 2255 2726 vobis,
2282 2664 2441 2717 Amen
2473 2662 2560 2733 (ll
2581 2664 2696 2719 Cor.
2733 2678 2844 2732 χιιι,
2877 2667 2966 2737 15)

158 2871 3394 2904 Mm

1021 2966 1501 3074 LIBER
1580 2964 1999 3073 UNDE
2015 2963 2316 3070 01M
2329 2964 2443 3069 U'
2432 2965 2547 3075 S.

773 3127 1093 3204 .Pro/‘essio
1126 3129 1379 3197 Ariana,
1414 3134 1471 3188 et
1510 3127 1813 3207 confessio
1840 3124 2155 3188 catholica
2184 3130 2387 3191 sancti
2412 3129 2764 3194 Athanasii.

1577 3272 1635 3304 Αἰ)
1658 3265 1853 3304 τΙῘίΟΡΒΙ
1859 3268 1914 3303 ω
1921 3270 1970 3303 Μ.

1633 3338 1919 3354 _

216 3401 402 3456 Ariani
427 3401 610 3458 dicunt
654 3398 844 3459 Filium
897 3404 990 3459 Dei
1028 3418 1133 3459 non
1173 3404 1242 3459 de
1279 3403 1578 3459 substantia
1624 3402 1717 3457 Dei
1743 3400 1789 3463 C
1821 3401 1959 3468 bum,
1991 3412 2039 3457 et
2078 3402 2293 3460 Verbum
2326 3414 2430 3462 erat
2472 3411 2610 3479 apud
2662 3408 2847 3480 Deum,
2890 3420 2936 3467 et
2970 3412 3246 3469 Deus-erat
3285 3417 3404 3474 Ver.

148 3486 322 3545 Pan-is
348 3493 607 3561 genitum,
636 3492 731 3548 sed
756 3493 1088 3549 extrinsecus
1112 3503 1371 3549 creatum.
1420 3495 1529 3562 Ego
1556 3493 1717 3547 credo

151 3577 242 3633 Dei
274 3581 467 3636 Filium
494 3583 561 3636 de
606 3583 779 3638 Patris
822 3580 1007 3639 natum
1053 3583 1373 3650 substantia,
1424 3598 1529 3637 non
1567 3596 1717 3636 crea-

147 3676 279 3738 tum,
308 3672 449 3726 sicut
492 3682 545 3726 et
583 3672 839 3741 Spiritum
869 3681 1109 3727 sanctum
1139 3672 1482 3738 Paraclitum,
1519 3672 1606 3741 qui
1633 3680 1719 3725 est

144 3756 283 3824 Filii,
314 3776 342 3813 a
372 3762 528 3818 Patre
555 3764 953 3831 procedentem.
978 3764 1042 3817 Et
1070 3764 1191 3818 ideo
1216 3764 1335 3819 dico
1357 3764 1711 3827 liomousion;

141 3846 205 3900 ad
235 3846 434 3904 Filium
464 3851 618 3906 Patre
664 3852 877 3908 dicente
910 3868 926 3907 :
962 3853 1145 3909 Tecum
1185 3856 1494 3924 principium
1535 3856 1589 3907 in
1631 3856 1715 3906 die

138 3936 483 4006 rirtutistsue,
518 3941 571 3994 in
599 3942 951 4012 splendoribus
989 3954 1284 3998 sanctarum
1324 3960 1387 3999 ea:
1424 3954 1567 3998 utero
1594 3954 1715 3999 ante

135 4025 411 4093 luciferum
434 4030 586 4097 genui
626 4040 673 4083 te
701 4030 877 4099 (Psal.
926 4047 1035 4096 cu,
1090 4035 1170 4101 5).
1210 4032 1473 4088 Similiter
1491 4042 1546 4089 et
1576 4033 1712 4087 Filio

130 4122 429 4173 atIeSIante
461 4135 473 4169 :
504 4117 759 4173 Dominus
789 4122 948 4191 283
970 4124 1098 4176 dixit
1122 4125 1190 4176 ad
1214 4139 1319 4176 me:
1355 4120 1528 4177 Filius
1572 4141 1711 4178 meus

129 4222 182 4259 es
213 4216 291 4271 tu,
317 4224 411 4281 ego
438 4210 587 4266 hodie
624 4214 773 4281 genui
809 4224 854 4266 te
886 4213 1062 4282 (Psal.
1106 4231 1166 4279 tt,
1213 4218 1289 4286 7).
1328 4216 1458 4269 Nam
1492 4227 1547 4271 et
1588 4232 1707 4270 cum

127 4304 380 4364 tempore
409 4300 671 4368 passionis
695 4300 894 4359 Pilatus
929 4302 997 4359 ab
1021 4318 1087 4358 eo
1115 4305 1492 4359 accusantibus
1513 4305 1711 4360 inducis

128 4388 431 4456 requireret
455 4392 501 4443 si
534 4405 625 4444 rex
653 4400 825 4459 esset,
868 4394 1202 4462 respondens
1246 4395 1535 4457 Dominus,
1588 4395 1705 4450 ait;

128 4476 240 4547 Ego
270 4480 325 4533 in
350 4482 446 4533 hoc
480 4492 629 4543 natus
660 4499 773 4536 sum
816 4482 996 4551 (Joan.
1045 4501 1191 4546 svnt.
1233 4488 1343 4555 57).
1388 4486 1465 4542 De
1505 4487 1706 4555 Spiritu

1820 3493 1958 3558 bum,
2005 3495 2102 3547 hoc
2143 3506 2251 3549 erat
2280 3498 2330 3549 in
2375 3500 2626 3567 principio
2664 3503 2803 3569 apud
2844 3501 3028 3557 Deum.
3091 3506 3275 3561 Omnia
3317 3527 3406 3577 per

1819 3585 1986 3652 ipsum
2035 3590 2171 3655 facta
2199 3598 2313 3640 sunt
2348 3588 2525 3659 (Joan.
2561 3608 2598 3656 t,
2638 3594 2711 3661 Ι).
2753 3594 2942 3649 Omnia
2997 3598 3069 3650 ait
3100 3614 3196 3666 per
3228 3601 3401 3670 ipsum

1818 3674 1977 3742 facta,
2009 3693 2113 3731 non
2132 3678 2310 3748 ipsum
2341 3680 2557 3736 factum.
2586 3683 2801 3740 Sic-nec
2830 3688 2947 3743 sine
2981 3688 3185 3759 Spiritu
3214 3702 3403 3749 sancto

1816 3775 1907 3820 aut
1936 3766 2094 3823 Pater
2115 3770 2418 3841 aliquando,
2441 3783 2533 3827 aut
2560 3775 2721 3831 Filius
2746 3776 2866 3835 fuit.

1887 3858 2071 3913 Ariani
2103 3860 2287 3916 dicunt
2314 3864 2519 3918 nullam
2570 3864 2768 3922 habere
2810 3870 3002 3925 Filium
3045 3883 3397 3945 potestatem,

1815 3948 1914 4001 nisi
1947 3964 1976 4002 a
2002 3948 2161 4006 Patre
2189 3951 2389 4020 aliquid
2413 3957 2698 4022 acceperit.
2732 3958 2993 4014 Similiter
3020 3965 3177 4019 etde
3197 3966 3397 4035 Spiritu

1814 4048 2021 4107 sancto,
2057 4040 2159 4094 nisi
2191 4057 2219 4094 a
2247 4042 2386 4097 Filio
2431 4048 2717 4111 acceperit.
2754 4047 2866 4116 Ego
2893 4050 3057 4104 credo
3102 4056 3395 4111 secundum

1812 4128 2046 4183 divinam
2102 4131 2452 4197 substantiam
2506 4134 2643 4187 sicut
2679 4133 2904 4191 Verbum
2930 4178 2946 4201 ,
2987 4140 3239 4196 virtutem
3263 4184 3279 4206 ,
3312 4160 3397 4199 sa-

1813 4218 2089 4287 pientiam,
2115 4220 2748 4289 brachium,manum,ita
2771 4235 2826 4282 et
2848 4236 3165 4296 potestatem
3197 4233 3390 4291 Filium

1812 4322 1933 4362 esse
1978 4309 2168 4364 Patris.
2209 4311 2341 4367 Nam
2385 4314 2677 4371 secundum
2730 4317 2900 4387 ipsius
2930 4321 3139 4379 Domini
3171 4334 3386 4383 senten-

1814 4397 1938 4450 tiam
1966 4415 1978 4449 :
2012 4398 2338 4469 Quwcunque
2364 4402 2522 4457 Pater
2548 4406 2691 4474 facit,
2739 4406 2851 4462 htvc
2877 4411 3053 4465 eadem
3090 4416 3323 4470 similiter
3345 4430 3394 4474 et

1812 4486 1983 4544 Filius
2008 4492 2152 4561 facit.
2179 4492 2243 4546 Et
2260 4494 2391 4547 sicut
2416 4493 2576 4549 Pater
2603 4500 2815 4552 suscitat
2836 4511 3061 4557 mortuos
3081 4513 3126 4557 et
3148 4507 3389 4575 viuiﬁcat,

130 4584 342 4671 quoque
369 4583 558 4628 sancto
586 4574 844 4631 Dominus
868 4578 999 4633 dicit
1037 4596 1048 4629 :
1076 4578 1303 4648 Spiritus
1324 4591 1529 4634 sanctus
1555 4581 1647 4649 qui
1674 4597 1707 4632 a
1808 4581 1882 4634 sic
1926 4590 1971 4636 et
2021 4581 2189 4637 Filius
2234 4600 2360 4653 quos
2422 4587 2526 4639 vult
2572 4589 2793 4657 vivi/ictu
2826 4590 3007 4658 (Ioan.
3063 4609 3116 4661 v,
3148 4598 3387 4671 κλει).

129 4661 286 4718 Patre
302 4682 420 4719 meo
447 4668 672 4736 procedit
700 4668 882 4738 (Joan.
916 4686 1005 4736 xv,
1035 4671 1150 4735 26).
1184 4673 1408 4727 Constat
1450 4687 1578 4741 ergo
1614 4687 1702 4728 se-

1808 4672 2099 4742 Leprosum
2130 4691 2358 4744 namque
2388 4693 2493 4733 non
2524 4694 2591 4733 ex
2631 4682 2855 4738 alterius
2895 4685 3141 4754 imperio,
3172 4691 3269 4745 sed
3320 4708 3389 4749 ex

127 4757 358 4811 eundum
400 4773 559 4813 unam
600 4758 892 4815 divinitatis
931 4762 1282 4817 substantiam
1315 4763 1506 4817 Filium
1546 4763 1698 4831 geni-
1724 4763 1777 4823 Ι)
1805 4771 2018 4838 propria
2060 4770 2349 4826 mundabat
2375 4781 2659 4840 potestate,
2695 4776 2916 4833 dicens:
2958 4779 3108 4847 Volo,
3142 4787 3389 4842 mundare

130 4851 235 4897 tum
262 4860 292 4897 a
333 4847 507 4910 Patre,
554 4864 658 4902 non
698 4860 936 4905 creatum
970 4869 983 4904 :
1021 4860 1076 4906 et
1100 4853 1362 4921 Spiritum
1388 4863 1633 4907 sanctum
1663 4868 1695 4906 a

1811 4858 2021 4928 (Matth.
2072 4877 2185 4925 vnt,
2234 4864 2312 4925 3).
2364 4862 2452 4919 Sic
2493 4874 2547 4919 et
2599 4868 2948 4939 paralyticum
2993 4872 3135 4941 apud
3173 4875 3389 4934 Judzros

130 4932 277 5036 Patre
323 4938 725 5007 procedentem,
758 4951 814 4995 et
859 4948 1027 4995 totum
1069 4957 1189 4997 esse
1227 4942 1367 5008 Filii,
1404 4945 1543 4998 sicut
1574 4944 1695 4998 fons
1806 4952 2111 5020 ignorantes
2136 4969 2259 5008 eum
2288 4954 2451 5009 Deum
2478 4932 2829 5025 esse'veru'm,
2866 4976 2987 5018 cum
3024 4932 3098 5019 illi
3120 4932 3385 5036 dicerent,

125 5023 185 5078 de
216 5026 364 5082 fonte
391 5038 489 5090 est.
519 5038 573 5084 et
600 5029 779 5084 lumen
809 5031 879 5085 de
904 5031 1123 5087 lumine.

187 5116 369 5175 Ariani
396 5117 582 5173 dicunt
632 5134 736 5173 non
768 5135 984 5189 semper
1026 5121 1190 5176 fuisse
1233 5135 1352 5176 cum
1382 5122 1563 5190 Patre,
1596 5134 1693 5179 aut

1805 5042 2073 5095 neminem
2103 5056 2259 5110 posse
2282 5056 2495 5112 peccata
2520 5049 2789 5105 dimittere
2821 5051 2923 5107 nisi
2971 5056 3147 5110 solum
3192 5059 3383 5126 Deum,

1805 5130 2239 5187 manifestissime
2262 5134 2423 5189 Deum
2450 5152 2509 5193 se
2539 5140 2788 5207 prodidit,
2812 5152 2868 5199 et
2907 5148 3174 5215 propriam
3203 5160 3377 5206 osten-

123 5206 250 5308 apud
562 5209 775 5275 Filium,
824 5212 907 5308 vel
960 5210 1239 5308 Spiritum—
1260 5224 1527 5308 sanctum.
1562 5215 1693 5308 ligo
1802 5221 1881 5275 dit
1919 5231 2256 5290 potestatem,
2284 5226 2467 5283 dicens
2496 5247 2507 5282 :
2541 5206 2609 5286 Ut
2652 5206 2827 5290 sciatis
2863 5206 3032 5291 autem
3061 5241 3183 5308 quia
3211 5240 3371 5297 Filiu.

122 5294 272 5359 credo
304 5297 398 5351 Dei
431 5298 641 5365 Filium,
661 5300 953 5357 secundum
980 5301 1190 5357 divinas
1207 5304 1532 5373 Scripturas,
1562 5304 1693 5359 Ver-

1801 5314 2019 5368 hominis
2030 5316 2178 5369 habet
2200 5326 2495 5385 potestatcm
2516 5322 2569 5375 in
2591 5333 2727 5377 terra
2746 5325 3032 5381 dimittendi
3054 5341 3286 5397 peccata,
3306 5335 3395 5387 ai.’

121 5383 256 5449 bum,
288 5388 540 5443 virtutem
576 5399 630 5444 et
684 5392 995 5460 sapientiam
1052 5393 1225 5448 Patris
1272 5408 1411 5449 esse.
1466 5394 1534 5449 Et
1582 5396 1688 5450 title
1798 5383 2334 5477 paralytico:Surge,
2364 5411 2481 5464 tolle
2502 5410 2685 5466 lectum
2710 5423 2852 5468 tuum
2873 5426 2921 5470 et
2943 5383 3069 5472 vade
3087 5383 3141 5473 in
3166 5383 3375 5478 domum

118 5480 371 5533 confiteor
396 5494 666 5547 nunquam
687 5480 831 5535 Patri
853 5495 1006 5536 suum
1050 5483 1245 5538 Filium
1271 5484 1528 5551 defuisse,
1564 5500 1685 5555 quia

118 5574 383 5637 nunquam
420 5571 468 5624 ei
496 5572 829 5639 paternitatis
874 5574 1040 5629 defuit
1082 5590 1298 5641 nomen,
1330 5587 1389 5632 ut
1441 5592 1546 5633 non
1570 5579 1687 5633 sine

118 5660 391 5726 sapientia,
436 5666 551 5717 sine
600 5662 806 5731 Verbo,
852 5667 968 5721 sine
1018 5668 1211 5722 virtute
1261 5668 1473 5738 pr0pria
1529 5670 1684 5725 Pater

117 5751 397 5821 aliquando
422 5754 669 5807 credatur
710 5755 896 5819 fuisse,
929 5760 1219 5814 secundum
1250 5761 1682 5829 prmdicationem

121 5840 446 5912 “angelistze
475 5843 694 5896 Joannis
720 5846 944 5900 dicentis
974 5863 988 5902 :
1030 5847 1095 5902 In
1137 5852 1387 5922 principio
1416 5862 1523 5908 erat
1560 5852 1683 5907 Ver-

430 5936 701 5997 Ρλτιιοι.
750 5939 943 6001 LXII.

1798 5496 1960 5567 284
2006 5509 2147 5552 tuam
2177 5499 2391 5565 (Matth.
2446 5518 2519 5566 Ix,
2570 5504 2657 5573 6).
2703 5504 2959 5562 Similiter
3004 5518 3058 5562 et
3110 5526 3374 5568 caecorum

1795 5585 2071 5641 examinat
2125 5586 2305 5649 ﬁdem,
2337 5589 2521 5645 dicens
2553 5608 2568 5645 :
2600 5591 2817 5645 Creditis
2864 5596 2984 5660 quia
3030 5596 3124 5650 hoc
3174 5617 3377 5671 possum

1794 5681 1961 5747 facere
1987 5680 2122 5733 vobis
2148 5679 2225 5745 (1!
2239 5682 2482 5749 id.,28)?
2509 5683 2617 5737 Illis
2647 5681 2929 5749 confessis,
2951 5689 3092 5755 quod
3124 5691 3175 5744 in
3208 5693 3376 5762 ipsius

1794 5777 1937 5823 esset
1989 5780 2271 5837 potestate,
2312 5773 2551 5826 sanitatis
2595 5771 2891 5826 remedium
2923 5775 3103 5848 infert,
3138 5783 3323 5841 dicens
3359 5809 3369 5840 :

1794 5862 2089 5917 Secundum
2116 5863 2266 5929 [idem
2310 5871 2524 5915 vestram
2570 5865 2661 5945 ﬁat
2714 5862 2850 5915 vobis
2897 5864 3087 5937 {Ibid,,
3135 5876 3249 5946 29),
3298 5880 3397 5933 Du.

2907 5960 2979 6017 10
