3938 6376
558 328 661 382 299

1870 329 2093 384 VIGILII
2120 329 2216 387 ’ΤΑ
2227 333 2500 390 PSENSIS
3642 352 3713 410 500

559 435 810 504 passione
829 451 1041 506 quoque
1071 438 1267 507 proprii
1297 437 1536 506 corporis
1565 437 1861 505 assignans,
1890 439 2031 506 quod
2083 440 2134 494 in
2165 445 2216 505 Α
2248 444 2383 499 Deus
2414 444 2676 516 (Joarmv,
2711 448 2823 516 ‘24).
2860 450 2924 502 Et
2952 450 3090 515 ideo,
3138 461 3194 506 ut
3229 452 3352 519 dixi,
3399 459 3632 517 secundum
3655 467 3711 522 di.

557 539 653 577 sua
671 533 814 578 esset
839 532 1122 592 potestate,
1151 526 1220 579 ita
1245 527 1318 578 ait
1343 542 1356 578 :
1383 526 1548 578 Nemo
1571 526 1701 579 tollit
1725 527 1946 580 animam
1972 545 2136 581 meam

558 631 589 667 a
611 631 690 667 me
721 631 738 668 :
770 623 1068 684 potestatem
1124 617 1279 669 habeo
1316 617 1540 687 ponendi
1581 633 1714 682 eam,
1747 626 1795 668 et
1844 628 2138 686 potestatem

558 707 718 761 habeo
766 708 946 760 iterum
993 696 1278 761 resumendi
1329 723 1441 760 eam
1473 708 1650 778 (.Ioan.
1684 724 1738 776 χ,
1773 711 1886 777 18).
1943 710 2008 764 Et
2037 711 2138 765 alia

560 799 783 852 inﬁnita.
811 799 887 853 De
909 799 1136 868 Spiritus
1167 800 1324 853 etiam
1368 798 1539 852 sancti
1587 808 1850 867 potestate
1877 801 1991 868 ipse
2017 804 2090 854 ait
2124 818 2135 854 :

557 889 785 959 Spiritus
844 889 928 942 ubi
969 890 1073 942 vult
1125 890 1285 956 spirat
1345 886 1525 959 (Joan.
1572 905 1651 953 ιιι,
1681 889 1760 958 8).
1813 890 2003 959 Utique
2049 891 2137 946 ubi

557 982 770 1048 propria
804 980 1069 1035 voluntate
1095 988 1250 1048 atque
1298 978 1578 1033 divinitate
1628 979 1854 1035 voluerit
1879 981 2135 1049 aspirare,

556 1087 664 1127 non
686 1072 975 1140 ubijussus
1006 1071 1186 1126 fuerit.
1244 1070 1394 1126 Sicut
1448 1071 1597 1126 etde
1642 1071 1798 1126 donis
1850 1072 2138 1141 gratiarum

555 1163 840 1231 Apostolus
875 1162 1170 1231 praedicans
1212 1161 1369 1216 docet
1395 1179 1408 1212 :
1434 1160 1560 1214 Haec
1609 1171 1777 1216 autem
1828 1163 1999 1214 omnia
2021 1178 2139 1231 ope-

554 1263 700 1306 ratur
729 1270 859 1306 unus
881 1263 1028 1324 atque
1057 1255 1189 1306 idem
1213 1254 1462 1322 Spir-itus,
1494 1254 1723 1306 dividens
1745 1255 1961 1323 singulis
1990 1263 2140 1321 prout

553 1346 662 1400 uult
692 1345 746 1415 (I
773 1344 894 1400 Cor.
933 1361 1028 1411 xu,
1063 1346 1173 1416 11).
1231 1345 1361 1400 Nam
1395 1347 1608 1415 prepria
1636 1357 1688 1400 et
1736 1347 1848 1415 ipse
1882 1355 2140 1414 potestate

553 1448 606 1494 et
655 1438 943 1508 prophetas
989 1439 1176 1507 replet,
1220 1447 1274 1493 et
1315 1438 1589 1508 apostolos
1629 1437 1776 1506 eligit
1821 1452 1884 1492 ac
1936 1437 2138 1507 dirigit,

553 1544 616 1584 ac
639 1531 942 1600 episcopos,
975 1531 1112 1583 sicut
1142 1529 1193 1582 in
1249 1528 1468 1582 Actibus
1499 1528 1861 1597 apostolorum
1893 1526 2138 1595 legimus,

545 1621 849 1676 constituit.
884 1618 1166 1674 lnnumera
1217 1627 1340 1673 sunt
1371 1619 1528 1672 etiam
1551 1617 1654 1672 alia
1689 1618 1989 1672 testimonia
2019 1633 2139 1686 quae

558 1733 700 1773 nunc
727 1719 941 1785 longum
974 1725 1058 1771 est
1082 1730 1380 1784 exponere;
1406 1725 1458 1768 et
1488 1714 1608 1769 ideo
1653 1715 1792 1768 sicut
1822 1728 1978 1768 unam
2011 1714 2139 1768 sub—

2245 537 2419 591 vinam
2460 539 2812 593 substantiam
2842 541 3161 598 invisibilem
3181 545 3424 601 conﬁteor
3447 548 3631 620 Patrem,
3654 560 3711 610 iu-

2243 627 2506 681 visibilem
2537 628 2751 693 Filium,
2782 630 3100 686 invisibilem
3149 633 3394 701 Spiritum
3434 650 3712 701 sanctum:et

2242 732 2415 787 neque
2440 719 2609 786 majus
2633 720 2855 787 aliquid,
2910 737 3082 792 neque
3124 725 3294 780 minus
3319 727 3367 780 in
3409 729 3587 787 deitatis
3626 738 3711 792 sub-

2241 809 2432 861 stantia
2471 808 2652 863 crcdo.
2699 809 2988 878 Propterea
3043 814 3285 868 eumdem
3333 818 3485 872 reddo
3525 821 3710 879 honore

2247 894 2382 949 Filio
2405 906 2457 951 et
2485 897 2704 965 Spiritui
2734 909 2940 968 sancto,
2971 889 3129 970 quem
3174 913 3227 958 et
3255 902 3414 971 Patri,
3457 910 3712 980 praecipiente

2244 985 2469 1041 Domino
2507 1005 2519 1039 :
2559 987 2624 1042 Ut
2652 1005 2823 1044 omnes
2845 990 3178 1060 honoriﬁcent
3204 992 3406 1060 Filium,
3442 999 3550 1051 sicut
3572 1001 3713 1055 honori-

2241 1078 2396 1144 ﬁcant
2424 1078 2655 1147 Patrem,
2682 1082 2801 1149 quia
2831 1083 2918 1150 qui
2945 1099 3044 1136 non
3091 1067 3415 1152 honoriﬁcam
3453 1085 3626 1154 Filium,
3649 1108 3714 1145 non

2242 1169 2581 1240 honoriﬁcam
2608 1173 2813 1226 Patrem
2839 1175 3021 1244 (Joan.
3055 1191 3108 1243 ν,
3131 1177 3244 1246 25).
3277 1178 3339 1232 Et
3359 1180 3420 1235 de
3458 1180 3620 1249 Spiritu
3636 1198 3714 1239 san-

2241 1271 2327 1316 eto
2359 1262 2470 1331 ipse
2493 1264 2566 1316 ait
2601 1281 2614 1317 :
2646 1264 2746 1328 Qui
2775 1265 3192 1331 blasphemauerit
3217 1269 3270 1323 in
3291 1268 3519 1337 Spiritum
3536 1285 3711 1334 tamtum,

2242 1368 2342 1404 non
2372 1354 2648 1406 remittetur
2673 1355 2739 1416 ei,
2763 1371 2919 1421 neque
2948 1358 3000 1409 in
3025 1357 3118 1410 hoc
3137 1359 3320 1412 sa'culo
3349 1375 3492 1428 neque
3524 1362 3568 1414 in
3601 1364 3715 1430 [ιιιιιιθ

2245 1441 2456 1510 (Matth.
2485 1460 2579 1510 xu,
2597 1444 2710 1516 δε).
2749 1446 3036 1515 Propterea
3060 1449 3217 1517 igitur
3244 1465 3396 1504 unum
3419 1450 3562 1506 Deum
3583 1453 3620 1504 in
3638 1453 3707 1507 'l‘ri-

2243 1536 2406 1590 nitate
2433 1537 2618 1601 credo,
2639 1535 2816 1590 divina
2847 1538 3120 1606 Scriptura
3146 1539 3370 1595 docente
3395 1558 3408 1595 :
3435 1542 3567 1606 Audi,
3588 1539 3710 1606 Israel,

2245 1625 2502 1680 Dominus
2557 1627 2693 1681 Deus
2733 1639 2882 1697 tuus,
2927 1627 3063 1682 Deus
3096 1647 3228 1685 unus
3261 1643 3330 1686 est
3371 1633 3538 1701 (Deut.
3569 1649 3632 1698 rt,
3659 1635 3712 1703 l).

2314 1717 2492 1770 Ariani
2537 1717 2740 1783 dicunt,
2799 1718 2890 1773 Dci
2942 1717 3132 1774 Filium
3188 1722 3464 1776 secundum
3514 1723 3715 1778 divinitatis

547 1813 832 1878 stantiam,
879 1813 949 1865 ita
1003 1825 1162 1865 uuam
1211 1810 1541 1879 potestatem
1577 1807 1769 1871 Patris,
1811 1816 1867 1862 et
1896 1808 2036 1873 Filii,
2086 1800 2214 1862 etB
2242 1806 2587 1863 substantiam
2622 1818 2675 1864 et
2703 1808 2990 1875 visibilem,
3017 1818 3072 1865 et
3100 1811 3377 1866 minorem.
3408 1812 3507 1882 Ego
3546 1814 3665 1868 credo
3683 1814 3714 1867 in

553 1902 783 1973 Spiritus
833 1900 1002 1956 sancti
1057 1900 1240 1955 credo.
1284 1899 1435 1964 Quod
1489 1907 1666 1953 autem
1703 1899 1909 1967 accepit
1953 1898 2136 1967 Filius,

555 1993 848 2049 secundum
881 1992 1150 2046 hominem
1180 1990 1404 2058 accepit,
1441 1988 1490 2042 id
1525 1997 1609 2043 est
1657 1987 1948 2041 secundum
1973 1989 2140 2040 servi—

557 2086 664 2141 lem
688 2083 936 2149 lormam,
969 2081 1261 2138 secundum
1294 2087 1490 2134 nostra:
1516 2078 1838 2133 conditionis
1870 2086 2135 2142 naturam,

557 2177 672 2245 ipso
699 2175 922 2230 Domi-no
949 2177 1000 2228 in
1024 2173 1310 2242 Evangelio
1331 2171 1544 2226 dicente
1576 2189 1587 2223 ε
1627 2169 1691 2223 Et
1717 2171 1962 2236 iudicium
1993 2171 2131 2222 dedit

557 2270 602 2321 ei
631 2271 814 2337 facere,
848 2263 1162 2336 quia-Filius
1181 2264 1405 2317 hominis
1428 2273 1498 2316 est
1531 2261 1705 2331 (Joan.
1732 2278 1784 2328 v,
1812 2262 1925 2331 27).
2012 2323 2024 2329 ν

626 2361 810 2415 Ariani
833 2360 1012 2414 dicunt
1042 2372 1148 2412 non
1177 2365 1343 2410 totum
1369 2355 1580 2409 Patrem
1603 2353 1720 2422 capi
1745 2367 1902 2422 posse
1923 2367 1950 2404 a
1982 2351 2139 2419 Filio,

549 2451 638 2508 vel
665 2451 932 2521 conspici;
957 2449 1094 2505 sicut
1124 2463 1222 2502 nec
1244 2447 1475 2517 Spiritus
1499 2456 1717 2501 sanctus
1751 2454 1915 2498 totum
1951 2443 2140 2496 Filium

557 2553 648 2600 aut
676 2544 823 2599 videt
851 2553 943 2597 aut
996 2541 1158 2610 capit.
1193 2541 1302 2609 Ego
1332 2538 1515 2602 credo,
1551 2536 1693 2607 quod
1725 2537 1863 2590 sicut
1891 2534 2056 2588 Filius
2089 2534 2142 2586 in

557 2639 714 2693 Patre
741 2645 856 2704 est,
889 2644 946 2690 ct
975 2651 1003 2687 a
1051 2635 1206 2688 Patre
1254 2642 1395 2686 totus
1436 2630 1644 2684 videtur
1669 2669 1683 2694 ,
1727 2627 1796 2682 ita
1842 2637 1895 2682 et
1927 2627 2083 2680 Pater
2111 2640 2140 2678 a

556 2731 694 2788 Filio
718 2738 863 2786 totus
904 2729 1132 2794 videtur,
1166 2735 1220 2779 et
1267 2734 1408 2778 totus
1458 2734 1541 2776 est
1571 2722 1623 2776 in
1678 2721 1838 2784 Filio;
1864 2721 1979 2788 ipso
2010 2717 2144 2772 Filio

557 2824 768 2880 dicente
812 2819 970 2890 :Ego
1018 2820 1068 2871 in
1113 2817 1289 2878 Patre,
1347 2826 1391 2868 et
1444 2812 1601 2865 Pater
1645 2813 1696 2864 in
1748 2828 1824 2864 me
1861 2820 1931 2864 est
1965 2809 2176 2879 (Joan-

557 2932 666 2983 xrv,
698 2913 809 2983 11).
843 2911 908 2966 Ει
941 2930 952 2963 :
985 2911 1127 2966 Sicut
1158 2909 1292 2962 novit
1347 2922 1424 2959 me
1455 2903 1630 2970 Pater,
1656 2915 1703 2957 et
1747 2920 1839 2974 ego
1873 2904 1988 2957 novi
2033 2902 2143 2956 Pa-

559 3017 686 3060 trem
712 3004 891 3075 (Joan.
925 3020 978 3069 x,
1016 3001 1148 3072 15).
1183 3000 1440 3055 Similiter
1462 3012 1518 3057 et
1562 3002 1628 3056 de
1687 3000 1890 3067 Spiritu
1939 3007 2143 3063 sancto,

559 3099 816 3168 Apostolo
861 3097 1181 3166 praedicante
1211 3095 1352 3164 quod
1405 3096 1636 3164 Spiritus
1675 3103 1944 3148 scrutatur
1984 3093 2142 3146 etiam

2242 1897 2411 1952 forma
2435 1898 2551 1964 Dei,
2579 1900 2709 1953 sicut
2733 1902 2980 1968 superius
3003 1902 3430 1970 approbavimus,
3469 1904 3714 1969 invisibilcm,

2243 1989 2360 2059 ipso
2380 1989 2446 2042 ad
2474 1988 2652 2044 Mosen
2679 1991 2921 2046 dicente:
2947 1991 3116 2045 Nemo
3164 1993 3287 2046 vidit
3312 1994 3480 2062 faciem
3521 2010 3657 2058 meam,
3686 2004 3714 2045 et

2243 2080 2367 2132 vivet
2402 2078 2599 2148 (Exod.
2653 2095 2838 2145 xxxm,
2864 2079 2976 2148 20).
3001 2081 3283 2151 Ᾱέιιιιειιειη
3324 2097 3443 2138 vero
3489 2098 3565 2152 per
3589 2083 3714 2136 omnia

2243 2171 2407 2241 Patri,
2436 2181 2656 2242 excepto
2685 2186 2751 2227 eo
2781 2174 2921 2242 quod
2952 2174 3041 2228 ille
3065 2175 3328 2244 ingenitus
3367 2186 3460 2241 est,
3505 2185 3548 2231 et
3569 2177 3712 2243 istege-

2243 2265 2387 2320 nitus
2419 2282 2430 2316 :
2464 2265 2708 2333 apostolo
2731 2267 3055 2333 prtedicante
3083 2266 3149 2322 de
3178 2282 3244 2323 eo
3273 2284 3289 2322 :
3320 2267 3416 2332 Qui
3454 2284 3551 2321 cum
3573 2271 3611 2320 in
3647 2267 3714 2333 {or-

2243 2371 2348 2425 ma,
2379 2355 2569 2426 inquit,
2602 2359 2764 2427 286
2796 2357 2889 2410 Dei
2911 2367 3059 2423 esset,
3112 2375 3217 2412 non
3265 2361 3483 2430 rapinam
3522 2361 3713 2412 arbitratu

2243 2456 2336 2512 est,
2367 2463 2471 2501 esse
2497 2464 2549 2501 se
2568 2447 2816 2516 aequalem
2840 2448 2946 2502 Deo
2973 2447 3198 2518 (Philip.
3228 2466 3284 2514 tt,
3317 2453 3407 2520 γι).

2319 2539 2498 2593 Ariani
2527 2538 2818 2603 dicunt,ita
2847 2535 3040 2595 Filium
3072 2541 3152 2595 vel
3199 2543 3445 2611 Spiritum
3483 2541 3714 2597 sanctumali

2244 2631 2456 2685 arcanis
2484 2631 2652 2684 Patris
2675 2641 2967 2696 extorrem,
2991 2641 3050 2685 ut
3073 2632 3204 2686 nihil
3236 2643 3534 2689 secretarum
3568 2615 3714 2700 disposi-

2248 2721 2449 2774 tionum
2469 2721 2697 2784 noverit,
2720 2722 2818 2775 nisi
2834 2723 3124 2778 revelatum
3154 2739 3184 2777 a
3210 2724 3385 2792 Patre,
3428 2725 3551 2795 quod
3570 2723 3714 2777 voluerit

2248 2809 2382 2864 Filio
2413 2811 2676 2876 revelare;
2701 2822 2754 2866 et
2782 2811 3024 2882 Spiritui,
3050 2814 3190 2883 quod
3221 2829 3252 2870 a
3284 2816 3416 2870 Filio
3444 2815 3576 2869 fuerit
3610 2813 3715 2867 mani-

2248 2902 2517 2957 festatum.
2552 2903 2664 2972 Ego
2705 2905 2866 2959 credo
2893 2905 3084 2960 Filium
3116 2907 3168 2961 in
3209 2908 3387 2974 Patre,
3413 2919 3461 2964 et
3501 2908 3657 2961 Patrem
3685 2905 3715 2956 in

2251 2993 2408 3058 Filio,
2439 2993 2692 3062 Spiritum
2722 3010 2933 3064 quoque
2956 3007 3196 3053 sanctum
3231 2999 3520 3069 paraclitum
3559 2996 3626 3067 qui
3645 3008 3716 3064 pro-

2250 3086 2390 3140 cedit
2415 3101 2442 3139 a
2476 3087 2651 3154 Patre,
2677 3097 2731 3142 et
2760 3088 2876 3142 Filii
2901 3104 3020 3144 esse
3067 3099 3120 3146 et
3147 3092 3342 3160 Patris,
3371 3094 3482 3162 quia
3527 3102 3570 3145 et
3592 3104 3615 3143 a
3635 3086 3716 3140 Filio

548 3161 821 3263 ,prol'unda
851 3161 963 3244 Dei.
990 3188 1057 3242 Et
1078 3161 1390 3242 sicutiietno
1418 3161 1563 3241 novit
1585 3186 1708 3255 quid
1735 3186 1803 3239 sit
1832 3187 1883 3238 in
1906 3184 2139 3248 homine,
2170 3161 2216 3224 (εἶ
2251 3180 2509 3247 procedit,
2539 3181 2676 3234 sicut
2703 3189 2756 3234 et
2786 3183 2836 3234 in
2865 3182 3154 3252 Evangelio
3170 3161 3422 3254 scriptum
3442 3193 3532 3250 est,
3549 3180 3716 3253 quodper

557 3283 856 3342 secundum
911 3280 1080 3349 ipsius
1131 3279 1371 3348 Apostoli
1411 3279 1750 3342 sententiam,
1783 3276 1882 3330 nisi
1929 3275 2146 3344 spiritus

558 3373 814 3438 hominis,
844 3371 934 3441 qui
986 3376 1069 3424 est
1115 3369 1167 3423 in
1215 3368 1464 3433 homine;
1499 3368 1570 3422 ita
1615 3378 1667 3422 et
1712 3383 1830 3436 qua:
1875 3375 1999 3421 sunt
2050 3365 2145 3421 Dei

558 3482 718 3524 nemo
749 3465 913 3528 novit,
947 3463 1049 3518 nisi
1078 3462 1308 3532 Spiritus
1332 3459 1418 3530 qui
1447 3469 1528 3515 est
1572 3461 1626 3514 in
1655 3474 1740 3515 eo.
1773 3458 1903 3513 Nam
1952 3467 2005 3514 et
2035 3458 2144 3512 Do-

557 3562 735 3620 minus
774 3562 826 3617 in
860 3559 1148 3630 Evangelio
1175 3558 1336 3613 etiam
1383 3556 1450 3611 de
1481 3554 1716 3625 parvulis
1746 3554 1824 3608 sic
1845 3554 1920 3606 ait
1952 3568 1966 3606 :
2010 3551 2143 3616 Quia

558 3657 728 3728 angeli
752 3670 926 3710 eorum
941 3667 1137 3719 semper
1162 3652 1325 3703 vident
1349 3649 1529 3718 [aciem
1557 3647 1728 3700 Patris
1750 3645 1964 3715 (Matth.
1996 3658 2139 3707 xvnt,

562 3749 675 3817 10).
709 3747 932 3814 lmpium
953 3754 1034 3798 est
1059 3741 1280 3796 credere
1306 3739 1448 3807 quod
1480 3737 1646 3790 Filius
1688 3747 1739 3790 et
1769 3736 1998 3804 Spiritus
2023 3748 2146 3787 san-

562 3847 681 3894 ctus
708 3851 812 3890 non
845 3841 1009 3889 totum
1035 3839 1127 3885 aut
1156 3832 1464 3884 intueantur
1485 3828 1505 3891 ’,
1541 3836 1632 3879 aut
1659 3827 1872 3894 capiant
1907 3824 2142 3878 Patrem.

631 3928 793 3999 235
817 3922 1004 3980 Ariani
1051 3921 1235 3976 dicunt
1274 3935 1436 3974 unum
1498 3925 1700 3972 tantum
1751 3917 1915 3970 Deum
1968 3914 2146 3984 pelle.

561 4027 727 4084 ctum,
752 4015 1195 4084 omnipotentem,
1228 4010 1605 4080 incapahilem,
1634 4009 1946 4078 ingenitum,
1982 4007 2148 4060 inter-

561 4111 866 4168 minabilem
900 4109 1110 4163 Patrem
1143 4106 1314 4160 solum
1346 4113 1400 4158 ct
1428 4104 1806 4157 immortalem.
1837 4101 1949 4170 Ego
1983 4099 2146 4154 credo

562 4205 852 4262 secundum
897 4201 1103 4256 divinas
1145 4199 1469 4268 Scripturas,
1533 4196 1697 4249 Deum
1743 4205 1799 4248 et
1853 4193 2144 4247 Dominum

563 4298 778 4352 Patrem
802 4295 1115 4363 ingenitum,
1138 4291 1302 4344 Deum
1326 4298 1378 4343 et
1392 4287 1670 4343 Dominum
1688 4284 1877 4339 Filium
1901 4283 1967 4339 de
1983 4283 2146 4338 Patre

564 4386 828 4456 genitum,
857 4383 1021 4436 Deum
1053 4390 1106 4434 et
1127 4379 1408 4432 Dominum
1433 4377 1690 4446 Spiritum
1714 4385 1958 4430 sanctum
1987 4390 2014 4428 a
2047 4375 2146 4428 Pa-

567 4488 651 4534 tre
690 4474 1089 4546 procedentem,
1121 4482 1174 4525 et
1203 4470 1254 4523 in
1283 4469 1419 4523 Filio
1447 4479 1748 4522 manentem
1775 4482 1790 4519 :
1822 4466 2012 4520 Filium
2045 4482 2156 4519 au-

567 4578 675 4624 tem
705 4569 842 4622 sicut
871 4565 924 4619 in
967 4563 1164 4618 deitate
1197 4575 1299 4615 non
1328 4558 1448 4614 dico
1479 4558 1758 4622 minorem,
1784 4559 1854 4612 ita
1882 4557 1933 4612 in
1971 4558 2142 4612 forma

567 4657 712 4715 servi
738 4701 752 4726 ,
787 4672 904 4725 quae
929 4652 1161 4724 passioni
1185 4649 1484 4714 succubuit,
1512 4649 1831 4703 minoratum
1857 4649 2139 4713 conﬁteor,

570 4748 831 4821 Apostolo
856 4746 1068 4801 dicente
1096 4762 1108 4797 :
1134 4741 1264 4797 Eum
1285 4751 1455 4796 autem
1472 4743 1559 4812 qui
1582 4741 1837 4795 modicum
1866 4741 1926 4794 ab
1951 4741 2147 4809 angelis

571 4844 854 4897 minoratus
873 4847 946 4892 est
967 4837 1182 4889 vidimus
1207 4832 1383 4888 Jesum
1408 4841 1613 4902 prapter
1635 4831 1922 4900 passionem
1969 4830 2146 4882 mortis

571 4931 761 5004 (Hebr.
794 4945 850 4996 ιι,
884 4927 960 4998 9).
990 4925 1054 4980 Et
1081 4925 1202 4979 ideo
1223 4924 1277 4977 in
1301 4923 1468 4978 tribus
1487 4920 1728 4991 personis
1759 4933 1864 4974 non
1890 4931 1995 4974 tres
2019 4920 2149 4974 deos

570 5020 764 5086 sentio,
792 5018 885 5074 sed
914 5030 1076 5072 unum
1110 5014 1274 5068 Deum
1311 5021 1364 5067 et
1405 5012 1684 5066 Dominum
1717 5010 2032 5077 substantia,
2067 5011 2150 5064 di-

568 5115 811 5179 vinitate,
868 5108 1126 5183 potentia,
1185 5107 1510 5176 aequalitate,
1557 5114 1718 5176 atquc
1773 5105 2146 5176 perpetuitate,

569 5208 740 5265 adoro
764 5215 818 5262 et
835 5204 974 5268 colo,
1003 5202 1142 5256 sicut
1167 5201 1221 5254 in
1251 5200 1364 5268 lege
1380 5210 1701 5269 praeceptum
1731 5209 1846 5253 est:
1874 5198 2151 5253 Dominum

568 5306 738 5360 Deum
766 5310 910 5356 tuum
931 5297 1188 5360 adorabis,
1213 5304 1260 5351 et
1279 5295 1356 5348 illi
1378 5295 1476 5348 soli
1512 5294 1692 5348 servies
1719 5293 1896 5361 (Deut.
1929 5307 2000 5358 v1,
2036 5291 2148 5360 15).

641 5393 826 5450 Ariani
856 5389 1285 5454 dicunt,Patrem
1314 5386 1484 5441 solum
1518 5384 1843 5439 invisibilem
1874 5384 2062 5447 Deum,
2096 5391 2152 5435 et

569 5488 856 5557 majorem,
879 5493 931 5541 et
957 5483 1080 5540 ideo
1095 5481 1264 5538 solum
1287 5479 1569 5536 colendum
1605 5485 1765 5547 atque
1790 5475 2146 5532 adorandum.

570 5579 685 5648 Ego
709 5579 870 5634 credo
898 5575 1190 5633 secundum
1212 5572 1446 5628 divinam
1496 5569 1845 5625 substantiam
1897 5583 1961 5624 ac
1991 5569 2153 5637 maje-

576 5677 796 5737 statem,
835 5669 1076 5738 spiritum
1101 5666 1315 5731 Filium,
1350 5662 1591 5734 spiritum
1637 5676 1844 5731 quoque
1890 5660 2149 5730 Spiritum

575 5771 839 5831 sanctum,
864 5762 1088 5818 Domino
1115 5761 1167 5818 in
1198 5756 1488 5827 Evangelio
1531 5755 1781 5828 dicente:
1805 5754 2030 5811 Spiritus
2081 5769 2151 5812 ρει

2172 4528 2222 4588 D

2249 3268 2666 3324 insufﬂationem
2697 3285 2846 3325 suam
2878 3272 3085 3327 dederit
3111 3274 3388 3344 discipulis
3425 3276 3524 3331 suis
3550 3272 3717 3342 Spiritum

2247 3367 2490 3413 sanctum
2519 3359 2702 3416 dicens
2745 3379 2758 3412 :
2791 3363 3014 3432 Accipite
3067 3363 3321 3434 Spiritum
3369 3375 3584 3420 sanctum.
3619 3361 3719 3424 Cri“

2247 3453 2540 3506 remiseritis
2570 3463 2798 3522 peccata,
2822 3457 3034 3509 remissa
3061 3467 3174 3510 sunt
3204 3472 3227 3512 :
3254 3467 3300 3511 et
3329 3462 3467 3530 cujus
3490 3452 3718 3512 retinaculis,

2247 3549 2441 3595 retenta
2463 3552 2582 3595 sunt
2619 3541 2797 3613 (Joan.
2831 3559 2923 3611 xx,
2965 3544 3078 3612 22).
3135 3545 3203 3600 Et
3254 3548 3373 3602 ideo
3410 3541 3716 3615 inseparabilem

2248 3633 2506 3687 conﬁteor
2529 3633 2866 3703 Trinitatem,
2896 3649 2994 3690 nec
3043 3645 3316 3693 extorrem
3351 3638 3542 3702 Filium,
3567 3643 3633 3689 aut
3652 3628 3722 3696 δρί·

2249 3726 2408 3780 ritum
2439 3736 2702 3797 sanctum,
2734 3729 2872 3783 sicut
2899 3727 3136 3785 haeretici
3165 3731 3469 3801 loquuntur,
3515 3744 3540 3782 a
3568 3729 3646 3779 Deo
3665 3720 3721 3774 Ριε

2251 3826 2334 3873 tre
2361 3818 2502 3883 dico,
2535 3820 2785 3889 quonith
2813 3819 3005 3886 Filius,
3029 3822 3120 3891 qui
3137 3831 3222 3877 est
3237 3824 3487 3893 sapientia
3511 3821 3587 3875 Dei
3600 3813 3721 3875 Patris,

2248 3913 2362 3982 ipse
2386 3920 2465 3967 est
2495 3921 2552 3966 et
2572 3913 2814 3967 voluntas
2840 3913 3029 3979 Patris,
3061 3930 3181 3984 quas
3210 3931 3423 3988 semper
3471 3915 3516 3968 in
3548 3913 3634 3980 ipso
3650 3905 3720 3965 luit.

2248 4013 2301 4058 et
2326 4005 2439 4072 ipse
2466 4011 2549 4058 est
2569 4005 2740 4073 magni
2765 4004 2968 4056 consilii
2995 4007 3206 4075 angelus
3229 4023 3251 4062 :
3277 4018 3326 4062 et
3373 4024 3457 4077 per
3481 4007 3615 4076 ipsum
3647 4013 3724 4052 m-

2249 4094 2355 4147 dita
2381 4103 2499 4148 sunt
2525 4096 2696 4147 omnia
2726 4092 2878 4165 (Isai.
2914 4109 2988 4162 lx,
3022 4096 3101 4163 5),
3129 4097 3274 4152 sicut
3319 4097 3564 4167 apostolus
3602 4087 3724 4145 Paulus

2246 4187 2523 4255 praedicat,
2557 4202 2670 4255 qua:
2697 4187 2750 4240 in
2778 4186 2940 4256 cmlis,
2970 4198 3016 4242 et
3045 4204 3158 4257 qua:
3181 4189 3236 4242 in
3261 4190 3408 4245 terris
3441 4198 3561 4250 sunt,
3586 4176 3728 4237 risibilia

2240 4290 2292 4333 et
2322 4282 2594 4335 invisibilia
2623 4282 2758 4351 (Col.
2791 4299 2828 4348 ι,
2864 4282 2971 4352 16).
2996 4283 3061 4338 Et
3094 4284 3332 4341 Joannes
3362 4282 3636 4352 evangelista
3669 4273 3727 4326 d0-

2238 4382 2334 4427 eet
2352 4372 2492 4441 quod
2522 4375 2693 4427 omnia
2714 4388 2802 4442 per
2832 4375 2994 4443 ipsum
3025 4376 3164 4442 facta
3192 4387 3335 4445 sunt,
3380 4386 3423 4431 et
3447 4377 3542 4430 sine
3564 4373 3646 4442 ipso
3681 4365 3728 4432 [⁸³⁸

2250 4475 2385 4518 ctum
2414 4474 2485 4518 est
2514 4465 2641 4518 nihil
2673 4464 2853 4534 (Joan.
2876 4481 2912 4533 ι,
2943 4467 3020 4536 5).
3048 4467 3179 4523 Nam
3233 4478 3288 4524 et
3325 4472 3456 4524 sicut
3503 4481 3580 4536 per
3621 4464 3728 4528 ipsum

2249 4557 2428 4608 omnia
2457 4554 2593 4609 facta
2621 4555 2815 4610 divina:
2835 4555 3125 4626 Scriptura:
3153 4559 3459 4629 loquuntur,
3485 4559 3547 4612 ita
3569 4563 3610 4608 et
3638 4559 3730 4617 ψιῶ

2251 4659 2460 4715 cunque
2484 4645 2650 4701 Filius
2694 4646 2840 4712 facit,
2866 4649 2979 4717 ipse
3008 4663 3066 4703 se
3093 4650 3215 4704 cum
3249 4651 3406 4706 Patre
3448 4649 3597 4703 facere
3630 4646 3732 4694 testa-

2251 4747 2356 4806 tur,
2383 4739 2610 4794 dicens:
2674 4739 2830 4793 Pater
2881 4753 3048 4796 autem
3096 4743 3150 4796 in
3195 4760 3279 4798 me
3327 4741 3628 4807 manensipse
3660 4725 3735 4797 Ῐαάί

2253 4846 2409 4899 Opera
2443 4829 2621 4900 (Joan.
2661 4845 2772 4896 xw,
2799 4830 2909 4901 10).
2937 4833 3036 4886 Per
3056 4831 3170 4887 hmo
3199 4833 3481 4887 ostendens
3509 4824 3622 4897 quod
3655 4830 3735 4872 nun-

2255 4936 2412 4990 quam
2443 4921 2601 4976 Pater
2628 4923 2742 4976 sine
2768 4921 2920 4990 Filio,
2961 4923 3052 4992 qui
3109 4931 3193 4979 est
3247 4922 3517 4993 sapientia,
3559 4913 3735 4970 Verbum:

2256 5017 2520 5083 voluntas,
2555 5023 2609 5070 et
2630 5017 2799 5070 virtus
2822 5016 2996 5070 Patris
3024 5016 3221 5088 aliquid
3251 5027 3344 5073 aut
3381 5009 3654 5086 disposuerit
3682 5006 3737 5055 aut

2256 5108 2461 5169 iecerit.
2495 5121 2593 5162 nec
2621 5109 2738 5162 sine
2767 5108 2924 5163 Patre
2945 5108 3135 5163 Filius.
3164 5109 3239 5165 De
3270 5109 3466 5179 Spiritu
3490 5118 3597 5160 vero
3615 5102 3738 5153 sanet0

2257 5197 2473 5254 dubium
2500 5213 2603 5253 non
2631 5205 2714 5252 est
2739 5198 2879 5266 quod
2910 5199 3041 5252 nihil
3069 5200 3300 5268 ignoret,
3334 5213 3428 5254 nec
3445 5198 3506 5250 sit
3533 5184 3737 5247 extorristl

2257 5290 2446 5358 Patre;
2477 5291 2604 5346 dum
2632 5291 2748 5346 sine
2778 5289 2978 5364 Spiritu
3003 5306 3102 5347 suo
3125 5292 3335 5348 Patrem
3371 5292 3517 5346 fuisse
3535 5270 3740 5350 aliquando

2256 5394 2478 5435 summae
2502 5379 2785 5436 dementia:
2809 5381 3111 5448 estdicere,
3145 5383 3391 5452 quoniam
3415 5382 3514 5449 ipse
3539 5375 3740 5429 rimatur.

2256 5474 2905 5544 secundumApostolum,
2937 5476 3074 5529 sicut
3118 5489 3262 5544 smpe
3308 5475 3494 5529 dictum
3538 5472 3622 5544 est,
3665 5468 3742 5553 ρξ’

2256 5571 2420 5640 funda
2450 5582 2494 5627 et
2520 5573 2626 5626 alla
2658 5572 2750 5627 Dei
2779 5571 2831 5642 (ι
2863 5567 2980 5626 Cor.
3012 5571 3202 5640 ιι,10).
3231 5570 3297 5625 Ει
3325 5567 3456 5639 quod
3484 5563 3600 5618 idem
3624 5550 3740 5642 Spiri-

2260 5671 2341 5717 tus
2373 5663 2490 5719 Filii
2520 5665 2611 5729 sit,
2641 5641 2823 5718 multis
2850 5662 3245 5731 Scripturarum
3293 5655 3583 5717 testimoniis
3607 5641 3742 5717 prob"

2259 5757 2429 5813 vimus
2463 5765 2551 5812 :et
2581 5755 2720 5828 quod
2751 5763 2890 5812 totus
2921 5763 3130 5810 maneat
3159 5755 3208 5807 in
3243 5754 3374 5810 Filio
3407 5770 3416 5803 :
3449 5756 3496 5804 et
3532 5742 3643 5799 sicut
3661 5739 3742 5799 ιπιν

3841 4287 3849 4454 ι
