3938 6376
130 402 221 458 ωι

1359 412 1452 472 ’οΕ
1494 413 1857 479 ΤΠῘΝΙΤΛΤΕ
1902 426 2022 483 LIB.
2069 427 2153 484 ΧΙ.

3280 454 3383 506 50:!

132 521 265 576 cedit
293 537 321 575 a
351 523 459 578 Deo
491 524 666 591 Patre,
705 527 773 578 ita
798 527 1037 594 procedit
1065 543 1092 582 a
1119 529 1274 598 Filio,
1329 543 1384 587 ut
1431 543 1536 589 tota
1583 538 1698 593 ’l‘ri-
1726 548 1775 606 Α
1803 546 1922 613 quia
1947 549 2085 613 quod
2117 549 2384 604 diversum
2406 561 2504 618 est,
2535 567 2697 607 unum
2754 567 2875 612 esse
2922 571 3025 612 non
3079 571 3254 629 potest
3287 583 3299 619 :
3332 580 3386 622 ct

132 614 261 667 nitas
284 629 421 669 unus
443 616 690 670 credatur
721 617 882 671 Deus.
908 617 1047 672 Nihil
1080 635 1206 690 ergo
1235 633 1315 676 est
1345 626 1486 692 quod
1519 626 1699 694 faciat,

133 704 210 756 vel
239 703 484 772 disponat
508 706 663 760 Pater
684 707 798 759 sine
828 722 920 760 sua
950 711 1242 778 sapientia:
1277 716 1409 769 nihil
1440 719 1577 787 quod
1613 736 1705 774 no-

133 795 280 861 verit,
316 796 400 848 vel
429 796 676 864 disponat
704 798 819 852 sine
866 811 964 852 suo
990 809 1176 855 sancto
1232 803 1455 872 Spiritu,
1511 808 1576 862 de
1603 825 1707 878 quo

132 882 384 950 propheta
405 883 483 937 sic
510 885 585 938 ait
613 902 626 938 :
657 885 882 954 Spiritus
911 885 1221 954 Paraclitus,
1249 892 1480 962 Spiritus
1506 900 1710 966 sapien-

131 972 211 1023 tiae
238 981 284 1024 et
323 973 623 1038 intellectus,
665 973 891 1042 Spiritus
920 979 1120 1032 consilii
1148 992 1197 1034 et
1227 984 1445 1050 virtutis,
1479 987 1708 1054 Spiritus

131 1061 345 1113 scientia:
370 1063 526 1132 287
547 1073 594 1115 et
617 1065 814 1131 pietatis
841 1063 992 1134 (Isai.
1013 1083 1083 1134 st,
1111 1069 1166 1138 2)
1203 1088 1213 1122 ε
1261 1087 1377 1141 qua:
1422 1078 1600 1131 omnia
1653 1079 1705 1133 in

131 1148 360 1218 Deo,qui
390 1159 470 1203 est
495 1151 746 1217 Trinitas,
775 1154 1094 1211 consistunt.

194 1236 380 1291 Ariani
406 1237 605 1305 dicunt,
627 1242 716 1295 Dei
743 1240 930 1297 Filium
964 1260 1066 1300 non
1112 1246 1273 1305 fuisse
1296 1252 1348 1305 in
1379 1254 1532 1309 caelis
1562 1259 1704 1326 apud

129 1327 360 1394 Patrem,
399 1338 638 1396 tempore
657 1347 762 1401 quo
789 1333 926 1388 inter
961 1335 1202 1394 homines
1249 1354 1571 1401 versaretur.
1597 1348 1708 1418 Ego

127 1416 281 1469 credo
312 1416 478 1471 Deum
505 1419 599 1473 Dei
623 1419 812 1475 Filium
837 1425 1127 1479 secundum
1151 1441 1262 1482 sure
1285 1433 1571 1499 potentiam
1595 1416 1710 1494 dei-

127 1508 242 1561 tatis
262 1507 315 1562 in
345 1510 506 1577 coelo,
557 1522 610 1566 et
662 1513 715 1566 in
771 1523 912 1569 terra
952 1515 1116 1573 fuisse
1165 1521 1545 1583 incarnationis
1592 1545 1706 1588 suce

123 1604 388 1665 tempore,
406 1607 460 1652 et
477 1607 641 1654 totum
660 1602 886 1670 replere,
920 1595 1028 1660 nec'
1048 1622 1279 1678 unquam
1311 1612 1567 1683 defuisse,
1591 1619 1708 1688 ipso

127 1685 190 1739 ad
211 1685 559 1743 Nicodemum
588 1692 643 1746 in
677 1693 963 1764 Evangelio
982 1696 1194 1754 dicente
1225 1720 1238 1755 :
1270 1702 1433 1759 Nemo
1478 1685 1704 1765 ascendit

125 1777 176 1828 in
203 1777 404 1842 caelum,
434 1781 530 1833 nisi
558 1783 643 1851 qui
673 1784 928 1837 descendit
967 1785 1030 1839 de
1079 1789 1223 1856 caelo,
1272 1789 1442 1850 Filius
1464 1795 1700 1870 hominis,

125 1868 208 1932 qui
234 1873 384 1924 estin
408 1876 531 1928 curta
564 1874 739 1945 (loan.
771 1893 850 1943 ut,
877 1879 986 1947 l5).

189 1959 373 2014 Ariani
406 1962 589 2019 dicunt
609 1967 748 2035 quod
765 1967 932 2023 Filius
954 1969 1046 2024 Dei
1070 1983 1184 2028 erat
1201 1978 1413 2044 quando
1436 1996 1538 2036 non
1563 1994 1700 2053 erat,

121 2055 174 2100 et
201 2057 490 2121 antequam
516 2069 822 2113 nasceretur
859 2075 964 2114 non
1009 2073 1142 2131 erat,
1173 2075 1225 2120 et
1266 2071 1407 2137 quod
1433 2087 1496 2127 ex
1546 2077 1705 2134 nullis

121 2141 453 2198 exstantibus
475 2145 644 2201 factus
669 2159 770 2202 est.
814 2150 924 2219 Ego
944 2153 1106 2208 credo
1145 2171 1300 2212 unam
1347 2163 1702 2225 substantiam

117 2225 318 2298 Patris,
351 2242 405 2288 et
428 2235 566 2305 Filii,
599 2248 653 2292 et
673 2239 898 2310 Spiritus
945 2245 1135 2299 sancti.
1171 2247 1454 2319 Propterea
1479 2256 1701 2329 Filium,

117 2316 207 2381 qui
238 2328 321 2373 est
344 2324 602 2391 sapientia
625 2327 816 2397 Patris,
848 2330 898 2384 in
930 2346 996 2386 eo
1043 2347 1256 2404 semper
1276 2316 1478 2412 fuisse,
1527 2357 1583 2401 et
1637 2316 1702 2406 ex,

116 2404 233 2473 ipsp
257 2413 492 2477 genitum
526 2417 807 2484 conﬁteor,
849 2421 968 2487 quia
1004 2437 1270 2492 nunquam
1322 2428 1421 2484 fuit
1467 2404 1700 2505 tempus,

106 2509 222 2564 quo
250 2499 410 2556 Pater
430 2503 544 2560 sine
591 2520 690 2561 suo
719 2509 894 2564 Verbo
933 2522 985 2566 et
1006 2516 1263 2584 sapientia
1294 2520 1454 2576 fuisse
1484 2539 1511 2578 a
1537 2499 1704 2580 ﬁdeli;

112 2586 216 2642 bus
244 2592 499 2647 credatur
524 2613 538 2650 :
571 2611 668 2651 nec
695 2597 859 2652 Filius
887 2601 1004 2655 sine
1049 2619 1146 2658 suo
1174 2607 1456 2677 aliquando
1500 2615 1705 2669 exstitit

111 2675 312 2744 Patre;
344 2689 664 2754 evangelista
697 2689 928 2758 dicente,
957 2702 1010 2747 et
1031 2697 1227 2764 saepius
1259 2675 1530 2770 repetente
1560 2709 1700 2774 quod

112 2764 165 2817 in
200 2769 467 2840 principio
495 2785 610 2829 erat
666 2777 915 2844 Verbum,
961 2791 1250 2854 etsemper
1297 2764 1431 2855 erat,
1462 2803 1514 2848 et
1560 2795 1700 2852 Deus

108 2865 249 2921 erat,
280 2866 336 2912 et
359 2862 498 2928 apud
529 2863 691 2918 Deum
719 2877 854 2933 erat,
875 2883 972 2923 nec
995 2886 1059 2925 ex
1091 2876 1248 2931 nullis
1265 2884 1596 2941 exstantibus
1617 2887 1696 2941 fa-

109 2949 361 3012 ctus,sed
389 2951 443 3003 in
469 2951 644 3020 Patre,
671 2964 726 3010 et
753 2961 888 3026 apud
919 2957 1155 3027 Patrem,
1188 2965 1327 3020 Deus
1356 2972 1496 3038 apud
1528 2973 1694 3030 Deum

109 3048 328 3104 semper
351 3049 484 3095 erat.
515 3043 744 3111 Spiritus
774 3062 986 3118 quoque
1022 3064 1237 3110 sanctus
1281 3068 1334 3113 et
1366 3059 1481 3126 fuit,
1534 3074 1587 3118 et
1612 3078 1694 3121 est

108 3138 328 3194 semper
352 3128 404 3184 in
429 3131 605 3201 Patre,
635 3145 689 3190 et
711 3137 947 3206 procedit
968 3154 1032 3195 ex
1057 3144 1191 3212 ipso,
1217 3164 1316 3204 nec
1339 3166 1570 3220 unquam
1597 3157 1693 3211 Pa-

110 3216 325 3272 tersine
351 3233 446 3274 sua
475 3224 755 3291 sapientia,
787 3227 875 3296 qui
897 3236 980 3282 est
1021 3229 1204 3298 Filius,
1253 3216 1520 3309 nunquam
1576 3246 1690 3301 sine
1717 3262 1765 3326 ρ

110 3315 202 3326 -.η
237 3304 338 3326 ρης-
375 3319 516 3326 μμ,
586 3312 619 3326 ,.
664 3313 743 3326 .._

99 3315 206 3358 suo
237 3304 342 3359 fuit
371 3319 556 3365 sancto
585 3312 806 3381 Spiritu.

174 3395 364 3450 Ariani
393 3399 576 3455 dicunt
599 3403 690 3459 Dei
709 3405 900 3460 Filium
922 3411 1250 3482 passibilem,
1277 3427 1334 3471 et
1359 3418 1409 3472 in
1439 3433 1531 3474 sua
1560 3425 1690 3478 sub-

107 3484 301 3540 stantia
325 3491 629 3547 mortalem.
664 3494 774 3566 Ego
799 3496 964 3551 credo
990 3498 1155 3555 Deum
1201 3503 1457 3574 Verbum,
1512 3520 1565 3563 et
1607 3527 1691 3566 sa-

105 3573 363 3638 pientiam
395 3576 587 3643 Patris,
617 3583 740 3650 quia
769 3599 929 3638 unum
945 3599 1073 3641 cum
1103 3589 1262 3646 Patre
1286 3603 1387 3659 est,
1445 3597 1689 3664 impossi-

99 3657 264 3714 bilem
287 3671 449 3733 atque
478 3668 828 3726 immortalem
858 3671 912 3728 in
957 3688 1054 3730 sua
1083 3657 1399 3736 substantia.
1455 3657 1688 3743 Pa-ssibi-

102 3749 207 3803 lem
238 3762 420 3808 autem
445 3766 605 3826 atque
629 3763 909 3817 mortalem
933 3763 1203 3823 hominem
1224 3770 1402 3827 Jesum
1423 3773 1689 3831 Christum

99 3837 168 3894 de
194 3840 364 3896 Maria
404 3845 623 3916 Virgine
648 3864 1002 3924 assumptum,
1027 3859 1115 3927 qui
1143 3860 1235 3918 Dei
1289 3863 1462 3921 Verbo
1510 3870 1689 3927 unitus

89 3937 193 3993 est,
227 3933 532 4001 conﬁteor;
563 3941 752 3996 eodem
785 3944 1012 4001 Domino
1034 3948 1282 4008 dicente:
1315 3954 1538 4024 Spiritus
1566 3963 1682 4028 qui-

80 4018 201 4070 dem
224 4033 505 4092 promptus
516 4035 612 4091 est,
638 4045 756 4083 caro
770 4044 936 4087 autem
955 4035 1162 4104 inﬁrma
1179 4018 1391 4111 (Manli.
1408 4061 1554 4113 xxvr,
1573 4018 1683 4118 bl).

80 4106 205 4175 ipso
232 4109 440 4165 iterum
471 4112 680 4171 dicente
708 4136 722 4172 :
765 4121 914 4186 Quod
941 4135 1115 4180 natum
1136 4106 1296 4183 estde
1339 4151 1509 4202 carne,
1566 4155 1685 4192 caro

73 4207 152 4249 est
185 4212 204 4248 :
227 4206 277 4249 et
307 4202 458 4264 quod
475 4213 650 4258 natum
674 4217 745 4261 est
770 4209 831 4262 de
865 4211 1096 4284 Spiritu,
1127 4221 1336 4287 spiritus
1376 4233 1449 4276 est
1506 4226 1686 4296 (Joan.

69 4299 152 4350 tv,
179 4284 262 4354 6).
295 4285 403 4342 Sic
431 4298 485 4343 et
505 4291 791 4360 Apostolus
817 4299 1110 4360 Corinthiis
1141 4284 1415 4378 praedicat,
1449 4284 1636 4369 dicens
1670 4332 1685 4370 :

80 4375 222 4429 Nam
251 4379 363 4430 etsi
384 4381 663 4448 cruciﬁxus
683 4395 842 4441 estea:
868 4391 1166 4458 inﬁrmitate
1195 4375 1411 4466 nostra,
1439 4405 1529 4457 sed
1571 4407 1688 4462 vivit

81 4484 141 4521 ex
168 4470 367 4521 virtute
390 4469 482 4524 Dei
509 4472 594 4544 (Il
625 4477 742 4531 (ἔον.
793 4495 906 4548 xm,
956 4485 1035 4554 4).
1094 4488 1392 4550 Cruniﬁsus
1433 4513 1562 4567 ergo
1618 4517 1683 4556 ex

91 4555 404 4614 inﬁrmitate
423 4565 600 4618 carnis
631 4577 848 4636 nostrae,
881 4574 971 4626 sed
1002 4576 1130 4632 vivit
1187 4595 1254 4636 ex
1311 4598 1404 4639 sua
1460 4589 1676 4656 virtute,

93 4649 211 4714 quia
245 4648 285 4702 F
290 4649 415 4705 ilius
436 4652 530 4708 Dei
555 4655 698 4712 Deus
747 4670 800 4714 et
842 4663 1009 4720 virtus
1052 4669 1224 4728 Patris
1275 4648 1672 4748 comprobatur;

90 4742 212 4809 Ipse
231 4747 432 4814 quippe
458 4751 556 4813 via,
582 4755 761 4808 ueritas
791 4768 838 4811 et
866 4761 966 4813 vita
979 4773 1052 4816 est
1070 4764 1246 4833 (Joan.
1271 4784 1374 4835 xiv,
1497 4775 1672 4843 Ipsum

94 4833 246 4887 etiam
280 4835 554 4893 hominem
576 4841 845 4901 Christum
877 4849 1054 4907 Jesum
1113 4867 1231 4923 post
1271 4833 1572 4927 passionem
1603 4868 1672 4924 de

94 4925 339 4990 sepulcro
364 4943 391 4979 a
411 4929 521 4984 Deo
544 4931 734 5000 Verbo,
765 4952 794 4991 a
824 4953 928 5008 quo
955 4944 1118 5014 283
1147 4956 1201 5000 et
1231 4925 1533 5020 assumptus
1562 4969 1665 5024 est,

95 5013 204 5071 sine
251 5024 598 5088 corruptione
649 5026 736 5082 die
771 5030 926 5086 tertia
964 5013 1334 5094 resuscitatum
1386 5046 1666 5111 conﬁteor,

95 5103 200 5172 ipso
226 5109 292 5162 ad
310 5109 550 5178 iudicas,
574 5118 868 5174 secundum
899 5127 1278 5193 evangelistam
1298 5131 1578 5202 Joannem,
1604 5103 1672 5193 de

93 5199 282 5266 templo
303 5202 552 5268 corporis
581 5208 663 5259 sui
717 5209 956 5278 dicente,
1015 5214 1207 5272 Solvite
1252 5225 1495 5292 templum
1547 5199 1666 5297 lioc,

91 5296 131 5337 et
161 5288 210 5341 in
235 5301 270 5341 ti
285 5291 403 5345 ibus
433 5293 604 5349 diebus
629 5301 883 5355 suscitabo
903 5305 1033 5358 illud
1056 5306 1236 5377 (Joan.
1278 5288 1485 5384 tt,'i9).

153 5377 568 5450 Arianidicunt,
611 5395 720 5443 tres
740 5390 977 5448 diversas
998 5396 1342 5468 substantias,
1389 5377 1452 5459 ac
1481 5406 1662 5476 dispa-

90 5478 168 5519 res
192 5484 457 5538 personas
479 5474 673 5544 Patris,
697 5488 752 5534 et
778 5471 924 5548 Filii,
953 5494 1007 5540 et
1049 5491 1222 5545 sancti
1247 5491 1497 5562 Spiritus.
1551 5471 1662 5569 ligo

91 5568 185 5611 non
205 5560 450 5618 diversas
475 5567 799 5626 substantias
827 5587 888 5628 ac
907 5574 1149 5644 dispares
1178 5560 1432 5650 personas
1460 5560 1656 5655 Patris,

90 5652 137 5696 et
167 5647 304 5716 Filii,
338 5661 399 5707 et
422 5654 650 5724 Spiritus
672 5664 840 5716 sancti
863 5666 1050 5734 credo,
1097 5647 1193 5725 sed
1244 5683 1350 5730 tres
1403 5692 1657 5745 personas

91 5738 365 5810 perfectas,
417 5748 673 5815 aequales,
703 5761 758 5806 et
803 5761 1050 5823 aeternas,
1097 5761 1256 5817 unius
1323 5738 1652 5836 substantiae,

91 5831 234 5887 unius
254 5837 531 5908 potentiae,
556 5841 713 5900 unius
730 5845 938 5904 virtutis
964 5865 1024 5905 ac
1046 5854 1338 5918 majestatis
1362 5859 1652 5921 conﬁteor:

1807 638 1946 703 quod
1969 640 2217 707 gradibus
2253 654 2521 709 censetur,
2553 647 2758 716 aequale
2801 665 2907 704 non
2951 662 3050 706 est.
3085 654 3259 712 Credo
3288 675 3384 728 ego

1810 727 1904 782 Dei
1932 728 2140 796 Filium,
2168 732 2266 787 Dei
2304 735 2551 804 Verbum,
2614 739 2706 794 Dei
2732 739 3002 810 virtutem,
3060 755 3112 800 et
3159 748 3251 803 Dei
3300 727 3381 805 εξ..

1806 818 2060 886 pientiam
2081 822 2336 891 aequalem
2367 841 2580 896 semper
2617 830 2782 887 Patri.
2811 832 2925 889 Non
2973 837 3116 891 enim
3165 853 3224 894 se
3273 840 3382 910 ipse

1809 909 1976 964 Filius
2000 926 2159 966 unum
2187 927 2309 969 cum
2341 915 2515 984 Patre,
2548 933 2645 975 nec
2675 922 2882 978 Patrem
2914 926 2966 980 in
3014 942 3095 994 se,
3148 940 3202 985 et
3247 945 3306 986 se
3336 936 3384 988 in

1810 999 1966 1056 Patre
1989 1003 2152 1058 videri
2173 1004 2395 1075 diceret,
2426 1009 2524 1064 nisi
2554 1025 2613 1066 se
2643 1016 2806 1070 sciret
2827 1019 3087 1088 aequalem
3117 1040 3128 1073 :
3176 1037 3272 1078 nec
3300 1042 3388 1080 ea-

1809 1093 1930 1164 dem
1960 1095 2202 1152 similiter
2228 1098 2447 1166 faceret,
2478 1118 2596 1172 qua:
2626 1107 2803 1175 Pater,
2831 1122 2924 1168 aut
2948 1115 3108 1170 etiam
3131 1133 3250 1188 qua:
3273 1120 3388 1190 ipse

1809 1181 1968 1238 vellet
2005 1185 2364 1253 proﬁteretur,
2397 1205 2495 1245 nec
2521 1206 2580 1247 se
2603 1209 2633 1247 a
2677 1195 2834 1254 Patre
2848 1181 3193 1274 processisse,
3225 1181 3383 1281 atque

1809 1273 1861 1327 in
1887 1276 2140 1330 mundum
2173 1280 2400 1347 venisse,
2431 1292 2483 1337 et
2510 1283 2700 1340 iterum
2743 1291 3050 1362 relinquere
3102 1301 3382 1364 mundum.

1808 1372 1863 1419 et
1890 1364 1966 1419 ire
1987 1365 2054 1420 ad
2077 1365 2309 1434 Patrem,
2335 1385 2551 1428 manere
2579 1377 2740 1432 etiam
2771 1377 2824 1433 in
2854 1396 2914 1438 se
2940 1384 3154 1444 Patrem
3185 1395 3384 1459 praed-

1809 1464 1974 1520 caret,
2007 1457 2107 1511 nisi
2146 1473 2204 1514 se
2224 1460 2386 1516 sciret
2413 1463 2481 1520 de
2501 1466 2793 1527 substantia
2816 1476 2896 1530 sui
2922 1479 3158 1546 genitum
3186 1457 3383 1541 Patris.

1810 1543 1865 1596 lu
1890 1545 2173 1616 Evangelia
2200 1551 2651 1626 quippeJoannis,
2671 1564 2883 1630 quando
2899 1543 3024 1623 eum
3041 1571 3209 1629 Judaei
3232 1591 3380 1646 qua:-

1810 1635 1998 1690 rebant
2029 1637 2282 1706 lapidare.
2313 1647 2505 1702 asserit
2537 1647 2722 1706 dicens
2751 1672 2764 1706 :
2817 1654 2939 1711 Non
2968 1663 3133 1715 solum
3163 1666 3226 1720 de
3249 1635 3379 1734 'hor,

1807 1728 1927 1796 quia
1955 1731 2174 1784 solvebat
2199 1735 2482 1804 sabbatum,
2505 1743 2594 1794 sed
2607 1746 2725 1812 quia
2752 1744 2948 1804 Filium
2965 1750 3060 1806 Dei
3087 1771 3139 1809 se
3157 1728 3383 1823 dicebat,

1809 1822 2052 1890 aequalem
2079 1841 2131 1878 se
2160 1828 2350 1894 faciens
2381 1829 2488 1884 Deo
2514 1835 2689 1902 (Joan.
2746 1854 2795 1906 v,
2858 1841 2968 1912 18).
3022 1847 3202 1918 Itaque
3242 1859 3382 1921 quod

1737 1902 1785 1962 B
1810 1915 2027 1983 aequalis
2053 1927 2155 1982 est,
2215 1920 2394 1991 dispar
2420 1938 2538 1982 esse
2566 1944 2669 1984 non
2695 1943 2868 2000 potest
2900 1955 2913 1990 :
2954 1953 3055 1994 una
3105 1951 3187 1996 est
3241 1948 3384 2001 enirn

1811 2001 1983 2060 Patris
2012 2006 2238 2079 Filiique
2282 2014 2598 2085 substantia,
2627 2037 2728 2075 una
2755 2023 2944 2093 virtus,
2974 2044 3077 2084 una
3116 2041 3274 2102 atque
3304 2037 3383 2090 in-

1809 2096 2022 2153 dividua
2052 2112 2309 2170 potestas.
2342 2107 2474 2165 Dum
2506 2127 2683 2181 nemo,
2713 2118 2850 2172 sicut
2878 2119 3060 2189 ipsein
3097 2096 3382 2198 Evangelio

1808 2188 1902 2256 ait,
1930 2190 1998 2246 de
2019 2207 2175 2249 manu
2203 2195 2324 2252 Filii
2353 2204 2591 2270 proprias
2613 2221 2740 2262 oves
2767 2188 2922 2278 rapit,
2972 2229 3072 2270 nec
3100 2220 3378 2290 quisquam

1807 2275 1874 2332 de
1899 2295 2056 2336 manu
2081 2285 2257 2342 Patris
2283 2291 2495 2347 easdem
2527 2309 2715 2364 rapere
2743 2275 2936 2368 potest.
2955 2305 3026 2358 Et
3051 2275 3188 2376 quod
3219 2275 3380 2368 tinum

1806 2377 1907 2434 est,
1939 2370 2208 2429 diversum
2235 2391 2357 2433 esse
2373 2395 2476 2436 non
2501 2395 2694 2452 potest.
2716 2388 2912 2446 Eodem
2937 2370 3128 2451 iterum
3147 2400 3378 2470 dicente,

1805 2471 1926 2512 cum
1935 2461 2042 2528 jam
2059 2468 2400 2532 priemisissct
2413 2487 2569 2528 unam
2583 2479 2932 2550 eamdemque
2945 2500 3092 2542 suam
3109 2489 3379 2564 Patrisque

1807 2552 2118 2620 potentiam,
2141 2567 2321 2625 postea
2344 2562 2511 2628 ipsam
2523 2565 2833 2625 substantia:
2848 2575 3100 2632 unitatem
3116 2552 3379 2651 assignat,

1806 2640 2026 2702 dicens:
2059 2647 2168 2719 Ego
2192 2662 2238 2705 et
2267 2652 2422 2711 Pater
2443 2673 2600 2712 unum
2628 2676 2804 2717 sumus
2833 2665 3010 2733 (Joan.
3037 2687 3088 2742 κ,
3121 2640 3379 2747 50).υ8ρίλ

1803 2735 1939 2792 ritus
1959 2754 2172 2811 quoque
2197 2749 2364 2801 sancti
2389 2749 2457 2803 ita
2487 2752 2538 2805 iu
2574 2755 2719 2810 nullo
2759 2758 2940 2828 dispar
2987 2735 3085 2820 esti
3127 2735 3377 2843 persona,

1803 2841 1975 2896 neque
1995 2831 2219 2888 diversa:
2246 2837 2559 2896 substantiis
2607 2860 2763 2914 quam
2797 2849 2958 2907 Pater
2996 2865 3048 2910 et
3107 2831 3293 2928 Filius,
3321 2831 3379 2920 υἱ

1801 2916 1916 2985 ipse
1944 2920 2081 2976 idem
2113 2925 2182 2978 sit
2207 2925 2436 2994 Spiritus
2455 2944 2669 2989 sanctus
2697 2944 2990 3004 procedens
3019 2961 3047 3000 a
3077 2947 3249 3020 Patre,
3283 2916 3375 3024 qui

1799 3018 1880 3062 est
1908 3019 1962 3065 et
1993 3011 2143 3067 Filii?
2165 3031 2261 3071 nec
2290 3019 2575 3090 aliquando
2599 3024 2766 3082 defuit
2795 3031 2957 3101 Patri,
2990 3037 3130 3094 sicut
3161 3011 3258 3098 nec
3286 3011 3375 3103 ri-

1798 3096 1907 3163 lio;
1941 3113 1995 3156 ut
2015 3106 2462 3172 quemadmodum
2511 3115 2629 3171 sine
2677 3119 2826 3176 initio
2870 3096 3100 3197 semper,
3133 3142 3291 3204 atque
3319 3138 3374 3194 in

1797 3193 2066 3248 creatione
2099 3198 2281 3252 mundi
2307 3214 2429 3256 cum
2465 3203 2622 3262 Patre
2652 3209 2751 3264 fuit
2780 3221 2832 3266 et
2862 3193 3030 3285 Filio,
3069 3193 3180 3290 ipse
3206 3193 3371 3282 etiam

1795 3282 2192 3342 conﬁrmaverit
2218 3293 2396 3346 omnia
2425 3304 2584 3365 atque
2629 3302 2791 3372 289
2844 3306 3216 3370 illuminaverit
3253 3336 3263 3368 :
3299 3322 3371 3375 ita

1796 3381 1850 3427 et
1877 3386 2266 3436 sacramentum
2293 3383 2560 3453 baptismi,
2593 3405 2697 3446 non
2729 3395 2828 3449 nisi
2869 3399 2969 3453 sub
3011 3401 3178 3470 ipsius
3221 3407 3372 3463 invo-

1798 3557 2095 3616 visitatione
2135 3565 2431 3632 impleatur.
2466 3571 2572 3628 Nec
2596 3576 2737 3629 enim
2764 3581 3060 3636 membrum
3081 3557 3200 3654 quis
3216 3587 3370 3645 Chri-

1794 3647 1882 3712 sti,
1909 3659 1962 3704 ει
1985 3653 2236 3723 templum
2261 3657 2376 3728 Dei,
2428 3664 2717 3719 secundum
2772 3671 3068 3736 apostolum
3100 3647 3364 3744 'Paulum,

1792 3738 2046 3809 efﬁcitur,
2079 3748 2180 3803 nisi
2219 3765 2376 3820 quem
2417 3755 2646 3824 Spiritus
2691 3770 2908 3816 sanctus
2948 3773 3002 3819 et
3048 3769 3272 3839 elegerit
3315 3783 3372 3828 et

1791 3836 2228 3908 sanctificaverit,
2253 3853 2412 3914 atque
2443 3857 2498 3901 ut
2534 3848 2673 3906 Deus
2712 3855 2926 3923 propria
2975 3836 3260 3929 potestate,
3310 3866 3361 3918 in

1790 3937 1857 3977 eo
1882 3940 2039 3994 quem
2068 3929 2181 3998 ipse
2206 3933 2448 4004 elegerit,
2481 3939 2814 3997 habitaverit.

1863 4018 2044 4075 Ariani
2070 4022 2274 4093 dicunt,
2310 4037 2428 4096 post
2454 4044 2702 4086 occasum
2735 4036 2941 4102 mundi,
2975 4053 3194 4108 regnum
3234 4044 3359 4098 Filii

1793 4104 1885 4159 Dei
1915 4108 2220 4165 finiendum.
2257 4115 2367 4184 Ego
2387 4129 2716 4187 assumptum
2746 4123 2797 4177 in
2820 4127 3012 4180 cmlum
3041 4131 3242 4184 unitum
3262 4133 3365 4188 lio-

1791 4200 1990 4258 minem
2021 4219 2086 4259 ex
2137 4207 2300 4263 Maria
2333 4210 2546 4278 Virgine
2588 4216 2751 4269 Deum
2781 4218 2966 4285 credo,
2997 4236 3156 4290 quem
3199 4235 3254 4278 et
3281 4240 3367 4280 se-

1791 4294 1919 4349 dere
1946 4298 2010 4350 ad
2035 4298 2306 4354 dexteram
2329 4301 2499 4359 Patris
2515 4306 2794 4374 conﬁteor,
2817 4311 2904 4365 cui
2933 4315 3107 4370 omnis
3128 4325 3364 4385 potestas

1791 4386 1842 4439 in
1870 4388 2030 4454 coelo,
2057 4400 2115 4445 et
2157 4391 2212 4444 in
2243 4400 2382 4448 terra
2413 4395 2589 4450 datur.
2633 4397 2810 4467 ipsum
2842 4417 3054 4472 quoque
3093 4405 3361 4473 judicatus

1790 4491 1906 4531 rum
1932 4480 2077 4536 vivos
2099 4491 2152 4536 et
2174 4493 2432 4552 mortuos,
2461 4488 2613 4558 cujus
2639 4505 2856 4560 regnum
2881 4510 3147 4566 nunquam
3175 4500 3362 4556 ﬁnien-

1792 4565 1916 4622 dum
1945 4583 2067 4625 esse
2093 4573 2371 4640 conliteor,
2393 4576 2605 4634 dicente
2628 4580 2852 4638 Daniele
2875 4565 3127 4655 propheta
3157 4607 3171 4644 :
3199 4593 3352 4662 Aspi-

1782 4660 1974 4714 ciebam
2020 4664 2072 4718 in
2125 4667 2313 4721 visione
2355 4671 2548 4736 noctis;
2595 4684 2640 4728 et
2677 4692 2788 4730 ecce
2824 4695 2938 4732 cum
2987 4685 3198 4740 nubibus
3245 4692 3357 4743 coeli

1776 4755 1924 4822 quasi
1943 4756 2081 4824 ﬁlius
2110 4759 2329 4816 hominis
2355 4767 2598 4832 veniebat,
2626 4780 2671 4820 et
2697 4787 2854 4839 usque
2873 4778 2940 4827 ad
2959 4781 3221 4848 antiquum
3250 4789 3358 4839 die-

1776 4864 1889 4902 rum
1921 4855 2160 4920 pervenit,
2191 4867 2238 4909 et
2265 4859 2316 4910 in
2348 4871 2620 4930 conspectu
2660 4866 2769 4934 ejus
2812 4868 3101 4925 obtulerunt
3132 4891 3265 4940 eum,
3302 4893 3350 4932 et

1773 4942 1909 4996 dedit
1944 4947 1988 4998 ei
2015 4957 2332 5014 potestatem,
2373 4963 2419 5006 et
2449 4959 2706 5022 honorem,
2735 4971 2783 5014 et
2822 4979 3064 5032 regnum:
3091 4981 3139 5023 et
3177 4989 3348 5029 omnes

1772 5033 1966 5100 pepuli,
2016 5036 2175 5090 tribus
2217 5047 2264 5092 et
2306 5042 2491 5112 lingua:
2539 5049 2636 5114 ipsi
2681 5053 2933 5109 servient:
2962 5069 3182 5125 potes'as
3232 5072 3345 5135 ejus

1775 5131 1986 5192 interna,
2009 5143 2122 5192 qua:
2149 5145 2249 5184 non
2281 5136 2562 5205 auferetur,
2593 5149 2641 5193 et
2673 5159 2884 5214 regnum
2912 5154 3042 5221 ejus,
3072 5158 3209 5220 quod
3252 5176 3352 5212 non

1773 5229 2130 5288 corrumpetur
2169 5223 2332 5294 (Dan.
2361 5243 2453 5295 vn,
2490 5231 2600 5300 15).
2635 5235 2826 5293 Filium
2873 5245 3079 5299 scilicet
3120 5248 3349 5302 homtms

1776 5309 2009 5380 loquitur
2033 5317 2286 5385 propheta
2311 5325 2582 5391 accepisse
2607 5337 2945 5398 potestatem,
2971 5345 3026 5389 et
3054 5336 3342 5405 honorem,

1771 5412 1826 5456 et
1873 5417 2113 5472 regnum.
2156 5409 2308 5474 Quod
2351 5422 2528 5468 autem
2559 5416 2626 5470 de
2658 5419 2794 5473 Filio
2823 5421 3055 5478 hominis
3086 5427 3338 5483 veraciter

1774 5494 1908 5561 llaec,
1939 5495 1990 5550 id
2021 5507 2104 5553 est
2129 5500 2196 5554 de
2226 5516 2498 5573 assumpto
2529 5509 2742 5566 liomine
2771 5513 2910 5568 dicta
2938 5516 3066 5582 sint,
3100 5520 3212 5588 ipse
3242 5522 3340 5576 Do.

1771 5591 1945 5646 minus
1973 5594 2300 5654 manifestius
2324 5600 2375 5654 in
2400 5602 2686 5670 Evangelio
2712 5608 2788 5661 sic
2817 5609 2890 5661 ait
2915 5627 2928 5662 ε
2973 5609 3230 5680 Videbitis,
3263 5616 3342 5672 in-

1768 5683 1899 5751 quit,
1930 5687 2108 5739 caelum
2152 5699 2404 5758 apertum,
2450 5705 2494 5747 et
2533 5693 2578 5744 F
2582 5697 2724 5749 ilium
2754 5699 2975 5755 hominis
3007 5709 3260 5764 sedentem
3307 5732 3340 5769 α

1766 5776 1956 5831 dextris
1988 5776 2080 5833 Dei
2114 5780 2325 5851 (Matth.
2362 5799 2506 5849 xxvr,
2554 5785 2662 5855 6i).
2706 5788 2772 5843 Et
2827 5791 3056 5850 iterum:
3101 5797 3340 5858 Videbitis

1768 5864 1956 5924 Filium
1988 5871 2201 5926 hominis
2227 5884 2499 5928 venientem
2531 5876 2581 5930 in
2616 5880 2848 5953 nubibus,
2880 5900 2992 5940 cum
3021 5889 3186 5956 gloria
3229 5910 3334 5947 ma-
