3938 6376
1344 368 1426 422 DE
1464 354 1834 419 TRINITATE
1874 351 1999 411 LIB.
2044 349 2131 409 XI.

295 508 362 563 de
392 506 501 559 Deo
535 512 679 561 caro,
715 495 782 550 de
817 491 1052 564 perfecto
1100 482 1337 544 interior,
1375 478 1443 531 de
1491 470 1676 542 :equali
1708 470 1760 529 Α
1792 462 2149 535 penetrabitior
2178 458 2314 562 omni
2350 454 2521 528 gladio
2547 452 2777 558 ancipiti,
2806 458 2851 503 et
2880 446 3168 517 pertingens
3204 460 3359 506 usque

1787 556 1854 608 ad
1883 554 2177 606 divisionem
2201 550 2384 604 anima:
2418 562 2477 599 ac
2501 544 2727 615 spiritus,
2755 552 3058 608 compagum
3086 551 3284 604 quoque
3310 547 3358 587 et

3252 332 3355 388 306

131 628 1269 759 ἓίἕὲἱιὶῑὲῐζῖὧᾎζξδῶὶίᾶξε’ίίιονιλιξηηι
1306 660 1554 731 inim-iam
1583 672 1598 708 τ
1632 661 1687 707 ει
1787 644 2147 707 medullarum,
2177 652 2223 693 et
2254 641 2501 693 discretor
2539 634 2904 704 cogitationum
2947 638 2995 684 et
3025 628 3362 682 intentionem

1368 753 1400 759 --
1424 752 1475 759 .-.
1646 752 1659 759 -
1797 736 1959 759 ---.ιξ-
2010 743 2049 759 ,ι
2080 749 2178 759 μ-..
2210 740 2275 759 --ι
2304 730 2411 759 uti-
2442 737 2670 759 nam..."
2707 722 2972 759 inniaihilia
2997 721 3047 759 δη
3091 728 3362 759 rnnsnprln

133 784 213 853 qui
257 752 310 836 in
352 775 648 834 substantia
688 764 977 825 divinitatis
1016 776 1127 818 suae
1168 752 1507 853 impassibilis
1546 752 1686 853 erat,

1789 736 1978 798 cordis,
2003 743 2049 786 et
2080 749 2180 786 non
2206 740 2275 785 est
2304 730 2411 783 ulla
2440 737 2670 781 creatura
2707 722 2972 777 invisibilis
2997 721 3047 773 in
3091 728 3365 785 conspectu

167 810 213 836 υΙ
258 810 310 836 Ill
354 810 648 834 Eunaee-uu-
688 810 976 825 usu-un"...
1017 810 1125 818 -..π
1169 810 1289 827 __-',
3172 812 3183 823 .
3290 811 3300 822 ο

138 810 277 929 iicret
312 866 595 939 passibilis,
632 872 685 917 et
714 855 1028 916 immortalis
1068 850 1225 907 morti
1273 836 1688 902 succumberet?
1790 830 1942 939 eiss
1970 827 2342 939 mni:\a:tm
2382 822 2545 939 νηιάέ
2566 829 2612 873 et
2659 826 2833 886 aperta
2882 824 2996 868 sunt
3046 810 3208 939 ocu‘lr
3253 826 3363 879 ejus
3407 878 3413 888 D

1576 928 1589 939 “
1882 934 1899 939 ‘
1935 934 1958 939 “
1995 931 2046 939 ···
2265 928 2331 939 λη
2356 926 2481 939 ἰη-Λ
2551 925 2641 939 ιιι-ι·
2659 917 2897 939 η-ιισιιιη-ιι
2923 914 3002 939 οι.
3048 918 3107 939 cn
3184 915 3327 939 mm"
3350 918 3363 931 .

135 928 259 1015 Cum
293 928 405 1013 inec
439 954 617 1009 omnia
658 952 709 1005 in
738 963 839 1004 una
866 942 1066 1001 Christi
1111 950 1360 1010 persona,
1392 928 1687 987 secundum

134 1049 370 1121 Apostoli
419 1045 866 1116 praedicationem,
896 1047 1055 1105 atque
1090 1031 1385 1121 doctrinam
1431 1020 1693 1121 Christia-

136 1112 252 1198 nam
285 1140 394 1196 sint
422 1112 535 1193 tide
567 1132 869 1197 credenda;
898 1130 1109 1184 dicente
1151 1138 1257 1179 eo:
1302 1120 1437 1174 Deus
1484 1122 1593 1169 erat
1639 1112 1693 1165 in

137 1238 352 1300 Christo,
384 1234 627 1287 mundum
656 1227 991 1283 reconcilians
1016 1222 1109 1277 sibi
1140 1217 1225 1290 (ll
1257 1216 1375 1271 Cor.
1408 1230 1461 1276 v,
1500 1209 1606 1278 l9).
1632 1207 1698 1261 Et
1798 1198 2121 1300 aliaalii-1f?
2284 1198 2452 1300 :3???

1800 1277 2115 1348 ﬂagellatur,
2147 1283 2199 1330 et
2227 1288 2255 1328 a
2284 1273 2452 1329 Pilato
2477 1270 2769 1339 iudicatur,
2798 1268 2957 1323 homo
2982 1276 3082 1323 est.
3108 1264 3258 1332 Quod
3282 1278 3370 1317 au-

1802 1375 1910 1421 tem
1951 1364 2205 1421 mundum
2244 1363 2358 1431 ipse
2400 1358 2801 1428 adjudicaturus
2846 1356 3117 1420 adveniet,
3151 1354 3289 1409 Deus
3321 1362 3373 1406 et

136 1332 349 1395 iterum,
384 1325 675 1383 secundum
703 1321 998 1384 Christum,
1051 1314 1243 1382 inquit,
1284 1311 1337 1363 in
1366 1321 1465 1377 quo
1505 1302 1699 1395 habitat

137 1423 298 1479 omnis
326 1388 587 1490 plenitudo
628 1412 906 1468 divinitatis
940 1404 1269 1477 corporaliter
1313 1397 1445 1469 (Col.
1501 1408 1558 1458 tt,
1618 1388 1695 1457 9).

136 1514 274 1581 Ergo
302 1510 443 1564 Deus
463 1506 754 1569 hominem,
781 1500 1037 1556 Dominus
1058 1506 1294 1557 servum,
1317 1495 1528 1544 creator
1550 1493 1702 1581 crea-

138 1571 332 1671 turam,
365 1602 533 1657 factor
567 1598 846 1659 iacturam,
877 1590 1216 1658 omnipotens
1244 1578 1575 1671 inferiorem,
1622 1571 1704 1671 in—

138 1660 358 1753 visibilis
406 1689 690 1752 visibilem,
748 1681 1058 1738 indehciens
1113 1676 1331 1735 lassum,
1386 1660 1704 1753 immortalis

138 1751 437 1849 mortalem,
470 1776 812 1850 impassibilis
840 1769 1145 1843 passibilem
1164 1806 1179 1831 ,
1208 1757 1517 1818 mutabilem
1548 1751 1701 1850 iude-

139 1876 409 1934 mutabilis
436 1844 669 1939 suscepit
697 1875 979 1928 naturam;
1009 1872 1106 1913 nec
1140 1858 1191 1910 in
1232 1853 1518 1907 humanam
1566 1844 1705 1939 Deus

139 1977 375 2025 mutatus
428 1974 511 2021 est
562 1935 777 2017 carnem
819 1956 899 2012 vel
935 1948 1309 2009 substantiam.
1366 1935 1710 2010 lmpassibilis

141 2076 275 2127 erat,
299 2060 393 2116 sed
426 2060 477 2113 in
500 2072 576 2120 se,
602 2059 715 2124 ipse
740 2066 896 2122 quam
925 2042 1215 2113 assumpsit
1244 2032 1574 2109 gloriﬁcabat
1616 2043 1711 2083 na-

142 2124 345 2206 turam:
384 2149 611 2202 humana
641 2158 768 2198 vero
801 2138 1040 2195 mortalis
1067 2144 1120 2191 et
1151 2132 1380 2196 inﬁrma,
1418 2135 1475 2182 ut
1512 2124 1711 2178 dictum

142 2254 243 2305 est,
268 2254 394 2295 caro
420 2247 580 2307 atque
603 2243 788 2291 natura
821 2230 1051 2286 divinam
1092 2224 1315 2295 profecit
1355 2220 1407 2275 in
1461 2216 1710 2289 gloriam,

146 2333 263 2399 ipso
298 2330 521 2384 Domino
546 2328 599 2383 in
635 2323 924 2393 Evangelio
949 2321 1162 2375 dicente
1196 2316 1263 2370 de
1296 2318 1571 2377 assumpto
1595 2321 1623 2360 a
1654 2319 1715 2359 se

144 2420 283 2475 Filio
306 2419 565 2475 hominis:
597 2417 753 2470 Nunc
781 2412 1090 2480 clariﬁcatns
1112 2418 1182 2461 est
1211 2405 1373 2457 Filius
1400 2401 1638 2464 hominis,
1664 2407 1718 2452 et

146 2510 290 2564 Deus
316 2510 624 2577 clariﬁcatus
654 2516 729 2561 est
776 2506 829 2558 in
864 2520 921 2556 eo
960 2501 1144 2571 (Joan.
1177 2511 1291 2559 sul,
1322 2494 1437 2563 5i).
1484 2492 1541 2547 Si
1578 2491 1720 2544 Deus

147 2602 473 2657 clariﬁcatus
502 2608 585 2655 est
605 2600 655 2652 in
679 2612 766 2663 eo,
797 2605 852 2651 et
883 2595 1019 2647 Deus
1047 2586 1359 2645 clariﬁcavit
1387 2600 1507 2639 etim
1544 2583 1597 2637 in
1636 2594 1721 2636 se-

145 2693 407 2763 metipso,
444 2700 499 2746 et
525 2690 778 2745 continuo
804 2686 965 2757 293
993 2676 1303 2737 clariﬁcavit
1341 2690 1485 2731 eum.
1526 2673 1723 2739 Accipe

148 2799 337 2854 quaeso
364 2798 525 2853 pauca
561 2783 627 2836 de
666 2780 859 2835 divinis
899 2772 1189 2845 Scripturis
1216 2768 1535 2834 testimonia,
1571 2765 1720 2835 quis-

149 2873 271 2942 quis
310 2872 397 2926 ille
446 2870 523 2924 vis
570 2869 831 2938 perlectus
872 2881 991 2921 esse
1026 2863 1393 2927 Christianus,
1447 2866 1502 2914 et
1541 2869 1721 2911 veram

151 2974 315 3033 atque
338 2964 592 3031 integram
631 2960 780 3029 sequi
810 2960 1090 3023 rationem,
1121 2951 1500 3026 praetermissis
1521 2948 1724 3003 vanilo-

151 3054 315 3122 qniis,
340 3060 394 3106 et
430 3050 713 3119 snperlluis
744 3047 1125 3117 quaestionibus
1158 3060 1370 3109 eorum,
1415 3041 1505 3112 qui
1549 3054 1579 3094 a
1619 3038 1723 3093 ﬁde

152 3142 349 3198 Christi
388 3156 490 3195 non
541 3141 711 3195 solum
760 3140 856 3208 ipsi
892 3145 1137 3193 errantes
1164 3133 1501 3196 exciderunt,
1535 3129 1628 3186 sed
1667 3136 1720 3183 et

154 3233 310 3298 alios,
339 3232 476 3286 sicut
502 3230 575 3284 ait
605 3232 909 3298 Apostolus,
942 3228 993 3282 in
1020 3240 1257 3281 errorem
1282 3223 1575 3279 mittentes.
1592 3219 1724 3274 Nam

155 3321 296 3390 quod
325 3321 561 3374 nascitur
581 3334 644 3374 ex
680 3330 915 3387 tempore
928 3316 1174 3371 Christus
1197 3315 1251 3367 in
1273 3312 1569 3373 Bethleem,
1585 3307 1726 3378 quod

155 3408 208 3462 in
241 3409 500 3477 pra=sepio
521 3408 838 3474 declinatur,
870 3408 1009 3477 quod
1044 3405 1231 3475 pannis
1255 3402 1565 3466 involvitur,
1588 3399 1728 3468 quod

156 3497 400 3562 Iactatur,
453 3498 584 3569 quod
606 3499 818 3561 crescit,
849 3496 987 3566 quod
1011 3495 1286 3560 adolescit,
1318 3490 1459 3562 quod
1482 3491 1535 3545 in
1566 3488 1728 3558 Egy-

155 3598 306 3655 ptum
351 3586 556 3656 fugiens
585 3596 907 3656 asportatur,
938 3586 1077 3657 quod
1112 3584 1418 3652 parentibus
1461 3580 1727 3643 subditur,

156 3681 297 3750 quod
348 3690 582 3736 tentatur
622 3696 652 3735 a
698 3680 932 3743 diabolo,
982 3677 1124 3748 quod
1171 3676 1359 3740 esurit,
1406 3672 1546 3741 quod
1594 3671 1727 3732 sitit.

156 3771 298 3839 quod
322 3770 603 3825 manducet
629 3782 682 3825 et
713 3770 864 3833 bibit,
896 3768 1035 3837 quod
1065 3766 1282 3832 dormit,
1308 3762 1446 3833 quod
1479 3762 1728 3825 lassatur,

156 3861 298 3928 quod
322 3860 513 3930 plorat,
542 3858 679 3929 quod
710 3859 900 3929 quaerit
933 3856 1084 3927 quasi
1134 3856 1385 3909 nesciens
1424 3850 1728 3920 sepulcrum

158 3950 370 4017 Lazari,
402 3950 542 4021 quod
571 3950 719 4019 quasi
741 3950 985 4017 ignorare
1013 3961 1071 4000 se
1093 3946 1167 3998 ait
1192 3944 1331 3999 diem
1361 3941 1567 4011 judicii,
1588 3937 1729 4009 quod

156 4040 486 4094 clariﬁcatur
509 4040 811 4094 testimonio
839 4039 1031 4102 Patris,
1066 4035 1203 4105 quod
1235 4034 1422 4100 tristis,
1449 4033 1588 4101 quod
1620 4044 1730 4087 tre-

161 4132 324 4199 pidns
351 4132 415 4184 ad
439 4131 741 4199 passionem
762 4132 934 4193 venit,
964 4130 1103 4198 quod
1135 4129 1299 4196 alapis
1328 4126 1575 4189 cmditur,
1593 4126 1731 4194 quod

161 4234 190 4271 a
213 4219 384 4272 Pilato
409 4219 695 4287 iudicatur,
716 4221 855 4289 quod
885 4221 1197 4289 ﬂagellatur,
1224 4220 1363 4289 quod
1388 4218 1731 4287 cruciﬁgitur,

157 4308 307 4376 quod
336 4308 503 4361 mixto
537 4307 658 4362 fcile
699 4320 848 4362 aceto
896 4316 1126 4374 potatur,
1154 4307 1304 4376 quod
1352 4307 1530 4361 lancea
1585 4305 1737 4360 lateri

158 4399 357 4452 vulnus
387 4396 640 4466 inﬁgitur,
666 4399 803 4467 quod
830 4399 1073 4464 moritur,
1098 4400 1236 4468 quod
1270 4399 1410 4469 ligno
1432 4398 1734 4467 deponitur,

158 4487 302 4556 quod
329 4488 601 4556 sepelitur,
627 4488 766 4555 quod
791 4488 874 4541 die
901 4488 1052 4542 tertia
1080 4488 1233 4541 vivus
1259 4503 1286 4541 a
1313 4488 1534 4542 mortuis
1560 4502 1737 4542 resur-

160 4582 258 4649 git,
290 4579 426 4649 quod
451 4581 687 4633 omnium
721 4589 835 4646 post
874 4582 1319 4634 resurrectionem
1355 4580 1551 4648 accipit
1586 4588 1734 4646 pote-

162 4680 377 4736 statem,
436 4670 575 4739 quod
614 4670 775 4740 quasi
823 4673 1076 4739 ignorans
1113 4673 1416 4726 sciscitatur
1454 4687 1481 4724 a
1527 4671 1733 4727 duobus

163 4762 558 4815 ambulantibus
587 4762 638 4815 in
665 4763 769 4823 via,
787 4776 904 4828 qua:
926 4762 1057 4815 facta
1084 4761 1308 4816 fuissent
1340 4762 1390 4815 in
1409 4761 1729 4827 Jerusalem,

163 4850 304 4918 quod
351 4848 567 4903 Petrum
604 4850 755 4919 quasi
800 4852 1044 4904 nesciens
1079 4850 1389 4919 interrogat,
1423 4851 1465 4903 si
1512 4851 1629 4919 plus
1669 4852 1736 4905 ab

164 4942 279 5009 ipso
307 4956 464 5010 quam
496 4940 564 4994 ab
588 4939 708 4993 aliis
732 4939 1046 5009 diligeretur
1070 4939 1344 5009 discipulis
1370 4957 1381 4991 :
1416 4938 1618 5001 Simon,
1650 4940 1733 4992 in-

164 5033 293 5097 quit.
330 5029 501 5093 Petre,
525 5046 668 5082 amas
698 5046 778 5083 me
811 5030 927 5098 plus
961 5031 1039 5083 his
1066 5029 1245 5097 (Joan.
1279 5044 1387 5095 nt,
1424 5027 1551 5097 iii)?
1579 5044 1735 5097 quem

167 5137 340 5177 tamen
372 5124 662 5192 apostolica
685 5122 952 5178 confessio
984 5123 1237 5191 prodidit,
1262 5133 1315 5177 et
1342 5122 1539 5185 omnia,
1563 5131 1617 5176 et
1644 5137 1734 5177 oc-

165 5219 302 5272 culta
326 5216 488 5272 scire.
520 5216 797 5281 Quomodo
822 5216 984 5285 igitur
1012 5215 1107 5284 qui
1132 5229 1199 5269 se
1223 5214 1460 5283 loquitur
1486 5212 1734 5269 Christia-

167 5323 309 5369 unm,
344 5321 451 5359 non
482 5305 713 5360 advertit
744 5304 857 5359 haec
885 5314 977 5358 aut
998 5303 1170 5358 credit
1194 5304 1443 5357 humanzc
1465 5317 1585 5357 esse
1614 5303 1738 5355 snh-

165 5400 394 5461 stantize,
441 5398 755 5467 servilisque
802 5398 1009 5464 formae,
1059 5410 1164 5449 non
1212 5394 1404 5449 divina!
1450 5394 1741 5462 maiestatis

167 5500 321 5559 atque
372 5490 658 5559 potentize?
703 5490 823 5558 quia
866 5503 1137 5557 nunquam
1183 5488 1285 5541 vita
1344 5487 1593 5549 moritur,
1647 5484 1741 5538 sed

170 5579 326 5634 homo
350 5580 590 5634 moritur.
615 5578 720 5633 Nec
744 5580 989 5647 ignorare
1008 5578 1203 5646 aliquid
1231 5577 1368 5631 Deus
1390 5576 1623 5631 Verbum
1650 5591 1741 5640 po-

172 5679 291 5731 test,
329 5672 481 5736 cujus
525 5669 696 5723 oculis
741 5670 915 5723 omnia
946 5669 1081 5722 nuda
1112 5679 1165 5723 et
1195 5679 1375 5737 aperta
1409 5676 1549 5733 sunt,
1585 5667 1742 5735 Apo—

174 5760 308 5814 stolo
338 5760 577 5816 dicente:
621 5759 774 5812 Vit-ns
799 5759 929 5813 enim
965 5766 1039 5811 est
1060 5774 1224 5811 sermo
1259 5756 1369 5821 Dei,
1402 5768 1448 5810 et
1470 5758 1663 5826 efﬁcax,
1696 5768 1740 5811 et

1793 917 1976 988 (Hebr.
1995 931 2067 983 tv,
2092 913 2202 983 η).
2218 914 2331 966 Non
2355 926 2482 981 ergo
2506 911 2644 965 Deus
2658 917 2899 991 creatura
2922 914 3025 969 est,
3048 903 3141 957 sed
3167 902 3327 955 homo
3350 918 3363 952 :

1794 1020 1900 1061 non
1927 1004 2181 1074 sepelitur
2207 1004 2367 1065 Deus,
2398 999 2486 1069 qui
2511 1008 2590 1054 est
2626 998 2750 1063 vita,
2788 996 2881 1051 sed
2907 1008 3065 1050 caro:
3100 1006 3273 1061 neque
3300 994 3369 1044 ab

1797 1096 1957 1169 294
1978 1095 2098 1151 imis
2128 1092 2358 1162 resurgit
2384 1092 2523 1146 Deus
2552 1090 2641 1159 qui
2674 1098 2815 1144 totus
2845 1087 3037 1155 ubique
3062 1096 3163 1150 est,
3193 1094 3247 1139 et
3272 1099 3367 1139 su-

2153 1183 2245 1237 sed
2290 1181 2452 1235 homo
2479 1178 2708 1247 resurgit
2748 1178 2801 1232 in
2846 1178 3030 1231 Deum.
3062 1175 3192 1229 Nam
3228 1171 3369 1241 quod

1806 1456 1970 1511 homo
1997 1462 2099 1510 est.
2131 1453 2361 1508 Tristem
2390 1463 2620 1519 namque
2650 1455 2705 1503 et
2734 1447 2996 1515 trepidum
3022 1454 3232 1500 constat
3257 1459 3377 1499 esse

1724 1578 1759 1609 ι
1817 1546 2113 1614 hominem,
2136 1558 2241 1599 non
2273 1543 2464 1611 Deum,
2493 1538 2582 1610 qui
2608 1546 2693 1595 est
2720 1536 3085 1601 immutabilis,
3114 1545 3168 1589 et
3196 1536 3375 1589 incon-
3400 1566 3401 1569 η

1806 1638 2090 1695 vertibilis.
2111 1634 2262 1704 Quod
2282 1642 2460 1691 autem
2485 1634 2692 1704 ignorat
2712 1629 2877 1698 diem,
2908 1638 2962 1684 et
2989 1628 3155 1682 nescit
3179 1627 3376 1691 locum,

1809 1731 2048 1805 nunquid
2076 1730 2401 1789 credendum
2423 1735 2524 1795 est,
2544 1726 2666 1797 quia
2694 1724 2782 1794 qui
2811 1723 2939 1779 fecit
2961 1721 3097 1783 dies.
3122 1731 3175 1776 et
3199 1721 3377 1785 horas,

1732 1826 1782 1887 Β
1807 1838 1863 1885 ει
1888 1840 2079 1893 annos,
2121 1833 2176 1881 et
2220 1832 2457 1891 tempora
2509 1818 2679 1888 possit
2716 1812 2914 1905 aliquid
2961 1811 3240 1881 ignorare?
3275 1811 3379 1867 Sed

1810 1920 1953 1991 quod
1988 1920 2197 1989 ignorat
2220 1916 2406 1982 homo,
2438 1924 2615 1967 tamen
2643 1924 2749 1966 non
2772 1909 2982 1979 ignorat
3007 1906 3167 1973 Deus,
3190 1907 3279 1973 qui
3302 1914 3381 1959 est

1812 2024 1934 2069 ante
1965 2010 2183 2075 stecula,
2206 2024 2303 2077 per
2321 2020 2481 2077 quem
2509 2002 2687 2058 omnia
2708 2000 2845 2057 facta
2866 2006 3013 2054 sunt.
3034 1996 3163 2051 Nam
3186 1998 3384 2049 sentire

1812 2108 1881 2163 de
1914 2107 2008 2161 Dei
2037 2102 2318 2174 sapientia,
2342 2098 2482 2170 quod
2505 2095 2700 2167 aliquid
2726 2095 2970 2163 ignorare
2985 2090 3171 2161 possit,
3191 2090 3383 2142 summi

1814 2195 2035 2267 periculi
2063 2209 2150 2249 res
2170 2201 2272 2249 est.
2292 2192 2467 2246 Plorat
2491 2197 2668 2243 autem
2690 2194 2743 2240 et
2767 2184 2991 2238 lassatur
3004 2181 3182 2249 utique
3206 2180 3384 2240 homo,

1816 2302 1922 2341 non
1954 2284 2094 2340 Deus
2126 2282 2384 2350 Verbum,
2424 2279 2513 2349 qui
2538 2285 2622 2333 est
2642 2276 2811 2330 virtus
2832 2271 3040 2327 Patris:
3074 2268 3222 2324 nefas
3244 2270 3385 2322 enim

1819 2389 1900 2435 est
1927 2378 2104 2433 dicere
2124 2374 2310 2431 lassari
2337 2374 2431 2428 Dei
2457 2372 2731 2427 virtutem.
2760 2368 2993 2423 Putasne
3015 2366 3174 2420 homo
3193 2365 3385 2428 esurit,

1820 2478 1874 2525 et
1894 2470 2026 2534 sitit,
2060 2482 2125 2521 an
2160 2466 2299 2521 Deus
2328 2464 2417 2533 qui
2440 2463 2532 2517 dat
2566 2464 2730 2516 vitam
2778 2459 2999 2525 mundo,
3023 2458 3175 2527 panis
3204 2458 3291 2525 qui
3323 2462 3390 2509 de

1820 2558 1959 2613 cmlo
1987 2554 2286 2620 descendit,
2308 2552 2397 2622 qui
2420 2552 2580 2606 etiam
2597 2550 2690 2605 dat
2713 2563 2891 2605 escam
2913 2548 3056 2603 omni
3080 2547 3264 2601 carni?
3286 2547 3392 2600 Sed

1824 2664 1922 2705 nec
1950 2649 2052 2702 vita
2084 2646 2275 2711 esurit,
2298 2658 2396 2700 nec
2428 2644 2545 2698 fons
2572 2642 2723 2698 sitire
2754 2648 2925 2710 potest
2956 2657 2969 2691 :
2998 2646 3230 2693 tentatur
3270 2652 3395 2692 vexo

1823 2756 1852 2795 a
1882 2740 2098 2796 diabolo
2124 2747 2181 2793 ut
2208 2738 2391 2803 homo,
2419 2735 2512 2791 sed
2538 2743 2595 2789 nt
2627 2734 2766 2789 Deus
2791 2732 2861 2787 ab
2890 2730 3095 2800 angelis
3126 2730 3395 2795 adorator,

1823 2832 1908 2886 cui
1950 2831 2109 2886 etiam
2150 2839 2204 2883 et
2249 2826 2575 2895 ministrant,
2603 2825 2672 2882 de
2714 2838 2825 2895 quo
2851 2822 3105 2891 scriptum
3145 2831 3259 2878 est:
3298 2822 3419 2885 Qui

1824 2922 1947 2991 facit
1988 2920 2197 2991 angelos
2238 2935 2356 2973 suos
2400 2917 2632 2985 spiritus,
2677 2924 2725 2970 et
2775 2914 3032 2968 ministros
3069 2929 3187 2967 suos
3233 2913 3402 2982 ignem

1825 3024 2051 3068 urentem
2083 3011 2250 3084 (Psat.
2283 3026 2398 3078 CIII,
2428 3009 2503 3079 4).
2540 3008 2664 3063 llaec
2705 3008 2865 3077 igitur
2889 3006 3089 3070 omnia,
3121 3015 3177 3061 ut
3202 3006 3423 3059 dictum.

1826 3115 1928 3173 est,
1958 3107 2022 3161 ad
2052 3105 2323 3169 servilem,
2357 3102 2661 3169 mortalem,
2690 3100 3107 3171 passibilemque
3132 3107 3398 3161 naturam,

1751 3177 1798 3239 ο
1828 3212 1947 3268 qum
1977 3212 2005 3251 a
2036 3196 2144 3251 Deo
2172 3194 2349 3250 Verbo
2372 3202 2644 3261 assumpta
2678 3199 2781 3259 est,
2812 3188 2999 3244 referri
3036 3201 3259 3243 necesse
3297 3196 3401 3239 est.

1828 3289 2018 3344 Omnia
2048 3287 2190 3341 enim
2219 3300 2338 3354 qua:
2362 3284 2634 3338 humiliter
2658 3282 2798 3336 dicta
2826 3289 2973 3344 sunt,
3003 3294 3101 3347 pro
3129 3277 3285 3334 nobis
3314 3277 3405 3331 ille

1828 3382 2063 3450 suscepit
2111 3391 2165 3435 et
2210 3378 2459 3448 pertulit;
2490 3377 2629 3432 sicut
2657 3386 2715 3431 et
2744 3374 3031 3443 Apostolus
3055 3372 3241 3427 docet:
3273 3371 3407 3437 Quia

1829 3489 1944 3527 cum
1971 3472 2104 3525 dives
2149 3479 2298 3535 esset,
2327 3485 2513 3539 egenus
2546 3468 2714 3537 factus
2743 3476 2835 3531 est,
2867 3475 2921 3519 ut
2951 3465 3090 3518 illius
3116 3464 3290 3531 inopia
3317 3480 3407 3516 nos

1830 3564 2006 3616 divites
2038 3577 2260 3615 essemus
2289 3559 2337 3630 (ι
2348 3558 2374 3611 l
2407 3558 2529 3612 Cor.
2557 3558 2667 3622 Vill,
2701 3557 2777 3627 9).
2804 3556 2873 3611 Et
2901 3557 3129 3611 iterum:
3162 3556 3264 3621 Qui
3291 3571 3423 3608 cuni.

1830 3656 1883 3709 in
1918 3655 2090 3723 forma
2125 3651 2218 3706 Dei
2262 3659 2406 3715 esset,
2438 3648 2650 3719 arqualis
2692 3646 2802 3702 Deo
2847 3648 3066 3718 seipsum
3112 3644 3408 3711 exinaniait,

1832 3746 2050 3816 formam
2091 3743 2218 3797 servi
2239 3742 2487 3810 accipiens
2511 3739 2732 3812 (Philip.
2763 3755 2822 3808 tt,
2850 3738 2928 3809 6).
2952 3738 3041 3794 Sic
3071 3748 3124 3794 et
3154 3736 3421 3808 propheta

1829 3843 1944 3913 ejus
1968 3843 2025 3896 in
2067 3856 2228 3896 carne
2259 3840 2640 3910 prtenuntiatus
2672 3837 2990 3907 passionem,
3022 3836 3099 3890 ait
3129 3850 3145 3889 :
3182 3835 3409 3888 Vulnere

1831 3938 1940 4008 ejus
1968 3934 2135 3987 sanati
2160 3948 2335 3986 sumus
2368 3929 2519 3997 (lsai.
2550 3944 2662 3994 LIII,
2695 3928 2772 3995 5).
2803 3927 2936 3982 Cum
2984 3940 3113 3995 ergo
3163 3924 3410 3981 humilia.

1834 4023 2076 4095 quisquis
2128 4022 2217 4075 ille
2250 4021 2411 4074 homo
2440 4035 2520 4082 es,
2562 4020 2627 4072 de
2657 4018 2868 4073 Christo
2897 4016 3072 4081 audis,
3110 4031 3215 4069 non
3245 4030 3303 4069 ea
3324 4015 3411 4082 ju-

1834 4118 1979 4171 diccs
2009 4115 2076 4168 de
2099 4112 2378 4167 altitudine
2406 4111 2544 4165 dicta
2570 4109 2745 4162 divina
2768 4125 2781 4171 ;
2808 4122 2926 4161 cum
2969 4106 3222 4173 injuriosa
3253 4105 3408 4172 legis,

1840 4206 2131 4261 secundum
2184 4203 2435 4256 humilem
2476 4201 2699 4254 formum
2740 4196 2921 4261 crede,
2970 4211 3072 4249 non
3126 4194 3416 4247 secundum

1838 4300 2071 4354 divinam
2102 4293 2516 4350 dominationem
2542 4309 2554 4345 :
2586 4306 2704 4345 cum
2736 4305 2864 4345 vero
2893 4286 3237 4356 impossibilia
3264 4286 3415 4355 legis,

1846 4389 2147 4459 fragilitatis
2166 4402 2285 4441 esse
2308 4385 2550 4439 humana:
2572 4385 2775 4451 accipe,
2807 4397 2909 4435 non
2927 4381 3122 4435 divina:
3147 4376 3429 4449 potentiae.

1842 4480 1951 4535 Nec
1973 4479 2135 4535 debes
2163 4478 2394 4532 divinam
2424 4477 2754 4531 altitudinem
2784 4474 2849 4529 ad
2877 4474 3130 4528 humilem
3158 4472 3420 4526 devocare

1839 4570 2229 4628 conditionem:
2263 4584 2360 4624 nec
2408 4568 2596 4623 nitaris
2636 4567 2927 4637 potentiam
2972 4580 3033 4620 ac
3084 4564 3419 4633 majestatrm

1837 4665 2071 4720 divinam
2103 4664 2167 4719 ad
2211 4663 2457 4717 inferiora
2488 4661 2777 4725 deducere,
2809 4660 2904 4714 sed
2937 4674 3054 4729 quae
3079 4668 3274 4713 nostra:
3299 4667 3422 4713 sunt

1838 4757 2006 4824 magis
2028 4753 2347 4809 inﬁrmitatis
2372 4752 2683 4820 fragilisque
2704 4758 2925 4814 natum,
2951 4749 3015 4803 ad
3040 4750 3185 4803 illam
3213 4750 3423 4818 erigere

1837 4846 2112 4908 virtutem,
2136 4844 2275 4898 sicut
2298 4842 2412 4911 ipse
2442 4842 2698 4895 Dominus
2718 4841 2818 4894 ait:
2844 4836 2970 4894 Cum
2989 4839 3241 4894 multatus
3262 4840 3422 4910 295

1844 4938 1988 5005 [uero
2030 4951 2061 4987 a
2094 4942 2249 4997 terra,
2293 4934 2465 4987 omnia
2499 4931 2698 4985 traham
2739 4932 2809 4984 ad
2852 4948 2929 4984 me
2959 4928 3138 5000 (Joan.
3182 4946 3275 4995 XII,
3306 4930 3420 5000 52).

1845 5027 2054 5082 Exaltat
2082 5026 2263 5093 utique
2305 5039 2397 5093 per
2425 5038 2637 5078 crucem
2694 5024 2806 5091 ipse
2848 5030 3083 5077 nostram
3126 5023 3176 5075 in
3220 5036 3281 5076 se
3330 5036 3425 5089 per

1844 5119 1962 5188 ejus
2008 5119 2318 5172 societatem
2358 5125 2622 5180 naturam,
2672 5131 2780 5170 non
2828 5124 3007 5170 antem
3048 5124 3283 5168 nostram
3334 5127 3426 5179 per

1846 5223 1997 5263 suam
2023 5207 2458 5275 coniunctionem
2483 5205 2719 5259 divinam
2748 5205 2970 5259 inclinat
3004 5202 3311 5272 potentiam.
3338 5200 3426 5252 Sic

1849 5314 2077 5369 namque
2116 5301 2166 5354 in
2206 5299 2309 5354 alio
2347 5299 2467 5353 loco
2493 5301 2605 5354 ait:
2649 5297 2802 5351 Venit
2832 5298 2965 5351 enim
2994 5294 3166 5349 Filius
3206 5291 3427 5344 hominis

1855 5405 2100 5456 quwrere,
2128 5397 2174 5443 et
2206 5387 2403 5442 salvare
2431 5388 2568 5458 quod
2604 5387 2823 5454 perierat
2859 5384 3014 5454 (Luc.
3046 5398 3157 5448 xu,
3189 5378 3294 5450 10),
3320 5393 3426 5434 non
3478 5434 3481 5445 η

1852 5482 2094 5536 amittere
2121 5480 2262 5550 quod
2288 5494 2500 5549 semper
2520 5487 2656 5549 erat,
2682 5480 2838 5532 beato
2866 5476 3072 5529 Joanne
3098 5471 3427 5539 evangelista

1854 5574 2088 5628 dicente:
2126 5572 2189 5626 In
2236 5573 2485 5643 principio
2520 5582 2627 5625 erat
2671 5570 2910 5633 Verbum,
2954 5576 3003 5620 et
3050 5566 3270 5621 Verbum
3320 5574 3429 5621 erat

1856 5664 1993 5733 apud
2020 5664 2198 5729 Deum,
2226 5673 2272 5718 et
2302 5661 2436 5716 Deus
2461 5670 2568 5715 erat
2597 5659 2836 5721 Verbum,
2861 5658 2954 5707 hoc
2974 5665 3081 5709 erat
3112 5656 3161 5709 in
3179 5656 3429 5727 principio
3481 5690 3484 5699 ι

1854 5757 1990 5827 apud
2010 5756 2191 5819 Deum,
2225 5754 2391 5809 omnia
2422 5768 2511 5821 per
2544 5751 2709 5819 ipsum
2744 5748 2881 5816 facta
2909 5756 3026 5800 sunt
3068 5748 3245 5820 (Joan.
3279 5764 3316 5815 t,
3347 5748 3424 5817 l).
