3938 6376
557 325 655 379 307

1854 322 1964 377 ιιι]
1976 321 2081 377 lLlI
2122 322 2499 381 TK‘PSENSIS
3650 334 3715 391 508

558 435 861 493 Secundum
891 437 1048 507 igitur
1076 436 1240 508 ipsius
1270 437 1481 493 Domini
1525 433 1847 503 doctrinam,
1891 442 1947 488 et
1991 434 2134 503 Apo-

2264 454 2386 520 :elio
2416 468 2631 524 quoque
2666 453 2781 522 ipse
2820 453 3077 508 Dominus
3110 454 3185 510 ait
3220 472 3232 509 :
3266 453 3526 513 Paraclitus
3561 462 3715 533 Spiritu

557 531 675 584 stoli
700 530 1139 600 prmdicalionem
1170 532 1315 587 salva
1354 529 1681 600 proprietate
1713 527 1991 595 utriusque
2038 543 2136 581 na-

557 634 690 676 tum
713 625 767 676 in
801 637 906 677 una
935 638 1164 693 persona
1191 623 1413 689 Christi,
1459 622 1508 676 id
1540 629 1624 675 est
1653 620 1745 674 Dei
1785 628 1839 673 et
1882 619 2139 686 hominis,

557 706 828 782 perlectus
856 714 1019 779 Deus,
1042 716 1130 784 qui
1159 714 1439 780 clariﬁcat,
1466 714 1517 767 in
1549 713 1764 767 homine
1786 710 2027 781 perfecto
2048 711 2139 782 qui

557 805 902 871 clariﬁcatur,
931 805 1255 871 credendus,
1286 806 1566 869 colendus,
1612 804 2040 871 adorandusque,
2085 814 2141 859 et

556 894 700 951 Deus
732 896 823 951 Dei
854 895 1041 956 Filiv's.
1071 896 1123 952 in
1148 912 1255 967 quo
1286 896 1485 950 habitat
1508 895 1684 949 omnis
1708 893 1981 963 plenitudo
2007 893 2141 949 divi-

559 986 740 1041 nitatis
777 988 1151 1057 corporaliter,
1188 988 1242 1041 in
1286 986 1441 1056 cuius
1480 985 1813 1055 plenitudine
1842 985 2002 1040 Pater
2033 993 2137 1040 est.

557 1081 707 1135 Sicut
731 1082 873 1136 enim
902 1081 954 1134 in
981 1079 1149 1149 gloria
1191 1078 1368 1133 Patris
1397 1078 1563 1133 Filius
1591 1086 1693 1145 est,
1725 1076 2017 1131 secundum
2048 1076 2141 1131 do-

558 1172 785 1227 «trinam
817 1172 957 1227 beati
986 1171 1252 1242 Apostoli,
1276 1171 1348 1227 ita
1389 1171 1439 1225 in
1471 1168 1805 1240 plenitudine
1836 1168 1953 1223 Filii
1987 1169 2144 1223 Pater

557 1273 662 1331 est,
706 1264 917 1319 dicente
954 1278 1055 1318 eo:
1096 1262 1213 1334 Ego
1258 1264 1312 1316 in
1362 1260 1542 1327 Patre,
1578 1273 1624 1315 et
1661 1260 1813 1315 Pater
1852 1261 1905 1313 in
1948 1276 2027 1314 me
2068 1272 2144 1314 est

557 1354 738 1426 (Joan.
774 1371 884 1421 xrv,
928 1356 1040 1426 10).
1070 1356 1138 1411 Ει
1165 1357 1355 1411 iterum
1392 1372 1405 1409 :
1440 1354 1599 1409 Pater
1630 1364 1800 1408 autem
1838 1356 1889 1408 in
1918 1370 1997 1409 me
2029 1370 2144 1407 ma-

558 1462 704 1515 nens,
736 1448 844 1516 ipse
868 1448 993 1516 facit
1021 1464 1175 1517 opera
1208 1445 1427 1517 (Ibid.).
1469 1445 1819 1502 Servieudum
1848 1446 2027 1516 itaque
2062 1454 2147 1500 est

558 1538 776 1595 Christo
803 1539 961 1606 Filio,
994 1539 1115 1610 quia
1138 1548 1192 1596 et
1219 1539 1483 1609 perfectus
1510 1539 1671 1605 Deus,
1701 1548 1752 1593 et
1774 1551 1933 1593 verus
1955 1547 2038 1593 est
2059 1537 2149 1593 Fi-

558 1633 693 1688 lius:
728 1642 781 1688 ct
811 1634 897 1704 qui
922 1632 1150 1688 ﬁdeliter
1179 1630 1344 1687 servit
1368 1631 1524 1698 Filio,
1554 1631 1697 1685 Patri
1725 1629 1910 1695 servit,
1945 1639 1996 1685 et
2025 1629 2147 1699 Spi-

558 1726 682 1782 ritui
713 1736 921 1791 sancto,
951 1724 1043 1794 qui
1080 1725 1132 1779 in
1156 1740 1221 1780 eo
1250 1733 1354 1780 est.
1387 1724 1451 1779 Et
1474 1723 1563 1794 qui
1597 1722 1785 1778 adorat
1822 1722 2058 1789 Patrem,
2090 1723 2142 1777 in

2245 553 2471 608 sanctus,
2502 561 2649 615 quem
2679 546 2843 598 mittet
2871 543 3029 597 Pater
3056 545 3109 598 in
3136 547 3332 600 nomine
3356 563 3457 602 meo
3485 546 3713 624 (Joaniiiv,

2244 634 2361 705 26).
2404 634 2470 689 Et
2510 637 2561 689 in
2594 636 2817 689 Actibus
2853 635 3214 704 apostolorum
3259 636 3327 691 ita
3356 639 3562 708 legitur:
3589 642 3717 701 Trut-

2245 739 2418 785 euntes
2456 738 2625 782 autem
2658 727 2937 799 Phrygiam
2966 737 3012 781 et
3037 727 3293 783 Galatiam
3320 732 3449 785 uetiti
3466 743 3565 787 sunt
3594 752 3618 789 a
3640 737 3717 809 Spi.

2244 819 2347 872 ritu
2372 829 2547 873 sancto
2578 819 2716 888 loqui
2736 819 2939 872 verbum
2966 818 3019 871 in
3041 818 3181 874 Asia.
3225 818 3349 874 Cum
3375 824 3586 878 venissent
3611 840 3719 883 autin

2245 910 2300 962 in
2332 908 2781 979 MesOpotamiam,
2807 910 3070 964 tentabant
3096 912 3171 964 ire
3192 911 3483 982 Bithyniam,
3498 924 3537 968 et
3558 933 3634 971 non
3650 936 3719 985 pet-

2246 1000 2384 1054 misit
2413 1016 2497 1055 eos
2531 999 2759 1070 Spiritus
2786 998 2913 1055 Iesu
2942 1000 3082 1071 (Act.
3128 1017 3241 1065 ut,
3276 1002 3349 1073 6).
3380 1002 3721 1064 Manilestissimis

2246 1090 2407 1159 igitur
2448 1091 2772 1147 testimoniis
2822 1093 3079 1162 probatur
3117 1093 3257 1163 quod
3311 1094 3521 1164 Spiritus
3558 1112 3719 1169 sanctus,

2245 1182 2477 1253 Spiritus
2522 1184 2827 1253 paraclitus,
2876 1184 3110 1255 Spiritus
3152 1186 3240 1255 qui
3278 1200 3307 1239 a
3354 1186 3498 1243 Patre
3539 1193 3719 1257 procedit,

2248 1273 2476 1343 Spiritus
2496 1276 2565 1329 sit
2592 1274 2733 1340 Filii,
2763 1274 2995 1345 Spiritus
3022 1275 3246 1343 Christi,
3267 1276 3482 1347 Spiritus
3498 1279 3617 1335 lesu.
3634 1282 3717 1336 Tota

2248 1365 2391 1419 enim
2418 1364 2655 1422 Trinitas
2696 1366 3130 1436 inseparabiliter
3160 1370 3213 1422 in
3248 1382 3353 1422 una
3394 1370 3653 1439 substantia,
3674 1374 3722 1427 di-

2249 1456 2494 1522 vinitate,
2525 1467 2685 1527 atque
2714 1458 2974 1526 potentia,
3015 1457 3312 1525 adoranda,
3344 1460 3562 1528 colenda,
3593 1464 3721 1531 pradi-

2210 1560 2227 1577 °
2249 1548 2417 1603 cauda
2447 1557 2532 1605 est
2558 1560 2611 1605 et
2640 1549 2895 1604 timenda.
2938 1549 3274 1621 Fugiendum
3312 1552 3478 1623 itaque
3501 1562 3585 1619 est,
3615 1565 3723 1608 emo

2251 1640 2481 1696 vendam
2512 1641 2761 1697 omnibus
2798 1640 3142 1709 Christianis,
3178 1658 3246 1698 ne
3275 1643 3540 1699 secundum
3564 1660 3723 1699 errorem

2250 1732 2616 1802 imperitorum
2641 1732 2911 1788 hominum
2935 1734 3097 1804 (quod
3125 1735 3585 1807 notatApOSIoEus),
3604 1752 3723 1791 emn-

560 1820 681 1889 ipso
719 1819 909 1873 adorat
957 1818 1172 1893 Filium.
1211 1827 1264 1874 et
1313 1816 1569 1888 Spiritum
1617 1824 1891 1871 sanctum:
1924 1815 2045 1885 quia
2089 1815 2141 1869 in
2178 1796 2223 1856 Β
2253 1796 2385 1879 tium
2416 1826 2555 1881 circa
2590 1825 2771 1887 iidem,
2804 1796 2987 1880 induci
3014 1826 3243 1896 possint.
3272 1796 3523 1890 Errantes,
3548 1796 3724 1897 iam,“

560 1911 718 1966 Patre
745 1920 825 1966 est
849 1909 1035 1975 Filius,
1064 1919 1119 1966 et
1146 1910 1377 1979 Spiritus
1401 1919 1618 1964 sanctus
1655 1910 1742 1979 qui
1780 1922 1808 1961 a
1851 1907 1968 1963 Deo
1990 1907 2146 1963 Patre

561 2003 835 2069 procedit;
861 2005 977 2072 ipso
1007 2002 1237 2057 Domino
1258 2002 1472 2058 dicente
1497 2019 1510 2055 :
1545 2000 1657 2075 Ego
1679 2002 1730 2055 in
1764 1999 1942 2066 Patre,
1965 2008 2012 2053 et
2040 1996 2146 2052 Pa—

562 2104 637 2148 ter
666 2094 718 2148 in
746 2110 823 2148 me
849 2107 922 2151 est
953 2092 1168 2165 (’Ibid.).
1203 2093 1278 2149 De
1301 2092 1505 2163 Spiritu
1540 2106 1752 2163 quoque
1794 2100 1983 2147 sancto
2032 2093 2102 2143 ait
2130 2107 2144 2142 :

562 2189 793 2259 Sp'ritus
821 2196 989 2241 autem
1030 2186 1348 2252 Paraclitus,
1379 2187 1467 2256 qui
1509 2202 1540 2239 a
1581 2184 1741 2240 Patre
1782 2199 1890 2238 meo
1920 2183 2149 2255 procedit

562 2281 743 2351 (Joan.
770 2297 858 2346 xv,
886 2280 1001 2351 26).
1035 2279 1247 2337 Etcum
1270 2279 1466 2335 Filium
1495 2279 1614 2349 quis
1643 2278 1850 2342 adorat,
1875 2277 1927 2331 in
1951 2290 2017 2331 eo
2047 2275 2148 2329 Pa-

562 2386 700 2428 trem
727 2374 936 2439 adorat,
960 2381 1012 2429 et
1053 2371 1310 2442 Spiritum
1349 2380 1620 2435 sanctum,
1653 2370 1777 2440 quia
1814 2369 1866 2423 in
1914 2368 2032 2438 ipso
2063 2375 2147 2423 est

564 2466 742 2529 Pa'er,
790 2465 1003 2519 dicente
1040 2478 1145 2520 eo:
1191 2463 1293 2530 Qui
1332 2479 1411 2517 me
1452 2463 1609 2529 uidet,
1659 2462 1794 2516 videt
1847 2469 1900 2514 et
1938 2457 2148 2513 Patrem

562 2573 730 2609 meum
759 2554 941 2627 (Jean.
974 2571 1089 2621 χεν,
1116 2554 1195 2627 9).
1238 2554 1303 2610 Et
1328 2555 1521 2609 iterum
1548 2571 1561 2604 :
1599 2553 1751 2608 l’ater
1778 2562 1947 2606 autem
1976 2552 2031 2605 in
2071 2567 2148 2604 me

563 2665 797 2716 manens,
824 2648 933 2716 ipse
970 2647 1095 2715 facit
1135 2662 1292 2716 opera
1333 2644 1517 2717 (Joan.
1548 2662 1655 2707 xlv,
1691 2644 1803 2715 10).
1839 2644 1915 2699 De
1945 2642 2148 2711 Spiritu

564 2756 690 2795 vero
732 2748 919 2794 saneto
964 2739 1041 2793 sic
1085 2738 1189 2792 ait:
1222 2736 1320 2791 Ille
1348 2753 1427 2789 me
1456 2734 1777 2802 clariﬁcabit,
1808 2734 1927 2802 quia
1954 2734 2018 2787 de
2042 2748 2151 2787 meo

565 2831 801 2901 accipiet,
820 2840 865 2882 et
887 2828 1205 2883 unnuntiabit
1231 2828 1367 2882 vobis
1390 2826 1568 2898 (loan.
1596 2840 1703 2889 χιιι,
1724 2825 1833 2893 li).
1863 2825 1950 2889 Et,
1968 2824 2153 2877 Omnia

565 2937 880 2991 qua’cunque
910 2920 1056 2974 habet
1074 2918 1229 2973 Pater
1251 2935 1361 2973 mea
1389 2927 1525 2973 sunt.
1556 2916 1833 2984 Propterea
1862 2916 1971 2969 dixi
1992 2915 2149 2982 vobis,

567 3016 683 3080 quia
714 3016 783 3069 de
803 3030 915 3069 meo
938 3013 1152 3082 accipiet
1188 3011 1372 3081 (Joan.
1403 3028 1512 3075 xw,
1550 3011 1663 3079 15).
1714 3009 1943 3079 Spiritus
1976 3009 2155 3078 itaque

571 3109 763 3173 Patris,
798 3108 1026 3177 Spiritus
1050 3107 1168 3162 Filii
1199 3116 1303 3173 est,
1328 3104 1587 3174 Apostolo
1626 3102 1871 3157 dicente:
1899 3101 2152 3166 Quoniam

567 3162 876 3256 autem
906 3200 1003 3268 ﬁlii
1036 3197 1152 3263 Dei,
1176 3162 1313 3251 misit
1358 3162 1501 3251 Deus
1538 3194 1789 3265 Spiritum
1838 3162 1964 3246 Filii
1994 3190 2075 3245 sui
2102 3192 2155 3245 in
2182 3162 2228 3227 θ

569 3293 725 3348 corda
753 3300 935 3346 nostra
961 3288 1103 3363 (Cal.
1135 3304 1209 3355 tv,
1242 3287 1317 3359 6).
1356 3288 1423 3342 Et
1453 3288 1643 3341 iterum
1683 3302 1696 3339 :
1742 3284 1803 3339 Si
1844 3283 1957 3359 quis
1986 3292 2155 3336 autem

571 3384 823 3453 Spiritum
850 3382 1043 3437 Christi
1063 3397 1164 3435 non
1178 3380 1347 3447 habet,
1374 3380 1455 3433 hic
1483 3394 1583 3433 non
1602 3387 1673 3432 est
1701 3377 1810 3445 ejus
1831 3374 2007 3447 (Rom.
2038 3390 2151 3439 vni,

568 3476 650 3546 9).
681 3476 746 3531 Et
772 3478 991 3531 iterum:
1027 3473 1151 3531 Scio
1200 3475 1356 3539 enim,
1383 3473 1504 3543 quia
1532 3472 1627 3525 hac
1654 3470 1783 3525 mihi
1817 3470 2071 3540 proveniet
2103 3470 2155 3523 in

572 3570 786 3621 salutent
824 3584 914 3638 per
951 3575 1167 3621 uestram
1216 3565 1514 3631 orationem,
1547 3574 1593 3617 et
1635 3561 2157 3618 subministrationem

573 3657 735 3739 296
765 3658 990 3725 Spiritus
1016 3657 1139 3710 J-esu
1174 3655 1363 3709 Christi
1402 3654 1627 3726 (Philip.
1662 3670 1700 3717 I,
1733 3652 1844 3723 19).
1889 3652 1943 3706 1η
1982 3652 2159 3707 Evan-

2133 3751 2507 3765 ——_

2250 1916 2304 1969 in
2346 1930 2568 1970 errorem
2610 1917 2864 1971 mittentes
2896 1914 2987 1985 (11
3014 1914 3150 1970 Tim.
3184 1931 3266 1983 tn,
3297 1918 3415 1987 13);
3454 1917 3499 1971 id
3527 1926 3593 1972 est
3618 1917 3727 1987 quiin

2250 2004 2517 2062 Trinitate
2546 2015 2753 2073 sancta,
2784 2015 2944 2077 atque
2972 2006 3197 2061 indivisa
3226 2006 3423 2077 aliquid
3449 2015 3656 2069 creatum,
3675 2015 3727 2060 aui

2253 2096 2473 2151 inferius
2500 2097 2841 2167 posteriusve
2870 2097 3141 2152 suaserint
3168 2111 3293 2153 esse
3322 2096 3624 2153 credendum.
3641 2097 3725 2162 Qui:

2250 2190 2511 2260 quidquid
2552 2200 2793 2245 creatum
2824 2199 2928 2255 εει,
2970 2190 3114 2245 Deus
3143 2204 3267 2246 esse
3295 2206 3398 2245 non
3434 2199 3617 2260 potest:
3643 2190 3729 2258 quod

2252 2282 2503 2346 inferius,
2546 2282 2837 2350 perlectum
2869 2295 2974 2335 non
3010 2290 3137 2334 est:
3181 2281 3326 2351 quod
3372 2282 3620 2348 posterius,
3641 2290 3730 2334 caret

2252 2364 2633 2444 perpetuitate:
2661 2389 2721 2429 ac
2744 2373 2965 2444 perinde
2992 2375 3043 2427 in
3069 2373 3150 2427 his
3166 2373 3422 2441 gradibus
3442 2371 3635 2427 divinum
3653 2368 3732 2422 ιιῑιιιι

2252 2481 2372 2523 esse
2402 2474 2595 2537 potest.
2629 2466 2903 2535 Ejusmodi
2936 2481 3166 2535 namque
3202 2466 3471 2531 doctores,
3501 2465 3571 2518 vel
3594 2463 3657 2531 qui
3679 2474 3732 2514 eo-

2252 2574 2370 2614 rum
2419 2567 2715 2628 sequuntur
2752 2556 3073 2617 doctrinam,
3106 2556 3329 2611 damnat
3370 2557 3434 2610 ita
3471 2554 3660 2609 scribens
3688 2550 3727 2602 ad

2254 2651 2526 2706 Romanos
2557 2655 2650 2704 vas
2688 2648 2970 2705 electionis
3010 2648 3203 2703 beatus
3258 2647 3566 2719 Apostolus:
3604 2642 3734 2708 Serapi

2257 2752 2397 2794 terna
2428 2755 2627 2810 quoque
2644 2740 2753 2809 ejus
2781 2740 2941 2792 uirtus
2974 2748 3021 2792 et
3052 2739 3329 2793 divinitas:
3362 2748 3413 2792 ut
3440 2739 3530 2790 sint
3552 2737 3734 2788 iamau-

2257 2833 2417 2887 biles:
2444 2834 2566 2904 quia
2594 2849 2711 2887 cum
2736 2835 3084 2902 cognovissent
3126 2834 3313 2905 Deum,
3358 2852 3455 2890 non
3491 2836 3601 2888 sicut
3636 2830 3735 2883 Dm

2256 2924 2687 2993 glorificaverunt,
2715 2934 2803 2979 aut
2837 2927 3032 2997 gratias
3061 2936 3273 2996 egerunt
3298 2943 3317 2981 :
3345 2929 3431 2980 sed
3456 2931 3695 2979 evanuerunt
3706 2921 3736 2970 in

2257 3018 2648 3088 cogitationibus
2690 3019 2826 3084 suis,
2869 3029 2916 3071 et
2964 3019 3296 3073 obscuratum
3343 3029 3413 3073 est
3460 3018 3657 3085 insipiens
3687 3027 3737 3065 tor

2258 3126 2455 3166 eorum.
2487 3110 2716 3165 Dicente:
2731 3112 2867 3165 enim
2884 3128 2936 3166 se
2956 3128 3062 3167 esse
3076 3113 3356 3181 sapientes,
3380 3112 3513 3166 stulti
3528 3115 3572 3179 fa
3598 3109 3625 3161 ti
3642 3115 3738 3160 sunt:

2259 3210 2304 3255 et
2330 3210 2649 3256 mutaverunt
2678 3203 2891 3273 gloriam
2921 3204 3326 3273 incorruptibilis
3356 3202 3444 3258 Dei
3465 3203 3511 3255 in
3533 3196 3739 3256 similitudi-

2261 3307 2372 3344 nem
2426 3292 2663 3363 imaginis
2702 3292 3051 3362 corruptibilis
3083 3294 3307 3348 hominis
3344 3292 3506 3363 (Rom.
3545 3306 3575 3352 ι,
3605 3282 3743 3345 20,”.

2259 3381 2353 3449 2‘2,
2383 3383 2496 3452 25).
2534 3383 2599 3437 Et
2638 3383 2829 3437 iterum
2859 3384 3123 3452 sequitur,
3157 3382 3345 3438 dicens
3382 3400 3395 3435 :
3435 3382 3525 3448 Qui
3549 3384 3742 3432 commuta-

2260 3483 2435 3527 verunt
2466 3474 2845 3528 veritatem‘Dei
2872 3475 2926 3527 in
2953 3475 3223 3528 mendacio
3246 3492 3264 3527 :
3296 3484 3341 3528 et
3365 3472 3616 3534 coluerunt,
3634 3477 3666 3519 et
3682 3480 3743 3516 ser-

2262 3566 2459 3620 bierunt
2498 3576 2742 3621 creatum
2769 3567 2937 3634 potius
2962 3582 3111 3636 quam
3136 3565 3389 3635 Creatori,
3422 3565 3501 3635 qui
3533 3572 3593 3616 est
3617 3554 3745 3612 benedi-

2268 3668 2378 3710 ctus
2402 3659 2671 3712 imsa‘cula
2694 3659 2994 3712 saeculorum
3017 3657 3202 3723 (lb’d.,
3235 3657 3354 3726 ΞΒ).

2513 3740 3743 3768 _________________._.

1387 3788 1863 3893 LIBER
1941 3788 2050 3891 D
2073 3787 3045 3899 U'ODECIMU'S.

1632 3927 1720 3986 De
1744 3927 2069 4000 Trinitate,
2107 3936 2163 3990 et
2185 3930 2257 3993 de
2281 3933 2533 4011 Spiritu
2562 3941 2806 3993 sancto.

2016 4044 2075 4076 AD
2097 4044 2407 4082 τηεονιιιιωι.

644 4158 805 4231 297
827 4156 917 4211 llis
943 4157 1032 4227 qui
1061 4156 1255 4212 Filium
1284 4156 1377 4211 Dei
1408 4164 1646 4211 creatum
1672 4170 1791 4211 esse
1822 4156 2161 4227 proﬁtentur,

576 4261 909 4318 nequaquam
932 4247 1000 4302 de
1013 4248 1219 4317 Spiritu
1243 4255 1429 4303 sancto
1451 4246 1697 4301 dabimus
1725 4261 2066 4318 responsum.
2091 4248 2163 4305 Ut

2265 4178 2368 4232 que
2404 4178 2526 4219 esse
2573 4163 2763 4220 dicetis
2797 4165 2958 4220 etiam
2992 4164 3255 4235 Spiritum
3302 4175 3563 4227 sanetum;
3600 4158 3666 4229 (Ιυῖ
3688 4168 3752 4211 ¹³⁰¹¹

2265 4264 2348 4311 est
2372 4270 2581 4325 servus,
2609 4257 2709 4312 sed
2742 4258 2895 4323 liber,
2927 4266 2983 4313 et
3001 4258 3319 4314 liberaverit
3348 4267 3634 4317 creaturam,
3660 4258 3698 4304 el
3723 4248 3754 4297 in

576 4345 724 4399 enim
752 4342 972 4408 Filium,
998 4342 1089 4411 qni
1118 4340 1185 4396 de
1214 4340 1512 4396 substantia
1544 4341 1641 4396 Dei
1670 4342 2073 4410 impassibiliter
2091 4344 2163 4397 sit
2190 4365 2244 4426 Β
2269 4348 2610 4417 adoptionem
2642 4349 2868 4404 ﬁliorum
2896 4364 3013 4405 eam
3042 4352 3376 4419 promoverit
3417 4350 3481 4405 ad
3523 4348 3673 4403 Deum.
3693 4338 3755 4393 Aul

579 4431 812 4503 genitus,
848 4438 1087 4485 creatum
1113 4430 1230 4485 ausi
1260 4441 1385 4485 sunt
1427 4431 1632 4497 dicere,
1668 4432 1739 4486 ita
1770 4441 1825 4487 et
1855 4432 1922 4488 de
1951 4431 2157 4503 Spiritu

579 4534 767 4581 sancto
805 4524 984 4579 dicunt
1023 4523 1205 4593 utique
1249 4521 1466 4586 similia.
1509 4524 1876 4592 ptenitentiam
1905 4540 2036 4580 vero
2071 4541 2163 4581 ac-

580 4616 705 4672 turi.
736 4614 845 4672 Sed
882 4615 950 4671 de
977 4614 1114 4671 Filio
1141 4615 1355 4670 interim
1397 4614 1754 4669 sentientibus
1789 4627 1956 4682 reete,
1996 4617 2158 4671 etiam

578 4712 647 4764 de
699 4710 901 4779 Spiritu
932 4716 1121 4765 sancto
1157 4710 1624 4780 reSpondebimus.
1674 4709 1885 4764 Etenim
1936 4724 2163 4779 speran-

579 4805 705 4857 dam
734 4814 813 4857 est
846 4816 940 4858 eos
983 4803 1073 4872 qui
1101 4817 1162 4858 se
1207 4803 1372 4857 semel
1403 4801 1473 4859 de
1502 4802 1902 4873 irreligiositate
1927 4802 1993 4857 ad
2030 4804 2159 4857 reli-

582 4896 791 4960 pionem
834 4902 1148 4950 convertere
1188 4904 1485 4963 cteperunt,
1526 4894 1593 4948 ad
1627 4894 1919 4965 perlectum
1953 4893 2160 4971 lucrum

584 4986 718 5041 tieri.
751 4985 830 5040 Ex
875 4986 1168 5053 Scriptnris
1192 4999 1325 5040 sane
1345 4984 1562 5051 divinis,
1588 4994 1643 5042 et
1672 5000 1778 5041 non
1810 5000 1877 5041 ex
1920 4986 2167 5041 humanis

582 5077 949 5148 intelligentiis
977 5077 1077 5133 hoc
1099 5086 1203 5132 est.
1227 5076 1528 5133 Istiusmodi
1556 5079 1716 5149 igitur
1745 5080 2006 5134 rationem
2033 5095 2167 5147 prm-

583 5178 727 5225 stare
748 5183 966 5239 operam
985 5168 1161 5224 daturi
1184 5184 1391 5225 sumus.
1417 5170 1586 5225 Dicite
1615 5169 1769 5226 nobis
1792 5170 2165 5237 admirables,

585 5262 673 5317 ubi
702 5261 1105 5333 Scripturarum
1151 5261 1457 5317 divinarum
1498 5261 1723 5331 legistis.
1761 5272 2004 5317 creatum
2050 5276 2171 5317 esse

586 5356 837 5425 Spiritum
860 5355 1138 5410 sanctum?
1162 5353 1447 5419 Joannem,
1478 5354 1750 5424 inquiunt,
1777 5354 2081 5409 audivimus
2116 5356 2168 5407 in

586 5449 876 5520 Evangelio
896 5449 1162 5505 dicentem
1191 5466 1203 5501 :
1240 5446 1426 5502 Omnia
1455 5463 1544 5516 per
1576 5448 1742 5517 ipsum
1770 5450 1910 5515 facta
1947 5453 2093 5511 sunt,
2122 5454 2172 5500 et

589 5541 694 5593 sine
738 5540 848 5607 ipso
896 5539 1091 5609 factum
1133 5546 1206 5592 est
1251 5536 1381 5591 nihil
1416 5536 1599 5603 (Joan.
1627 5552 1665 5600 ι,
1690 5534 1770 5605 ⁸5).
1802 5534 2003 5601 Quibus
2033 5534 2166 5589 dici-

592 5644 709 5683 mus
738 5648 749 5681 :
779 5630 835 5687 Si
863 5644 991 5700 ergo
1011 5631 1291 5685 audieritis
1314 5640 1367 5685 et
1400 5628 1564 5683 David
1588 5628 1639 5680 in
1663 5628 1959 5682 centesimo
1979 5635 2170 5681 octavo

596 5719 801 5773 decimo
842 5720 1049 5788 psalmo
1090 5721 1293 5790 Spiritu
1337 5728 1524 5774 sancto
1570 5718 1840 5773 dicentem
1885 5718 2016 5784 Deo,
2048 5719 2168 5787 quia

597 5811 823 5863 universa
851 5812 1067 5866 serviunt
1100 5814 1186 5866 tibi
1236 5812 1405 5875 (Psal.
1453 5826 1634 5878 cxrm,
1666 5810 1783 5877 9i),
1814 5824 2026 5865 servum
2067 5812 2167 5865 uti-

2271 4455 2380 4495 non
2407 4439 2630 4495 audistis
2661 4440 2885 4495 Paulum
2917 4441 2985 4497 ad
3026 4442 3300 4497 Romanos
3326 4442 3655 4499 scribentem:
3681 4428 3754 4483 Νοι

2274 4532 2539 4601 accepistis
2578 4532 2813 4599 spiritum
2858 4533 3111 4587 seruitutis
3148 4534 3333 4586 iterum
3383 4535 3435 4587 in
3479 4517 3758 4588 timoremﬁtd

2275 4622 2538 4690 accepistis
2582 4622 2817 4691 spiritum
2854 4623 3153 4691 adoptionis
3173 4624 3431 4691 ﬁliorum,
3457 4623 3507 4675 in
3527 4634 3611 4689 quo
3634 4615 3760 4667 clm

2275 4730 2408 4779 mus,
2439 4712 2579 4766 Abba
2609 4711 2785 4766 Pater.
2818 4711 2941 4782 Ipse
2986 4714 3213 4782 Spiritus
3254 4720 3556 4769 contestatus
3581 4704 3762 4779 298i“

2276 4804 2482 4872 spiritui
2507 4811 2701 4868 nostro,
2725 4804 2847 4873 quia
2867 4820 3040 4858 sumus
3059 4804 3157 4871 ﬁlii
3183 4802 3277 4858 Dei
3301 4804 3476 4873 (Rom.
3506 4814 3601 4863 VIII,
3626 4787 3764 4860 15)·Ει

2278 4897 2472 4950 iterum
2499 4910 2515 4950 :
2547 4894 2656 4949 Lex
2702 4894 2839 4948 enim
2869 4894 3095 4964 Spiritus
3118 4896 3233 4950 vita:
3258 4898 3311 4949 in
3346 4894 3540 4949 Christo
3564 4881 3765 4943 Jesulibt-

2277 4987 2404 5039 ravit
2434 5001 2513 5039 me
2551 5002 2583 5039 a
2624 4986 2731 5054 lege
2774 4986 2966 5054 peccati
3015 4995 3062 5039 et
3091 4986 3270 5039 mortis
3303 4984 3489 5056 (lbid.,
3514 4982 3583 5051 2).
3606 4977 3652 5032 Si
3684 4980 3768 5023 vero

2282 5092 2389 5132 non
2417 5087 2503 5132 est
2551 5091 2739 5132 servus
2767 5075 2999 5145 Spiritus
3040 5086 3280 5144 sanctus,
3322 5076 3460 5132 sicut
3493 5064 3770 5145 probavcmni

2281 5168 2590 5237 Scriptum,
2623 5175 2678 5221 et
2699 5167 2957 5237 scriptum
2999 5178 3104 5234 est,
3139 5169 3272 5233 Quia
3299 5169 3468 5222 omnia
3503 5162 3686 5219 serviunt
3712 5149 3771 5203 tibi

2281 5258 2454 5329 (Psal.
2498 5274 2681 5323 cxvnt,
2710 5258 2825 5328 9|),
2859 5268 2915 5314 et
2942 5259 3083 5329 quod
3127 5259 3308 5315 omnia
3356 5274 3451 5329 per
3490 5256 3653 5313 Filium
3680 5246 3771 5300 lac“

2276 5361 2419 5420 sunt,
2454 5368 2556 5406 non
2587 5351 2823 5408 ostendit
2849 5362 3088 5407 creatum
3125 5368 3245 5409 esse
3284 5353 3533 5422 Spiritum
3574 5349 3772 5402 sanctum-

2279 5442 2394 5497 Non
2427 5443 2567 5497 enim
2618 5442 2857 5498 Joannes
2882 5453 2965 5499 est
2990 5444 3078 5514 qui
3110 5444 3275 5499 dicit:
3313 5443 3603 5509 Omniaper
3635 5431 3776 5487 Fili"

2279 5537 2415 5603 facta
2428 5544 2567 5599 sunt,
2580 5544 2628 5590 et
2649 5536 2756 5588 sine
2768 5536 2881 5605 ipso
2891 5536 3085 5604 factum
3106 5544 3179 5589 est
3194 5536 3325 5589 nihil
3349 5534 3522 5605 (Joan.
3544 5546 3575 5590 ι.
3598 5528 3659 5596 5).
3675 5522 3777 5577 Unus

2280 5642 2509 5697 namque
2538 5639 2651 5683 erat
2674 5642 2861 5682 eorum
2886 5626 2977 5696 qui
3005 5627 3287 5683 audierunt
3314 5627 3627 5681 Salvatorem
3646 5615 3779 5669 dicen.

2278 5727 2382 5772 tem
2410 5736 2421 5770 :
2470 5716 2589 5771 Non
2617 5719 2749 5771 enim
2781 5735 2863 5773 vos
2893 5719 3013 5772 estis
3042 5719 3127 5784 qui
3180 5718 3467 5786 loquimini,
3504 5713 3581 5767 sed
3613 5703 3779 5775 Spirim

2278 5810 2449 5866 Patris
2479 5812 2645 5879 vestri,
2675 5812 2761 5879 qui
2785 5811 3001 5879 loquitur
3027 5812 3076 5865 in
3106 5812 3241 5865 vobis
3272 5809 3477 5877 (Matth.
3509 5822 3556 5871 ι,
3578 5800 3667 5865 20)-
3692 5796 3775 5849 ᾖδ’

3835 2398 3837 2457 1

3837 2492 3839 2551 ι

3839 2586 3841 2645 1

3841 2680 3843 2739 γ

3844 2774 3845 2817 i

3846 2868 3847 2921 i

3851 3150 3853 3229 4
