3938 6376
178 335 280 395 309

1418 326 1501 381 DE
1537 324 1901 381 TRINITATE
1930 323 2057 381 LIB.
2098 321 2205 380 XII.

3307 310 3410 367 310

179 455 235 501 ut
263 453 320 501 et
367 441 554 498 Petrus
600 441 837 496 scribens
866 439 940 494 ait
966 457 976 493 :
1010 438 1139 505 Quae
1181 451 1322 491 nunc
1348 434 1585 489 nuntiata
1613 440 1735 486 sunt
1763 432 1811 490 A
1838 449 1953 487 eum
1982 433 2032 485 in
2056 430 2264 485 scitula.
2294 426 2585 483 Benedicite
2609 424 2686 479 sol
2716 433 2763 478 et
2792 425 2915 478 luna
2942 421 3238 487 Dominum,
3264 422 3413 491 hym-

180 536 335 591 vobis
361 550 453 604 per
472 532 919 603 evangelizantem
942 530 994 583 in
1026 528 1178 583 vobis
1204 525 1460 596 Spiritum
1492 530 1737 578 sanctum

181 626 404 682 missum
446 640 477 680 e
515 624 684 679 ctelis.
718 623 897 692 Itaque
925 622 971 676 si
1017 619 1261 690 Spiritus.
1291 623 1506 671 sanctus
1536 622 1618 667 est
1652 610 1745 681 qui

1846 537 1966 573 num
1993 521 2162 585 dicite,
2209 527 2253 571 et
2289 516 2659 587 superexaltate
2694 530 2804 568 eum
2834 514 2885 565 in
2920 511 3106 565 sucula
3137 507 3298 576 (Dan.
3334 525 3412 577 tu,

1848 608 2062 675 57-62).
2100 609 2165 662 Et
2196 609 2247 662 in
2286 606 2737 676 consequentibus
2770 603 3089 669 semetipsos
3112 601 3178 653 ad
3208 602 3306 653 hoc
3336 600 3416 653 Ill-

182 718 351 773 dicit:
381 716 564 771 Omnia
592 732 682 785 per
710 689 901 768 Filium
933 689 1069 784 facta
1110 689 1323 775 sunt,et
1352 710 1457 762 sine
1497 707 1609 776 ipso
1638 708 1750 775 [ac-
1849 699 2074 753 citantes
2100 716 2112 753 :
2145 697 2437 751 Benedicite
2477 696 2697 759 Anania,
2740 694 2931 785 Aznria
2955 702 2999 748 et
3026 690 3213 785 Hisne!

185 816 297 861 tum
336 816 408 860 est
448 806 574 858 nihil
601 803 777 875 (Ioan.
806 819 841 869 ι,
867 804 947 871 '5),
971 811 1277 871 oportuerat
1306 798 1519 868 quidem
1548 796 1744 865 ipsum,

184 900 446 969 siquidem
494 907 704 952 creatus
730 904 893 958 esset.
931 895 1109 949 dicere
1154 909 1165 945 :
1199 892 1387 946 Omnia
1439 903 1533 959 per
1572 887 1743 954 ipsum

1850 804 1994 853 num,
2032 788 2236 841 laudate
2265 797 2309 841 et
2341 788 2715 858 supercxaltate
2763 800 2877 838 cum
2916 784 2969 836 in
2999 784 3186 837 sucula
3228 779 3418 851 (Ibid.,

1853 878 1968 945 88).
2011 878 2073 931 Et
2114 892 2325 932 omnem
2352 886 2650 933 creaturam
2682 875 2999 931 benedicere
3026 873 3307 927 Dominum
3338 888 3421 926 se-

185 962 325 1047 πθέυ
355 1000 497 1053 mm,
544 999 597 1045 ει
624 1004 721 1058 ego
761 1003 851 1057 per
880 1002 999 1043 eum
1044 986 1213 1040 facms
1260 997 1396 1045 sum,
1432 990 1485 1035 ει
1522 979 1637 1033 sine
1686 990 1752 1031 eo
1852 981 1972 1021 cum
1992 966 2356 1030 adhortantes,
2386 966 2726 1058 nonidicunt:
2756 963 3041 1058 Benedicat
3064 962 3344 1058 Dominum
3368 970 3423 1016 et

188 1080 384 1135 factum
408 1089 489 1135 est
511 1079 665 1144 nihil,
682 1077 947 1148 quomodo
972 1072 1302 1129 consuetudo
1321 1080 1624 1126 sanctorum
1648 1075 1749 1120 est.

187 1176 266 1229 Ita
295 1175 487 1229 Paulus
524 1188 653 1229 sane
680 1173 747 1228 de
781 1186 840 1226 se
869 1180 924 1226 et
964 1170 1033 1225 de
1066 1167 1314 1223 omnibus
1343 1163 1541 1219 sanctis
1570 1161 1754 1216 obser-

186 1266 500 1321 vantissime
528 1264 745 1320 scribit:
778 1263 936 1317 Nobis
964 1271 1129 1315 autem
1160 1274 1291 1312 unus
1314 1256 1450 1310 Deus
1483 1253 1655 1317 Pater,
1694 1268 1757 1305 ex

186 1372 290 1425 quo
314 1356 503 1420 omnia,
531 1364 575 1408 et
598 1370 726 1407 unus
758 1353 1007 1406 Dominus
1030 1350 1183 1405 Iesus
1210 1348 1459 1409 Christus,
1496 1361 1584 1414 per
1611 1356 1757 1411 quem

188 1445 386 1510 omnia,
408 1453 455 1497 et
480 1460 570 1497 nos
589 1458 679 1514 per
703 1443 868 1513 ipsum
896 1440 947 1509 (1
970 1440 1084 1495 Cor.
1118 1454 1230 1505 \‘tll,
1264 1438 1340 1508 6).
1373 1436 1475 1491 Sed
1507 1433 1757 1503 quoniam

186 1551 299 1589 non
332 1544 413 1590 est
444 1534 823 1599 universitatis,
850 1532 942 1588 sed
970 1531 1245 1586 Trinitatis
1272 1528 1500 1597 Spiritus
1519 1534 1757 1589 sanctus,

185 1627 371 1681 omnia
402 1642 521 1695 quae
554 1635 673 1694 post
702 1625 1018 1680 Trinitatem
1048 1632 1192 1689 sunt,
1226 1638 1323 1691 per
1348 1621 1540 1676 Filium
1580 1627 1757 1674 creata

186 1732 319 1771 esse
345 1716 477 1771 dixit
524 1716 757 1787 Spiritus
792 1725 1030 1770 sanctus.
1069 1715 1241 1769 Testis
1282 1721 1459 1766 autem
1508 1720 1590 1765 est
1630 1708 1758 1763 mihi

1856 1059 2084 1126 Spiritus
2126 1066 2362 1112 sanctus.
2398 1057 2503 1113 Sed
2534 1068 2586 1111 et
2617 1057 2763 1111 Isaia:
2792 1056 3073 1124 Seraphim
3103 1054 3330 1109 astantia
3370 1063 3422 1108 et

1857 1150 2121 1205 laudantia
2149 1150 2258 1202 visa
2284 1158 2500 1212 sunt;et
2526 1149 2785 1203 Ezecltieli
2810 1148 3084 1203 cherubim
3106 1146 3290 1200 subtus
3312 1146 3423 1214 glo-

1858 1243 1990 1298 riam
2015 1243 2104 1295 Dei
2134 1241 2317 1295 Israel.
2340 1239 2478 1313 Cum
2514 1240 2919 1294 evidentissime
2948 1254 3074 1309 ergo
3098 1239 3266 1293 sancti
3293 1238 3425 1292 lide-

1860 1337 1979 1389 litcr
2007 1351 2111 1389 non
2141 1343 2619 1389 connumerassent
2653 1332 2738 1387 Itis
2764 1349 2882 1402 qua:
2927 1349 3018 1403 per
3052 1334 3243 1388 Filium
3291 1333 3427 1387 facta

1861 1436 2005 1491 sunt,
2038 1425 2290 1493 Spiritum
2308 1433 2573 1479 sanctum.
2599 1424 2691 1478 sed
2724 1423 3216 1494 ubiqueScriptnrte
3236 1424 3427 1478 divinat

1862 1533 1981 1571 cum
2014 1516 2169 1571 Patre
2210 1525 2260 1570 et
2292 1516 2425 1570 Filio
2454 1530 2575 1571 eum
2604 1515 2859 1585 professa:
2889 1515 3015 1577 sint,
3049 1533 3206 1584 quem
3232 1534 3334 1572 non
3361 1519 3425 1572 ti-

1866 1618 2010 1662 ment
2059 1607 2145 1663 isti
2192 1606 2333 1661 Patri
2362 1616 2415 1661 et
2458 1606 2592 1660 Filio
2630 1607 2968 1672 subtrahere,
3000 1617 3053 1662 et
3101 1610 3430 1664 universitati

1865 1699 2135 1753 audaciter
2149 1713 2553 1753 connumerare.
2585 1696 2689 1752 Sed
2722 1696 2915 1750 Paulus
2932 1697 3009 1750 ait
3038 1698 3287 1754 Ecclesiis
3316 1699 3429 1763 Dei,

189 1809 388 1863 Paulus
416 1783 752 1865 beatissimus
791 1810 841 1862 in
867 1808 1067 1877 Spiritu
1114 1818 1323 1869 sancto,
1356 1804 1457 1858 hoc
1484 1802 1625 1872 quod
1648 1818 1761 1855 otn-
1794 1783 1841 1843 Β
1868 1790 2048 1845 Gratia
2098 1792 2231 1844 vobis
2281 1800 2328 1843 et
2373 1806 2473 1860 pax
2518 1806 2549 1842 a
2595 1788 2701 1842 Deo
2748 1788 2919 1851 I‘alre,
2969 1798 3017 1841 et
3053 1788 3270 1844 Domino
3310 1789 3433 1846 lem

188 1899 281 1953 nia
310 1912 404 1966 per
428 1898 618 1953 Filium
636 1899 768 1952 lacta
797 1898 924 1965 sint,
953 1897 1211 1967 prolitens
1240 1898 1291 1949 ln
1317 1893 1547 1963 Epistola
1579 1907 1671 1946 sua
1697 1892 1762 1945 ad

186 1991 541 2047 Colossenses
578 1991 773 2059 scripta
813 2009 823 2043 :
873 1991 1004 2056 Quia
1045 1993 1095 2043 in
1122 1993 1233 2057 ipso
1265 1988 1402 2043 Filio
1433 2000 1602 2041 creata
1645 1995 1761 2039 sunt

187 2081 367 2135 omnia
410 2096 522 2150 qua:
558 2081 610 2133 in
638 2082 801 2145 (telis,
836 2090 880 2134 et
908 2096 1021 2151 qua:
1044 2082 1115 2133 in-
1136 2082 1303 2147 terris,
1328 2081 1431 2135 sive
1471 2078 1687 2132 visibilia
1714 2086 1763 2130 et

187 2170 490 2239 invisibilia,
523 2172 625 2225 sive
649 2172 838 2236 throni,
866 2173 968 2225 sive
1007 2173 1397 2237 dominationes,
1430 2173 1533 2224 sive
1578 2168 1766 2236 princi-

187 2271 368 2329 patus,
406 2264 508 2318 sire
554 2271 860 2332 potestates;
906 2264 1078 2317 omnia
1121 2279 1207 2332 per
1251 2264 1438 2332 ipsum,
1471 2269 1517 2314 et
1562 2260 1614 2311 in
1653 2259 1765 2319 ipso

186 2362 362 2406 creata
391 2362 529 2418 sunt,
559 2362 606 2406 et
645 2354 754 2422 ipse
799 2363 872 2407 est
900 2363 1016 2407 ante
1040 2355 1209 2407 omnia
1239 2353 1374 2421 (Col.
1409 2369 1447 2412 t.
1500 2351 1611 2418 16).
1648 2349 1763 2403 Νοη

187 2441 348 2499 dixit.
373 2441 484 2494 sive
503 2440 731 2509 Spiritus
759 2450 996 2495 sanctus.
1020 2441 1300 2494 Psalmista
1328 2456 1539 2508 quoque
1570 2441 1621 2492 in
1642 2454 1768 2492 cenv

190 2534 395 2587 tesimo
437 2541 493 2586 et
543 2534 947 2600 quadragesimo
993 2541 1183 2585 octavo
1214 2531 1436 2599 psalmo,
1483 2531 1533 2583 in
1569 2529 1771 2596 Spiritu

193 2621 393 2674 iterum
439 2630 625 2675 sancto
655 2622 922 2689 imperans
956 2624 1217 2675 universae
1254 2630 1516 2702 creatum
1554 2619 1771 2674 laudare

195 2710 373 2767 Deum
403 2722 458 2766 et
478 2712 699 2767 dicens:
733 2711 962 2766 Laudate
993 2710 1266 2765 Dominunt
1289 2713 1351 2764 de
1378 2711 1538 2772 caelis,
1563 2709 1772 2763 laudate

187 2816 311 2853 eum
336 2802 391 2855 in
414 2803 645 2855 excelsis.
689 2802 923 2855 Laudate
946 2819 1057 2855 eum
1087 2818 1259 2856 omnes
1294 2802 1461 2873 angeli
1481 2805 1613 2873 ejus,
1657 2803 1770 2855 lau-

187 2894 315 2947 date
342 2910 458 2947 eum
488 2910 661 2948 omnes
689 2896 895 2948 virtutes
918 2897 1045 2965 ejus.
1077 2894 1304 2948 Laudate
1318 2911 1430 2947 eum
1455 2895 1531 2948 sol
1551 2904 1597 2946 et
1622 2893 1765 2956 luna,

188 2983 408 3038 laudate
434 3001 547 3038 eum
585 3002 755 3039 omnes
774 2986 935 3039 stella:
963 2995 1011 3039 et
1035 2984 1224 3045 lumen.
1261 2985 1492 3039 Laudate
1518 3001 1632 3038 eum
1657 2985 1767 3038 curti

186 3072 458 3139 cwlorum,
488 3084 535 3129 et
562 3090 832 3145 cquaquia
856 3092 1008 3144 super
1026 3074 1176 3130 ctelos
1202 3087 1315 3129 sun‘
1348 3066 1559 3129 laudent
1586 3090 1765 3128 nomen

194 3165 411 3220 Domini
442 3166 851 3238 (Psal.cx1.vnt,
890 3169 963 3234 I),
1017 3178 1145 3232 etc.,
1177 3166 1446 3234 indignum
1487 3167 1639 3221 duxit
1688 3168 1768 3222 his

186 3272 586 3313 connumerare
644 3259 901 3327 Spiritum
946 3268 1208 3323 sanctum,
1264 3266 1322 3313 et
1370 3259 1550 3314 dicere
1584 3278 1597 3311 :
1631 3258 1766 3312 Lau-

185 3350 291 3405 det
329 3366 448 3405 eum
492 3351 721 3420 Spiritus
763 3360 980 3406 sanctus
1020 3368 1032 3404 :
1066 3352 1226 3422 299
1253 3352 1375 3420 quia
1410 3352 1766 3418 laudatorum,

186 3454 252 3501 et
322 3460 429 3498 non
508 3444 836 3499 laudantium
907 3454 992 3499 est
1063 3444 1539 3515 (quemadmodum
1611 3445 1767 3513 paulo

187 3545 321 3607 post
371 3535 423 3589 in
452 3536 742 3605 Scripturis
801 3536 1220 3605 probabimus),
1262 3544 1328 3590 et
1363 3534 1768 3599 viviﬁcantium.

188 3636 251 3681 et
290 3641 393 3679 non
438 3626 783 3680 viviﬁcandus
814 3634 916 3690 est,
967 3624 1069 3680 vita
1110 3640 1228 3678 cum
1259 3627 1359 3689 sit;
1408 3626 1540 3679 sicut
1579 3626 1773 3681 Paulus

190 3720 253 3773 in
301 3718 533 3773 secunda
584 3718 651 3772 ad
695 3718 1002 3774 Corinthios
1052 3717 1289 3787 Epistula
1326 3718 1443 3772 ait:
1495 3717 1603 3779 Sed
1635 3720 1771 3788 sufﬁ-

188 3810 383 3864 cientia
412 3820 583 3863 nostra
622 3825 684 3862 ea:
719 3808 823 3863 Deo
868 3817 965 3874 est,
991 3810 1079 3879 qui
1105 3816 1154 3862 et
1185 3809 1391 3862 idoneos
1423 3825 1512 3862 nos
1535 3810 1654 3876 fecit
1680 3810 1773 3861 mi-

190 3900 388 3952 nistros
419 3899 549 3952 Novi
582 3899 909 3961 Testamenti,
943 3915 1042 3953 non
1073 3899 1260 3959 littera,
1282 3899 1371 3951 sed
1403 3899 1602 3967 Spiritu
1629 3914 1649 3952 :
1688 3900 1774 3951 lit-

192 3999 312 4043 tera
342 3991 473 4043 enim
513 3992 717 4053 occidit,
744 3991 968 4060 Spiritus
996 3999 1164 4043 autem
1193 3990 1408 4055 viviﬁcat
1432 3988 1487 4057 (1
1494 3988 1521 4042 I
1548 3989 1663 4044 Cor.
1696 4004 1773 4053 Ill,

193 4080 280 4147 5).
308 4080 387 4133 Ad
422 4080 690 4133 Romanos
736 4090 889 4133 tero:
914 4080 1108 4149 Corpus
1154 4080 1357 4148 quidem
1404 4091 1660 4132 mortuum
1699 4090 1772 4132 est

196 4178 412 4236 propter
431 4178 705 4238 peccatum.
736 4169 965 4239 Spirit_us
986 4182 1150 4222 autem
1172 4172 1271 4221 vita
1296 4179 1499 4236 propter
1518 4170 1778 4239 justitiam

198 4259 390 4331 (Rom.
420 4274 535 4325 VIII,
582 4260 690 4330 I0).
724 4260 790 4313 Et
820 4262 1011 4313 iterum
1052 4278 1062 4311 :
1098 4258 1158 4313 Si
1187 4269 1358 4312 autem
1396 4258 1622 4324 Spiritus
1669 4262 1779 4329 ejus

193 4350 294 4419 qui
312 4350 567 4403 suscitavit
596 4350 773 4403 Iesum
800 4348 1061 4404 Christum
1089 4364 1121 4400 a
1153 4350 1361 4401 mortuis
1393 4348 1581 4402 habitat
1611 4350 1661 4400 in
1691 4365 1775 4400 vo-

195 4440 301 4504 bis,
336 4439 423 4507 qui
448 4440 708 4493 suscitavit
728 4437 907 4493 Iesum
933 4438 1188 4492 Christum
1218 4456 1249 4491 a
1280 4440 1514 4503 mortuis,
1549 4440 1779 4505 vivi/ica-

192 4534 273 4586 bit
311 4540 359 4587 tt
388 4532 625 4584 mortalia
650 4547 867 4600 corpora
892 4542 1072 4592 vestra,
1100 4547 1191 4600 per
1217 4530 1579 4583 inhabitantem
1612 4530 1775 4599 Spiri-

193 4633 314 4677 tum
337 4638 486 4676 suum
529 4622 581 4675 in
626 4623 762 4675 vobis
812 4619 975 4688 (Ibid.
1018 4622 1127 4689 11).
1184 4622 1317 4675 Tres
1362 4636 1571 4690 quoque
1607 4622 1777 4675 sancti

193 4723 491 4783 martyres,
511 4713 762 4778 Ananias,
791 4712 1006 4767 Azarias
1036 4722 1092 4767 et
1110 4713 1313 4777 Misael,
1336 4714 1385 4765 in
1410 4713 1621 4766 fornace
1645 4713 1777 4782 ignis

196 4808 387 4878 positi,
422 4808 473 4859 in
501 4816 639 4861 terra
669 4805 1060 4871 Chaldzeorum,
1086 4790 1204 4859 cum
1229 4803 1614 4859 admirabiliter
1638 4805 1776 4858 Dens

192 4899 441 4952 calorem
476 4895 614 4965 ignis
638 4894 703 4948 ad
730 4903 1079 4960 temperatum
1111 4894 1443 4963 refrigerium
1477 4895 1772 4947 convertis-

193 4995 308 5052 set,
339 4985 639 5040 universam
670 4969 969 5040 creaturam
986 4984 1331 5039 adhontantes
1352 4998 1533 5039 secum
1560 4985 1779 5039 laudare

198 5080 397 5142 Deum,
423 5078 499 5131 sic
534 5076 831 5145 incipiunt:
864 5075 1150 5130 Benedicite
1172 5076 1343 5128 omnia
1374 5090 1531 5141 opera
1566 5074 1774 5127 Domini

197 5168 502 5233 Dominum,
525 5168 729 5221 laudate
748 5177 793 5221 et
813 5166 1185 5237 superexaltate
1215 5181 1325 5218 eum
1356 5164 1409 5217 in
1434 5166 1642 5218 sa'cula.
1676 5163 1775 5217 Be-

197 5263 422 5317 nedicite
442 5262 553 5315 ccli
577 5259 869 5325 Dontinum,
898 5260 1143 5329 hymnum
1170 5258 1319 5310 dicite
1334 5264 1379 5309 et
1406 5257 1779 5325 superexaltate

194 5369 321 5408 eum
349 5354 401 5407 in
429 5352 636 5406 stmulo.
668 5350 950 5404 Benedicite
987 5349 1155 5419 angeli
1192 5346 1489 5411 Dominum,
1536 5348 1781 5415 hymnum

194 5446 378 5507 dicite,
401 5453 445 5496 et
469 5443 840 5513 sttperexaltate
855 5456 968 5493 eum
993 5440 1046 5493 in
1074 5438 1282 5494 swcula.
1312 5437 1604 5491 Benedicite
1630 5450 1778 5503 aqua:

193 5551 316 5604 quae
355 5549 506 5600 super
537 5534 686 5587 cozlos
728 5541 844 5585 sunt
894 5531 1197 5594 Dominum;
1241 5529 1484 5600 hymnum
1526 5530 1700 5596 dicite,
1731 5537 1776 5580 et

191 5626 577 5695 superexultate
599 5640 710 5679 eum
736 5625 788 5677 in
817 5624 1021 5679 secula.
1050 5622 1340 5678 Bcnedicite
1364 5639 1535 5677 omnes
1568 5623 1774 5675 virtutes

197 5714 411 5769 Domini
461 5713 752 5781 Dominum,
799 5715 1037 5781 hymnum
1087 5714 1256 5777 dicite,
1297 5722 1341 5766 et
1396 5712 1772 5782 superexaltate

1865 1882 2065 1936 Christo
2089 1882 2264 1951 (Rom.
2295 1896 2331 1943 t,
2351 1881 2401 1943 7,
2434 1890 2481 1933 ct
2508 1880 2557 1932 in
2587 1880 2701 1932 aliis
2736 1878 2979 1947 Epistolis
3006 1878 3063 1933 S.
3092 1877 3293 1951 Pauli),
3328 1897 3433 1936 non

1865 1975 1991 2029 dcit
2013 1984 2189 2029 autem
2217 1981 2270 2029 et
2295 1974 2456 2043 300
2487 1971 2687 2040 Spiritu
2718 1980 2920 2025 sancto.
2956 1970 3016 2025 Et
3046 1971 3112 2025 ad
3141 1971 3432 2028 Thessalo-

1867 2066 2107 2119 nicenses
2137 2064 2375 2119 scribens
2403 2062 2554 2129 dicit,
2587 2062 2613 2114 Ι
2620 2079 2705 2129 pse
2722 2070 2889 2114 autem
2915 2061 3048 2115 Deus
3078 2062 3250 2132 Pater,
3266 2074 3312 2117 et
3332 2062 3438 2117 Do-

1865 2159 2033 2210 minus
2062 2165 2230 2210 noster
2259 2154 2408 2209 Iesus
2452 2154 2683 2209 Christus
2723 2154 2911 2223 dirigat
2944 2155 3076 2207 viam
3107 2168 3329 2209 nostram
3371 2157 3437 2209 ad

1864 2266 1949 2303 vos
1979 2247 2029 2318 (ι
2058 2248 2231 2304 Thess.
2263 2264 2337 2313 Ill,
2366 2248 2451 2319 11)
2480 2266 2494 2315 ς
2530 2266 2635 2305 non
2666 2250 2871 2319 dicens,
2910 2270 2928 2303 ι
2962 2262 3014 2307 et
3043 2252 3273 2321 Spiritus
3314 2269 3438 2307 san-

1866 2351 2004 2407 ctus,
2035 2360 2052 2392 »
2071 2340 2371 2395 manifestat
2394 2356 2629 2395 noneum
2652 2357 2769 2396 cum
2792 2343 2947 2397 Patre
2963 2352 3015 2396 et
3032 2342 3187 2407 Filio,
3210 2344 3302 2398 sed
3316 2359 3438 2399 ctnn

1870 2435 2214 2489 universitate
2242 2436 2594 2503 pronuntiari.
2623 2436 2751 2489 Nam
2774 2446 2826 2490 et
2856 2436 3085 2490 famulus
3114 2439 3204 2491 Dei
3233 2438 3440 2507 Moyses

1869 2524 1997 2578 dicit
2025 2522 2276 2578 Dominus
2302 2526 2475 2595 pluita
2504 2525 2720 2578 Domino
2742 2527 2802 2578 de
2826 2526 2951 2579 caelo
2971 2527 3185 2595 sulphur
3210 2537 3257 2579 et
3278 2530 3442 2597 ignem

1870 2613 2028 2684 (Gen.
2059 2630 2167 2679 xtx,
2199 2614 2311 2683 2i),
2370 2629 2472 2668 non
2504 2626 2760 2668 memorat
2797 2614 3049 2684 Spiritum
3082 2625 3346 2671 sanctum.
3399 2618 3444 2673 Α

1870 2720 1975 2775 quo
2011 2714 2065 2760 et
2089 2704 2283 2760 Paulus
2317 2720 2436 2758 cum
2484 2705 2775 2767 didicisset,
2822 2715 2876 2760 et
2901 2705 2966 2760 de
2993 2707 3332 2775 Onesipltoro
3378 2709 3443 2763 ad

1870 2795 2206 2851 Timotheum
2234 2797 2435 2855 scribit.
2465 2795 2560 2850 Det
2587 2797 2631 2850 ei
2654 2797 2898 2850 Dominus
2919 2799 3139 2851 invenire
3162 2800 3420 2853 misericor

1870 2891 2009 2942 diam
2041 2906 2071 2942 a
2116 2887 2333 2943 Domino
2365 2890 2416 2942 in
2443 2889 2523 2942 die
2554 2889 2667 2943 illa,
2696 2888 2782 2953 (ΙΙ
2817 2890 2949 2943 Tim.
2993 2907 3030 2953 ι.
3064 2892 3174 2961 18).
3204 2891 3311 2948 Nec
3340 2909 3443 2947 non

1869 2991 1919 3036 et
1958 2981 2008 3034 in
2054 2981 2237 3036 Exodo
2264 2981 2519 3049 scriptum
2548 2989 2660 3035 est:
2693 2981 2833 3036 Dixit
2862 2994 3039 3036 autem
3084 2983 3341 3037 Dominus
3378 2984 3447 3038 ad

1878 3078 2147 3148 Moysem:
2201 3078 2544 3149 Quoadusque
2588 3096 2687 3132 non
2730 3079 2881 3133 vultis
2927 3082 3172 3135 obnudire
3201 3083 3445 3137 mandata

1879 3188 2011 3235 mea,
2039 3181 2086 3224 et
2115 3170 2339 3239 legitima
2368 3186 2478 3223 mea
2509 3172 2869 3225 considerare?
2890 3171 3009 3226 Non
3039 3171 3284 3226 Dominus
3309 3171 3448 3228 Deus

1871 3264 2006 3318 dedit
2023 3263 2160 3317 vobis
2184 3264 2334 3317 istum
2352 3264 2486 3316 diem
2510 3263 2741 3316 sabbati?
2766 3262 3044 3333 Propterea
3066 3265 3174 3331 ipse
3194 3265 3333 3318 dedit
3360 3282 3446 3319 vo-

1871 3357 1943 3409 bis
1972 3372 2127 3425 panes
2156 3356 2316 3407 duum
2348 3356 2544 3407 dierum
2575 3354 2767 3425 (Exod.
2800 3371 2907 3419 XVI,
2950 3354 3064 3423 23).
3100 3356 3163 3409 Et
3206 3357 3290 3410 hic
3318 3371 3444 3411 cum

1875 3446 2044 3500 Patris
2081 3455 2134 3498 et
2161 3445 2276 3499 Filii
2309 3446 2516 3499 iecisset
2545 3446 2867 3498 intentionem
2892 3486 2907 3507 ,
2939 3446 3007 3498 de
3031 3446 3231 3512 Spiritu
3262 3456 3448 3503 sancto

1877 3536 2057 3588 tacuit.
2085 3534 2321 3602 Denique
2351 3545 2402 3587 et
2432 3534 2719 3588 Zacharias
2748 3534 3005 3601 propheta
3029 3534 3154 3588 dicit
3183 3553 3195 3586 :
3233 3534 3297 3588 Et
3316 3537 3449 3590 dixit

1879 3626 2120 3678 Dominus
2143 3626 2208 3677 ad
2243 3625 2503 3678 diabolum
2530 3641 2548 3678 :
2595 3622 2825 3691 Increpet
2864 3626 2917 3678 in
2957 3636 3002 3678 te
3029 3623 3298 3690 Dominus,
3324 3626 3446 3680 dia-

1877 3718 1987 3770 bole
2014 3714 2194 3784 (Zach.
2219 3730 2295 3777 Ill,
2328 3714 2406 3782 2).
2442 3714 2535 3769 Ubi
2564 3725 2649 3770 est
2670 3730 2810 3769 nunc
2838 3724 2893 3770 et
2921 3716 3062 3783 apud
3095 3717 3251 3770 istum
3280 3716 3449 3787 Spirit-

1878 3820 1959 3865 tns
1981 3812 2228 3866 sanctus?
2249 3810 2414 3876 Quem
2446 3819 2623 3864 autem
2655 3824 2759 3864 non
2789 3811 3021 3866 movebit
3049 3813 3333 3869 instructio
3357 3827 3449 3869 sa-

1875 3902 2166 3956 cramenti?
2200 3909 2352 3969 prout
2397 3900 2649 3953 Dominus
2676 3900 2992 3969 profitetur:
3032 3902 3158 3956 lla'c
3184 3915 3255 3957 est
3276 3913 3446 3959 autem

1877 3993 1978 4045 rifa
2012 4002 2222 4056 wlerna,
2274 4002 2328 4045 ut
2365 4001 2670 4062 cognoscant
2694 4001 2741 4044 te
2770 3994 2935 4045 solum
2969 3982 3145 4047 verunt
3173 3992 3356 4061 Deum,
3399 4007 3447 4050 et

1878 4098 2021 4149 quem
2056 4084 2233 4135 misisti
2256 4080 2433 4133 Iesum
2463 4080 2720 4134 Christum
2744 4081 2925 4148 (Ioan.
2963 4098 3092 4148 xm,
3128 4088 3205 4152 ὅ).
3230 4101 3351 4139 cum
3382 4088 3451 4139 de

1878 4172 2077 4238 Spiritu
2126 4172 2257 4224 nihl
2292 4170 2533 4224 dixisset.
2593 4170 2766 4239 [Eque
2810 4170 3004 4224 Paulus
3058 4187 3178 4226 cum
3228 4174 3449 4227 didicis-

1883 4269 1965 4313 set
1994 4260 2112 4313 lidei
2162 4269 2577 4323 sacratnentum,
2614 4258 2829 4313 tradidit
2859 4262 3102 4315 scribens
3132 4264 3201 4316 ita
3241 4279 3254 4316 :
3290 4264 3454 4318 Nobis

1884 4364 1998 4401 vero
2024 4364 2154 4400 unus
2187 4346 2322 4402 Deus
2346 4345 2520 4405 Pater.
2550 4364 2611 4401 ea:
2638 4364 2737 4415 quo
2769 4352 2962 4414 omnia,
2993 4360 3040 4404 et
3062 4368 3153 4405 nos
3175 4354 3228 4406 in
3255 4354 3344 4408 illo
3367 4371 3385 4407 :
3406 4365 3461 4408 et

1887 4452 2016 4489 unus
2049 4435 2292 4490 Dominus
2317 4434 2463 4491 Iesus
2494 4437 2745 4502 Christus,
2776 4455 2864 4506 per
2893 4456 3041 4509 quem
3068 4444 3259 4511 omnia,
3291 4454 3338 4497 et
3360 4461 3453 4499 nos

1884 4542 1973 4594 per
1996 4526 2163 4595 ipsum
2192 4526 2243 4594 (Ι
2273 4526 2390 4580 Cor.
2436 4542 2549 4593 VIII,
2575 4527 2653 4598 6).
2689 4527 2828 4596 Ergo
2850 4530 3046 4597 ultique
3072 4532 3264 4587 divina:
3308 4535 3452 4591 Seri-

1884 4626 2051 4685 ptume
2098 4628 2455 4672 memorantes
2500 4618 2707 4673 Patrem
2741 4628 2795 4672 et
2827 4620 3045 4687 Filium,
3082 4637 3185 4677 non
3219 4639 3453 4683 comme-

1882 4719 2089 4762 morant
2118 4708 2276 4762 etiam
2306 4708 2565 4777 Spiritum
2610 4721 2880 4765 sant-tum.
2921 4712 3001 4776 Qu
3029 4713 3126 4768 bus
3157 4716 3257 4769 hoc
3296 4717 3455 4771 modo

1885 4799 2307 4869 respondemus:
2340 4799 2394 4853 Si
2423 4814 2552 4869 ergo
2576 4799 2808 4870 Moysen)
2836 4803 3115 4859 audieritis
3144 4806 3411 4862 dicentem
3439 4827 3450 4860 :

1883 4892 2160 4946 Dominum
2214 4890 2375 4946 Deum
2431 4904 2570 4946 tuttm
2626 4895 2885 4961 adorabis,
2942 4907 2987 4951 et
3030 4898 3108 4951 illi
3136 4900 3230 4953 soli
3272 4903 3456 4956 servies

1882 4982 2059 5052 (Deut.
2094 4998 2166 5047 νι,
2198 4983 2307 5050 15).
2344 4985 2447 5036 Aut
2473 4984 2515 5037 si
2542 4984 2816 5040 audieritis
2844 4986 3009 5042 Deum
3042 4990 3093 5043 in
3126 4990 3252 5044 Isaia
3275 4992 3459 5045 dicen-

1883 5085 1987 5128 tem
2010 5092 2023 5127 :
2057 5075 2185 5129 Ante
2214 5092 2291 5128 me
2320 5094 2419 5129 non
2448 5078 2543 5146 fuit
2568 5078 2699 5131 alius
2725 5078 2882 5144 Deus,
2909 5090 2956 5133 et
2983 5091 3098 5149 post
3124 5098 3202 5135 me
3234 5099 3336 5135 non
3362 5084 3455 5134 erit

1882 5164 2033 5235 (Isai.
2063 5181 2211 5231 thtt,
2242 5165 2351 5235 10),
2380 5167 2467 5220 ubi
2500 5168 2694 5236 ponitis
2725 5168 2953 5224 Filium?
2985 5174 3085 5223 Aut
3105 5172 3148 5224 si
3178 5171 3456 5225 audieritis

1881 5269 2001 5309 eum
2047 5256 2237 5309 iterum
2268 5256 2317 5309 in
2348 5256 2475 5310 Isaia
2505 5256 2771 5312 dicentem
2801 5276 2813 5313 :
2860 5258 2970 5327 Ego
2996 5257 3152 5324 Deus,
3176 5270 3222 5313 et
3250 5276 3351 5313 non
3382 5270 3455 5314 est

1881 5356 2062 5419 printer
2102 5365 2179 5401 me
2206 5350 2408 5403 salvans
2440 5350 2593 5420 (lsai.
2623 5367 2769 5416 sun,
2804 5352 2915 5421 11).
2941 5352 3079 5420 Ergo
3106 5367 3278 5421 neque
3310 5352 3453 5407 Deus

1880 5440 2136 5506 salvator,
2159 5438 2269 5508 jam
2299 5451 2551 5509 quantum
2580 5456 2672 5507 per
2698 5455 2790 5493 vos
2814 5448 2916 5505 est,
2947 5439 3109 5493 Filius
3138 5440 3228 5495 Dei
3252 5440 3304 5494 in
3326 5454 3452 5494 con-

1880 5528 2115 5584 fessione
2159 5530 2375 5584 dicitur.
2420 5532 2524 5583 Aut
2571 5530 2616 5584 si
2648 5530 2931 5585 audieritis
2966 5530 3160 5583 iterum
3202 5530 3452 5586 eumdem

1879 5620 2143 5677 dicentem
2167 5639 2177 5671 ε
2206 5618 2374 5674 Testes
2404 5622 2523 5673 estis
2548 5636 2653 5685 vos,
2675 5619 2718 5672 si
2738 5628 2809 5673 est
2834 5618 2969 5671 Deus
2992 5629 3173 5686 prteter
3195 5638 3274 5675 me
3296 5620 3448 5692 (Isai.

1880 5726 2027 5779 thv,
2044 5710 2118 5781 8);
2141 5726 2244 5767 non
2262 5711 2545 5781 perhibens
2566 5710 2728 5765 Deum
2753 5723 2869 5763 esse
2898 5708 3109 5766 Filium.
3140 5712 3409 5773 Etiterum
3434 5731 3447 5768 :
