3938 6376
548 287 641 343 stt
775 358 779 367 Α
1862 262 2102 346 VlGlLll‘
2131 288 2500 350 sses-ense
2550 310 2551 313 γ
3653 308 3730 367 stt

547 402 658 471 Ego
677 400 811 456 Deus
840 403 1053 474 primus,
1086 414 1133 460 et
1155 419 1244 478 ego
1272 413 1464 476 postea,
1489 416 1532 458 et
1563 412 1740 472 prater
1761 420 1839 458 me
1863 403 1995 456 Deus
2013 419 2112 457 non
2141 405 2190 461 A
2220 403 2356 457 vobis
2395 416 2441 458 et
2488 423 2588 473 pax
2619 424 2648 460 a
2696 405 2801 461 Deo
2836 408 3012 479 Patre,
3054 420 3101 464 et
3152 411 3366 467 Domino
3410 413 3526 470 Iesu
3570 417 3725 478 Christo

544 502 615 544 est
639 491 786 563 (Isai.
812 509 953 559 xuv,
975 496 1053 563 6).
1074 498 1137 550 Et
1162 498 1348 551 iterum
1382 514 1393 550 :
1431 496 1503 549 Tu
1533 506 1698 549 autem
1724 513 1825 549 non
1856 497 1987 549 nosti
2014 513 2109 561 me,
2221 494 2395 563 (Rom.
2423 512 2458 559 ι,
2488 496 2543 565 7)
2578 516 2588 550 :
2622 508 2676 553 et
2721 500 2918 554 nullam
2951 502 3273 557 mentionem
3300 484 3419 560 eum
3448 506 3615 564 fecisse
3638 511 3725 583 Spi.

544 586 662 639 auia
689 601 779 655 ego
813 586 1057 642 Dominus
1091 589 1245 652 Deus,
1295 599 1342 642 et
1388 606 1486 642 non
1515 600 1584 642 est
1613 590 1748 642 alius
1786 600 1967 656 prater
2014 605 2111 643 me.
2218 585 2353 639 ritus
2382 588 2574 653 putatis
2604 606 2616 641 :
2658 590 2736 645 sic
2772 593 2960 645 iterum
3001 592 3179 647 audite
3209 610 3328 649 eum
3366 596 3431 651 ad
3470 598 3718 660 Corinthios

550 675 658 747 Ego
696 674 965 741 Dominus,
1008 688 1055 731 et
1102 696 1200 732 non
1236 690 1309 732 est
1354 680 1510 749 301
1545 680 1765 743 aniplius
1805 688 1987 747 praeter
2034 697 2115 734 me
2217 672 2543 733 scribentem
2570 680 2621 734 in
2650 682 2884 736 secunda
2919 682 3191 751 Epistula:
3217 684 3394 739 Gratia
3427 685 3610 742 Domini
3630 690 3723 749 Im

550 771 703 833 Deus,
735 778 783 821 et
830 786 931 822 non
976 787 1181 823 noveras
1234 787 1311 823 me
1350 786 1368 823 :
1423 781 1474 823 ut
1504 772 1667 824 sciant
1703 772 1791 840 qui
1830 773 1893 824 ab
1924 772 2112 825 oriente
2215 766 2423 831 Christi,
2451 778 2495 821 et
2534 770 2721 825 caritas
2751 770 2867 835 Dei,
2910 782 2957 826 et
2984 776 3371 829 communicatio
3401 777 3606 847 Spiritus
3629 799 3723 835 san-

541 862 666 924 role,
697 870 745 914 et
780 864 867 930 qui
886 863 948 915 ab
972 862 1249 926 occidente,
1281 864 1402 930 quia
1431 880 1532 916 non
1561 873 1634 916 est
1679 863 1896 931 amplius
1928 871 2111 932 praeter
2213 860 2280 910 cli
2304 874 2415 911 cum
2442 860 2670 913 omnibus
2697 861 2832 915 vobis
2867 861 2963 931 (II'
2991 862 3110 917 Cor.
3138 879 3249 932 xltt,
3284 865 3394 934 15).
3434 867 3494 920 Et
3520 872 3701 937 quematl

540 968 638 1006 me.
678 951 785 1023 Ego
803 952 1047 1005 Dominus
1078 951 1232 1017 Deus,
1255 963 1301 1007 et
1322 970 1420 1006 non
1450 965 1523 1008 est
1543 955 1759 1023 amplius
1792 953 1945 1024 (Isai.
1981 970 2104 1021 xcv,
2211 950 2426 1004 modum
2454 950 2539 1005 hic
2565 951 2700 1005 dixit
2728 953 2915 1006 caritas
2947 953 3063 1019 Dei,
3086 953 3164 1009 sic
3185 955 3344 1009 etiam
3373 955 3435 1009 ad
3465 956 3716 1014 Romanos:

538 1042 620 1107 4).
663 1042 814 1107 Quod
842 1044 885 1095 si
931 1042 1206 1097 audieritis
1237 1044 1288 1097 in
1319 1044 1436 1097 Jbel
1483 1044 1747 1099 dicentem
1784 1044 1949 1100 Deum
1978 1062 1991 1097 :
2042 1044 2109 1097 Et
2215 1041 2429 1096 Obsecro
2458 1053 2625 1097 autem
2649 1060 2732 1098 vos
2754 1049 2939 1115 fratres
2964 1062 3055 1115 per
3076 1044 3348 1099 Dominum
3362 1059 3573 1102 nostrum
3586 1048 3717 1106 Iesum

539 1133 866 1199 cognoscetis,
898 1133 1125 1202 quia'ego
1153 1134 1205 1186 in
1233 1135 1396 1187 medio
1430 1132 1598 1188 Israel
1620 1152 1751 1189 sum.
1785 1134 1893 1205 Ego
1927 1134 2105 1188 Domi-
2210 1130 2485 1197 Christum,
2514 1141 2559 1184 et
2592 1149 2681 1200 per
2708 1135 2972 1187 caritatem
3016 1134 3238 1204 Spiritus
3284 1140 3619 1192 concertamini
3644 1158 3719 1195 nte-

540 1238 633 1274 nns
672 1220 806 1275 Deus
839 1233 1021 1286 vester,
1070 1232 1115 1276 et
1152 1240 1253 1276 non
1284 1234 1358 1276 est
1376 1224 1510 1277 alius
1548 1234 1733 1295 prater
1753 1242 1832 1278 me
1863 1226 2019 1294 (Joel.
2047 1241 2102 1291 ιι,
2208 1238 2323 1274 cum
2348 1228 2402 1276 in
2438 1224 2755 1278 orationibus
2794 1225 2916 1279 meis
2939 1241 3032 1293 pro
3060 1241 3139 1278 me
3167 1228 3233 1278 ad
3260 1225 3427 1280 Deum
3468 1228 3621 1296 (Rom.
3649 1246 3714 1297 xv,

535 1313 656 1381 27);
690 1321 742 1367 et
763 1313 895 1367 alias
935 1315 1245 1381 hujusmudi
1294 1316 1709 1371 innumerabiles
1739 1317 2100 1387 professiones
2206 1314 2317 1385 50).
2363 1314 2427 1369 Et
2475 1330 2597 1369 cum
2642 1316 2838 1371 Paulus
2881 1319 3198 1372 asseruisset
3241 1320 3719 1377 communicationem

536 1404 834 1457 divinarum
880 1404 1276 1473 Scripturarum
1328 1421 1445 1459 cum
1490 1408 1703 1470 auditis,
1759 1422 1857 1462 nec
1906 1407 2100 1462 Filium
2204 1406 2434 1474 Spiritus
2460 1408 2753 1475 vobiscum,
2798 1408 3032 1463 Joannes
3076 1411 3182 1470 ait;
3214 1411 3599 1466 Communicatio
3626 1429 3712 1466 vero

536 1496 714 1564 utique
752 1494 1009 1549 dubitatis
1057 1496 1165 1549 Deo
1210 1498 1580 1550 connumerari
1606 1540 1619 1551 .
1654 1498 1717 1552 Et
1760 1498 1949 1563 quibus
1978 1508 2101 1553 ante
2205 1512 2381 1551 nostra
2412 1508 2465 1552 ut
2511 1499 2576 1551 sit
2623 1515 2738 1552 cum
2771 1498 2947 1565 Patre,
2984 1512 3029 1553 et
3068 1496 3209 1553 Filio
3250 1502 3364 1570 ejus
3398 1499 3516 1554 Iesu
3563 1499 3712 1555 Christo

531 1584 1179 1652 consensistisScripturis
1200 1585 1395 1639 dixisse
1415 1586 1481 1640 de
1500 1586 1655 1640 Patre
1676 1596 1726 1641 et
1746 1586 2097 1655 Fitio,iisdem
2204 1588 2379 1654 (J'oan.
2411 1604 2451 1654 ι,
2494 1588 2570 1657 5).
2616 1588 2811 1643 Paulus
2841 1598 3017 1643 autem
3070 1590 3345 1657 apostolus
3373 1588 3493 1643 dicit
3528 1608 3538 1642 :
3566 1589 3715 1645 Fidelis

536 1690 676 1729 nunc
705 1676 973 1729 Contraria
1019 1676 1116 1728 ista
1154 1690 1270 1729 esse
1316 1676 1504 1730 dicetis
1545 1678 1572 1731 ἒν
1598 1680 1703 1731 Aut
1734 1678 1952 1731 forsitan
1986 1678 2100 1734 haec
2203 1691 2373 1732 autem
2407 1679 2562 1743 Deus,
2601 1696 2688 1750 per
2716 1695 2860 1749 quem
2882 1680 3046 1732 vocati
3073 1695 3243 1732 sumus
3272 1680 3325 1731 in
3356 1681 3709 1733 communicatio-

532 1784 635 1822 m~n
673 1778 795 1821 sunt
820 1759 1217 1836 ’S'cripturarum
1250 1767 1445 1822 verba?
1472 1768 1713 1838 Nunquid
1743 1769 2099 1824 adversantur
2130 1753 2173 1812 Β
2202 1787 2313 1824 nem
2344 1767 2471 1823 Filii
2494 1772 2572 1825 sui
2594 1769 2719 1823 J‘esu
2741 1769 2935 1824 Christi
2962 1768 3167 1823 Domini
3194 1771 3358 1824 nostri
3389 1768 3449 1841 (I'
3468 1769 3575 1824 Cor.
3600 1787 3627 1835 ι,
3651 1772 3707 1839 9).

527 1856 632 1909 sibi
681 1856 971 1912 secundum
1006 1858 1118 1911 haec
1151 1856 1345 1912 divina:
1381 1858 1704 1926 Scriptum?
1735 1862 1905 1914 Absit.
1948 1860 2096 1915 Licet
2199 1858 2254 1913 ln
2288 1859 2453 1927 prima
2482 1858 2957 1928 quoqueEpistol‘a
2992 1859 3055 1913 ad
3092 1859 3405 1913 Corinthios
3433 1874 3625 1914 necesse
3652 1869 3708 1915 est

527 1948 671 2000 enim
719 1947 1058 2016 singulariter
1109 1949 1277 2001 sancti
1339 1949 1623 2017 loquantur
1670 1949 1830 2003 unius
1865 1951 2096 2004 nominis
2198 1948 2392 2001 iterum
2434 1948 2620 2001 audire
2677 1947 2921 2013 Paulum,
2965 1948 3287 2003 Trinitatem
3335 1948 3705 2016 praedicantem:

525 2037 820 2100 locutione,
852 2036 905 2090 id
932 2046 1013 2092 est
1036 2038 1228 2105 Patris,
1254 2039 1333 2093 vel
1365 2038 1504 2104 Filii,
1533 2040 1614 2095 vel
1639 2040 1872 2108 Spiritus
1891 2042 2091 2106 sancti;
2198 2037 2325 2093 dicit
2353 2036 2496 2092 enim
2521 2053 2537 2090 :
2568 2037 2849 2091 Divisiones
2878 2047 3047 2091 autem
3071 2038 3326 2091 donorum
3343 2048 3478 2101 sunt,
3504 2038 3614 2091 idem
3627 2054 3709 2093 vero

526 2129 577 2179 in
610 2142 714 2182 uno
744 2136 915 2182 tamen
944 2128 1160 2183 nomine
1191 2128 1503 2184 Trinitatem
1536 2146 1594 2184 se
1616 2132 1965 2200 pronuntiare
1993 2146 2089 2185 co-
2199 2132 2423 2202 Spiritus
2447 2147 2465 2184 :
2493 2140 2538 2186 et
2564 2132 2666 2184 divi
2694 2132 2835 2184 iones
2860 2132 3259 2186 ministeriorum
3290 2134 3565 2199 sunt,ideut
3585 2143 3703 2186 autem

526 2229 831 2282 gnoscunt':
868 2220 1331 2289 quod‘novissime
1360 2222 1714 2291 probavimus.
1749 2223 1818 2278 Ut
1844 2223 1984 2277 enim
2014 2224 2095 2277 lia:
2198 2221 2446 2275 Dominus
2470 2237 2490 2275 .'
2518 2231 2565 2275 et
2613 2222 2880 2274 divisiones
2922 2222 3276 2291 Operationum
3318 2230 3456 2289 sunt,
3493 2224 3605 2277 idem
3622 2240 3702 2277 sero

524 2309 898 2375 professiones
918 2311 1106 2365 Filium
1130 2326 1233 2366 non
1262 2312 1546 2367 excludunt
1576 2312 1644 2367 ab
1666 2315 1868 2369 unitate
1894 2314 2092 2379 Patris,
2196 2312 2333 2366 Deus
2354 2313 2438 2385 qui
2464 2322 2702 2383 aperatur
2731 2311 2900 2364 omnia
2938 2312 2991 2363 in
3034 2312 3269 2366 omnibus
3299 2312 3349 2378 (I
3382 2313 3492 2368 Cor.
3534 2329 3610 2379 xu,
3634 2312 3691 2378 4).

523 2401 634 2453 imo
680 2410 733 2454 et
775 2402 1030 2469 Spiritum
1076 2413 1318 2457 sanctum
1365 2414 1803 2457 connuma-ratum
1852 2404 1993 2458 Patri
2041 2413 2095 2460 et
2193 2403 2326 2457 Cum
2353 2402 2571 2456 dixissm
2591 2410 2767 2455 autem
2794 2401 2956 2455 Deum
2980 2402 3158 2455 omnia
3190 2403 3242 2455 in
3264 2403 3503 2456 omnibus
3526 2404 3700 2472 operari,

525 2490 657 2545 Filio
695 2494 987 2557 continent,
1013 2493 1458 2561 quemadmodum
1492 2497 1543 2548 in
1571 2495 1769 2548 sanctis
1801 2493 2093 2565 Scripturis
2194 2504 2245 2547 et
2280 2493 2546 2559 professus
2574 2490 2764 2545 fuisset
2792 2489 2928 2544 dona
2956 2505 3073 2559 quae
3109 2505 3206 2559 per
3240 2493 3480 2561 spiritum
3511 2494 3701 2577 Ecclesia

523 2589 956 2650 tuonstravimus,
986 2586 1063 2642 sic
1093 2604 1191 2643 nec
1220 2605 1339 2643 cum
1370 2591 1581 2646 Patrem
1609 2601 1662 2646 et
1693 2591 1887 2645 Filium
1914 2590 2078 2645 nomi‘

2195 2582 2484 2645 donantur,
2532 2579 2755 2649 adiecit:
2804 2579 2931 2633 Hice
2960 2580 3131 2633 omnia
3175 2592 3418 2647 aperatur
3453 2599 3570 2636 unus
3596 2592 3698 2649 atque

521 2693 649 2735 nant
695 2682 1004 2751 scripturae,
1034 2684 1289 2752 Spiritum
1323 2695 1571 2754 tanquam
1601 2695 1838 2739 creatum
1882 2685 2076 2739 univer-

2194 2674 2327 2726 idem
2355 2671 2857 2741 Spriritus,dividens
2878 2669 3091 2741 singulis
3116 2681 3267 2741 prout
3297 2672 3403 2726 vult
3434 2673 3598 2743 (Ibid.,
3619 2672 3694 2735 ll).

521 2771 665 2825 stati
714 2784 1119 2827 coununterant.
1173 2774 1383 2842 Alioqui
1423 2775 1691 2843 quomodo
1721 2777 1788 2829 de
1847 2775 2002 2829 Patre
2041 2790 2076 2826 επ

2200 2762 2408 2816 Docens
2448 2762 2812 2830 operationem
2844 2760 2961 2825 Dei,
2988 2761 3355 2829 operationem
3385 2778 3498 2818 esse
3533 2764 3698 2833 Spiritus

521 2864 658 2919 Filio
705 2864 901 2929 dicitis,
951 2865 1033 2919 vel
1064 2864 1375 2919 asseruistis
1425 2865 1728 2931 Scripturas
1771 2880 2070 2920 memorare

2195 2856 2388 2922 sancti,
2420 2852 2657 2921 nunquid
2685 2852 2890 2908 destitit
2914 2866 2941 2905 a
2972 2850 3239 2906 Trinitate
3272 2852 3499 2908 Paulus?
3524 2852 3706 2921 nunquid

455 2996 464 3005 .
523 2958 842 3013 arbitrantes
874 2972 979 3012 non
1009 2958 1385 3012 connumerari
1408 2972 1529 3011 cum
1562 2958 1716 3012 Patre
1731 2966 1786 3013 et
1814 2959 1946 3013 Filio
1974 2958 2010 3014 S

2195 2943 2457 2997 subtraxit
2476 2942 2606 3011 ,Deo
2636 2952 2692 2995 et
2722 2940 2859 2996 Filio
2904 2942 3159 3010 Spiritum
3193 2951 3249 2996 et
3278 2944 3414 2998 sicut
3444 2944 3504 2998 ad
3529 2942 3696 2999 Thessa-

522 3052 695 3103 ritum‘
713 3059 953 3104 sanctum
969 3058 1053 3103 ret
1082 3048 1125 3103 si
1146 3048 1421 3103 audieritis
1444 3047 1745 3118 Scripturas
1770 3050 2077 3104 mentioned

2196 3035 2323 3087 lonit
2338 3049 2496 3088 enses
2524 3033 2737 3102 scripsit
2764 3052 2777 3087 :
2820 3031 2941 3103 Ipse
2966 3043 3135 3086 autem
3162 3031 3305 3088 Deus
3326 3037 3458 3103 pacis
3482 3036 3696 3103 sanctiﬁcat

527 3140 784 3193 facientes
817 3139 910 3192 Dei
954 3146 1009 3192 et
1037 3139 1273 3206 spiritus,
1316 3139 1442 3208 quid
1489 3112 1637 3193 erilis
1679 3139 1867 3194 facturi
1894 3141 1931 3194 Τ
1957 3140 2082 3195 Dicit

2139 3112 2178 3176 Ῐ
2199 3140 2284 3178 vos
2308 3127 2375 3177 ad
2401 3125 2679 3194 perfectum
2728 3122 2789 3193 (Γ
2817 3123 2990 3179 Thess.
3023 3138 3075 3189 v,
3107 3124 3225 3195 23).
3263 3125 3336 3179 ita
3364 3126 3426 3180 ad
3463 3124 3694 3180 Corinthios

523 3246 654 3285 sane
700 3231 953 3299 propheta
1009 3233 1270 3299 Aggmus:
1305 3230 1630 3302 Quapropter
1669 3249 1760 3303 ego
1796 3249 1907 3286 sum
1928 3232 2094 3289 ινορεε-
2199 3215 2443 3281 inprima
2466 3212 2848 3281 EpistolarSed
2866 3212 3025 3266 abluti
3045 3213 3690 3283 estis,s~edsanctiﬁeotiestis,

523 3339 657 3384 cum,
686 3322 808 3375 ἀίσξι
838 3320 1083 3375 Dominus
1113 3323 1442 3392 omnipotem,
1470 3334 1517 3377 ει
1549 3322 1772 3391 spiritu,
1800 3340 1937 3378 me,“
1974 3340 2093 3379 εοη.
2196 3312 2287 3362 sed
2300 3306 2572 3379 justiﬁcati
2596 3306 2714 3359 estis
2735 3307 2787 3358 in
2810 3306 3013 3359 nomine
3037 3304 3244 3359 Domini
3261 3308 3419 3361 nostri
3437 3303 3696 3360 JesttCltristi

522 3422 621 3467 stat
647 3415 894 3468 in-tnedio
936 3424 1153 3467 vestrum
1185 3414 1383 3484 (Λαρτινί
1408 3431 1466 3482 ιι,
1510 3417 1564 3481 5,
1614 3415 1685 3484 ϐ).
1740 3416 2077 3472 Consideratt

2196 3399 2249 3450 in
2297 3398 2497 3467 Spiritu
2547 3395 2637 3449 Dei
2669 3396 2831 3451 nostri
2859 3394 2923 3467 (I'
2943 3394 3064 3450 Cor.
3085 3411 3160 3460 vt,
3190 3397 3306 3460 il).
3337 3395 3694 3452 Consideratisne

519 3522 647 3575 ergo
676 3505 771 3560 ubi
815 3507 1023 3573 ponatis
1055 3505 1248 3559 Filium
1277 3523 1289 3559 :
1324 3521 1449 3561 ecce
1475 3508 1615 3562 enim
1658 3508 2000 3577 omnipotens
2036 3524 2066 3564 e

2194 3489 2352 3558 303
2399 3488 2653 3557 Spiritum
2706 3496 2947 3542 sanctum
3011 3488 3211 3559 ubique
3271 3488 3625 3559 Scripturarum
3660 3488 3693 3536 in

517 3599 736 3665 spiritus
787 3597 1127 3667 signiﬁcatur.
1170 3597 1276 3651 Aut
1305 3599 1348 3652 si
1376 3598 1660 3654 audieritis
1681 3600 1867 3653 Laiam
1910 3600 2089 3655 diccn-
2196 3585 2235 3639 Ρ
2239 3594 2354 3639 iure
2382 3591 2436 3638 ει
2466 3582 2603 3675 Fili?
2628 3582 3040 3675 οοηηυηιθτέτίτ
3082 3581 3394 3675 ᾹυάῘθ-ηάυδ
3423 3582 3559 3651 Ph"e
3582 3578 3697 3675 fil“?

518 3698 655 3741 tem:
702 3688 787 3742 Va:
815 3690 909 3755 ﬁlii
947 3691 1241 3746 desertores.
1274 3689 1381 3743 ltwc
1410 3690 1530 3742 dicit
1556 3690 1803 3744 Dominus
1832 3707 1850 3745 :
1875 3690 2099 3746 Fecistis
2195 3678 2246 3729 i"
2279 3676 2407 3729 ιεεῖτι
2440 3673 2692 3744 lm’Phem
2711 3672 3130 3769 ’ξεῐηθίῖβεξηπν
3163 3681 3220 3769 ξι
3247 3672 3451 3769 mire"?
3474 3711 3486 3733 ν
3512 3667 3695 3769 ξίδνίξί⁸

521 3781 789 3833 consilium
829 3797 929 3833 non
960 3798 1044 3850 per
1081 3797 1203 3835 me:
1248 3791 1294 3835 et
1331 3792 1534 3853 pactum
1583 3799 1682 3835 non
1721 3801 1809 3850 per
1843 3783 2073 3854 Spiritun

2193 3776 2303 3821 tum
2334 3777 2573 3822 sanctum
2614 3764 2906 3834 prtedicans
2936 3781 2947 3815 :
2981 3763 3060 3817 sic
3097 3761 3243 3817 enim
3273 3763 3345 3816 ait
3374 3778 3388 3815 :
3418 3759 3537 3813 Audi
3558 3752 3694 3808 mela-

518 3886 729 3923 meum:
765 3870 986 3940 adjicere
1014 3882 1215 3940 peccata
1242 3890 1397 3941 super
1431 3882 1635 3943 peccata
1660 3873 1813 3942 (Isai.
1850 3892 1981 3939 xxx,
2014 3875 2063 3945 l)

2193 3861 2283 3912 cob’
2304 3872 2347 3912 et
2375 3858 2561 3925 Israel,
2591 3871 2739 3925 quem
2768 3870 2858 3927 ego
2886 3870 3007 3907 voco
3034 3871 3052 3907 :
3088 3852 3201 3923 Ego
3231 3869 3340 3908 sum
3368 3852 3559 3922 primus,
3584 3859 3617 3898 et
3635 3857 3701 3913 ego

518 3964 585 4017 Et
614 3964 848 4018 iterum:
870 3963 1225 4018 Occurreruut
1258 3967 1353 4020 sibi
1388 3982 1566 4032 cervce,
1598 3977 1644 4021 et
1668 3969 1901 4021 viderunt
1931 3970 2073 4037 faciet

2191 3956 2242 4008 in
2273 3964 2531 4017 (rternum,
2564 3962 2613 4006 et
2642 3966 2828 4003 manus
2849 3964 2961 4001 mea
2985 3947 3219 4016 fundavit
3250 3956 3461 4007 terram,
3485 3952 3526 3996 et
3548 3940 3693 4033 dextera

512 4072 635 4111 suas
674 4073 691 4110 :
734 4074 944 4112 numero
988 4060 1317 4121 transierunt,
1359 4070 1408 4114 et
1436 4078 1539 4115 una
1575 4079 1637 4116 ea:
1675 4064 1746 4116 eis
1776 4079 1876 4116 non
1917 4066 2085 4132 periit.
2192 4060 2299 4097 me"
2340 4043 2558 4111 ﬁrmavit
2586 4040 2787 4137 "lim"
2826 4038 3031 4092 vocabo
3058 4052 3141 4090 ⁸⁰⁸
3167 4044 3443 4137 "mf-“ﬂ”
3468 4031 3693 4137 ","b""f__‘f

512 4150 631 4203 Alia
660 4152 816 4204 aliam
848 4169 947 4205 non
985 4154 1233 4220 quaesivit,
1264 4155 1384 4223 quia
1413 4154 1660 4210 Dominus
1691 4128 1959 4211 mandavit
1983 4159 2078 4222 eis,
2190 4135 2316 4197 mu"
2342 4144 2387 4186 ⁸³
2413 4132 2851 4225 σθηθνεθίξθαηωτ
2876 4144 3065 4225 omni”?
3099 4128 3407 4225 e‘_audien"
3435 4128 3533 4193 qui,
3548 4130 3694 4225 “flag.

511 4250 559 4292 et
590 4240 813 4310 Spiritus
837 4246 947 4313 ejns
979 4208 1300 4315 congregavit
1329 4263 1409 4300 eas
1444 4208 2078 4321 (Isai.xxxtv,ld,vllii:
2188 4228 2325 4280 mw“
2348 4228 2423 4279 θίδ
2448 4226 2608 4278 (alia?
2638 4222 2864 4293 Diligens
2894 4231 2938 4274 τί
2970 4222 3065 4321 ff
3084 4219 3390 4321 ﬁlumawm
3419 4229 3541 4321 (fam
3560 4214 3604 4321 In

511 4307 640 4385 llaec
667 4346 791 4400 ergo
815 4307 1112 4403 audientes,
1152 4307 1241 4390 tibi
1272 4307 1462 4390 Filium
1490 4340 1768 4407 qttmritis?
1791 4307 1895 4395 Aut
1918 4307 2084 4396 sint,»
2189 4322 2399 4392 θυίοηεο
2443 4330 2497 4373 ιιι
2544 4319 2723 4373 ῑοίίαηι
2762 4332 2927 4370 88mm
2974 4314 3339 4368 Chaldworum
3371 4329 3387 4366 :
3425 4307 3694 4408 Ego‘lontu

513 4418 725 4472 dieritis
756 4418 1061 4474 Zachariam
1102 4424 1414 4491 protihetam
1443 4404 1704 4481 dicentem
1740 4447 1750 4481 :
1790 4429 1965 4483 Patres
1996 4448 2079 4485 ve-
2115 4483 2170 4503 η
2192 4433 2303 4471 sum
2323 4461 2336 4483 ν
2365 4432 2455 4485 θὲ1⁰
2481 4415 2681 4477 vocavit
2710 4412 2902 4464 “dduxi
2932 4410 3109 4475 mum’
3142 4420 3188 4463 θ’
3217 4422 3500 4503 Ρ⁷⁰³Ρ⁸Γ¹⁸Ϊ²¹
3621 4404 3693 4498 φ’

512 4512 607 4563 stri
638 4511 721 4562 ubi
748 4523 862 4565 sunt
884 4522 929 4564 et
957 4483 1258 4581 prOpIiette?
1285 4516 1405 4569 dicit
1442 4517 1687 4573 Dominus
1716 4538 1733 4574 :
1763 4522 2008 4592 Nunquid
2031 4483 2067 4577 it

2138 4483 2170 4541 Ἰ
2190 4508 2287 4577 feci
2310 4522 2341 4560 ε’
2360 4483 2582 4557 accedite
2604 4504 2681 4556 ad
2698 4520 2792 4565 nio,
2816 4512 2861 4554 et
2891 4502 3061 4554 audite
3090 4501 3197 4554 lucc
3224 4517 3325 4554 non
3345 4516 3375 4552 a
3397 4494 3609 4585 principio
3625 4504 3640 4542 :
3658 4487 3693 4538 is

513 4611 754 4655 internum
792 4603 986 4657 vivent?
1020 4604 1375 4660 Verumtamen
1416 4625 1671 4664 sermones
1703 4627 1838 4667 meos
1871 4591 1917 4667 et
1960 4616 2068 4684 legi

2188 4596 2480 4649 abscondito
2513 4596 2712 4648 laetatus
2755 4610 2866 4647 sum
2908 4593 3014 4645 lucc
3054 4592 3264 4662 quando
3303 4591 3506 4660 ﬁebant,
3534 4594 3573 4639 et
3603 4592 3691 4684 Mf

514 4694 638 4745 “ma
677 4709 785 4745 mea
814 4696 1070 4763 pem-pm,
1100 4697 1262 4768 302
1288 4715 1402 4769 qua,
1450 4716 1540 4769 (gn
1584 4703 1769 4755 mando
1801 4705 1851 4756 ίη
1888 4670 2084 4775 δρίνξρα
2193 4684 2440 4738 Dominus
2466 4685 2599 4737 misit
2628 4700 2738 4748 me,
2767 4693 2812 4736 et
2844 4684 3070 4754 Spiritus
3104 4686 3213 4747 eius
3245 4683 3396 4750 (lsai.
3425 4693 3592 4775 xtvtn,

513 4799 621 4837 meo
648 4785 803 4838 servis
837 4786 959 4839 meis
990 4786 1267 4856 prophetis,
1295 4793 1415 4858 quia
1435 4792 1881 4859 appreltenderunt
1911 4772 2068 4861 patret

2189 4781 2253 4834 Et
2290 4781 2479 4834 iterutn
2506 4796 2519 4831 :
2554 4776 2665 4847 Ego
2694 4794 2806 4830 sunt
2837 4777 2922 4845 qui
2945 4776 3087 4829 deleo
3115 4776 3429 4843 iniquitates,
3457 4772 3530 4824 dic
3552 4779 3598 4868 tu
3621 4772 3692 4815 im-

511 4885 698 4929 vestros
727 4875 908 4935 (Zach.
938 4891 975 4942 t,
998 4875 1075 4946 5).
1115 4877 1226 4931 Aut
1248 4881 1291 4933 si
1317 4882 1596 4935 audieritis
1626 4882 1785 4939 David
1815 4860 2089 4941 dicentem
2116 4876 2121 4881 ’
2190 4870 2403 4934 quimus
2431 4878 2542 4922 ‘ua‘
2564 4869 2724 4935 Ρνίονν
2754 4874 2809 4919 ut
2828 4866 3127 4935 jus'iﬁcm’
3151 4881 3169 4919 ³
3193 4874 3360 4933 patr“
3382 4860 3517 4917 mm
3534 4860 3691 4959 prio.“

512 4965 624 5019 Deo
662 4984 672 5017 :
713 4967 825 5030 Quo
866 4968 948 5020 ibo
985 4984 1016 5019 a
1057 4966 1257 5035 Spiritu
1302 4979 1384 5023 tuo
1416 5013 1431 5035 ,
1457 4980 1503 5025 et
1533 4988 1631 5042 quo
1661 4990 1692 5026 a
1732 4975 1863 5043 facie
1885 4986 1971 5029 tua
2000 4980 2085 5043 fu-
2193 4971 2239 5013 ετ
2269 4961 2520 5031 ρνίηεῖρεδ
2547 4975 2718 5013 eorum
2745 4959 2915 5028 inique
2939 4970 3144 5029 θθεηιηε
3170 4960 3220 5012 δη
3252 4974 3350 5025 πίεν
3376 4965 3419 5010 ⁸⁸
3444 4959 3692 5043 columina:

508 5058 645 5126 giam
678 5055 847 5127 (Psal.
878 5073 1140 5125 cxxxvm,
1173 5059 1275 5130 7)?‘
1301 5061 1435 5126 Quid
1466 5037 1769 5131 cogitabitis
1807 5064 1873 5119 de
1911 5037 2063 5120 Filio‘

2190 5063 2367 5105 verunt
2390 5053 2641 5123 principes
2670 5060 2847 5104 sancta
2878 5066 2988 5103 mea
3007 5091 3021 5113 ,
3050 5057 3097 5107 et
3126 5050 3245 5102 dedi
3269 5048 3470 5118 perdere
3490 5037 3639 5099 Iacob,
3662 5038 3692 5084 ει

509 5148 563 5201 Si
593 5163 719 5201 vero
754 5156 809 5202 et
855 5150 1130 5217 apostolus
1173 5150 1367 5204 Paulus
1406 5152 1472 5205 ad
1499 5152 1806 5208 Corinthios
1842 5156 2041 5212 scribat

2194 5142 2367 5197 Israel
2404 5146 2455 5197 in
2502 5144 2829 5213 opprobrium
2872 5142 3025 5212 (lsai.
3060 5159 3219 5207 xu",
3253 5142 3366 5212 25).
3412 5138 3550 5193 Nunc
3570 5138 3691 5183 autem

511 5238 733 5292 Nescitis
758 5239 877 5306 quia
908 5240 1149 5309 templum
1196 5240 1286 5293 Dei
1312 5242 1448 5305 estis,
1480 5253 1526 5295 et
1557 5243 1783 5312 Spiritus
1818 5244 1910 5299 Dei
1934 5246 2078 5299 habt-
2193 5237 2315 5289 andi
2341 5252 2465 5307 puer
2504 5251 2643 5288 metu
2678 5233 2836 5286 Iacob
2875 5244 2921 5287 et
2965 5232 3131 5286 Israel
3164 5249 3313 5303 quem
3341 5229 3485 5322 elegi.
3514 5222 3693 5322 ηυξαεξθ

510 5326 673 5383 ιιιι’ἱη
701 5330 895 5401 vobis(l
926 5330 1044 5384 Cor.
1071 5346 1148 5400 In,
1183 5332 1317 5402 16)?‘
1343 5332 1552 5387 Patrem
1585 5344 1636 5389 et
1668 5336 1922 5405 Spiritum
1954 5353 2081 5392 con-
2193 5332 2324 5384 dabo
2350 5346 2533 5399 aquam
2562 5329 2616 5381 ίη
2648 5329 2733 5380 δίιί
2762 5328 2824 5379 ίίε
2848 5328 2932 5395 σαί
2957 5327 3052 5379 ίέτ
3081 5329 3305 5394 Ῑεεενυπί
3335 5323 3383 5375 δη
3403 5321 3554 5411 ⁸ί⁶⁶⁰ξ

512 5422 782 5476 numerari
819 5422 1012 5477 dabitis
1042 5440 1055 5476 :
1090 5422 1277 5485 Filium
1310 5438 1438 5478 vero
1463 5424 1514 5477 in
1558 5425 1662 5491 his,
1694 5441 1810 5495 quae
1834 5442 1927 5495 per
1955 5428 2078 5497 Spi-
2188 5436 2305 5473 nam
2329 5419 2578 5488 Spiritum
2604 5434 2767 5470 meum
2787 5434 2941 5486 super
2961 5433 3125 5470 semen
3154 5427 3313 5479 tuum,
3337 5423 3383 5466 et
3399 5406 3691 5497 licueditrtiolm

512 5515 671 5565 ritum
704 5524 825 5568 sunt
855 5515 1100 5584 ponetis?
1147 5515 1489 5584 Nequaquam
1525 5532 1692 5585 rogo:
1728 5533 1823 5573 nec
1847 5520 1898 5573 in
1934 5535 2067 5573 men~

2188 5531 2327 5567 meas
2352 5529 2505 5577 super
2533 5512 2666 5579 filios
2698 5520 2810 5563 tuos
2857 5509 3009 5578 (Isai.
3040 5525 3178 5573 xciv,
3208 5509 3285 5575 ἲ).
3317 5507 3424 5574 ipse
3443 5494 3688 5594 vetitis-aia:

514 5614 619 5655 tem
651 5616 899 5672 vestram,
932 5608 1164 5675 religiosi
1193 5608 1316 5670 viri,
1348 5607 1447 5660 hoc
1478 5605 1664 5660 subeat
1695 5622 1956 5675 unquam;
1988 5610 2089 5663 sed
2188 5604 2505 5658 Trinitatem
2537 5602 2862 5670 prmdicans,
2900 5601 2969 5653 ait
3002 5618 3013 5652 :
3049 5599 3175 5652 Ecce
3221 5611 3397 5651 nomen
3437 5586 3607 5644 Domini
3627 5586 3688 5643 ρετ

513 5693 955 5760 quemadmodum
1005 5698 1213 5752 dixistis
1268 5678 1484 5750 Paulum
1535 5696 1811 5764 scripsisse
1856 5714 1867 5748 :
1903 5697 2081 5750 (iratia
2191 5699 2403 5752 multum
2436 5706 2626 5768 tempus
2661 5699 2791 5752 venit
2818 5698 3002 5752 ardens
3037 5696 3143 5762 ira,
3176 5711 3286 5749 cum
3316 5690 3468 5760 gloria
3492 5681 3686 5740 ἰαίνίυηίω
