3938 6376
134 402 236 459 513

1364 381 1447 439 DE
1487 382 1852 440 TlllNlTATE
1893 380 2017 436 LIB.
2064 376 2172 436 ΧΠ.

3275 373 3374 433 3H

132 521 264 586 ejus,
303 511 503 566 verbum
529 509 606 562 ira
629 508 831 576 plenum
860 515 908 560 et
938 505 1016 558 ira
1047 501 1229 572 furoris
1249 500 1374 555 sicut
1407 500 1535 570 ignis
1560 515 1579 553 .·
1608 499 1694 551 sed
1721 502 1768 557 Α
1799 509 2091 552 rumtatuen
2149 511 2305 566 quam
2382 483 2485 549 non
2557 505 2722 550 terret
2785 509 2878 550 eos
2935 493 3188 551 Dominus
3211 537 3225 560 ,
3284 495 3369 562 qui

131 617 174 659 et
196 605 418 672 Spiritus
443 604 552 673 ejus
573 603 701 653 sicut
725 614 855 664 aqua
883 599 934 649 in
960 595 1090 648 valle
1117 593 1338 655 trahens,
1363 593 1517 644 veniet
1543 607 1695 658 usque

131 699 194 751 ad
214 696 402 750 collum
433 691 586 764 (Isai.
617 707 743 754 xxx,
773 688 886 756 27).
921 684 1115 740 Audite
1144 698 1271 736 vero
1302 690 1355 735 et
1383 680 1692 734 Zachariam

130 789 438 844 Trinitatem
477 783 852 854 przedicantem
883 794 897 831 :
933 777 1004 830 ait
1048 775 1190 829 enim
1220 791 1230 823 :
1267 770 1390 824 liter
1433 771 1554 821 dicit
1588 767 1693 820 Do-

130 882 291 934 minus
324 877 668 946 omnipotens;
691 870 948 942 judicium
973 866 1172 935 justum
1200 861 1457 931 judicate,
1501 858 1696 910 miseri-

128 972 348 1027 cordiam
375 978 422 1022 et
461 964 806 1020 miserationes
847 959 996 1029 facite
1034 953 1375 1022 unusquisque
1399 950 1466 1002 ad
1488 952 1697 1017 fratrem

127 1077 267 1115 suum
297 1075 314 1112 :
343 1067 389 1111 et
416 1057 580 1109 vidua:
605 1062 650 1107 et
684 1049 876 1120 pupillo
903 1058 948 1100 et
978 1046 1206 1108 advenis,
1239 1054 1282 1096 et
1308 1040 1518 1111 pauperi
1543 1039 1698 1091 nolite

126 1172 207 1224 per
234 1153 510 1222 potentiam
551 1162 761 1210 nocere,
808 1151 854 1195 et
891 1140 1098 1193 malitia:
1140 1134 1484 1204 unusquisque
1523 1131 1697 1201 fratris

126 1248 198 1300 sui
223 1245 382 1299 nolite
407 1255 649 1294 memores
671 1253 778 1290 esse
803 1237 854 1288 in
878 1233 1112 1287 cordibus
1138 1229 1335 1282 vestris.
1373 1226 1434 1278 Et
1462 1242 1560 1278 non
1584 1224 1700 1279 obe-

125 1341 324 1393 diernnt
351 1339 642 1398 advertere,
671 1331 759 1385 sed
787 1329 1030 1383 dederunt
1059 1325 1270 1377 dorsum
1305 1321 1618 1390 insipienter,
1653 1328 1700 1372 et

125 1448 268 1486 aures
316 1447 435 1483 suas
465 1435 815 1498 gravaverunt,
844 1431 897 1476 ut
923 1437 1023 1474 non
1044 1419 1256 1472 audiant
1284 1418 1439 1487 legem
1465 1431 1628 1468 meam
1652 1425 1699 1467 et

123 1537 376 1576 sermones
408 1535 566 1584 meos,
587 1533 711 1586 quos
735 1515 868 1568 misit
893 1513 1141 1566 Dominus
1167 1509 1482 1578 omnipotens
1504 1509 1556 1559 in
1578 1505 1702 1573 Spi-

123 1613 215 1663 ritu
243 1626 342 1662 suo
363 1653 376 1675 ,
407 1609 460 1661 in
499 1607 730 1660 manibus
765 1605 1076 1658 anteriorum
1113 1602 1473 1671 praphetarum
1514 1596 1695 1667 (Zach.

124 1717 194 1764 tv,
222 1701 303 1768 6).
338 1699 571 1767 Angelus
599 1711 727 1751 vero
770 1693 976 1748 Domini
1017 1692 1186 1760 inquit
1232 1690 1297 1744 ad
1341 1689 1651 1744 Zachariam
1685 1706 1696 1739 :

124 1795 233 1848 Hoc
263 1794 468 1847 verbum
501 1790 707 1844 Domini
735 1793 786 1843 in
816 1804 969 1842 manu
996 1787 1298 1852 Zorobabel,
1330 1787 1544 1840 dicens:
1577 1784 1700 1839 Non

123 1891 169 1941 in
196 1891 379 1940 v‘rtute
417 1901 634 1955 magna,
675 1899 832 1952 neque
875 1883 927 1935 in
965 1879 1294 1950 fortitudine,
1325 1879 1412 1931 sed
1440 1878 1492 1929 in
1520 1877 1701 1945 spiritu

121 1995 244 2039 tneo,
272 1978 396 2029 dicit
418 1975 668 2029 Dominus
690 1976 1000 2043 omnipotens
1022 1970 1203 2042 (Zach.
1229 1985 1300 2032 tv,
1324 1968 1403 2032 6).
1431 1967 1701 2022 Michteatn

121 2083 332 2137 quoque
354 2066 655 2131 audiamus,
683 2065 994 2118 Trinitatem
1021 2060 1452 2131 pronuntiantem
1480 2075 1494 2113 :
1518 2069 1570 2113 et
1591 2061 1704 2127 ipse

120 2158 259 2212 enim
289 2159 363 2211 ait
389 2173 406 2212 :
441 2156 568 2210 licet:
597 2156 717 2209 dicit
745 2155 998 2208 Dominus
1026 2156 1093 2206 ad
1124 2153 1419 2220 praphetas,
1447 2153 1534 2221 qui
1555 2153 1704 2205 sedu-

121 2257 237 2300 cunt
269 2247 514 2317 populum
543 2245 706 2316 305.
733 2261 925 2309 meum,
958 2254 1005 2298 et
1043 2244 1270 2297 mordent
1307 2243 1538 2296 dentibus
1564 2244 1700 2308 suis,

118 2342 204 2408 qui
229 2341 514 2409 praedicant
536 2357 689 2407 super
709 2355 823 2392 eum
853 2355 1050 2408 pacem,
1079 2346 1124 2391 et
1155 2355 1255 2391 non
1277 2346 1350 2392 est
1378 2354 1481 2405 pax
1510 2339 1633 2390 data
1654 2340 1704 2391 in

117 2452 204 2488 ore
241 2452 451 2501 eorum,
483 2445 529 2488 et
572 2436 939 2488 suscitaverunt
979 2450 1130 2504 super
1158 2450 1272 2486 eum
1315 2433 1524 2486 bellum.
1577 2433 1708 2487 Pro-

115 2537 291 2593 pterea
319 2541 422 2578 nox
450 2525 587 2577 vobis
615 2526 706 2577 erit
734 2541 796 2577 ea:
817 2526 954 2590 visu,
980 2535 1027 2577 et
1058 2524 1272 2577 tenebrae
1297 2525 1616 2580 vobisurunt
1647 2541 1710 2580 ex

116 2614 464 2679 divinatione,
493 2623 539 2666 et
574 2615 764 2666 occidet
793 2614 871 2666 sol
898 2629 1049 2680 super
1087 2613 1388 2682 prophetas,
1421 2623 1467 2667 et
1496 2617 1711 2668 tenebri-

116 2710 254 2761 cabit
281 2726 432 2780 super
459 2725 541 2762 eos
564 2710 693 2777 dies,
717 2719 762 2762 et
789 2708 1162 2777 confundentur
1187 2710 1275 2776 qui
1300 2709 1469 2762 vident
1489 2711 1708 2775 somnia,

117 2809 164 2854 et
190 2799 540 2854 irridebuntur
566 2801 743 2863 divini,
773 2810 823 2851 et
840 2800 1102 2853 detrahent
1131 2800 1193 2853 de
1219 2802 1299 2854 his
1320 2816 1489 2854 omnes
1518 2803 1620 2865 isti,
1652 2819 1710 2856 eo

117 2890 257 2955 quod
288 2904 389 2943 non
417 2890 480 2942 sit
509 2891 599 2957 qui
627 2891 912 2943 exaudiet-it
942 2905 1044 2942 eos.
1081 2888 1200 2942 Nisi
1239 2906 1328 2961 ego
1358 2890 1410 2943 in
1438 2892 1587 2958 plena
1609 2893 1710 2944 vir-

119 2991 223 3034 tute
250 2992 298 3034 et
326 2983 376 3034 in
411 2980 611 3050 Spiritu
644 2981 882 3048 Domini,
915 2997 1028 3034 cum
1050 2981 1251 3050 judicio
1291 2991 1336 3033 et
1363 2982 1587 3050 potentia
1615 2997 1709 3034 an-

119 3074 364 3125 nuntiare
404 3071 562 3125 Jacob
591 3073 882 3141 iniquitates
911 3089 1061 3137 suas,
1093 3083 1140 3125 ct
1182 3070 1348 3126 Israel
1377 3082 1582 3140 peccata
1615 3090 1710 3126 sua

1801 585 1921 639 ﬁdei
1982 593 2370 639 sacramentum
2411 583 2666 651 apostolis
2721 583 2962 647 tradens,
3021 583 3150 638 dicit
3184 599 3197 635 :
3231 581 3374 634 Enn-

1798 681 1866 724 tes
1916 687 2050 724 nunc
2107 672 2278 723 docete
2336 687 2506 724 omnes
2560 681 2766 740 gen'es,
2818 671 3128 740 baptizantes
3183 685 3265 723 eos
3321 669 3374 719 in

1799 761 1997 814 nomine
2046 759 2249 823 Patris,
2295 773 2342 815 et
2391 759 2550 823 Filii,
2600 768 2646 812 et
2691 759 2913 829 Spiritus
2958 761 3118 812 sancti
3157 757 3373 825 (Matth.

1800 865 1992 914 xxvut,
2025 848 2149 916 19)?
2182 848 2288 902 Nec
2315 864 2417 903 non
2449 859 2502 903 et
2524 850 2610 903 illa
2637 863 2823 917 magna
2855 859 2905 902 et
2931 849 3083 902 beata
3114 845 3378 900 confessio

1801 936 1950 999 ﬁdei,
1984 936 2090 988 imo
2120 935 2279 1006 305
2310 937 2418 1003 ipsa
2451 935 2579 990 ﬁdes
2623 946 2961 995 sanctorum,
2993 943 3045 988 et
3086 943 3372 986 testamen-

1801 1035 1908 1079 tum
1937 1022 2074 1093 quod
2106 1023 2464 1091 disposuimus
2494 1024 2556 1075 ad
2590 1023 2800 1077 Patrem
2823 1069 2836 1088 ,
2897 1021 3085 1074 Filium
3127 1029 3180 1073 et
3207 1018 3374 1086 Spiri-

1799 1119 1911 1166 tum
1961 1117 2232 1174 sauctum,
2281 1110 2344 1162 ad
2392 1124 2600 1163 sacrum
2647 1109 2914 1164 lavacrum
2959 1106 3382 1175 regenerationis-

1798 1201 2094 1263 venientcs,
2131 1195 2361 1252 confessi
2390 1197 2464 1249 sic
2491 1214 2502 1248 :
2536 1195 2702 1249 Credo
2723 1198 2776 1249 in
2803 1197 2964 1249 Deum
2991 1195 3195 1248 Patrem
3218 1197 3378 1246 omni-

1801 1297 2052 1358 potentem
2071 1328 2084 1350 ,
2115 1297 2160 1340 et
2189 1289 2241 1340 in
2284 1285 2459 1340 Iesum
2491 1283 2747 1338 Christum
2790 1285 2984 1339 Filium
3013 1289 3121 1356 ejus
3152 1284 3379 1353 unigeni-

1801 1389 1936 1442 tum,
1965 1388 2022 1432 .et
2053 1380 2105 1430 in
2135 1377 2387 1446 Spiritum
2426 1385 2677 1429 sanctum.
2711 1375 2777 1429 Et
2805 1375 2930 1429 licet
2953 1376 3206 1428 Dominus
3233 1374 3380 1426 tlixe-

1801 1468 1870 1521 rit
1897 1485 1910 1520 :
1944 1467 2158 1520 Creditis
2183 1468 2235 1518 in
2265 1464 2450 1529 Deum,
2482 1473 2528 1516 et
2558 1465 2616 1516 in
2639 1481 2718 1517 me
2737 1465 2926 1518 credite
2952 1464 3128 1532 (Joan.
3165 1478 3270 1526 xlv,
3304 1462 3378 1530 1),

1801 1567 1854 1613 et
1883 1571 1987 1611 non
2027 1556 2206 1610 dixit:
2236 1553 2447 1608 Credite
2492 1555 2541 1606 in
2583 1553 2839 1619 Spiritum
2881 1562 3158 1617 sanctum,
3205 1561 3381 1605 tamen

1801 1650 2029 1718 apostoli
2071 1648 2338 1702 Ecclesias
2377 1647 2538 1700 latius
2567 1645 2712 1699 orbis
2757 1645 3052 1697 docuerunt
3082 1644 3302 1698 credere
3330 1643 3381 1695 in

1806 1741 2038 1804 Patrem,
2069 1749 2123 1793 et
2146 1738 2362 1802 Filium,
2395 1748 2448 1789 et
2469 1735 2726 1803 Spiritum
2754 1745 3017 1788 sanctum.
3044 1734 3184 1799 Ergo
3207 1732 3386 1786 dicant

1733 1851 1780 1911 Β
1808 1831 1850 1886 si
1878 1832 2021 1885 salus
2047 1838 2129 1883 est
2157 1827 2241 1882 his
2269 1829 2356 1896 qui
2389 1825 2611 1879 credunt
2641 1827 2692 1877 in
2726 1825 2962 1885 Patrem,
2995 1833 3048 1876 et
3076 1823 3263 1876 Filium
3287 1863 3301 1887 ,
3333 1832 3387 1874 et

1811 1932 1916 1972 non
1945 1917 2172 1972 credunt
2201 1916 2252 1969 in
2283 1914 2538 1982 Spiritum
2569 1921 2808 1965 sanetum
2838 1927 2852 1963 :
2884 1911 2976 1964 sed
3011 1910 3168 1962 absit.
3206 1907 3386 1976 Neque

1803 2010 1944 2065 enim
1983 2009 2033 2061 in
2065 2008 2227 2060 Deum
2261 2006 2487 2059 credunt
2514 2003 2602 2071 qui
2644 2017 2746 2055 non
2777 2001 3000 2054 credunt
3040 1999 3091 2052 in
3131 1997 3386 2066 Spiritum

1803 2107 2064 2152 sanctum.
2091 2096 2330 2163 Denique
2365 2092 2578 2154 Paulus,
2608 2090 2836 2143 inventis
2879 2087 3194 2154 quibu~dam
3222 2085 3386 2138 disci-

1806 2189 1965 2257 pulis,
1997 2197 2050 2240 et
2071 2184 2412 2252 interrogatis
2433 2182 2477 2236 si
2505 2181 2764 2249 Spiritum
2793 2188 3036 2233 sanetum
3061 2177 3388 2245 accepissent

1805 2278 2084 2332 credentes
2111 2293 2122 2327 :
2157 2276 2366 2342 illisque
2398 2270 2864 2340 respondentibus,
2899 2284 2994 2323 nec
3024 2269 3068 2322 si
3095 2276 3238 2322 esset
3267 2267 3387 2335 Spi-

1806 2366 1943 2419 ritus
1982 2373 2196 2418 sanctus
2225 2361 2526 2418 audissent.
2559 2360 2690 2412 dixit
2723 2373 2737 2409 :
2770 2357 2835 2409 In
2863 2375 2960 2424 quo
2985 2373 3103 2425 ergo
3144 2357 3388 2422 baptizali

1808 2455 1926 2507 estis
1960 2454 2096 2522 (Act.
2127 2467 2238 2511 xu,
2268 2451 2358 2517 5)?
2388 2449 2624 2502 Probans
2653 2447 2742 2512 qui
2775 2460 2878 2498 non
2908 2455 3028 2499 Sunt
3060 2445 3306 2512 baptizati
3339 2445 3389 2496 in

1809 2544 2026 2598 nomine
2050 2542 2281 2610 Spiritus
2303 2539 2493 2601 sancti.
2525 2553 2621 2591 nec
2649 2539 2697 2591 in
2729 2538 2898 2590 Patris
2928 2546 2980 2590 et
3009 2535 3126 2589 Filii
3177 2535 3392 2587 nomine

1811 2649 1934 2692 esse
1992 2635 2306 2703 baptizatos.
2361 2633 2431 2684 Ita
2483 2631 2638 2698 plane
2684 2639 2738 2683 et
2794 2636 3092 2682 creatorem
3149 2625 3391 2692 spiritum

1811 2733 2051 2778 sanctum
2081 2722 2438 2790 agnoscimus.
2470 2719 2682 2788 Alioqui
2714 2719 2756 2772 si
2786 2729 2996 2772 creator
3029 2731 3131 2768 non
3161 2720 3242 2769 est
3270 2714 3392 2784 Spi-

1810 2814 1964 2879 ritus,
1996 2821 2050 2868 et
2077 2813 2195 2867 sine
2227 2813 2343 2880 ipso
2372 2811 2439 2864 ab
2468 2810 2620 2864 initio
2649 2810 2814 2864 creati
2846 2823 3029 2862 sumus
3048 2847 3065 2871 ,
3095 2822 3258 2875 quare
3291 2822 3394 2860 non

1813 2909 1865 2961 in
1894 2907 2297 2974 regeneratione
2327 2902 2444 2957 sine
2474 2917 2540 2957 eo
2569 2902 2984 2970 regeneramur?
3018 2901 3124 2954 Aut
3172 2899 3395 2953 forsitan

1812 3001 1875 3052 ad
1908 2999 2046 3051 illam
2075 2997 2467 3065 antiquitatem,
2499 3010 2618 3064 quze
2646 2993 2819 3048 fuerat
2845 3003 2968 3046 ante
2999 2992 3395 3062 prmvarieatio-

1811 3087 2112 3152 nemAdae,
2140 3087 2372 3141 restituit
2396 3101 2493 3141 nos
2521 3086 2856 3156 regeneratio
2887 3086 3107 3139 nostra?
3133 3084 3392 3151 Quoniam

122 3166 310 3232 (Mitti.
357 3181 446 3232 nt,
487 3167 567 3235 5).
616 3166 849 3220 Audiant
892 3181 1021 3236 ergo
1067 3178 1284 3222 sanctos
1327 3169 1704 3226 convenienter

1812 3179 2024 3248 quidem
2047 3220 2060 3243 ,
2092 3187 2147 3232 ut
2169 3178 2372 3241 dicitis.
2401 3180 2518 3232 sine
2547 3178 2743 3246 Spiritu
2775 3187 2960 3232 sancto
2991 3177 3154 3232 creati
3189 3192 3394 3239 smnus,

118 3255 438 3311 Trinitatem
471 3258 855 3327 praedicantes,
888 3268 941 3313 et
987 3273 1253 3328 nunquam
1285 3261 1541 3329 Spiritum
1586 3275 1708 3316 san—

119 3361 264 3406 ctum
295 3353 660 3416 universitati,
701 3368 818 3420 qua:
850 3367 946 3422 per
973 3353 1164 3407 Filium
1201 3353 1336 3408 facta
1365 3364 1479 3422 est,
1512 3371 1716 3410 connu-

118 3459 421 3510 merantes,
453 3449 545 3502 sed
590 3462 709 3502 cum
755 3447 913 3502 Patre
941 3459 996 3506 et
1029 3450 1162 3504 Filio
1209 3465 1328 3505 eum
1375 3453 1710 3520 proﬁtentes.

117 3538 271 3602 Quod
300 3538 346 3592 si
379 3539 672 3594 Salvatoris
710 3540 1015 3606 instructio,
1051 3552 1108 3597 ut
1154 3543 1328 3606 aiunt,
1373 3555 1550 3600 movet
1585 3562 1713 3604 eos.

117 3631 348 3686 dicentis
377 3647 392 3686 :
428 3631 556 3685 Haec
585 3639 659 3685 est
682 3643 852 3685 autent
880 3635 982 3686 vita
1003 3643 1212 3702 (eterna,
1244 3644 1295 3686 ut
1318 3647 1626 3705 cognoscant
1668 3646 1718 3690 te

117 3722 286 3775 solum
325 3737 498 3776 verum
536 3721 702 3776 Deum
722 3765 736 3788 ,
771 3733 816 3776 et
863 3741 1012 3793 quem
1039 3727 1222 3779 misisti
1249 3725 1426 3780 Jesum
1453 3727 1712 3784 Christum

115 3812 297 3883 (Joan.
328 3830 455 3879 m1,
490 3817 565 3883 3),
595 3825 647 3869 et
674 3829 778 3868 non
809 3815 1137 3883 perhibentis
1160 3825 1218 3871 ut
1244 3828 1570 3887 cognoscant
1590 3819 1710 3888 Spi-

113 3907 278 3959 ritum
306 3896 581 3970 sanctum;
620 3906 846 3960 satisliet
872 3906 978 3961 illis
1007 3923 1126 3962 cum
1159 3909 1374 3964 audiant
1406 3912 1575 3979 ipsom
1609 3914 1712 3968 Do-

109 4001 321 4050 minum
349 3997 679 4051 Salvatorem
712 4008 953 4052 nostrum
983 4008 1036 4052 et
1063 3999 1129 4053 de
1163 3999 1364 4067 Spiritu
1396 4001 1660 4057 dicentem
1693 4020 1706 4059 :

109 4090 172 4142 Si
196 4088 420 4156 diligitis
442 4103 540 4150 me,
565 4090 806 4140 mandata
828 4104 938 4140 mea
967 4099 1180 4152 servate,
1207 4098 1251 4143 et
1280 4105 1369 4159 ego
1395 4092 1585 4159 rogabo
1615 4091 1713 4146 Pa-

107 4197 276 4247 trem,
309 4191 356 4234 et
386 4182 548 4233 alium
577 4179 894 4234 Paraclitum
921 4182 1061 4234 dabit
1091 4182 1226 4234 vobis
1248 4221 1261 4245 ,
1294 4191 1348 4235 ut
1393 4193 1593 4236 maneat
1623 4199 1711 4236 vo-

107 4282 313 4333 biscum
346 4278 398 4330 in
421 4285 664 4329 retentum
689 4293 708 4329 :
741 4275 993 4344 Spiritum
1029 4276 1250 4328 veritatis
1270 4317 1282 4338 ,
1311 4292 1457 4343 quem
1493 4277 1714 4331 mundus

106 4388 211 4423 non
251 4377 422 4438 potest
446 4370 692 4436 accipere,
722 4368 841 4436 quia
871 4385 968 4420 non
997 4369 1118 4421 vidit
1151 4385 1261 4422 eum
1280 4409 1294 4432 ,
1328 4385 1417 4420 nec
1459 4372 1714 4438 cognoscit

109 4478 226 4515 eum
254 4476 272 4514 :
307 4476 395 4513 vos
421 4469 590 4513 autem
618 4461 920 4530 cognoscitis
943 4478 1074 4524 eum,
1105 4462 1226 4531 quia
1251 4463 1391 4531 apud
1411 4479 1495 4515 vos
1522 4473 1710 4530 manet,

113 4567 156 4606 et
184 4557 235 4606 in
259 4553 400 4607 vobis
425 4553 518 4607 erit
537 4551 715 4622 (Joan.
745 4567 852 4616 xw,
880 4553 987 4617 15).
1015 4553 1310 4606 Advertant
1334 4553 1488 4622 igitur
1509 4563 1563 4608 ct
1584 4569 1710 4623 apo-
1742 4573 1787 4632 ο

113 4645 286 4698 stolos
315 4644 529 4713 quidem
559 4652 944 4712 cognoscentes
975 4652 1028 4698 et
1070 4643 1326 4710 Spiritum
1349 4688 1363 4713 ,
1394 4654 1445 4699 et
1479 4646 1667 4700 Filium
1692 4689 1706 4713 ,

113 4743 164 4788 et
193 4734 407 4788 Patrem
435 4733 461 4787 ε’
480 4733 732 4788 mundum
765 4747 892 4786 vero
922 4733 1306 4799 miserabilem,
1338 4738 1457 4804 quia
1484 4750 1588 4790 non
1619 4751 1710 4790 co-

114 4826 362 4895 gnoverit
391 4824 622 4890 Patrem,
657 4839 830 4893 neque
859 4823 1076 4890 Filium,
1109 4841 1281 4894 neque
1313 4825 1593 4894 Spiritum,
1625 4828 1708 4882 di-

114 4929 268 4971 cente
300 4915 559 4982 Domino,
591 4917 708 4984 quia
745 4931 845 4968 non
882 4924 1223 4985 cognoverunt
1267 4915 1505 4982 Patrem,
1546 4933 1706 4986 neque

117 5029 191 5065 me
221 5010 420 5080 (Joan.
453 5027 538 5065 xvr
559 5053 573 5077 ,
605 5013 680 5079 5).
717 5012 781 5064 Et
823 5013 1012 5066 iterum
1035 5053 1049 5078 ,
1095 5013 1414 5069 Paraclitum
1446 5013 1700 5082 Spiritum

116 5107 388 5169 veritatis,
419 5120 576 5175 quem
620 5106 849 5159 mundus
899 5122 1001 5159 non
1056 5114 1228 5173 potest
1275 5107 1547 5174 accipere,
1581 5108 1702 5175 quia

117 5212 216 5250 non
261 5197 445 5263 videt,
493 5209 591 5250 nec
627 5197 900 5265 cognoscit
942 5209 1084 5248 cum.
1144 5193 1519 5264 Signiﬁcanter
1575 5210 1704 5250 vero

118 5291 377 5344 Dominus
446 5289 604 5343 alium
669 5288 988 5343 Paraclitum
1061 5301 1180 5341 esse
1245 5285 1381 5340 dixit
1442 5285 1700 5355 Spiritum

118 5390 357 5436 sanctum
399 5399 411 5434 :
454 5382 702 5449 quoniam
758 5390 810 5434 et
866 5380 979 5447 ipse
1033 5379 1329 5432 Paraclitus
1386 5389 1509 5442 ρει,
1563 5379 1699 5432 sicut

119 5470 348 5526 Joannes
404 5470 457 5523 in
517 5469 748 5537 Epistola
805 5485 898 5523 sua
949 5469 1023 5522 ait
1070 5487 1080 5521 :
1139 5468 1262 5521 "(re
1316 5467 1451 5521 vobis
1507 5467 1700 5532 scribo,

119 5571 170 5612 ut
220 5578 321 5614 non
378 5560 625 5629 peccetis,
689 5559 821 5625 quod
883 5559 926 5611 si
985 5558 1384 5626 peccaverimus,
1463 5555 1702 5609 Paracli-

122 5660 221 5704 tum
271 5653 515 5703 habemus
570 5650 636 5703 (τά
692 5648 896 5702 Patrem
955 5647 1129 5701 Iesum
1182 5647 1441 5702 Christum
1489 5657 1535 5701 et
1592 5649 1705 5716 ipse

125 5744 417 5808 propitiutio
463 5753 533 5796 est
574 5757 664 5812 pro
711 5742 925 5810 peccatis
977 5742 1164 5793 nostris
1208 5738 1275 5807 (1
1317 5739 1471 5792 Joan.
1523 5755 1576 5803 ιι,
1630 5739 1699 5806 Ι).

130 5835 188 5890 Ut
215 5836 534 5892 doceremur
577 5834 806 5904 Spiritus
849 5848 966 5889 cum
1014 5833 1146 5886 Filio
1198 5833 1573 5901 aequalitatem.
1609 5832 1704 5890 Vc-

1817 3271 2085 3340 quomodo
2109 3284 2234 3324 vero
2264 3269 2349 3323 hic
2377 3279 2681 3338 assumptus
2710 3278 2790 3323 est
2817 3270 2932 3322 sine
2959 3283 3114 3323 causa
3159 3269 3210 3320 in
3242 3283 3396 3338 rege-

1818 3364 2091 3417 neratione
2114 3362 2331 3415 nostra?
2359 3361 2553 3415 Verum
2579 3360 2677 3413 hoc
2697 3360 2878 3414 dicere
2901 3360 3250 3428 irreligiosum
3274 3369 3355 3412 est
3380 3377 3394 3414 :

1817 3463 1909 3508 aut
1939 3469 2005 3509 ne
2036 3454 2208 3522 major
2233 3461 2286 3508 et
2316 3455 2518 3507 cautior
2559 3460 2810 3519 tanquam
2842 3451 2958 3504 sine
2987 3467 3052 3504 eo
3091 3460 3303 3505 creatus
3331 3452 3397 3504 sit

1817 3544 2001 3609 homo,
2043 3555 2096 3598 et
2123 3543 2400 3603 exciderit,
2435 3543 2555 3596 ideo
2585 3542 2870 3595 assumitur
2900 3541 3130 3610 Spiritus
3161 3541 3211 3593 in
3245 3555 3396 3609 rege-

1817 3635 2093 3689 neratione
2119 3644 2296 3690 nostra
2321 3634 2386 3688 ad
2417 3635 2632 3688 tutelam
2663 3634 2983 3688 certiorem?
3012 3633 3116 3686 Sed
3147 3642 3202 3686 et
3224 3633 3398 3702 ipsum

1817 3726 1971 3781 valde
2000 3726 2242 3795 impium,
2274 3727 2355 3781 vel
2385 3726 2438 3780 in
2468 3739 2684 3781 sensum
2717 3725 3026 3795 cujusquam
3059 3725 3260 3779 subire.
3306 3725 3397 3778 Di-

1816 3825 1940 3873 cant
1971 3820 2131 3888 igitur
2159 3818 2428 3888 quomodo
2457 3818 2690 3887 Spiritus
2718 3819 3011 3872 assumitur
3040 3817 3090 3870 in
3120 3832 3400 3885 regenera~

1819 3908 2019 3963 tionem
2051 3919 2310 3973 nostram,
2343 3909 2431 3977 qui
2461 3923 2564 3962 non
2593 3907 2798 3962 creavit
2828 3921 2924 3960 nos
2956 3907 3022 3959 ab
3052 3907 3221 3973 initio,
3249 3907 3292 3959 si
3326 3914 3400 3960 ta-

1815 4013 1938 4052 men
1967 4014 2070 4051 non
2099 3999 2318 4051 creavit.
2349 3997 2538 4051 Dicitis
2565 3995 2701 4049 forte
2731 4005 2788 4048 ut
2820 3995 3112 4048 sanctiﬂcet
3137 3995 3399 4047 acceden-

1817 4098 1899 4141 tes
1931 4086 1996 4140 ad
2040 4089 2309 4140 lavacrum
2355 4083 2819 4153 regenerationis?
2860 4085 2950 4137 Est
2995 4085 3134 4136 enim
3175 4085 3402 4150 Spiritus

1814 4184 2067 4240 sanctus,
2110 4175 2448 4230 sanctiﬁcans
2479 4183 2727 4234 sanctos.
2776 4189 2880 4227 non
2924 4185 3100 4228 tamen
3144 4184 3399 4229 creator:

1815 4266 1992 4321 omnia
2042 4282 2102 4320 ex
2153 4266 2264 4320 Deo
2311 4279 2404 4333 per
2450 4265 2640 4318 Filium
2684 4274 2859 4317 creata
2909 4274 3060 4329 sunt,
3110 4265 3400 4318 secundum

1815 4357 2039 4411 Paulum
2072 4357 2335 4412 dicentem
2373 4374 2385 4410 :
2422 4357 2583 4410 Nobis
2621 4372 2734 4410 vero
2777 4373 2907 4409 unus
2948 4356 3083 4410 Deus
3125 4356 3301 4420 Pater,
3341 4373 3403 4411 ca:

1814 4463 1912 4518 quo
1941 4450 2132 4514 omnia,
2162 4457 2208 4502 et
2243 4465 2370 4501 unus
2401 4447 2647 4501 Dominus
2678 4457 2846 4502 noster
2867 4446 3014 4502 Jesus
3036 4448 3288 4512 Christus,
3314 4467 3402 4518 per

1814 4558 1964 4612 quem
1992 4545 2182 4608 omnia,
2211 4553 2257 4597 et
2287 4559 2376 4596 nos
2404 4559 2494 4612 per
2522 4543 2689 4613 ipsum
2721 4542 2761 4613 (l
2785 4542 2901 4596 Cor.
2940 4558 3054 4606 vttt,
3084 4543 3160 4612 6).
3192 4543 3284 4596 llic
3307 4561 3402 4598 an-

1817 4642 1923 4688 tem
1966 4634 2096 4688 nihil
2130 4634 2196 4689 de
2223 4635 2421 4703 Spiritu
2449 4642 2637 4688 sancto
2677 4634 2831 4689 dixit.
2875 4633 3076 4700 Quibus
3105 4636 3403 4702 responde-

1814 4743 1970 4782 mus:
2003 4728 2164 4798 306
2192 4727 2384 4782 Sancta
2414 4740 2509 4795 per
2551 4725 2741 4778 Filium
2782 4733 2959 4778 creata
3002 4733 3084 4778 est
3112 4734 3357 4779 creatura
3379 4771 3395 4792 ,

1811 4826 1901 4872 aut
1931 4834 2036 4872 non
2066 4819 2286 4872 sancta?
2320 4817 2387 4870 Et
2414 4816 2628 4887 quidem
2678 4831 2781 4869 non
2824 4826 3060 4870 sanctam
3095 4816 3196 4870 dici
3241 4831 3268 4868 a
3301 4817 3401 4870 Do-

1809 4909 1957 4962 ιιιἈο
2000 4919 2234 4964 creatam
2276 4921 2394 4962 esse
2444 4907 2686 4962 illicitum
2727 4915 2831 4962 est.
2880 4908 2936 4962 Si
2986 4923 3114 4962 vero
3162 4916 3399 4962 sanctam

1807 5013 1926 5054 crea
1943 5001 2020 5054 vit
2051 5001 2242 5067 Filius,
2275 5015 2415 5055 nunc
2445 5002 2783 5056 sanctiﬁcans
2807 5016 2923 5056 eam
2956 5004 3004 5056 in
3037 5004 3269 5072 Spiritu,
3302 5017 3397 5055 su-

1809 5094 2010 5162 perﬂua
2039 5105 2118 5148 est
2149 5110 2267 5163 quae
2293 5093 2456 5148 datur
2478 5095 2526 5148 ei
2557 5109 2650 5162 per
2679 5095 2920 5162 spiritum
2949 5095 3317 5158 sanctiﬁcatio,
3347 5105 3400 5147 et

1805 5186 1961 5241 valde
1996 5186 2205 5240 inﬁrma
2251 5196 2413 5256 atque
2462 5187 2673 5243 inanis:
2705 5187 2868 5242 veluti
2907 5202 3025 5241 cum
3068 5187 3180 5241 sole
3223 5185 3402 5240 medio

1804 5295 1961 5336 cursu
1993 5279 2101 5335 diei
2135 5280 2466 5335 illuminante
2501 5281 2685 5334 orbem
2707 5320 2719 5344 ,
2767 5280 2853 5347 qui
2899 5280 2996 5333 sub
3025 5283 3162 5332 casto
3192 5284 3275 5329 est
3306 5291 3391 5328 sua

1804 5372 2040 5440 perﬂuus
2073 5380 2127 5425 et
2160 5371 2425 5436 inﬁrmus,
2456 5371 2737 5440 inanisque
2768 5369 2997 5423 lucerna:
3030 5369 3098 5422 sit
3124 5363 3393 5433 Splendor.

1809 5461 1913 5515 Sed
1946 5463 2197 5530 quoniam
2229 5477 2332 5515 non
2364 5464 2691 5526 merebatur,
2722 5459 2999 5527 inquiunt,
3033 5466 3275 5510 creatura
3307 5470 3403 5524 per

1813 5549 2008 5605 Filium
2037 5551 2519 5616 sanctiﬁcari,ideo
2541 5548 2892 5604 ministerium
2922 5545 3142 5616 Spiritui
3173 5545 3402 5614 injunxit

1815 5644 1986 5706 Deus,
2021 5655 2074 5697 ut
2124 5661 2215 5713 per
2244 5645 2393 5699 illum
2438 5642 2878 5697 sanctiﬁcarctur.
2916 5639 3055 5706 Ergo
3085 5639 3253 5693 creari
3283 5638 3401 5708 qui-

1815 5739 1933 5794 dem
1967 5754 2061 5807 per
2088 5738 2275 5792 Filium
2308 5737 2518 5798 meruit,
2551 5731 2872 5788 sanctiﬁcari
2899 5745 3028 5783 vero
3055 5747 3158 5783 non
3185 5731 3398 5784 meruit.

1816 5831 1949 5899 Quid
1976 5830 2128 5899 igitur
2156 5830 2326 5896 majus
2370 5836 2449 5882 est
2475 5825 2640 5880 creari
2669 5838 2734 5876 an
2784 5822 3144 5877 sant-tilicari?
3174 5823 3400 5878 Pcusatc
