3938 6376
628 318 734 375 515

629 521 972 577 considerare
998 520 1233 589 possitis,
1265 520 1404 590 quod
1424 535 1519 577 vos
1541 520 1639 588 ipsi
1669 520 1827 574 etiam
1858 521 2007 575 inviti
2031 522 2202 578 conﬁ-

629 611 812 667 temini
836 611 1066 678 Spiritus
1091 610 1420 679 dignitatem.
1454 610 1593 677 Ergo
1620 611 1790 665 creari
1820 610 2032 679 quidem
2054 626 2206 666 crea-

629 713 746 756 tura
776 718 871 773 per
894 702 1081 757 Filium
1112 702 1431 765 merebatur,
1459 702 1778 756 sanctiﬁcari
1806 718 1936 758 vero
1959 718 2052 771 per
2076 702 2202 772 Spi-

630 793 823 858 ritum,
875 793 998 859 quia
1046 792 1266 847 minimc
1314 790 1583 861 indignam
1633 806 1729 847 sua
1781 794 2205 850 sanctiﬁcatione

628 883 895 935 creaverit
918 881 1101 935 Filius.
1133 880 1237 937 Sed
1268 881 1586 949 oportebat,
1614 882 1853 952 inquiunt
1873 921 1889 946 ,
1920 898 2012 951 per
2037 883 2205 953 Spiri-

632 978 743 1038 tum
772 979 1013 1024 sanctum
1040 971 1356 1025 sanctiﬁcari
1380 987 1497 1025 eam
1527 973 1691 1039 prius,
1725 981 1782 1027 ut
1809 974 1885 1028 sic
1910 984 2204 1031 mereretur

625 1073 818 1128 capere
847 1075 938 1128 per
964 1060 1154 1114 Filium
1190 1070 1246 1116 et
1284 1061 1492 1117 Patrem
1520 1064 2016 1119 sanctiticationem.
2073 1065 2205 1132 Qui-

628 1147 728 1202 bus
751 1149 973 1202 dicimus
996 1164 1012 1205 :
1044 1148 1181 1219 Ergo
1207 1166 1309 1204 non
1332 1160 1513 1205 sancta
1535 1166 1748 1207 creasse
1770 1153 1959 1207 Filium
1981 1153 2207 1207 dicetis?

627 1236 733 1292 Sed
764 1237 902 1291 absit
927 1254 939 1289 :
972 1252 1146 1307 neque
1170 1240 1311 1293 enim
1341 1242 1455 1295 sine
1478 1240 1609 1295 Filio
1628 1241 1857 1309 Spiritus
1884 1243 2201 1308 sanctiﬁcat,

623 1342 723 1384 nec
770 1328 937 1382 Filius
965 1328 1079 1383 sine
1107 1329 1307 1399 Spiritu
1341 1331 1424 1385 vel
1453 1330 1607 1385 Patre
1626 1368 1643 1396 ,
1686 1331 1842 1384 sicuti
1870 1339 1925 1385 et
1950 1345 2044 1386 vos
2069 1331 2204 1385 dixi-

622 1422 749 1487 stis,
777 1430 833 1476 et
862 1430 944 1477 est
978 1437 1163 1477 verum
1194 1423 1334 1490 quod
1373 1423 1566 1478 Paulus
1605 1423 1671 1477 ad
1702 1422 2204 1478 Thessalonicensrs

623 1513 865 1568 scribens
910 1514 1026 1568 ait:
1058 1513 1179 1584 Ipse
1212 1523 1384 1568 autem
1422 1512 1594 1581 Deus,
1637 1525 1683 1569 et
1725 1515 1883 1569 Pater
1922 1524 2113 1582 noster,
2157 1524 2204 1570 et

622 1599 876 1656 Dominus
904 1602 1056 1658 Iesus
1091 1603 1323 1658 Christus
1363 1605 1638 1673 sanctiﬁcat
1676 1621 1763 1659 vos
1810 1606 1879 1658 ad
1926 1606 2201 1672 perfectum

624 1691 692 1761 (I
733 1692 908 1749 Thess.
950 1710 1007 1759 v,
1046 1695 1163 1763 2'5).
1210 1695 1291 1749 Ad
1342 1696 1643 1751 Corinthios
1689 1711 1818 1751 vero
1865 1696 1918 1750 in
1966 1696 2199 1764 Epistola

1934 316 2153 373 νιίιιιιι
2190 324 2191 329 ‘

2286 314 2562 373 PSENSIS
3694 336 3758 391 316

630 433 809 500 itaque
836 438 1032 486 statera
1062 429 1256 485 mentis
1283 437 1472 485 vestra:
1496 429 1855 498 concipientes
1877 471 1891 493 ,
1924 441 1979 483 ut
2014 432 2095 485 vel
2127 430 2202 485 sic
2232 436 2276 493 Α
2305 429 2562 515 duxiteos
2592 443 2680 496 per
2721 428 2988 497 abyssum,
3020 429 3148 482 sicut
3185 446 3358 501 equum
3385 451 3462 503 per
3494 438 3708 510 desertum,
3729 464 3760 504 η
3856 510 3857 515 η

2308 532 2409 569 non
2448 514 2793 569 laboraverunt
2823 526 3061 585 tanquam
3090 521 3321 589 jumenta
3357 539 3435 589 per
3459 540 3672 593 campum;
3704 535 3761 587 de.
3856 526 3857 581 ἒ

2306 604 2499 657 scendit
2532 603 2765 674 Spiritus
2789 621 2820 657 a
2850 603 3106 676 Domino,
3132 616 3176 660 et
3210 609 3403 663 deduxit
3422 626 3495 665 eos
3514 611 3759 687 (licium,

2311 692 2425 763 15).
2462 694 2664 749 Dicitur
2688 704 2866 750 autem
2894 706 2947 750 et
2975 697 3059 751 lex
3091 696 3213 761 Dei,
3246 700 3323 753 les
3364 700 3578 769 Spiritus.
3612 707 3668 761 De
3692 711 3759 764 sin-

2306 783 2443 851 gulis
2473 793 2651 838 autem
2689 785 2988 855 quibusque
3016 798 3318 844 sanctorum
3344 792 3391 845 in
3419 792 3638 849 tricesimo
3664 810 3759 855 sexto

2307 872 2512 941 psalmo
2538 874 2738 929 dictum
2759 884 2841 930 est
2867 894 2881 931 :
2912 876 3021 931 Lex
3046 877 3140 931 Dei
3159 881 3265 950 ejus
3285 881 3333 933 in
3354 874 3487 936 corde
3503 884 3632 953 ipsius
3649 888 3756 956 (Psal.

2306 980 2497 1029 xxxvi,
2530 966 2638 1032 5|).
2672 966 2746 1020 De
2774 980 2832 1020 se
2861 981 2988 1021 vero
3015 966 3209 1023 Paulus
3233 985 3247 1022 :
3279 968 3457 1025 Factus
3481 990 3603 1041 sunt,
3624 976 3758 1047 inquit,

2307 1053 2386 1107 his
2416 1054 2502 1122 qui
2538 1055 2645 1107 sine
2673 1053 2781 1125 lege
2809 1066 2954 1119 sunt,
2984 1064 3223 1125 tanquam
3250 1058 3354 1112 sine
3388 1060 3485 1130 lege
3516 1078 3660 1126 essem,
3690 1083 3758 1118 csa

2308 1152 2451 1193 extra
2480 1141 2637 1210 legem
2665 1140 2755 1194 Dei
2784 1157 2882 1195 non
2904 1158 3083 1209 essem,
3105 1146 3195 1197 sed
3216 1146 3265 1198 in
3286 1145 3387 1216 lege
3403 1164 3540 1202 essent
3560 1147 3713 1215 Christi,
3727 1163 3759 1205 rt

2306 1227 2533 1283 lucrarer
2559 1245 2643 1283 eos
2684 1231 2773 1300 qui
2800 1240 2919 1284 sunt
2949 1232 3056 1286 sine
3085 1234 3192 1303 lege
3215 1232 3266 1303 (ι
3289 1234 3400 1290 Cor.
3422 1250 3489 1299 Ix,
3511 1236 3603 1305 21).
3622 1238 3671 1291 Et
3688 1255 3758 1293 rur-

2304 1332 2421 1372 sum
2452 1318 2517 1372 ad
2547 1317 2813 1374 Romanos
2840 1319 3060 1374 scribit:
3096 1321 3202 1376 Lea:
3238 1324 3365 1377 enim
3400 1323 3595 1395 Spiritus
3623 1328 3704 1379 vita
3726 1330 3757 1381 in

2304 1405 2507 1462 Christo
2526 1406 2674 1474 Iesu,
2699 1408 2927 1464 liberavit
2950 1427 3028 1465 me
3050 1427 3081 1463 a
3102 1413 3209 1481 lege
3228 1416 3409 1482 peccati
3431 1426 3473 1469 et
3491 1418 3630 1471 mortis
3646 1417 3755 1485 (lion.

2303 1512 2416 1563 vm,
2446 1497 2527 1567 2).
2561 1498 2635 1554 Ita
2666 1507 2724 1554 ut
2752 1500 2928 1555 unitas
2946 1500 3223 1556 Trinitatis
3255 1501 3556 1559 inveniretur
3576 1506 3618 1560 in
3633 1510 3757 1562 sanctis

2304 1587 2591 1656 Scripturis
2622 1606 2637 1643 :
2667 1590 2829 1661 308
2857 1606 2976 1661 qua
3004 1592 3147 1646 enim
3185 1602 3307 1648 sunt
3334 1594 3419 1648 Dei
3446 1610 3501 1651 ac
3533 1595 3698 1664 Christi,
3723 1612 3758 1652 ac

2308 1678 2539 1745 S;:iritus
2567 1683 2735 1737 sancti
2769 1683 3070 1738 Invenimus
3114 1684 3165 1738 in
3206 1685 3318 1751 eis,
3362 1696 3417 1740 ut
3451 1701 3555 1742 cum
3593 1687 3757 1741 Dominus

622 1780 790 1851 prima
816 1800 829 1835 :
862 1782 968 1838 Sed
990 1784 1150 1838 abluti
1171 1786 1306 1849 estis,
1330 1789 1418 1841 sed
1444 1788 1749 1856 sanctiﬁcati
1768 1789 1909 1855 estis,
1940 1790 2027 1844 sed
2044 1790 2191 1859 justi-

2307 1768 2502 1824 Judseis
2534 1770 2710 1826 dicat:
2741 1771 2957 1827 Reddite
2980 1789 3098 1843 ergo
3127 1789 3240 1845 qua:
3267 1785 3378 1829 sunt
3405 1775 3589 1830 Cit-saris
3618 1775 3756 1839 Cervi,

622 1873 764 1939 ﬁcati
788 1873 933 1937 estis,
964 1875 1015 1927 in
1041 1877 1240 1928 nomine
1265 1876 1472 1931 Domini
1500 1879 1661 1931 nostri
1678 1876 1802 1931 Iesu
1831 1878 2049 1943 Christi,
2077 1888 2121 1931 et
2149 1880 2200 1933 in

623 1966 827 2036 Spiritu
854 1966 949 2022 Dei
970 1970 1131 2022 nostri
1160 1969 1207 2039 (I
1235 1970 1353 2024 Cor.
1382 1986 1462 2038 vt,
1503 1971 1610 2040 ll).
1639 1971 1917 2026 Videtisne
1944 1972 2201 2026 unitatem

623 2058 1082 2124 sanctiﬁcationis,
1115 2060 1383 2129 quomodo
1414 2060 1588 2124 Pater,
1611 2071 1663 2115 et
1692 2061 1876 2126 Filius,
1903 2070 1957 2116 et
1973 2061 2203 2130 Spiritus

623 2158 839 2202 sanctus
867 2150 1202 2203 sanctiﬁcant
1220 2150 1559 2204 creaturam?
1583 2150 1636 2206 Si
1671 2150 1830 2221 igitur
1851 2159 2029 2205 sancta
2053 2165 2201 2207 crea-

623 2238 700 2292 tio
723 2245 901 2293 creata
923 2248 1024 2302 est,
1054 2241 1171 2294 sine
1192 2239 1392 2308 Spiritu
1419 2249 1595 2294 autem
1622 2250 1808 2294 sancto
1837 2256 1940 2295 non
1971 2250 2053 2295 est
2081 2254 2202 2295 san-

622 2328 875 2394 ctiﬁcata,
906 2345 1127 2405 necesse
1156 2339 1238 2385 est
1262 2346 1393 2399 ergo
1418 2341 1471 2385 et
1501 2332 1754 2401 Spiritum
1785 2342 2025 2391 sanctum
2047 2346 2200 2388 crea-

623 2426 791 2472 torem
839 2433 1028 2475 omnes
1068 2421 1311 2476 conﬁteri
1358 2422 1665 2478 debeamus.
1718 2422 1965 2491 Alioquin
2010 2422 2055 2477 si
2101 2422 2201 2479 hoc

620 2506 862 2562 conﬁteri
896 2523 1000 2563 non
1034 2512 1219 2576 vultis,
1268 2511 1392 2581 quid
1433 2513 1593 2581 igitur
1638 2512 1870 2579 facietis,
1921 2511 2197 2578 dicentes,

620 2608 725 2647 non
756 2605 993 2650 sanctam
1020 2608 1317 2653 creaturam
1348 2615 1468 2655 esse
1493 2600 1841 2667 creationem,
1882 2600 2077 2657 deinde
2106 2618 2200 2671 per

618 2680 873 2749 Spiritum
935 2688 1354 2742 sanctiﬁcatam?
1397 2688 1503 2744 Sed
1548 2690 1745 2745 timetis
1793 2691 2199 2758 irreligiositatis

619 2779 823 2839 notam,
852 2784 1088 2829 sanctam
1119 2792 1245 2831 vero
1266 2777 1628 2833 conditionem
1651 2788 1910 2833 creatura:
1936 2780 2198 2834 omnimo-

616 2858 702 2913 dis
728 2861 1067 2929 conﬁtentes,
1095 2879 1200 2919 non
1240 2873 1416 2920 tamen
1444 2866 1561 2920 sine
1588 2866 1786 2936 Spiritu
1815 2866 2196 2923 sanctiﬁcatam

616 2951 871 3019 omnino,
914 2963 1213 3009 creatorem
1253 2953 1697 3023 etiam-Spiritum
1743 2954 1978 3009 confessi
2023 2955 2193 3011 eritis.

615 3039 774 3110 307
802 3039 859 3096 Si
884 3043 1032 3097 scitis
1048 3043 1279 3099 Verbum
1307 3044 1400 3098 Dei
1429 3044 1619 3097 Filium
1652 3043 1818 3113 ipsius
1844 3058 1985 3110 esse,
2010 3043 2191 3103 audite

2303 1872 2350 1915 et
2378 1880 2490 1932 qua:
2519 1864 2614 1918 Dei
2642 1874 2793 1932 sunt,
2827 1866 2931 1919 Deo
2979 1866 3131 1935 (Luc.
3164 1883 3254 1931 xx,
3286 1868 3396 1937 25).
3425 1868 3593 1922 Paulus
3624 1884 3756 1938 quoque

2302 1953 2364 2005 ad
2401 1952 2772 2024 Philippenses
2814 1956 3038 2011 scribit:
3081 1956 3270 2011 Omnes
3298 1958 3424 2011 enim
3463 1974 3562 2028 quo!
3593 1975 3661 2011 sua
3687 1965 3755 2010 ast

2300 2052 2552 2110 quarunt,
2584 2059 2683 2096 non
2704 2059 2817 2113 qua
2835 2044 2963 2098 Iesu
2989 2044 3178 2099 Christi
3205 2044 3421 2115 (Philip.
3444 2062 3495 2109 ιι,
3516 2046 3607 2116 2|).
3638 2043 3684 2098 Et
3700 2045 3754 2097 ite

2302 2146 2417 2185 rum
2457 2131 2523 2186 ad
2562 2132 2866 2189 Corinthios
2893 2153 2905 2188 :
2941 2136 3191 2191 Animalis
3220 2146 3389 2191 autem
3420 2138 3550 2191 homo
3570 2154 3657 2205 “nos
3675 2136 3756 2203 capit

2301 2236 2413 2285 qua:
2448 2232 2566 2275 sunt
2598 2222 2823 2293 Spiritus
2853 2223 2947 2278 Dei
2979 2224 3033 2295 (I
3061 2224 3179 2281 Cor.
3212 2242 3287 2293 ιι,
3318 2228 3405 2297 14)
3428 2245 3441 2281 :
3467 2228 3642 2283 stultitia
3671 2226 3753 2279 enim

2304 2321 2385 2366 est
2411 2312 2548 2383 ejus.
2583 2314 2649 2368 Et
2690 2314 2931 2371 homines
2966 2318 3180 2387 quidem
3226 2320 3321 2375 Dei
3353 2330 3514 2390 patres
3536 2320 3681 2384 nostri,
3702 2332 3755 2371 tto-

2302 2403 2441 2457 mine
2470 2404 2563 2459 Dei
2590 2423 2603 2459 :
2634 2405 2924 2461 Christiani
2946 2423 3074 2463 vero
3096 2409 3365 2478 discipuli,
3395 2412 3582 2465 nomine
3598 2408 3750 2463 Christi:

2301 2502 2356 2548 et
2384 2495 2652 2563 spiritales
2673 2496 2905 2565 Spiritus
2924 2500 3092 2553 sancti
3119 2501 3340 2557 homine
3361 2509 3681 2571 nuncupantur.
3696 2500 3753 2553 Att

2298 2586 2489 2642 dienda
2523 2604 2752 2659 namque
2780 2601 2861 2646 est
2890 2592 2978 2646 illa
3011 2593 3063 2646 itt
3102 2594 3327 2665 Sarepta
3371 2596 3576 2651 Sidonia:
3595 2589 3753 2646 viduasd

2282 2679 2503 2737 .lIeliam
2531 2680 2849 2747 Thesbiten,
2878 2682 3063 2739 dicens
3092 2703 3104 2737 :
3140 2686 3279 2752 Quid
3304 2688 3422 2740 mihi
3445 2697 3486 2740 et
3510 2687 3585 2739 tibi
3602 2694 3655 2738 est
3669 2684 3752 2733 Itast

2305 2768 2400 2822 Dei
2433 2767 2551 2825 (III
2587 2769 2713 2842 Reg.
2744 2787 2880 2835 xvn,
2916 2773 3049 2842 18)?
3082 2774 3148 2827 Et
3176 2790 3423 2829 rursum:
3460 2768 3752 2840 Nunccogtnti.

2297 2859 2415 2927 quia
2447 2857 2600 2912 homo
2622 2858 2718 2914 Dei
2745 2877 2798 2914 es
2837 2872 2891 2914 tu
2922 2862 3105 2931 (lbid.,
3132 2862 3249 2933 2i).
3284 2863 3375 2918 llla
3411 2879 3525 2918 vero
3548 2861 3684 2916 mulier
3700 2858 3752 2911 Stl-

2298 2952 2510 3006 namitis
2541 2952 2654 3007 viro
2692 2968 2790 3008 suo
2819 2955 2886 3010 de
2929 2956 3121 3009 Eliszeo
3165 2958 3351 3013 dicens
3380 2974 3393 3012 :
3428 2957 3543 3011 Ecce
3563 2956 3674 3008 homo
3701 2949 3751 3001 Dii

2297 3059 2509 3115 magnus
2546 3046 2679 3098 venit
2724 3046 2793 3098 ad
2843 3064 2935 3100 nos
2980 3046 3087 3117 (IV
3114 3048 3241 3120 Reg.
3277 3065 3349 3116 Iv,
3380 3049 3452 3119 9).
3497 3048 3592 3113 Ipsa
3622 3054 3752 3112 quoq“

617 3128 785 3185 David
828 3132 879 3187 in
921 3133 1124 3201 psalmo
1171 3133 1434 3188 dicentem
1463 3153 1476 3188 :
1516 3133 1681 3188 Verbo
1714 3132 1810 3191 Dei
1855 3133 1965 3187 caeli
2003 3134 2194 3202 ﬁrmati
2221 3149 2265 3210 ρ
2297 3134 2566 3204 Scriptura
2599 3137 2905 3207 Regnorum
2934 3141 3046 3193 ait:
3079 3138 3145 3193 Et
3170 3142 3321 3195 homo
3353 3140 3443 3194 Dei
3465 3141 3575 3194 venit
3598 3134 3749 3195 calida.

612 3229 764 3291 sunt,
794 3229 843 3275 et
887 3222 1091 3292 Spiritu
1137 3225 1239 3278 oris
1268 3227 1377 3295 ejus
1420 3227 1583 3279 omnis
1622 3228 1778 3279 virtus
1821 3241 1995 3279 eorum
2026 3226 2192 3295 (Psal.

615 3331 795 3383 xxxu,
829 3318 907 3388 6),
955 3328 1010 3374 et
1033 3319 1317 3376 docentem
1360 3336 1457 3375 nos
1488 3338 1591 3377 non
1635 3323 1750 3377 sine
1778 3322 1980 3392 Spiritu
2009 3332 2195 3378 sancto

614 3406 798 3475 (quem
824 3423 1087 3479 corporeo
1109 3425 1203 3466 ore
1232 3425 1330 3466 suo
1363 3410 1595 3467 Verbum
1624 3411 1677 3465 in
1706 3412 1893 3467 faciem
1921 3414 2191 3480 apostolo-

612 3511 731 3550 rum
781 3497 1092 3567 inspiravit,
1136 3500 1317 3555 dicens
1349 3518 1363 3554 :
1394 3501 1618 3571 Accipite
1666 3499 1917 3572 Spiritum
1965 3508 2194 3555 sanctum

610 3586 792 3659 [Ioan.
824 3605 897 3643 xx
918 3630 934 3656 ,
962 3590 1052 3663 22]
1077 3591 1093 3659 )
1140 3602 1435 3649 creaturam
1466 3610 1588 3651 esse
1616 3603 1870 3650 creatam.
1919 3595 2101 3666 Neque
2130 3612 2192 3653 os

612 3675 871 3744 habebat,
926 3694 1047 3734 cum
1099 3683 1169 3736 sit
1226 3684 1559 3749 incorporale
1603 3684 1835 3739 Verbum
1884 3687 1968 3739 vel
2034 3684 2191 3755 hujus

610 3762 790 3820 Pa'er.
818 3766 1064 3837 Alioquin
1094 3771 1139 3826 si
1177 3772 1245 3826 ab
1268 3773 1416 3829 initio
1443 3775 1560 3830 sine
1587 3775 1786 3839 Spiritu
1812 3784 1999 3831 sancto
2026 3777 2189 3832 creati

609 3867 825 3919 sumus,
874 3858 1141 3926 quomodo
1182 3875 1277 3930 per
1319 3878 1440 3917 eum
1493 3865 1816 3919 resurrectio
1857 3872 2186 3921 mortuorum

609 3943 906 4002 efﬁcietur?
936 3948 1128 4004 Paulus
1158 3960 1335 4006 autem
1367 3951 1432 4007 ad
1464 3952 1732 4008 Romanos
1765 3953 1895 4007 dicit
1923 3969 1937 4007 :
1971 3953 2031 4009 Si
2061 3954 2187 4022 Spi-

605 4038 733 4091 ritus
762 4040 892 4109 ejus,
916 4040 1003 4109 qui
1023 4041 1281 4095 suscitavit
1300 4041 1477 4097 Iesum
1500 4042 1757 4097 Christum
1783 4060 1815 4095 a
1841 4043 2070 4111 mortuis,
2097 4045 2187 4098 ha-

605 4132 730 4186 bitat
752 4135 804 4187 in
825 4134 986 4199 vobis,
1012 4135 1101 4204 qui
1128 4152 1185 4189 su
1216 4136 1386 4189 citavit
1408 4135 1586 4189 Iesum
1611 4133 1867 4189 Christum
1896 4152 1925 4186 a
1953 4137 2183 4202 mortuis,

606 4226 881 4293 viviﬁcabit
912 4236 957 4280 et
997 4228 1232 4280 mortalia
1271 4243 1486 4294 corpora
1512 4234 1674 4280 vestra
1702 4242 1790 4296 per
1823 4225 2186 4280 inhabitantem

608 4313 861 4380 Spiritum
889 4330 1034 4367 suum
1064 4317 1115 4367 in
1144 4317 1279 4370 vobis
1307 4316 1484 4387 (Rom.
1513 4332 1626 4381 vm,
1659 4317 1768 4386 Η).
1804 4318 2183 4373 COItvenientia

608 4414 734 4455 vero
781 4400 903 4454 huic
947 4402 1113 4455 David
1161 4414 1382 4457 cantans
1428 4406 1560 4469 Deo,
1604 4404 1732 4459 dicit
1777 4406 1845 4461 de
1890 4414 2177 4462 creatura:

2296 3234 2345 3277 et
2364 3225 2680 3295 praphetavit
2704 3243 2854 3296 super
2880 3228 3041 3281 altare
3068 3227 3249 3283 Bethel
3275 3230 3380 3301 (IV
3405 3230 3519 3301 Reg.
3540 3243 3666 3291 mn,
3687 3222 3751 3288 17)·

2295 3312 2507 3369 Necnon
2531 3316 2690 3369 etiam
2725 3316 2954 3371 titulatio
2983 3321 3293 3389 octogesimi
3326 3322 3445 3375 noni
3481 3318 3655 3390 psalmi:
3678 3314 3751 3365 (ira

2294 3403 2364 3457 tio
2395 3403 2527 3459 Mosi
2556 3405 2771 3460 hominis
2806 3406 2897 3461 Dei
2922 3407 3090 3476 (Psal.
3117 3425 3346 3476 uuis,
3378 3411 3446 3480 I).
3478 3409 3615 3463 Lucas
3630 3400 3752 3459 retain

2294 3496 2511 3551 Actibus
2536 3498 2895 3565 apostolorum
2922 3501 2995 3554 ait
3023 3518 3037 3555 :
3077 3498 3301 3556 Factum
3323 3512 3393 3557 est
3412 3510 3559 3555 autem
3581 3507 3616 3551 et
3634 3498 3751 3559 integro

2290 3602 2426 3641 anno
2448 3602 2535 3640 eos
2563 3589 2830 3642 convenire
2856 3595 2907 3642 in
2937 3589 3189 3659 Ecclesia,
3222 3603 3269 3645 et
3295 3592 3527 3664 appellari
3550 3590 3593 3641 in
3609 3580 3751 3640 Ecclesia

2292 3676 2513 3747 primum
2541 3678 2822 3748 discipulos
2842 3679 3157 3734 Christianos
3187 3683 3326 3752 (Art.
3357 3700 3428 3745 χι,
3449 3681 3549 3751 215).
3571 3680 3619 3733 Et
3635 3673 3751 3729 Paulus

2291 3766 2357 3819 ad
2383 3764 2691 3822 Corinthios
2718 3770 2907 3824 scribit
2931 3788 2944 3824 :
2976 3769 3054 3825 De
3079 3773 3395 3843 spiritalibus
3430 3784 3575 3826 autem
3603 3767 3684 3822 nolo
3703 3775 3750 3813 Mt

2288 3855 2543 3926 ignorare,
2575 3860 2779 3926 fratres.
2816 3859 2994 3924 Scitis,
3024 3863 3143 3930 quia
3168 3866 3377 3932 quando
3402 3873 3551 3934 gentes
3568 3851 3751 3919 cratimtl

2291 3948 2429 4001 idola
2465 3960 2605 4003 muta
2644 3956 3091 4024 quomodocunque
3136 3960 3448 4013 ducebamini
3482 3955 3636 4013 addicti
3649 3964 3749 4018 :qu:

2288 4049 2492 4109 propter
2528 4051 2703 4096 notum
2745 4045 2880 4110 facio
2909 4048 3045 4099 vobis
3065 4087 3079 4111 ,
3121 4047 3243 4118 quia
3280 4067 3421 4105 nemo
3448 4050 3496 4102 in
3523 4046 3672 4113 Spiritu
3695 4034 3749 4091 Di!i

2288 4129 2430 4194 dicit,
2460 4130 2743 4184 Anathema
2767 4130 2890 4187 Iesu
2917 4150 2936 4187 :
2964 4144 3009 4188 et
3030 4152 3172 4189 nemo
3199 4149 3361 4206 potest
3399 4139 3548 4191 dicere
3570 4131 3750 4187 Donum

2284 4217 2488 4284 Iesum,
2517 4222 2613 4275 nisi
2641 4222 2692 4275 in
2721 4222 2919 4293 Spiritu
2948 4238 3120 4279 sancto
3152 4226 3237 4298 (ll
3268 4230 3384 4283 Cor.
3414 4244 3505 4291 xu,
3535 4225 3592 4292 I).
3620 4221 3663 4274 Et
3684 4229 3749 4270 rur-

2285 4325 2401 4364 sum
2430 4326 2445 4365 :
2478 4311 2724 4366 Animatis
2763 4312 2913 4369 homo
2941 4333 3040 4369 non
3066 4318 3202 4385 capit
3236 4335 3296 4372 ea
3336 4335 3443 4386 quae
3483 4316 3659 4384 Spiritu
3681 4310 3748 4357 ³⁸⁸⁸

2287 4402 2411 4469 Dei,
2440 4406 2655 4460 stultitia
2689 4408 2821 4459 enim
2850 4408 2896 4461 ei
2936 4419 3054 4462 sunt
3082 4427 3101 4463 .·
3128 4419 3175 4464 et
3216 4429 3317 4466 non
3349 4422 3500 4479 potest
3533 4408 3652 4465 scire.
3678 4396 3749 4465 Im

608 4490 821 4559 Auferes
856 4490 1094 4557 spiritum
1134 4508 1338 4561 eorum,
1369 4503 1416 4546 et
1460 4494 1723 4561 deﬁcient,
1772 4504 1819 4549 et
1850 4497 1901 4550 in
1930 4499 2182 4566 pulverem
2208 4515 2258 4575 υ
2284 4495 2577 4562 spiritaliter
2602 4498 2917 4568 diiudicatur
2946 4516 2966 4554 :
2995 4518 3114 4554 nam
3152 4503 3398 4573 spiritalis
3414 4501 3591 4574 judicut
3620 4486 3745 4546 omnia.

606 4600 753 4639 suum
773 4595 1139 4641 convertentur.
1173 4585 1360 4642 Emitte
1382 4588 1632 4659 Spiritum
1657 4598 1828 4655 tuum,
1859 4600 1906 4644 et
1932 4592 2179 4646 creabun-

607 4686 709 4739 tur,
744 4686 789 4730 et
820 4677 1078 4731 renovabis
1112 4679 1295 4747 [aciem
1321 4689 1467 4733 terra:
1502 4676 1672 4748 (Psal.
1698 4693 1816 4743 CIII,
1847 4679 1961 4749 29).
1996 4678 2181 4735 Incon-

604 4778 795 4831 gruum
827 4774 906 4819 est
934 4765 1089 4820 aliter
1117 4767 1185 4822 ab
1214 4768 1363 4822 initio
1390 4768 1547 4823 condi
1576 4776 1872 4822 creaturam
1897 4810 1911 4833 ,
1943 4767 2097 4823 aliter
2127 4769 2177 4823 in

606 4855 900 4911 novissimo
936 4859 1128 4913 creari.
1159 4859 1340 4928 Itaque
1365 4861 1465 4915 etsi
1506 4876 1610 4914 non
1641 4858 1835 4923 vultis;
1864 4867 2181 4931 creator‘a-

605 4961 728 5002 men
758 4946 990 5016 Spiritus
1011 4958 1226 5004 sanctus
1252 4950 1567 5017 Paraclitus,
1599 4952 1689 5021 qui
1729 4967 1756 5005 a
1789 4952 1899 5008 Deo
1928 4951 2176 5021 mittitur,

606 5036 925 5103 praedicatur
947 5052 975 5090 a
1006 5040 1238 5093 sanctis:
1274 5039 1443 5093 Mittes
1484 5041 1735 5110 Spiritum
1761 5050 1935 5108 tuum,
1968 5050 2014 5096 et
2038 5058 2177 5097 crea-

600 5125 813 5193 buntur,
836 5136 882 5179 et
902 5128 1163 5181 renovabis
1186 5128 1364 5195 [aciem
1387 5138 1551 5183 terrw.
1576 5131 1638 5185 Et
1663 5144 1719 5185 ut
1742 5132 1916 5202 Pater,
1940 5142 1991 5187 et
2016 5132 2175 5188 Filius

592 5214 793 5273 fecisse
819 5215 1014 5271 dicitur
1056 5217 1109 5270 in
1140 5216 1443 5285 Seriptura,
1478 5220 1555 5273 sic
1583 5221 1880 5275 invenietur
1905 5231 1958 5276 ct
1986 5222 2176 5280 fecisse

597 5307 831 5377 Spiritus
877 5321 1113 5364 sanctus.
1166 5309 1306 5365 Deus
1351 5311 1491 5365 enim
1542 5313 1615 5367 ait
1670 5314 1719 5366 in
1763 5313 2027 5378 Ieremia,
2081 5317 2175 5372 de-

588 5400 819 5455 duxisse
849 5401 990 5455 hunc
1033 5401 1193 5456 Israel
1224 5402 1274 5455 itt
1305 5402 1541 5468 deserto,
1574 5404 1755 5460 dicens
1780 5407 1842 5460 ad
1870 5408 2118 5476 populqu
2146 5428 2168 5464 ι

601 5488 665 5541 Et
708 5507 810 5545 non
852 5493 1087 5557 dixistis,
1130 5491 1216 5546 ubi
1243 5504 1315 5547 est
1348 5491 1624 5560 Dominus,
1668 5496 1753 5566 qui
1785 5496 1957 5550 eduxit
1993 5515 2082 5551 nos
2110 5500 2171 5553 de

590 5588 734 5639 terra
768 5580 1015 5652 Egypti,
1049 5582 1133 5652 qui
1174 5583 1377 5637 induxit
1418 5600 1507 5639 nos
1538 5585 1589 5637 in
1620 5586 1815 5638 deserto
1844 5587 2057 5654 (Ierent.
2093 5605 2167 5655 ιι,

604 5668 693 5737 6)?
723 5667 861 5723 Dicit
881 5682 1053 5726 autem
1074 5682 1128 5726 et
1154 5672 1334 5740 Isaias,
1362 5673 1451 5744 qui
1472 5674 1765 5730 audiendus
1785 5685 1886 5744 est,
1915 5677 2169 5745 Spiritum

594 5768 849 5833 sanctum
876 5758 1155 5820 deduxisse
1183 5763 1341 5821 Israel
1372 5765 1423 5821 in
1453 5764 1687 5833 deserto,
1716 5765 1791 5821 sic
1818 5765 2035 5821 dicens:
2070 5765 2171 5843 De-

2287 4592 2393 4661 ipse
2416 4601 2584 4645 autem
2609 4609 2640 4644 a
2670 4594 2867 4647 nemine
2884 4596 3169 4665 judimlur.
3198 4596 3325 4663 Quis
3343 4600 3468 4651 enim
3486 4588 3665 4661 cognorit
3683 4592 3736 4632 δίη

2285 4699 2398 4735 sum
2442 4683 2672 4748 Domini,
2717 4685 2804 4755 qui
2851 4686 3066 4739 instruat
3103 4691 3257 4741 eum?
3301 4688 3411 4741 Nos
3445 4694 3589 4739 autent
3620 4682 3749 4764 taurini

2285 4770 2472 4826 Christi
2501 4773 2738 4826 habemus
2766 4773 2814 4845 (I
2841 4773 2957 4828 Cor.
2987 4791 3043 4840 ιι,
3072 4777 3180 4845 Ii).
3210 4778 3434 4831 Sensum
3460 4783 3607 4828 autem
3625 4761 3752 4820 Clitis!i

2286 4860 2336 4915 in
2382 4862 2675 4917 substantia
2729 4868 2940 4934 propria
2990 4869 3274 4934 Apostolus
3318 4869 3553 4937 Spiritum
3590 4864 3752 4916 sane!!!“

2284 4964 2404 5007 esse
2427 4953 2700 5021 professus
2729 4964 2812 5010 est
2836 4972 2848 5007 :
2881 4956 3010 5022 Quis
3035 4959 3132 5012 scit
3161 4975 3278 5029 qua:
3309 4970 3430 5014 sunt
3458 4958 3558 5021 Dei,
3585 4949 3660 5007 nisi
3681 4941 3753 5011 SPi‘

2282 5041 2412 5095 ritus
2442 5042 2569 5097 Dei?
2598 5045 2744 5100 Sicut
2773 5048 2986 5115 spiritus
3014 5060 3212 5114 noster,
3246 5068 3365 5119 quae
3405 5061 3565 5105 nostra
3587 5048 3752 5099 suntco-

2281 5134 2374 5188 vit.
2425 5134 2496 5190 Ut
2549 5136 2664 5206 ipse
2706 5138 2899 5193 Paulus
2944 5140 3009 5194 ad
3058 5140 3359 5198 Corinthios
3403 5140 3569 5197 scribit
3603 5153 3614 5189 :
3647 5126 3754 5186 ὓόὺδι

2277 5237 2443 5281 autent
2482 5232 2716 5283 reuelauit
2764 5230 2896 5287 Deus
2934 5251 3022 5304 per
3069 5233 3352 5304 Spirituum
3391 5249 3529 5288 suum
3559 5231 3751 5283 sanctum:

2279 5313 2503 5385 Spiritus
2539 5319 2963 5387 enimscrutatur
2991 5325 3190 5388 omnia,
3230 5327 3380 5378 etiam
3416 5320 3639 5395 profunda
3665 5309 3753 5365 Πάῖ

2276 5407 2387 5477 quis
2407 5408 2538 5462 enim
2560 5413 2694 5464 novit
2716 5410 2997 5479 hominum,
3011 5431 3120 5484 qua:
3138 5426 3252 5469 sunt
3272 5417 3499 5477 hominis,
3516 5412 3600 5466 nisi
3610 5405 3752 5478 spiritu

2278 5498 2518 5564 hominis,
2537 5502 2621 5568 qui
2640 5510 2711 5555 est
2732 5503 2785 5555 in
2806 5503 2955 5573 ipso?
2982 5505 3070 5559 Sic
3091 5516 3137 5559 et
3156 5522 3264 5574 qua:
3290 5507 3383 5561 Dei
3402 5514 3508 5560 sunt
3529 5514 3649 5557 nemo
3666 5488 3755 5547 norit

2277 5590 2373 5643 nisi
2397 5589 2621 5657 Spiritus
2647 5590 2741 5647 Dei
2764 5610 2782 5647 :
2814 5611 2903 5649 nos
2922 5606 3085 5649 autem
3108 5615 3205 5657 non
3231 5600 3466 5665 spiritum
3493 5596 3621 5663 hujus
3635 5579 3755 5640 ιπιιιάί

2276 5683 2580 5749 accepimus,
2603 5685 2689 5738 sed
2713 5684 2960 5755 Spiritum
2981 5689 3065 5756 qui
3086 5706 3116 5742 a
3141 5689 3241 5743 Deo
3261 5702 3333 5744 est
3352 5690 3399 5762 (I
3417 5688 3522 5743 Cor.
3545 5670 3755 5750 ιι,1⁰)ιῖι

2277 5782 2485 5824 rursum
2508 5773 2695 5845 :309
2715 5775 2899 5831 Videor
2920 5780 3048 5832 cnim
3076 5791 3122 5834 et
3153 5798 3239 5853 ego
3272 5781 3509 5852 Spiritum
3531 5775 3609 5831 Dei
3628 5767 3755 5825 halm
