3938 6376
182 337 283 396 sn

1373 339 1460 397 DE
1495 341 1869 399 ἸἮῘΝΙΤΑΤΕ
1909 344 2037 401 LIB.
2079 348 2190 403 XII.

3321 361 3426 419 518

176 450 230 523 (ι
271 449 393 541 Cor.
421 464 521 541 vn,
551 446 669 521 40).
707 448 771 504 Et
806 449 1008 541 iPaulus
1033 463 1163 541 sane
1201 464 1229 503 a
1262 450 1373 507 Deo
1400 467 1461 508 se
1490 464 1741 510 vocatum
1767 463 1816 520 Α
1848 464 1991 515 tubas
2014 477 2092 514 me
2122 464 2174 513 tn
2202 459 2282 515 his
2329 463 2593 529 omnibus,
2629 464 2752 520 dicit
2794 465 3042 523 Dominus
3071 462 3283 541 (Eucti.
3315 489 3427 541 xvr,

179 541 282 606 ait,
332 540 398 597 ad
448 540 662 596 Galatas
714 540 954 595 scribens
1009 558 1022 594 :
1078 539 1203 595 Cum
1251 550 1419 596 autem
1474 543 1752 611 placuisset

181 630 423 697 Domino,
463 632 553 700 qui
582 646 660 683 me
704 629 983 701 segregavit
1025 628 1089 683 ab
1135 638 1280 684 utero
1306 630 1483 686 matris
1511 648 1667 697 mea,
1700 643 1750 687 et

178 722 363 776 vocavit
402 738 492 791 per
512 722 729 791 gratiant
750 736 917 787 suam,
943 720 1163 776 revelare
1188 718 1383 775 Filium
1410 737 1563 775 suum
1591 722 1745 790 mihi,

176 822 226 865 ut
249 814 581 882 evangelium
606 828 719 867 eum
754 812 811 866 in
838 812 1067 883 gentibus
1100 811 1243 882 (Cal.
1276 828 1313 878 ι,
1342 813 1453 883 15).
1478 813 1749 870 Romanos

174 894 293 957 'vero
317 916 350 957 a
379 902 596 958 Christo
624 912 843 958 vocatos
869 916 987 959 esse
1015 903 1113 972 ait,
1145 901 1387 958 scribens
1415 902 1482 958 ad
1509 919 1602 958 eos
1636 922 1648 956 :
1683 903 1749 958 In

171 993 342 1062 quibus
369 992 487 1047 estis
519 1003 566 1047 et
591 1009 676 1047 vos
714 993 877 1047 vocati
904 992 1029 1047 Jesu
1060 992 1251 1047 Christi
1287 993 1463 1064 (Rom.
1500 1008 1538 1059 ι,
1570 992 1650 1061 6).
1682 995 1750 1051 Et

170 1084 391 1155 Spiritus
420 1094 637 1141 sanctus
674 1084 895 1141 Paulum
917 1094 972 1141 et
1002 1085 1299 1139 Barnabam
1326 1100 1356 1140 a
1388 1100 1447 1142 se
1471 1086 1604 1143 dixit
1627 1101 1747 1144 esse

167 1189 412 1245 vocatos,
471 1189 529 1235 ut
574 1180 821 1250 gentibus
877 1182 1257 1237 annuntiarent
1322 1181 1615 1238 Christum.
1672 1185 1744 1240 Et

166 1272 322 1343 plane
352 1272 624 1338 mirabile,
666 1287 787 1328 cum
830 1273 1073 1329 Salvator
1101 1273 1304 1328 diceret
1346 1275 1413 1329 ad
1445 1275 1663 1332 Paulum
1690 1277 1745 1332 in

166 1365 363 1433 templo
405 1381 419 1418 :
450 1362 535 1417 Ito
563 1363 684 1433 quia
724 1364 794 1416 ad
814 1374 985 1434 gentes
1022 1364 1171 1434 longe
1194 1366 1387 1435 positas
1419 1382 1510 1438 ego
1546 1368 1744 1421 mittam

167 1466 209 1509 te
236 1456 377 1527 (Act.
429 1470 559 1522 xxu,
598 1454 708 1522 2|);
746 1465 799 1509 et
837 1454 1033 1510 Paulus
1060 1454 1127 1510 ad
1172 1454 1391 1511 Galatas
1428 1456 1690 1513 scriberet
1728 1475 1743 1513 :

162 1544 361 1600 Paulus
380 1546 640 1615 apostolus
656 1561 756 1599 non
772 1546 834 1599 ab
851 1545 1163 1611 hominibus,
1183 1563 1343 1617 neque
1363 1564 1454 1616 per
1471 1548 1741 1617 hominem,

162 1637 245 1691 sed
262 1652 359 1707 per
378 1634 557 1691 Iesum
577 1634 834 1689 Christum
857 1645 905 1690 et
937 1635 1100 1690 Deum
1121 1635 1349 1700 Patrem,
1372 1638 1460 1706 qui
1486 1639 1745 1693 suscitavit

158 1744 266 1782 eum
309 1744 340 1782 a
368 1727 580 1780 mortuis
621 1724 763 1795 (Gal.
793 1740 841 1789 ι,
878 1726 929 1796 1)
963 1744 977 1781 :
1036 1727 1266 1797 Spiritus
1306 1736 1480 1782 tamen
1528 1739 1744 1785 sanctus

1824 542 1967 620 ⁵45).
1993 552 2191 607 Paulus
2208 568 2333 610 vero
2352 557 2537 615 scribit
2556 558 2622 612 ad
2647 559 2914 616 novellum
2938 563 3187 632 populum
3212 582 3226 619 :
3252 564 3430 622 Nolite

1850 642 2150 697 contristare
2180 643 2434 715 Spiritum
2465 647 2590 716 Dei,
2624 652 2676 703 in
2704 666 2803 719 quo
2830 654 3016 723 signati
3046 655 3166 710 estis
3215 656 3269 710 in
3294 658 3431 712 diem

1848 729 2205 799 redemptionis
2258 733 2475 805 (Ephes.
2516 753 2591 805 tv,
2618 738 2734 808 50).
2760 741 2827 795 Et
2874 742 3038 797 David
3080 743 3430 804 nihilominus

1848 829 2033 872 contra
2061 819 2276 876 Judaeos
2297 824 2429 879 dicit
2453 845 2467 881 :
2509 827 2574 881 Et
2600 830 3022 886 exacerbaverunt
3052 832 3331 889 Dominum
3375 839 3431 891 in

1848 910 2045 963 deserto
2065 909 2234 981 (Psal.
2259 928 2460 984 Lxxvu,
2482 918 2597 990 49).
2650 918 2813 976 Isaias
2827 922 2986 976 etiam
3006 922 3074 977 de
3099 922 3287 979 iisdem
3312 925 3387 979 ait
3409 944 3429 983 ε

1846 1001 1960 1073 Ipsi
2005 1020 2120 1059 vero
2177 1012 2545 1064 contumaciter
2598 1025 2847 1083 egerunt,
2904 1025 2952 1069 et
3007 1018 3431 1075 exacerbaverunt

1850 1098 2109 1167 Spiritum
2132 1110 2368 1156 sanctum
2395 1103 2553 1173 (Isai.
2592 1122 2742 1176 um,
2779 1109 2890 1179 10).
2915 1109 2983 1165 Et
3008 1109 3076 1165 ad
3120 1109 3431 1169 Corinthios

1846 1198 2090 1253 scribens
2116 1198 2312 1253 Paulus
2340 1200 2413 1254 ait
2449 1219 2460 1253 :
2491 1202 2570 1255 An
2604 1206 3006 1271 experimentum
3042 1206 3277 1276 quaeritis
3314 1210 3429 1280 ejus

1845 1290 1931 1356 qui
1957 1290 2010 1342 in
2027 1305 2103 1343 me
2122 1288 2344 1361 loquitur
2363 1294 2551 1347 Christi
2576 1292 2666 1365 (Il
2693 1293 2812 1351 Cor.
2833 1314 2948 1363 xm,
2972 1299 3028 1369 3)
3048 1300 3075 1352 ?'
3093 1298 3163 1354 Et
3182 1315 3426 1357 rursum:

1848 1378 2039 1433 Mulier
2059 1381 2216 1451 ligata
2239 1393 2314 1436 est
2335 1392 2530 1453 quanto
2552 1396 2780 1455 tempore
2800 1389 2917 1441 vivit
2933 1391 3013 1442 vir
3037 1390 3172 1458 eius,
3195 1392 3240 1445 si
3256 1401 3430 1446 autem

1845 1480 2075 1525 mortuus
2102 1472 2254 1539 fuerit
2280 1477 2379 1539 vir,
2406 1475 2626 1529 liberata
2655 1486 2763 1541 est;
2793 1477 2874 1530 cui
2898 1478 3003 1532 vult
3029 1479 3431 1544 nubat,tantuns

1845 1561 1898 1612 in
1922 1559 2160 1615 Domino.
2192 1561 2401 1617 Beatior
2429 1572 2599 1617 autem
2624 1565 2757 1630 erit,
2796 1566 2842 1620 si
2868 1568 2943 1621 sic
2968 1570 3216 1623 manserit
3249 1587 3434 1624 secun-

1845 1647 1969 1701 dum
1990 1664 2157 1703 meum
2175 1654 2474 1706 sententiam
2494 1668 2518 1706 ι’
2538 1654 2714 1708 videor
2733 1656 2868 1709 enim
2886 1666 2934 1711 et
2960 1673 3055 1727 ego
3075 1658 3313 1726 spiritum
3337 1659 3433 1713 οτι

1845 1736 2029 1792 habere
2055 1736 2106 1807 (1
2132 1738 2251 1795 Cor.
2284 1756 2375 1808 vn,
2408 1741 2521 1811 59).
2548 1741 2611 1797 Ει
2640 1743 2705 1798 ad
2733 1743 3005 1800 Romanos
3024 1744 3151 1800 dicit
3183 1763 3197 1799 :
3232 1746 3433 1802 Verita-

160 1818 303 1872 niisit
328 1818 546 1871 Paulum
575 1826 630 1871 et
653 1817 945 1872 Barnabam
970 1817 1220 1887 probatos
1242 1817 1308 1872 ad
1338 1817 1738 1887 praedicandum
1772 1828 1820 1889 Β
1847 1832 1946 1878 tem
1975 1826 2090 1880 dico
2128 1829 2181 1882 in
2222 1824 2427 1885 Christo
2454 1831 2583 1887 Jesu
2607 1873 2622 1898 ,
2673 1850 2777 1886 non
2821 1836 3058 1903 mentior,
3088 1838 3431 1892 testimonium

155 1909 401 1979 gentibus
437 1908 618 1963 Jcsutn
667 1908 959 1963 Christum.
1010 1909 1145 1964 Dicit
1186 1923 1422 1979 namque
1467 1910 1744 1980 Scriptura

158 2001 234 2056 sic
264 2018 278 2056 :
321 2000 484 2054 Erant
525 2008 697 2053 autem
726 2000 1006 2054 Antiochiet:
1040 1999 1095 2053 in
1126 1998 1357 2054 Ecclesia
1400 2000 1662 2070 propheta:
1697 2010 1743 2055 et

156 2093 405 2159 doctores,
430 2092 483 2143 in
504 2091 685 2160 quibus
706 2099 813 2145 erat
834 2089 1123 2155 Barnabas,
1147 2101 1193 2143 et
1219 2090 1399 2144 Simon
1427 2092 1515 2161 qui
1535 2101 1746 2145 vocatur

159 2181 345 2253 Niger,
377 2190 424 2237 et
466 2180 653 2237 Lucius
676 2181 1003 2252 Cyrenensis,
1034 2192 1082 2237 et
1112 2180 1368 2236 Manahen
1391 2199 1589 2254 quoque
1608 2224 1624 2249 ,
1654 2186 1745 2255 qui

155 2281 259 2323 erat
286 2270 508 2325 Herodis
533 2270 824 2325 Tetrarchae
850 2270 1195 2325 collactaneus
1220 2312 1235 2337 ,
1275 2281 1321 2325 et
1365 2270 1582 2327 Saulus.
1614 2272 1741 2328 Ser-

157 2361 404 2415 vientibus
422 2377 537 2415 vero
563 2362 634 2416 eis
656 2359 897 2428 Domino,
921 2371 967 2415 et
984 2363 1343 2433 jejunantibus
1361 2363 1489 2417 dixit
1514 2364 1741 2432 Spiritus

152 2462 357 2507 sanctus
380 2468 398 2506 .'
429 2452 708 2524 Segregate
732 2454 857 2507 mihi
885 2452 1177 2507 Barnabam
1205 2463 1249 2507 et
1272 2453 1493 2509 Saulum
1522 2456 1575 2507 in
1606 2470 1737 2523 opus

155 2546 227 2598 ad
272 2545 406 2614 quod
446 2546 616 2598 vocavi
660 2560 770 2599 eos.
817 2543 908 2598 Illi
946 2561 1060 2617 vero
1101 2545 1396 2616 jejunantes
1423 2554 1469 2599 et
1498 2555 1737 2612 orantes,

150 2642 507 2707 imposuerunt
554 2639 627 2693 eis
656 2654 846 2695 manus
887 2638 1281 2705 et_dimiserunt
1320 2651 1340 2690 :
1389 2638 1477 2706 qui
1516 2639 1656 2692 missi
1706 2654 1739 2691 a

151 2728 359 2797 Spiritu
402 2737 577 2783 sancto
605 2726 970 2781 descenderunt
998 2724 1314 2791 Seleuciam,
1364 2736 1410 2781 et
1454 2727 1571 2782 inde
1605 2728 1744 2781 navi-

149 2827 400 2890 gaverunt
449 2818 677 2888 Cyprum
719 2815 852 2887 (Act.
900 2830 1013 2882 xm,
1054 2813 1193 2883 1-4).
1246 2814 1314 2868 Et
1362 2815 1441 2869 sic
1489 2816 1741 2886 deinceps

150 2908 461 2979 prmdicatio
484 2910 733 2979 gentibus
762 2924 856 2979 per
885 2910 1106 2965 Paulum
1144 2909 1283 2965 laeta
1314 2914 1619 2981 exponitur.
1667 2915 1735 2969 Et

151 3009 234 3056 est
298 3000 511 3069 quidem
561 3000 774 3071 quando
821 3015 887 3057 ex
946 3014 1175 3070 persona
1225 3000 1396 3057 Patris
1450 3003 1739 3071 loquuntur

152 3089 449 3159 prophetae.
482 3090 571 3146 Sic
613 3090 778 3146 David
805 3091 858 3145 in
892 3088 1111 3159 psalmis
1139 3089 1214 3143 ait
1246 3106 1262 3144 :
1296 3088 1466 3145 Semel
1482 3094 1653 3163 juravi
1684 3094 1737 3148 in

1852 1916 1978 1970 mihi
2023 1919 2317 1987 perhibente
2381 1923 2685 1977 conscientia
2738 1940 2852 1978 mea
2902 1925 2957 1978 in
2999 1925 3203 1994 Spiritu
3254 1935 3432 1981 sancto

1847 2003 2025 2076 (Rom.
2058 2023 2138 2073 ιι,
2166 2008 2241 2078 1).
2279 2010 2346 2065 Ει
2376 2013 2430 2065 in
2456 2012 2586 2066 Isaia
2623 2013 2879 2069 Dominus
2918 2030 2935 2068 :
2974 2012 3141 2069 Filios
3169 2017 3350 2086 genui,
3381 2025 3434 2070 et

1846 2097 2066 2152 exaltari
2114 2115 2135 2155 :
2189 2101 2289 2171 ipsi
2330 2119 2445 2157 vero
2489 2119 2569 2157 me
2606 2113 2899 2169 spreverunt
2950 2098 3104 2176 (Isai.
3155 2122 3203 2173 ι,
3234 2106 3317 2175 2).
3369 2106 3433 2163 in

1848 2186 2135 2259 Evangelio
2159 2205 2284 2245 vero
2320 2209 2332 2244 :
2366 2191 2517 2258 Quod
2545 2203 2723 2247 natum
2750 2204 2825 2250 est
2852 2196 2917 2249 de
2951 2212 3126 2264 carne,
3156 2212 3277 2251 caro
3306 2206 3379 2251 est
3410 2211 3430 2251 :

1845 2286 1893 2330 et
1920 2278 2057 2346 quod
2088 2288 2262 2332 natum
2293 2291 2365 2334 est
2394 2281 2457 2335 de
2489 2281 2721 2351 Spiritu,
2752 2294 2985 2339 sanctum
3014 2295 3105 2349 est,
3141 2287 3271 2354 quia'
3292 2285 3432 2340 Deus

1848 2369 2073 2439 Spiritus
2100 2381 2175 2424 est
2209 2370 2387 2441 (Joan.
2416 2388 2471 2427 ιιι
2494 2414 2508 2437 ,
2540 2373 2620 2442 6).
2665 2376 2727 2428 Ει
2767 2390 2978 2430 rursum
3014 2394 3025 2427 :
3072 2376 3301 2445 Spiritus
3344 2378 3431 2431 ubi

1845 2457 1951 2512 vult
1981 2460 2163 2529 spirat,
2193 2471 2238 2514 et
2262 2475 2432 2515 vocem
2456 2464 2568 2532 ejus
2591 2466 2762 2528 audis,
2791 2473 2839 2518 et
2870 2466 3030 2519 nescis
3057 2467 3191 2519 unde
3232 2468 3427 2530 veniat,

1845 2556 2013 2615 etquo
2046 2549 2219 2603 vadat.
2256 2549 2348 2604 Sic
2388 2561 2462 2606 est
2490 2554 2653 2605 omnis
2701 2555 2785 2623 qui
2816 2564 2963 2608 natus
3013 2566 3085 2607 est
3125 2572 3186 2609 ea:
3228 2556 3430 2624 Spiritu

1844 2648 2021 2693 sancto
2070 2638 2257 2710 (lbid.,
2290 2640 2389 2710 8).
2456 2642 2596 2711 Ergo
2625 2643 2740 2698 haec
2776 2644 2842 2697 ad
2896 2644 3103 2699 initium
3157 2645 3431 2714 Evangelii

1846 2744 2164 2800 comparans
2186 2774 2201 2799 ,
2233 2732 2425 2787 minuit
2458 2733 2690 2802 Spiritus
2720 2735 2887 2789 sancti
2918 2735 3267 2804 dignitatem?
3298 2735 3430 2792 Nam

1842 2817 1898 2875 in
1932 2821 2190 2893 principio
2217 2822 2432 2890 quidem
2468 2823 2737 2894 Evangelii
2766 2824 3000 2879 Joannes
3025 2824 3092 2879 de
3114 2824 3429 2891 Salvatore,

1842 2923 1895 2968 et
1915 2912 1982 2967 de
2001 2912 2086 2968 his
2106 2914 2195 2983 qui
2216 2914 2565 2970 crediderunt
2584 2916 2685 2971 ait:
2707 2916 3090 2985 Quotquoteum
3108 2928 3424 2984 receperunt,

1843 3003 1987 3057 dedit
2016 3004 2087 3057 eis
2113 3013 2410 3074 potestatem
2436 3005 2571 3074 filios
2608 3006 2701 3060 Dei
2723 3006 2858 3074 ﬁeri,
2887 3009 2975 3077 qui
3002 3008 3214 3061 credunt
3253 3010 3304 3061 in
3329 3025 3427 3062 no-

1849 3097 1988 3149 mine
2007 3100 2141 3170 ejus,
2166 3098 2256 3168 qui
2282 3116 2382 3153 non
2403 3115 2466 3153 ea:
2493 3100 2857 3169 sanguinibus,
2897 3117 3056 3168 neque
3080 3116 3145 3154 ex
3171 3100 3428 3155 voluntate

150 3187 331 3233 sancto
360 3195 491 3246 meo,
519 3181 564 3234 si
587 3179 755 3235 David
784 3181 1000 3234 mentiar
1030 3192 1241 3231 :semcn
1268 3179 1377 3244 eius
1414 3180 1467 3233 in
1496 3191 1741 3236 wternum
1771 3183 1816 3248 ο
1847 3187 2008 3258 311
2041 3189 2230 3256 carnis,
2258 3206 2422 3261 neque
2448 3206 2510 3245 ea:
2538 3192 2792 3245 voluntate
2809 3192 2933 3258 viri,
2976 3198 3064 3245 sed
3090 3209 3155 3246 es
3184 3190 3293 3245 Deo
3321 3193 3428 3246 nati

151 3267 394 3333 manebit,
416 3277 465 3322 et
489 3269 634 3324 sedes
659 3270 770 3340 ejus
790 3270 919 3325 sicut
939 3269 1018 3323 sol
1038 3281 1157 3325 ante
1177 3287 1256 3325 me
1278 3271 1447 3343 (Psal.
1481 3290 1735 3342 Lxxxvut,

150 3357 265 3428 36).
300 3358 363 3413 Et
414 3374 625 3414 rursum
660 3375 675 3414 :
722 3358 799 3414 De
822 3355 1006 3429 [ructu'
1022 3361 1209 3416 ventris
1249 3362 1324 3415 tui
1353 3379 1541 3432 ponam
1580 3380 1738 3434 super

149 3447 320 3501 sedem
366 3465 527 3503 meam
557 3448 733 3517 (Psal.
761 3464 943 3515 cxxxt,
982 3451 1090 3520 tt).
1121 3451 1270 3508 Sicut
1310 3462 1362 3507 et
1390 3452 1579 3509 Petrus
1613 3456 1734 3514 ait:

152 3537 411 3607 Propheta
435 3555 552 3593 cum
594 3550 719 3596 esset
744 3539 946 3607 David,
978 3551 1026 3594 et
1052 3543 1237 3607 sciret,
1281 3542 1399 3612 quia
1433 3545 1737 3614 juramento

148 3630 367 3702 iurasset
391 3631 469 3684 illi
493 3631 652 3698 Deus,
678 3632 742 3686 de
761 3632 935 3701 fructu
963 3631 1120 3685 lumbi
1146 3636 1256 3702 eius
1282 3634 1454 3689 sedere
1479 3634 1751 3700 Christum

147 3721 430 3774 secundum
471 3737 676 3775 carnem
713 3736 866 3791 super
893 3721 1135 3776 thronum
1163 3739 1309 3776 suum
1351 3724 1490 3794 (Act.
1520 3741 1587 3792 tl,
1617 3728 1732 3794 30).

147 3812 374 3875 Quando
392 3826 519 3867 vero
542 3827 606 3867 ex
630 3827 855 3883 persona
886 3812 1040 3867 Filii?
1060 3828 1181 3867 cum
1213 3813 1374 3869 Isaias
1394 3814 1527 3871 dicit
1556 3832 1572 3873 :
1606 3816 1736 3873 licet:

146 3902 273 3954 dicit
308 3901 557 3955 Dominus
594 3919 614 3957 :
658 3901 874 3972 PrOpter
901 3918 988 3957 vos
1009 3918 1206 3974 semper
1235 3904 1615 3975 blasphematur
1644 3925 1736 3963 no-

144 4012 263 4051 men
293 4012 456 4052 meum
483 3998 537 4051 in
576 3998 804 4068 gentibus
833 4012 853 4052 :
881 4006 1150 4067 prapterea
1202 4010 1466 4069 cognoscet
1506 4003 1736 4072 populus

142 4102 291 4141 meus
320 4087 372 4140 in
398 4088 492 4141 illa
519 4088 601 4141 die
627 4103 809 4141 nomen
831 4104 1018 4153 meum,
1040 4088 1163 4159 quia
1202 4105 1294 4159 ego
1321 4107 1434 4145 sum
1457 4106 1476 4145 :
1511 4095 1619 4161 ipse
1646 4095 1736 4163 qui

143 4175 394 4242 loquebar
415 4176 597 4229 adsum
643 4174 794 4245 (Isai.
824 4192 919 4240 ut.
952 4174 1029 4246 5).
1065 4177 1290 4245 Quando
1316 4189 1493 4235 autem
1518 4196 1581 4237 ex
1614 4198 1736 4251 per-

140 4281 283 4323 sona
308 4267 537 4337 Spiritus
558 4270 758 4323 sancti?
778 4279 836 4324 ut
857 4284 976 4325 cum
1004 4269 1263 4339 propheta
1294 4270 1510 4340 Agahus
1536 4271 1682 4327 dicat
1714 4289 1730 4328 :

144 4361 279 4416 Haec
328 4360 452 4413 dicit
481 4360 711 4429 Spiritus
761 4369 968 4415 sanctus
997 4375 1016 4414 :
1047 4359 1229 4413 Virum
1265 4361 1438 4425 hunc,
1477 4364 1624 4432 cujus
1661 4371 1735 4415 est

142 4449 311 4521 310
351 4448 447 4503 iste
476 4450 734 4519 cingulas,
774 4452 851 4503 sic
880 4449 1108 4520 ligabunt
1135 4448 1186 4502 in
1218 4447 1513 4503 Jerusalem
1539 4448 1731 4518 Judtci,

1842 3286 1959 3330 sunt
1992 3274 2171 3346 (Joan.
2202 3293 2237 3344 ι,
2274 3279 2385 3349 12).
2411 3280 2487 3335 De
2515 3283 2923 3352 regeneratioue
2948 3296 3158 3351 quoque
3190 3281 3426 3338 ﬁdelium

1842 3381 2123 3435 exponens
2160 3368 2444 3435 Dominus,
2485 3380 2541 3426 et
2576 3372 2912 3441 postmodum
2948 3371 3294 3442 Nicodemum
3340 3374 3425 3427 in-

1841 3467 2080 3524 struens,
2104 3473 2199 3513 eos
2229 3459 2319 3529 qui
2347 3460 2399 3514 in
2429 3474 2488 3515 se
2517 3461 2776 3525 credunt,
2808 3462 2908 3516 hoc
2932 3470 3015 3516 est
3040 3461 3129 3530 qui
3158 3462 3426 3530 accipiunt

1841 3564 1987 3615 eum,
2018 3565 2049 3605 a
2074 3549 2279 3619 Spiritu
2303 3560 2489 3606 sancto
2531 3551 2840 3621 regenerari
2866 3561 3115 3620 oportere
3140 3552 3275 3606 dixit
3299 3553 3376 3605 sic
3407 3568 3421 3605 :

1842 3643 1927 3699 Ne
1977 3643 2176 3699 mireris
2205 3644 2327 3710 quia
2374 3643 2481 3697 dia‘i
2528 3644 2649 3710 tibi,
2704 3650 2897 3712 oportet
2943 3658 3028 3695 vos
3057 3642 3198 3697 nasci
3235 3641 3421 3696 denuo.

1842 3734 2069 3803 Spiritus
2099 3734 2187 3789 ubi
2219 3734 2326 3789 vult
2355 3735 2536 3805 spirat,
2567 3745 2614 3789 et
2640 3750 2809 3788 vocem
2833 3736 2945 3805 ejus
2972 3733 3121 3786 audis
3140 3773 3154 3793 .
3195 3743 3242 3786 et
3263 3733 3425 3787 nescis

1839 3826 1975 3879 unde
2014 3826 2181 3880 veniat
2227 3835 2274 3879 et
2314 3841 2415 3893 quo
2453 3832 2555 3879 eat.
2588 3824 2679 3879 Sic
2719 3832 2790 3877 est
2834 3822 2999 3876 omnis
3031 3822 3118 3889 qui
3166 3829 3318 3875 natus
3349 3831 3425 3876 est

1838 3932 1901 3972 ea:
1950 3916 2151 3987 Spiritu
2207 3925 2384 3970 sancto
2407 3914 2603 3985 ,(Joan.
2654 3930 2742 3979 ιιι,
2775 3914 2853 3982 7).
2897 3912 2959 3966 Et
2995 3926 3423 3968 commemorans

1838 4016 1961 4061 ante
1986 4024 1998 4059 :
2025 4006 2176 4072 Quod
2198 4015 2376 4059 natum
2397 4015 2469 4059 est
2490 4006 2554 4057 de
2576 4004 2791 4073 Spiritu,
2814 4002 3024 4071 spiritus
3040 4011 3112 4054 est
3134 3998 3325 4067 (Ibid.,
3340 4000 3420 4068 6).

1841 4095 1915 4149 Ex
1946 4109 2129 4159 carne,
2151 4108 2277 4148 caro
2299 4110 2323 4154 _:
2352 4102 2406 4147 et
2425 4092 2568 4161 quod
2600 4091 2837 4145 nascitur
2860 4089 2927 4143 de
2955 4088 3179 4156 Spiritu,
3205 4088 3423 4155 spiritus

1837 4192 1939 4240 est.
1966 4185 2021 4238 Si
2052 4184 2208 4252 igitur
2229 4183 2282 4235 hi
2314 4181 2406 4252 qui
2435 4180 2641 4235 ctelesti
2673 4178 3078 4248 regeneratione
3098 4184 3424 4245 generantur

1838 4287 1903 4327 ex
1934 4271 2135 4340 Spiritu
2167 4279 2353 4324 sancto
2374 4268 2634 4339 generati,
2667 4283 2732 4323 ex
2758 4268 2865 4321 Deo
2893 4273 3018 4319 sunt
3040 4267 3423 4333 generati,cur

1839 4378 1943 4418 non
1973 4362 2016 4416 si
2040 4360 2166 4430 quid
2200 4374 2451 4431 maguum
2481 4368 2535 4414 et
2572 4358 2811 4413 divinum
2839 4365 2893 4413 et
2920 4356 3183 4410 Trinitate
3201 4354 3420 4425 dignum

1838 4451 1906 4508 de
1928 4450 2128 4521 Spiritu
2155 4464 2251 4505 nos
2272 4442 2477 4520 opinari
2500 4457 2733 4518 oportet,
2758 4454 3010 4516 quantum
3042 4444 3108 4499 ad
3133 4444 3419 4501 humanam

144 4551 188 4598 et
219 4540 425 4595 tradent
470 4540 523 4593 in
551 4556 733 4593 manus
774 4539 999 4609 gentium
1025 4539 1165 4606 (Act.
1209 4553 1329 4605 xxi,
1379 4537 1490 4608 11).
1536 4538 1732 4594 Paulus
1758 4557 1815 4618 ι)
1840 4542 2245 4613 possibilitatem
2275 4542 2391 4596 est?
2413 4540 2550 4608 Quid
2579 4554 2706 4593 vero
2731 4536 3081 4607 cogitabimus
3108 4535 3297 4589 iterum
3318 4551 3417 4590 au-

146 4642 326 4689 autem
341 4631 408 4686 ad
423 4630 763 4687 Timotheum
785 4631 971 4687 scribit
994 4648 1008 4685 :
1036 4630 1261 4702 Spiritus
1277 4639 1449 4684 autem
1471 4631 1737 4700 manifeste

145 4728 290 4791 dicit,
312 4726 432 4792 quia
468 4726 520 4779 in
549 4726 835 4780 novissimis
877 4724 1184 4795 temporibus
1224 4723 1486 4778 discedent
1522 4724 1732 4795 quidam

146 4833 175 4872 s
194 4818 320 4886 ﬁde,
339 4818 652 4871 attendentes
671 4816 935 4886 spiritibus
955 4814 1297 4871 seductoribus
1320 4814 1371 4884 (ι
1396 4814 1528 4870 Tim.
1556 4831 1630 4883 tv,
1652 4815 1727 4887 1),

145 4918 200 4962 et
222 4908 488 4962 doctrinis
499 4908 801 4963 daemonum
820 4951 835 4976 ,
860 4916 914 4963 et
934 4907 1072 4962 sicut
1091 4917 1284 4963 caetera
1308 4921 1402 4975 per
1418 4908 1725 4977 prophetas.

146 4997 239 5054 Est
265 4996 409 5053 enim
431 4997 645 5064 quando
678 4996 851 5063 Pater,
885 5005 940 5051 et
959 4994 1173 5065 quando
1197 4994 1393 5061 Filius,
1425 5004 1479 5050 et
1514 4996 1726 5064 «litando

144 5086 378 5151 Spiritus
417 5096 634 5142 sanctus
671 5087 924 5157 loquitur.
956 5087 1047 5143 Sic
1074 5087 1321 5157 equidem
1360 5103 1455 5156 per
1491 5089 1726 5159 seipsum

147 5176 299 5232 Pater
319 5176 390 5231 de
410 5176 690 5232 Salvatore
708 5177 784 5231 ait
817 5194 830 5230 :
855 5176 958 5231 llic
972 5187 1045 5232 est
1065 5176 1111 5230 F
1113 5178 1231 5231 ilius
1256 5194 1393 5232 meus
1415 5177 1650 5244 dilectus,
1676 5181 1728 5234 in

143 5285 238 5338 quo
259 5268 549 5339 complacui
579 5268 793 5339 (Matth.
825 5282 916 5334 ιιι,
952 5268 1058 5338 17).
1080 5267 1249 5323 Filius
1277 5282 1405 5321 vero
1442 5279 1727 5339 antequam

142 5369 550 5414 conversaretur
603 5358 746 5413 inter
798 5357 1085 5424 homines,
1148 5356 1371 5427 singulis
1426 5359 1727 5430 quibusque

144 5458 450 5506 sanctorum
506 5450 713 5506 locutus
768 5459 885 5516 est,
942 5461 995 5505 et
1033 5458 1153 5519 post
1182 5462 1459 5505 assensum
1506 5449 1623 5519 ejus
1669 5451 1722 5505 in

143 5541 303 5596 eteius
359 5540 592 5610 Spiritus
636 5555 851 5610 quoque
889 5553 1107 5595 sanctus
1154 5539 1220 5594 ad
1248 5539 1537 5608 discipulos
1577 5541 1652 5594 ait
1702 5557 1718 5595 :

80 5671 87 5679 υ
145 5633 415 5705 Segregate
443 5634 566 5687 mihi
586 5632 873 5687 Barnabant
925 5642 971 5687 et
1002 5632 1224 5687 Paulum
1245 5633 1298 5686 in
1327 5649 1456 5703 opus
1483 5635 1552 5687 ad
1583 5635 1718 5703 quod

142 5730 303 5782 vocavi
324 5744 411 5783 eos
434 5729 567 5796 (Act.
603 5745 722 5793 xut,
750 5728 830 5797 2).
853 5728 917 5783 Et
945 5728 1198 5797 propheta
1219 5728 1433 5797 quidem
1467 5725 1714 5781 Ezechiel

143 5829 323 5877 contra
365 5826 601 5880 veterem
632 5820 883 5894 populum
911 5820 1167 5887 clamans,
1193 5818 1319 5876 dicit
1356 5835 1370 5874 :
1402 5818 1467 5874 Et
1493 5818 1713 5873 contris-

1837 4632 2047 4688 dicntes
2079 4632 2300 4686 Paulum
2322 4630 2388 4686 ad
2420 4629 2726 4685 Corinthios
2744 4628 2812 4683 de
2829 4625 3029 4695 Spiritu
3052 4626 3373 4697 scribentem
3400 4644 3413 4680 :

1835 4723 1917 4776 An
1944 4722 2168 4788 nescitis,
2201 4722 2322 4789 quia
2364 4735 2586 4785 corpora
2617 4727 2779 4772 vestra
2810 4717 3052 4785 templum
3089 4723 3163 4769 est
3191 4714 3418 4786 Spiritus

1832 4814 2019 4877 sancti,
2043 4813 2133 4883 qui
2161 4814 2215 4866 in
2236 4812 2377 4866 vobis
2401 4820 2495 4873 est,
2518 4826 2669 4879 quem
2699 4807 2962 4876 accepistis
2990 4822 3021 4859 a
3054 4805 3199 4859 Deo?
3231 4816 3277 4859 et
3314 4824 3415 4861 non

1833 4902 1950 4957 estis
1973 4902 2123 4957 vestri
2154 4916 2174 4956 .'
2204 4902 2360 4970 eMpti
2390 4903 2525 4956 enim
2554 4902 2671 4955 estis
2702 4902 2865 4969 pretio
2889 4915 3093 4970 magno.
3122 4897 3417 4964 Cloriﬁcale

1833 5000 1881 5047 et
1924 5003 2125 5064 portate
2186 4992 2346 5047 Deum
2389 4994 2441 5047 in
2469 4994 2707 5049 cordibus
2744 4993 2918 5048 vestris
2966 4991 3021 5065 (1
3042 4993 3160 5047 Cor.
3193 5007 3266 5057 ιιι,
3300 4992 3411 5060 19).

1834 5082 2053 5139 Taliane
2078 5083 2145 5138 de
2168 5084 2348 5154 aliquo
2375 5099 2440 5139 ex
2464 5088 2723 5139 creaturis
2750 5084 2966 5154 proprie
2994 5097 3114 5138 esse
3140 5081 3409 5143 dicuntur;

1832 5187 1886 5232 et
1911 5178 2085 5247 qualia
2114 5177 2184 5232 de
2222 5177 2362 5245 Deo,
2399 5179 2521 5233 talia
2562 5178 2629 5235 de
2657 5179 2857 5249 Spiritu
2880 5178 3175 5233 scriberent
3202 5183 3411 5239 sancto,

1832 5267 1879 5324 si
1920 5268 2121 5325 creatio
2158 5270 2336 5325 esset?
2376 5269 2513 5336 Quid
2555 5284 2682 5324 vero
2726 5268 2977 5323 faciemus
3007 5265 3284 5319 audientes
3311 5261 3411 5316 Pe-

1833 5368 1973 5415 trum
2001 5359 2069 5415 ad
2094 5362 2350 5414 Ananiam
2379 5358 2645 5415 dicentem
2687 5374 2701 5410 :
2737 5358 2872 5426 Quid
2896 5357 3033 5427 quod
3061 5351 3269 5407 tentavit
3301 5349 3407 5406 Sa-

1830 5464 1975 5509 tanas
2000 5471 2087 5508 cor
2110 5463 2251 5509 tuum
2276 5464 2329 5508 ut
2354 5455 2635 5509 mentireris
2664 5453 2884 5524 Spiritui
2911 5458 3106 5513 sancto,
3134 5456 3181 5501 et
3206 5444 3386 5499 subtra

1828 5544 1973 5598 heres
1997 5561 2027 5598 o
2050 5545 2209 5612 pretio
2241 5545 2429 5614 fundi?
2482 5543 2603 5598 Non
2625 5560 2677 5597 es
2708 5542 2941 5595 mentitus
2970 5538 3251 5592 hominibus
3269 5574 3285 5601 ,
3316 5534 3408 5588 ted

1828 5634 1936 5686 Deo
1980 5634 2115 5706 (Act.
2148 5650 2202 5700 ν,
2240 5634 2319 5703 3).
2396 5632 2501 5689 Sed
2533 5633 2709 5687 dicunt
2738 5633 2907 5697 forte,
2941 5629 3019 5682 sic
3056 5626 3145 5696 qui
3186 5622 3404 5695 Spiritui
3458 5704 3465 5711 '

1829 5724 1919 5778 θυι
1945 5724 2290 5789 mentiuntur,
2328 5731 2383 5778 et
2412 5722 2737 5776 mentiuntur
2770 5719 2910 5783 Deo,
2943 5716 3088 5771 velut
3124 5715 3213 5784 qui
3242 5712 3404 5769 mini-

1824 5825 1991 5872 strum
2016 5814 2336 5873 contumelia
2358 5811 2618 5880 afﬁciunt,
2643 5809 2839 5879 Regem
2859 5818 3005 5865 certe
3027 5807 3401 5865 dehonestant.
