3938 6376
545 295 687 428 ξδιθ
742 298 754 309 ’

1930 336 2151 396 νιοιιιι
2192 336 2564 395 TAPSENSIS
2628 322 2629 325 ‘
3643 352 3719 409 an

569 455 774 523 Quibus
799 454 1024 510 dicimus
1056 472 1070 510 :
1117 453 1256 525 Ergo
1281 462 1335 509 et
1375 453 1449 509 illi
1493 452 1745 523 apostolis
1784 454 2133 515 mentientes,
2169 458 2217 515 Α
2245 451 2471 519 Spiritus
2498 464 2624 504 vero
2655 456 2890 513 sanctus,
2934 448 3252 514 Paraclitus,
3283 449 3487 521 Spiritus
3512 458 3714 526 Yel'lldlls,

572 560 747 601 nonne
778 546 889 601 Deo
912 545 1118 600 mentiti
1146 546 1303 599 sunt?
1331 554 1421 598 aut
1440 544 1528 612 qui
1550 543 1821 612 apostolos
1855 544 2138 611 recipiunt,

571 649 749 690 nonne
774 633 942 689 Deum
973 634 1269 703 recipiunt?
1310 634 1445 689 sicut
1474 633 1725 686 Dominus
1767 631 1832 685 ad
1868 633 2140 699 apostolos

569 727 643 780 ait
686 744 698 780 :
731 726 835 791 Qui
864 727 1042 794 recipit
1080 744 1185 793 vos,
1218 743 1295 779 me
1318 727 1528 795 recipit:
1553 726 1642 795 qui
1676 741 1792 780 vero
1819 740 1899 779 me
1939 726 2136 795 recipit,

569 818 745 885 recipit
798 832 911 870 eum
954 818 1041 885 qui
1079 833 1157 871 me
1188 818 1319 869 misit
1357 815 1569 883 (Matth.
1609 833 1663 883 x,
1695 816 1810 889 40).
1849 816 2142 885 Oportebat

570 918 701 971 ergo
728 903 938 957 Petrum
969 916 1347 960 memorantem
1384 923 1395 957 :
1431 906 1568 971 Quid
1587 904 1723 975 quod
1750 909 1953 959 tentavit
1978 907 2140 963 Sata-

571 1011 663 1047 nas
684 1011 771 1047 cor
798 1004 937 1047 tuum
961 997 1161 1049 mentiri
1190 996 1409 1063 Spiritui
1442 996 1654 1048 sancto?
1678 1011 1779 1048 non
1808 1011 1861 1049 es
1907 997 2141 1050 mentitus

574 1084 793 1149 Spiritui
818 1094 1012 1151 sancto,
1040 1087 1129 1139 sed
1158 1084 1292 1149 Deo;
1314 1094 1403 1138 aut
1431 1086 1607 1141 dicere
1638 1102 1653 1140 :
1686 1086 1825 1152 Quid
1860 1087 1997 1155 quod
2027 1099 2139 1142 ten-

574 1173 694 1225 tavit
743 1172 965 1227 Satauas
1004 1176 1205 1228 mentiri
1259 1175 1442 1227 nobis?
1494 1174 1614 1229 Non
1656 1192 1708 1229 es
1760 1177 1997 1230 mentitus
2050 1178 2143 1231 ho-

570 1264 807 1331 minibus,
844 1268 931 1319 sed
956 1264 1083 1331 Deo,
1125 1278 1181 1322 ut
1212 1270 1485 1337 sequentia
1517 1272 1652 1325 ratio
1700 1270 1893 1326 habeat
1955 1288 1969 1324 :
2001 1272 2143 1338 Quo-

568 1354 709 1407 niam
740 1355 876 1409 Deus
902 1360 1101 1412 sanctis
1125 1359 1236 1413 suis
1268 1359 1370 1413 hoc
1402 1360 1615 1415 tradidit
1642 1370 1697 1415 et
1723 1376 1911 1431 sapere
1930 1373 1984 1417 et
2019 1377 2142 1433 pro-

570 1442 729 1507 Iiteri,
753 1445 1203 1512 quemadmodum
1245 1463 1364 1503 cum
1388 1463 1417 1501 a
1445 1450 1565 1503 liliis
1594 1450 1791 1519 Israel,
1824 1462 2004 1522 spreto
2052 1453 2144 1508 illo

567 1551 760 1606 magno
798 1537 1070 1606 Sumuele,
1108 1557 1199 1596 rex
1238 1543 1551 1610 petebatur:
1586 1556 1913 1615 maestusque
1961 1556 2139 1614 esset,

567 1626 703 1680 dixit
729 1626 794 1678 ad
815 1640 935 1680 eum
970 1628 1148 1683 Deus:
1182 1630 1301 1684 Non
1324 1642 1372 1685 te
1405 1632 1563 1703 312
1593 1644 1915 1703 spreverunt,
1944 1636 2036 1688 sed
2066 1651 2146 1689 me

570 1714 621 1786 (Ι
649 1716 775 1785 Reg.
809 1731 921 1781 vui,
954 1718 1028 1787 7).
1070 1720 1133 1773 Et
1157 1722 1349 1776 talibus
1370 1725 1581 1791 quidem
1613 1725 1787 1780 verbis
1813 1725 1998 1781 Petrus
2036 1740 2142 1781 non

2245 539 2433 607 hisque
2463 539 2899 593 obumbrantibus
2923 541 3175 608 paritura:
3207 554 3327 595 eum
3360 543 3515 599 Mariae
3539 561 3715 605 creatum

2244 636 2327 682 est
2365 627 2691 681 dominicum
2723 628 2977 696 templum
3011 647 3024 681 :
3056 628 3274 699 angelus
3299 642 3461 686 autem
3489 650 3545 689 ex
3575 634 3728 706 Spiritu

2242 727 2429 774 sancto
2442 728 2679 774 creatum
2703 734 2825 775 esse
2851 718 3005 775 illum
3031 720 3188 788 dixit,
3210 736 3301 776 cur
3319 737 3416 777 non
3441 740 3574 781 unam
3587 744 3719 795 Opera-

2246 810 2442 867 tionem
2468 826 2588 867 esse
2620 810 2899 866 Trinitatis
2923 812 3267 868 erudiamur?
3293 813 3415 869 Nam
3443 827 3490 871 et
3513 832 3660 873 omnes
3681 824 3721 875 li-

2244 901 2391 975 deles
2415 919 2480 959 ex
2522 903 2724 973 Spiritu
2759 914 2947 959 sancto
2976 919 3099 960 esse
3125 905 3255 960 dixit
3288 907 3520 963 Dominus
3545 912 3597 964 ad
3617 912 3723 966 Nico-

2244 994 2482 1063 demum,
2517 994 2771 1064 profiteris
2811 1011 2823 1047 :
2860 994 3011 1059 Quod
3051 1004 3227 1048 natum
3272 1006 3342 1050 est
3379 1014 3435 1051 ea:
3457 1014 3608 1065 carne,
3645 1019 3723 1054 caro

2243 1098 2317 1141 est
2347 1102 2366 1142 :
2409 1096 2454 1141 et
2484 1088 2620 1157 quod
2648 1098 2823 1142 natum
2856 1099 2929 1143 est
2968 1088 3032 1142 de
3078 1089 3309 1157 Spiritu,
3339 1092 3525 1160 spiritus
3561 1104 3635 1149 est.
3672 1095 3723 1147 Νι

2243 1180 2445 1233 mireris
2467 1179 2609 1249 ‘quod
2631 1179 2849 1233 dixerim
2888 1179 2977 1233 tibi
3020 1195 3053 1249 :7
3082 1178 3290 1249 Oportet
3328 1197 3409 1235 vos
3443 1185 3564 1236 nasci
3593 1185 3722 1237 denso.

2246 1268 2473 1336 Spiritus
2496 1268 2581 1322 ubi
2619 1270 2725 1323 vult
2747 1271 2928 1339 spirat,
2958 1278 3005 1323 et
3030 1248 3201 1324 vocem
3230 1272 3338 1341 ejus
3365 1273 3527 1339 crudis,
3560 1284 3597 1327 et
3617 1278 3725 1327 nescis

2244 1357 2380 1410 unde
2425 1357 2623 1424 veniat,
2678 1358 2754 1411 vel
2790 1373 2891 1427 quo
2927 1366 3029 1413 eat.
3065 1358 3155 1414 Sic
3198 1369 3272 1413 est
3326 1362 3474 1414 omnis
3508 1364 3580 1430 qui
3623 1372 3725 1415 nats:

2245 1456 2318 1502 est
2345 1464 2408 1501 ea:
2453 1448 2655 1517 Spiritu
2690 1458 2866 1503 sancto
2892 1447 3069 1518 (Ioan.
3102 1466 3191 1516 III,
3215 1450 3270 1515 6,
3302 1453 3354 1515 7,
3380 1453 3456 1519 8).
3496 1452 3605 1507 Cum
3639 1468 3722 1522 ergo

2246 1539 2527 1594 audiamus
2558 1557 2574 1594 :
2608 1539 2773 1594 Nobis
2817 1556 2951 1593 unus
2996 1539 3134 1594 Deus
3162 1540 3336 1608 Pater,
3389 1558 3448 1596 ea:
3470 1559 3555 1609 quo
3592 1545 3725 1605 omnia,

2243 1639 2293 1684 et
2345 1646 2473 1684 unus
2517 1630 2767 1685 Dominus
2808 1628 2967 1685 Iesus
3006 1630 3270 1698 Christus,
3310 1648 3396 1703 per
3426 1649 3555 1702 quem
3587 1635 3725 1695 omnia,

2246 1730 2291 1776 et
2319 1738 2411 1776 nos
2434 1738 2525 1791 per
2553 1724 2721 1790 ipsum
2768 1722 2821 1793 (ι
2862 1722 2981 1779 Cor.
3012 1739 3135 1789 vut,
3162 1724 3219 1793 6)
3250 1740 3267 1775 :
3312 1733 3365 1780 et
3397 1725 3615 1779 habemus
3635 1725 3725 1793 quod

572 1816 657 1861 est
702 1821 864 1871 usus;
916 1810 1008 1863 sed
1049 1825 1169 1864 cum
1201 1814 1435 1866 Anauias
1467 1822 1522 1867 et
1563 1813 1791 1885 Saphira
1843 1830 1976 1869 uxor
2030 1815 2145 1884 ejus
2174 1817 2223 1879 Β
2250 1812 2425 1881 majus
2454 1821 2539 1868 est
2576 1821 2685 1868 tota
2712 1823 2955 1869 creatura
2984 1822 3040 1869 et
3068 1814 3381 1884 gloriosius,
3411 1815 3458 1869 id
3482 1824 3555 1870 est
3592 1830 3724 1883 corpus

569 1906 818 1965 putarent
842 1911 901 1951 se
932 1898 1172 1955 homines
1199 1902 1467 1971 decipere,
1502 1919 1637 1958 unus
1667 1920 1730 1959 ex
1757 1905 1840 1958 his
1859 1908 1944 1974 qui
1970 1904 2143 1974 decipi

570 1988 893 2057 putabantur
915 1990 1104 2044 Petrus
1126 1991 1259 2045 dixit
1292 2010 1303 2043 :
1360 1993 1495 2058 Quid
1522 1996 1657 2063 quod
1692 1996 1899 2049 tentavit
1928 1996 2147 2050 Satanas

571 2082 774 2135 mentiri
800 2083 1021 2152 Spiritui
1041 2089 1251 2141 sancto?
1271 2104 1370 2141 non
1393 2104 1443 2140 es
1462 2088 1700 2140 mentitus
1725 2087 2036 2152 hominibus,
2059 2088 2147 2140 sed

575 2171 701 2226 Deo.
736 2172 827 2228 Sic
872 2188 1002 2230 sane
1042 2185 1097 2230 et
1140 2177 1207 2230 ad
1235 2177 1515 2245 Saphiram
1561 2177 1853 2246 ingressam
1894 2178 2152 2232 continuo

573 2269 707 2323 dixit
737 2284 751 2321 :
792 2270 928 2333 Quid
955 2272 1092 2339 quod
1116 2273 1348 2327 convenit
1379 2272 1514 2325 vobis
1549 2282 1739 2326 tentare
1765 2272 2014 2341 Spiritum
2044 2272 2152 2325 Do-

573 2360 735 2411 mini.’
772 2359 836 2413 Et
869 2360 1010 2415 Patri
1039 2362 1281 2431 quidem,
1312 2372 1366 2416 et
1397 2362 1563 2428 Filio,
1606 2372 1660 2417 et
1705 2363 1924 2431 Spiritui
1966 2373 2151 2418 sancto

577 2448 760 2503 ﬁdeles
786 2449 964 2505 vivere
992 2462 1172 2506 sancta
1199 2452 1409 2521 eloquia
1434 2466 1530 2506 nos
1551 2452 1767 2517 docent,
1792 2454 1930 2507 sicut
1959 2453 2151 2509 Paulus

572 2540 638 2591 ad
670 2539 939 2595 Romanos
969 2542 1155 2595 scribit
1188 2559 1201 2595 :
1231 2543 1380 2608 Quod
1403 2552 1572 2597 autent
1594 2554 1822 2599 mortuus
1851 2555 1921 2599 est
1945 2558 2152 2616 peccato

574 2640 804 2684 mortuus
825 2641 895 2685 est
924 2633 1078 2686 semel
1106 2649 1123 2686 :
1153 2634 1290 2702 quod
1320 2642 1491 2686 autem
1520 2635 1660 2697 vivit,
1688 2636 1805 2689 vivit
1841 2634 1947 2689 Deo
1970 2635 2150 2707 (Rom.

572 2734 647 2783 νι,
678 2720 787 2789 I0).
815 2722 881 2776 Et
907 2738 1113 2777 rursum
1140 2742 1153 2778 :
1183 2724 1248 2777 Ut
1269 2726 1356 2794 qui
1378 2721 1565 2791 vivunt,
1581 2729 1695 2796 jam
1719 2744 1817 2781 non
1844 2729 1940 2782 sibi
1966 2731 2149 2797 vivant,

575 2813 662 2865 sed
690 2814 735 2865 ei
758 2815 843 2879 qui
871 2831 962 2881 pro
1005 2818 1129 2883 ipsis
1156 2826 1384 2871 mortuus
1410 2826 1512 2884 est,
1535 2828 1581 2872 et
1614 2824 1887 2876 resurrexit
1915 2823 2002 2893 (II
2032 2825 2151 2879 Cor.

574 2916 629 2967 v,
666 2902 777 2971 15).
809 2904 873 2957 Ει
902 2920 1109 2960 rursum
1138 2907 1416 2976 increpans
1444 2907 1657 2962 Galatas
1687 2912 1874 2967 scribit
1904 2931 1915 2965 :
1952 2914 2013 2968 Si
2033 2915 2155 2967 vivi-

576 3008 688 3045 mus
719 2994 950 3063 Spiritu,
994 2995 1196 3064 Spiritu
1238 3005 1285 3050 et
1315 2997 1630 3051 ambulemus
1679 2998 1823 3067 (Gal.
1855 3016 1906 3065 v,
1938 3002 2053 3073 25).
2089 3004 2159 3058 Et

579 3096 700 3135 cum
733 3083 929 3137 Paulus
959 3084 1158 3141 direret
1190 3102 1206 3141 :
1242 3086 1404 3140 Nobis
1451 3102 1566 3141 vero
1604 3105 1734 3143 unus
1764 3088 1920 3144 Pater
1960 3109 2022 3146 ea:
2055 3110 2157 3164 quo

2250 1903 2496 1970 Domini,
2522 1918 2747 1959 necnon
2776 1913 2832 1960 et
2870 1919 3058 1961 omnes
3096 1914 3283 1960 sancto
3303 1905 3489 1975 Spiritu
3514 1920 3611 1960 esse
3629 1919 3725 1959 sanc-

2250 2005 2332 2051 tos
2364 2014 2379 2051 :
2406 2012 2500 2052 cur
2525 2011 2630 2051 non
2656 2012 2775 2067 quae
2804 1997 2871 2052 de
2900 1997 3059 2054 Patre
3098 2007 3152 2053 et
3182 1998 3322 2053 Filio
3349 1997 3519 2053 eadem
3542 1998 3662 2052 etiam
3686 1996 3726 2049 de

2250 2085 2458 2155 Spiritu
2481 2096 2665 2142 sancto
2696 2102 2761 2142 ex
2789 2087 3080 2156 Scripturis
3108 2102 3301 2158 sapere
3324 2087 3612 2144 debeamus?
3629 2086 3725 2151 Quod

2249 2177 2294 2230 si
2324 2191 2487 2246 grave
2507 2179 2591 2233 vel
2622 2177 2774 2232 nefas
2800 2178 2975 2248 impiis
3003 2179 3103 2233 hoc
3129 2192 3251 2235 esse
3279 2178 3497 2244 videtur,
3524 2192 3623 2245 ergo
3643 2177 3726 2230 sicut

2250 2268 2479 2322 credunt
2519 2269 2572 2323 in
2606 2269 2849 2335 Patrem,
2890 2279 2946 2325 et
2996 2270 3187 2324 Filium
3212 2311 3226 2335 ,
3278 2286 3381 2327 non
3412 2273 3475 2325 ita
3515 2269 3680 2324 credant
3697 2268 3727 2319 in

2253 2357 2510 2427 Spiritum
2556 2368 2799 2413 sanctum
2851 2376 2864 2411 :
2920 2367 2975 2414 et
3009 2362 3149 2415 sicut
3200 2360 3466 2431 baptizant
3504 2361 3548 2414 in
3587 2359 3729 2412 nomine

2254 2447 2427 2502 Patris
2464 2458 2515 2502 et
2553 2447 2705 2512 Filii,
2753 2464 2856 2503 non
2911 2451 2985 2503 ita
3015 2449 3289 2519 baptizent
3319 2451 3471 2504 etiam
3511 2450 3555 2503 in
3589 2447 3729 2502 nomine

2257 2538 2486 2607 Spiritus
2530 2540 2721 2594 sancti.
2779 2540 2850 2595 At
2890 2541 3165 2596 videamus
3215 2543 3265 2595 si
3314 2542 3392 2595 vel
3434 2542 3481 2594 in
3511 2541 3729 2593 Deumcre

2257 2627 2388 2683 dant
2432 2629 2515 2684 vel
2547 2629 2855 2698 baptizent,
2897 2630 2987 2700 qui
3018 2631 3097 2685 sic
3138 2631 3393 2700 sapiunt,
3440 2644 3532 2684 non
3572 2627 3729 2680 videntes

2259 2720 2312 2773 in
2364 2719 2657 2790 Scripturis
2706 2720 2908 2775 sanctis
2960 2720 3238 2776 Trinitatis
3288 2723 3543 2776 unitatem.
3586 2716 3729 2781 Scripsit

2259 2824 2492 2880 namque
2540 2810 2605 2865 ad
2669 2810 2933 2879 Ephesios
2991 2810 3334 2866 beatissimus
3376 2810 3549 2865 Paulus
3586 2825 3595 2860 :
3630 2805 3729 2869 Pup-

2259 2911 2395 2956 terea
2440 2902 2683 2970 suscipite
2702 2910 2807 2955 tota
2836 2917 2981 2955 arma
3011 2900 3111 2954 Dei
3136 2941 3150 2964 ,
3175 2911 3234 2954 ut
3264 2902 3459 2971 possitis
3503 2899 3676 2953 resistere
3703 2894 3732 2941 it

2260 2994 2340 3047 die
2389 2993 2617 3063 maligno
2650 3007 2669 3046 :
2700 3001 2747 3045 et
2798 3008 2914 3045 cum
2958 2993 3130 3047 omnia
3157 2992 3490 3062 perfeceritis,
3512 2998 3613 3044 state
3642 2984 3731 3037 tituli

2261 3085 2459 3138 lumbos
2487 3085 2539 3137 in
2586 3085 2823 3151 veritate,
2855 3094 2906 3138 et
2944 3085 3160 3138 calceate
3190 3086 3345 3155 pedes
3374 3085 3423 3137 in
3464 3077 3732 3152 preparation!

578 3172 747 3225 omnia
768 3215 782 3239 ,
825 3181 872 3226 et
916 3190 1049 3227 unus
1092 3174 1339 3229 Dominus
1390 3174 1543 3229 Iesus
1569 3175 1830 3247 Christus,
1875 3196 1963 3246 per
2009 3200 2156 3252 quem
2185 3179 2230 3243 ο
2264 3173 2529 3244 Evangelii
2553 3174 2693 3243 pacis
2732 3189 2751 3226 :
2782 3190 2936 3243 super
2968 3173 3077 3228 hac
3105 3176 3280 3229 omnia
3307 3174 3579 3244 accipientes
3610 3176 3731 3221 still!

577 3262 746 3314 omnia
794 3261 848 3333 (Ι
881 3262 999 3317 Cor.
1050 3280 1174 3331 vtu,
1214 3265 1290 3334 6).
1342 3266 1404 3320 Et
1436 3266 1576 3336 quod
1620 3277 1705 3322 cst
1740 3270 1909 3339 majus
1946 3272 1999 3326 in
2046 3281 2153 3329 tota

578 3362 818 3405 creatura
841 3393 857 3417 ,
892 3353 993 3410 hoc
1013 3364 1095 3409 est
1122 3370 1316 3426 corpus
1359 3357 1594 3423 Domini,
1625 3375 1689 3414 ex
1735 3360 1938 3430 Spiritu
1967 3376 2156 3423 sancto

498 3458 503 3461 ·
578 3456 698 3496 esse
750 3444 1007 3510 creditur,
1053 3447 1190 3500 sicut
1229 3448 1553 3517 evangelista
1585 3450 1863 3512 Matthneus
1894 3454 2153 3511 tradidit:

578 3530 765 3585 Christi
799 3538 1054 3605 generatio
1082 3536 1152 3591 sic
1187 3539 1300 3608 fuit.
1334 3536 1461 3593 Cum
1497 3540 1798 3609 desponsata
1832 3554 1958 3597 esset
1985 3544 2157 3600 Maria

579 3631 742 3674 mater
769 3627 875 3691 ejus
905 3641 937 3677 a
960 3623 1149 3695 Ioseph
1172 3667 1189 3692 ,
1233 3639 1500 3699 antequam
1543 3634 1897 3698 convenirent,
1954 3635 2157 3690 inventa

581 3718 655 3760 est
676 3709 730 3760 in
748 3720 889 3763 utero
912 3712 1095 3765 habens
1124 3715 1185 3766 de
1214 3715 1413 3781 Spiritu
1434 3728 1632 3772 sancto.
1659 3718 1852 3789 Ioseph
1876 3731 2044 3777 autem
2081 3727 2157 3778 vir

582 3801 694 3867 ejus
721 3815 835 3852 cum
864 3812 987 3854 esset
1014 3803 1162 3856 homo
1177 3805 1371 3870 justus,
1399 3816 1447 3859 et
1472 3808 1624 3860 nollet
1645 3823 1755 3860 eam
1783 3810 2011 3879 detegere
2030 3854 2045 3879 ,
2073 3829 2159 3866 vo-

583 3889 680 3941 luit
698 3904 811 3941 eam
832 3892 1025 3945 occulte
1046 3894 1313 3947 dimittere.
1339 3894 1464 3947 [hec
1485 3905 1651 3948 autem
1672 3913 1729 3949 eo
1751 3899 2020 3967 cogitante,
2048 3918 2159 3956 ecce

582 3980 793 4051 angelus
818 3981 1022 4036 Domini
1045 3985 1095 4036 in
1121 3986 1308 4039 somnis
1333 3987 1465 4039 visus
1484 3996 1557 4039 est
1582 4004 1611 4037 a
1632 3985 1823 4054 Ioseph
1848 3990 2015 4045 dicens
2045 3993 2157 4046 illi:

581 4071 792 4142 Ioseph,
827 4073 934 4129 Fili
960 4075 1125 4131 David
1141 4117 1154 4141 ,
1180 4093 1243 4130 ne
1266 4080 1441 4133 timeas
1464 4080 1682 4149 recipere
1708 4081 1927 4137 Mariam
1950 4102 2158 4142 umorem

580 4170 721 4214 tuam
759 4179 778 4217 :
808 4166 944 4232 quod
984 4166 1117 4219 enim
1160 4183 1223 4219 ea:
1249 4184 1308 4221 ea
1338 4177 1590 4233 nascetur,
1628 4170 1691 4223 de
1734 4170 1934 4241 Spiritu
1983 4187 2158 4231 sancto

582 4261 655 4304 est
684 4252 899 4322 (Matth.
949 4271 987 4319 ι,
1021 4256 1129 4325 I8).
1173 4257 1239 4310 Et
1278 4257 1399 4311 licet
1444 4258 1713 4327 Sapientia
1759 4260 2063 4320 Salomonis
2104 4266 2156 4320 in

586 4339 919 4407 Proverbiis,
949 4344 1015 4397 de
1049 4358 1273 4412 corpore
1297 4348 1588 4404 Salvatoris
1615 4349 1848 4423 diceret,
1892 4354 2161 4423 Sapientia

586 4430 852 4498 a'diﬁcavit
882 4433 976 4485 sibi
1008 4434 1211 4485 domum
1237 4436 1416 4506 (Prov.
1446 4453 1520 4502 Ix,
1557 4422 1728 4507 1),.et
1757 4441 1840 4495 hic
1880 4422 2161 4510 proﬁtetur

2259 3268 2403 3336 ﬁdei,
2433 3278 2481 3321 et
2506 3268 2707 3336 galeam
2730 3267 2975 3320 salutaris
3004 3267 3251 3337 accipite,
3282 3276 3327 3319 et
3357 3265 3564 3338 gladium
3584 3258 3732 3329 spiritu.

2258 3359 2392 3428 quod
2420 3368 2491 3413 est
2519 3358 2725 3412 verbum
2752 3356 2849 3411 Dei
2878 3355 3099 3426 (Ephes.
3129 3372 3210 3425 vt,
3250 3356 3358 3427 15).
3398 3356 3533 3410 Ecce
3546 3360 3664 3405 totam
3683 3357 3732 3395 π-

2258 3462 2521 3507 maturam
2565 3462 2617 3507 et
2657 3451 2861 3521 galeam
2894 3450 3012 3505 Filii
3044 3468 3057 3504 :
3123 3450 3240 3519 ipse
3267 3451 3408 3506 enim
3434 3457 3511 3503 est
3534 3437 3734 3498 salutaris:

2258 3543 2396 3597 sicut
2423 3542 2559 3597 dixit
2586 3542 2750 3597 Isaias
2773 3541 3034 3611 prOpheta
3061 3559 3073 3595 :
3110 3540 3177 3594 Et
3201 3541 3385 3595 videbit
3412 3538 3555 3591 omnis
3576 3541 3733 3625 cura?

2259 3635 2424 3687 lutare
2446 3632 2543 3688 Dei
2573 3634 2731 3687 nostri
2763 3630 2913 3703 (lsai.
2944 3646 3014 3687 xt.
3034 3673 3048 3697 ,
3082 3630 3156 3702 5).
3192 3631 3415 3687 Gladius
3455 3640 3566 3682 vero
3588 3620 3735 3689 Spiritu!

2260 3722 2466 3788 sancti,
2507 3723 2745 3793 nunquid
2796 3723 3002 3777 destitit
3039 3738 3069 3777 a
3118 3721 3420 3781 Trinitate?
3456 3712 3645 3783 nunquid
3673 3717 3733 3806 uel!

2259 3814 2519 3869 unitatem
2549 3811 2936 3881 edocetlQuid
2964 3812 3123 3883 igitur
3159 3812 3227 3867 de
3260 3811 3457 3883 Spiritu
3486 3809 3735 3895 sanctoqltts'

2258 3918 2416 3975 quam
2444 3903 2603 3959 dicit?
2630 3918 2749 3958 cum
2782 3904 2915 3959 tales
2959 3904 3324 3974 professiones
3364 3903 3430 3957 de
3457 3915 3515 3954 eo
3551 3893 3679 3949 audiat
3701 3893 3732 3936 In

2258 3994 2550 4064 Scripturis
2598 3994 2903 4060 enuntiari,
2946 3993 3127 4048 audiat
3174 3996 3336 4049 etiam
3381 3998 3572 4047 sanctos
3602 3986 3735 4037 erant?s

2262 4086 2545 4140 Dominum
2580 4104 2592 4138 :
2622 4085 2858 4152 Domine,
2886 4102 2948 4139 ne
2965 4086 3019 4139 in
3041 4087 3118 4139 ira
3136 4096 3223 4139 tua
3254 4101 3437 4157 arguas
3459 4097 3526 4134 me
3550 4072 3671 4145 (Psal.
3692 4079 3732 4121 πε

2259 4178 2340 4246 2).
2374 4176 2442 4230 Et
2500 4178 2549 4231 in
2606 4177 2812 4246 psalmo
2863 4194 2878 4229 :
2921 4179 3147 4248 Arguam
3189 4185 3238 4231 te
3289 4185 3337 4230 et
3382 4182 3577 4229 statuam
3607 4164 3737 4248 prum

2262 4266 2426 4339 314
2447 4277 2533 4321 tua
2554 4278 2671 4323 ante
2699 4269 2883 4338 {aciem
2915 4246 3054 4321 tuam
3085 4266 3255 4337 (Psal.
3286 4280 3409 4319 χιιι
3429 4304 3443 4329 ,
3468 4260 3567 4327 2|).
3592 4255 3639 4308 Et
3662 4246 3734 4351 Sal-

2263 4367 2502 4413 vatorem
2533 4357 2599 4413 de
2630 4358 2834 4428 Spiritu
2860 4369 3047 4413 sancto
3067 4358 3332 4414 dicentem
3367 4376 3379 4410 :
3414 4355 3471 4411 Si
3510 4350 3735 4405 anteme".

2262 4449 2458 4502 mittam
2484 4446 2797 4501 Paraclitum
2828 4449 2897 4501 ad
2918 4464 3039 4513 vos;
3068 4457 3115 4501 et
3144 4464 3263 4501 cum
3298 4445 3477 4501 venerit
3499 4440 3599 4501 ille,
3622 4429 3737 4495 ατθιεί

586 4520 911 4589 unigenitum
940 4535 1235 4581 creatorem
1262 4531 1501 4599 corporis
1523 4534 1636 4598 sui,
1673 4534 1758 4589 hic
1791 4545 1964 4592 tamen
1994 4554 2159 4608 ange-
2191 4554 2242 4614 ι)
2267 4538 2401 4590 hunc
2428 4538 2677 4591 mundum
2703 4538 2766 4593 de
2794 4548 3019 4607 peccato,
3063 4549 3110 4593 et
3132 4539 3196 4591 de
3220 4538 3450 4606 jus'ilia,
3480 4541 3521 4586 et
3548 4529 3597 4582 de
3606 4518 3737 4596 Ῐαάίάθ

589 4610 670 4663 lus
691 4625 754 4664 ex
777 4611 975 4679 Spiritu
1006 4624 1190 4671 sancto
1221 4618 1349 4673 illud
1395 4635 1516 4676 esse
1562 4623 1695 4678 dixit
1727 4643 1741 4679 :
1772 4635 1826 4680 et
1864 4628 1942 4681 sic
1988 4629 2162 4682 omnis

586 4702 920 4757 Christianus
942 4708 1383 4778 cum'instruitur,
1402 4711 1590 4767 credit.
1617 4713 1799 4785 Neque
1820 4717 1966 4771 enim
1987 4719 2160 4787 Scrip-

593 4802 708 4846 tura
738 4794 878 4849 circa
910 4796 1221 4853 Trinitatem
1253 4800 1552 4872 discrepat,
1605 4820 1763 4859 unam
1812 4808 2163 4876 eamdemque

586 4886 951 4949 operationem
1004 4890 1120 4957 ejus
1170 4891 1357 4947 factam
1415 4893 1607 4963 ubique
1650 4896 1870 4952 docens.
1923 4897 2161 4967 Denique

592 4977 756 5031 Deum
809 4980 1042 5049 paritura
1090 4982 1239 5036 beata
1282 4984 1438 5053 Virgo
1481 4985 1641 5041 Maria
1686 5002 1805 5042 cum
1855 4988 2159 5043 Gabrielem

588 5068 820 5123 audisset
846 5070 1111 5125 dicentem
1141 5088 1155 5125 :
1194 5072 1321 5127 Ecce
1358 5075 1410 5127 in
1446 5084 1585 5129 utero
1626 5078 1825 5131 habebis
1847 5120 1862 5143 ,
1912 5088 1960 5131 et
1995 5080 2159 5149 paries

588 5160 776 5226 ﬁlium,
808 5169 851 5213 et
872 5162 1068 5215 vocabis
1095 5178 1274 5215 nomen
1306 5168 1414 5235 ejus
1442 5163 1616 5219 Iesum
1642 5166 1791 5237 (Luc.
1821 5183 1857 5231 ι,
1889 5168 2002 5237 5i),
2032 5176 2159 5234 etc.;

587 5261 641 5303 et
668 5258 787 5304 cum
820 5252 1221 5322 interrogasset,
1254 5254 1520 5318 Quomodo
1542 5258 1635 5310 erit
1667 5261 1822 5319 istud,
1851 5259 1973 5327 quia
2002 5259 2167 5311 virum

590 5358 687 5393 non
718 5343 834 5396 novi
884 5342 1072 5413 (Ibid.,
1102 5346 1223 5413 Sb)?
1248 5348 1424 5399 statim
1464 5345 1687 5401 docetur
1710 5348 1777 5401 ab
1808 5362 1873 5402 eo
1900 5348 2111 5403 dicente
2152 5365 2165 5401 :

593 5430 815 5500 Spiritus
842 5445 1047 5489 sanctus
1089 5439 1401 5504 superveniet
1432 5439 1483 5490 in
1515 5448 1560 5491 te
1585 5482 1598 5505 ,
1632 5448 1678 5491 et
1709 5440 1870 5492 virtus
1916 5440 2166 5493 Altissimi

592 5523 907 5580 obumbrabit
926 5529 1035 5582 tibi.
1066 5528 1341 5595 Propterea
1361 5531 1497 5600 quod
1524 5542 1756 5583 nascetur
1776 5549 1839 5585 ex
1869 5543 1915 5587 te
1940 5543 2170 5587 sanctum

528 5676 535 5679 ν
594 5617 851 5669 vocabitur
883 5617 1049 5673 Filius
1084 5619 1178 5674 Dei
1200 5620 1387 5689 (Ibid.,
1419 5622 1527 5690 35).
1564 5622 1714 5688 Quod
1742 5624 1784 5677 si
1815 5625 1973 5696 313
2001 5627 2173 5682 virtus

598 5704 850 5760 Altissimi
870 5711 1284 5777 estunigenitus,
1302 5712 1593 5766 secundum
1622 5713 1839 5767 Paulum
1868 5715 2134 5771 dicentem
2159 5738 2167 5770 :

597 5793 827 5849 Christus
855 5797 948 5852 Dei
987 5805 1169 5869 virtus,
1210 5813 1255 5855 et
1304 5804 1400 5858 Dei
1432 5804 1675 5863 sapientia
1706 5804 1753 5878 (l
1782 5805 1900 5859 Cor.
1936 5823 1974 5872 t,
2026 5808 2126 5873 Eli}
2159 5829 2167 5860 :

2269 4627 2448 4698 (Ioan.
2479 4644 2599 4693 xvr,
2628 4628 2709 4699 7).
2737 4628 2804 4683 Et
2828 4628 3277 4698 quemadmodum
3308 4628 3360 4681 in
3390 4624 3542 4683 Isaia,
3582 4616 3738 4703 def‘ll‘:

2268 4694 2573 4773 verSatione
2602 4694 2858 4787 uuigeniti
2895 4720 3033 4773 inter
3064 4720 3311 4773 homines
3339 4716 3561 4770 audimus
3589 4724 3599 4757 :
3632 4694 3740 4753 Eni"

2270 4810 2411 4880 virga
2432 4810 2495 4861 de
2518 4809 2693 4862 radice
2716 4806 2880 4875 Iesse,
2906 4818 2950 4862 et
2971 4811 3068 4877 ﬂos
3094 4810 3155 4863 de
3183 4810 3357 4862 radice
3381 4810 3484 4871 eius
3506 4790 3743 4889 esseadd?

2269 4872 2545 4969 requiescet
2574 4902 2625 4953 in
2650 4915 2709 4952 eo
2732 4900 2941 4969 spiritus
2974 4900 3085 4963 Dei,
3108 4902 3321 4969 spiritus
3342 4892 3579 4964 sapientia
3590 4893 3627 4938 el
3644 4872 3743 4980 ,ίκίξίξ

2277 4992 2459 5053 lectus,
2490 4991 2702 5060 spiritus
2726 4990 2924 5043 consilii
2948 5002 2992 5043 et
3026 4991 3337 5060 fortitudinis
3355 5028 3370 5053 ,
3399 4984 3584 5054 spiritus
3599 4974 3745 5062 κὶεξξκτ

2268 5092 2313 5135 et
2340 5056 2559 5149 pietatis,
2585 5090 2633 5134 et
2656 5079 2866 5148 replebit
2890 5097 3001 5133 eum
3022 5056 3233 5146 spiritus
3264 5078 3452 5131 timoris
3468 5063 3652 5124 Domini.
3671 5056 3746 5108 Ναί

2270 5177 2549 5226 secundum
2578 5174 2793 5239 gloriam
2842 5172 3119 5236 iudicabit,
3164 5186 3321 5239 neque
3348 5163 3599 5222 secundum
3632 5154 3748 5218 μασι·

2272 5265 2416 5317 diam
2446 5274 2646 5333 arguet,
2678 5265 2767 5316 sed
2781 5264 3035 5334 judicabit
3065 5264 3246 5317 humili
3266 5260 3479 5333 judicio,
3500 5265 3540 5308 et
3563 5240 3749 5308 mimi“

2270 5356 2538 5422 superbos,
2560 5364 2608 5406 et
2640 5355 2818 5423 eripiet
2857 5354 3070 5408 humiles
3112 5364 3289 5420 terrm,
3321 5362 3367 5406 et
3394 5345 3603 5418 percutiet
3630 5337 3751 5423 MT"?

2276 5417 2424 5498 verbo
2451 5448 2575 5509 oris,
2602 5453 2648 5497 et
2669 5417 2853 5513 spiritu
2884 5461 2973 5514 per
3002 5444 3137 5497 labia
3168 5417 3430 5511 interﬁciet
3452 5434 3627 5505 impium
3652 5417 3749 5518 (ως

2278 5552 2352 5601 xl,
2387 5536 2524 5604 1-4).
2572 5536 2736 5605 Igitur
2766 5545 2817 5590 et
2860 5543 3231 5590 conversatum
3262 5548 3381 5588 eum
3423 5532 3546 5583 inter
3585 5514 3753 5573 homin“

2276 5628 2552 5692 videmus,
2592 5639 2647 5682 et
2674 5627 2920 5695 spiritum
2947 5627 3078 5691 Dei,
3113 5626 3163 5680 id
3204 5635 3285 5680 est
3318 5622 3549 5691 Spiritum
3583 5606 3753 5697 διηεξυφ

2278 5719 2384 5786 (qui
2410 5727 2461 5771 et
2488 5728 2691 5784 septem
2727 5718 2949 5786 spiritus
2970 5716 3249 5784 vocantur)
3275 5729 3431 5782 super
3456 5720 3561 5764 eum
3586 5696 3754 5791 mqulé'

2280 5827 2397 5865 cere
2430 5811 2527 5864 vid»
2551 5825 2695 5875 mus;
2723 5809 2958 5865 nondum
2982 5825 3109 5865 vero
3129 5807 3360 5874 indicem
3383 5816 3490 5861 eum
3512 5786 3754 5857 etiam“
