3938 6376
221 391 324 444 321

1511 386 1592 438 DE
1637 383 2000 440 TRINITATE
2042 386 2164 440 LIB.
2199 382 2288 439 Xll

3368 385 3470 442 522

223 507 318 557 sed
347 501 526 554 videre
559 499 608 552 in
641 499 874 554 secundo
898 499 1014 568 ejus
1043 495 1272 550 adventu
1297 508 1684 563 exspectamus.
1711 495 1801 551 Sic
1832 500 1878 556 Α
1903 513 2119 565 corpora
2143 507 2324 558 vestra,
2345 511 2432 563 per
2453 495 2808 548 inhabitantem
2829 493 3076 562 Spiritum
3099 512 3242 549 suum
3265 499 3315 550 in
3339 502 3472 552 vobis

222 599 404 664 itaque
424 603 477 648 et
507 594 572 647 de
604 591 807 662 Spiritu
839 601 1024 645 sancto
1052 589 1330 648 audientes
1351 588 1749 642 conSiderantus
1784 604 1795 638 :

223 687 344 752 Ipse
381 685 522 739 enim
554 685 720 738 Filius
746 692 829 738 est
857 682 972 748 Dei,
1019 683 1107 751 qui
1139 681 1272 735 dixit
1302 694 1313 736 :
1361 679 1425 734 Et
1471 695 1584 732 cum
1615 678 1802 732 venerit

229 776 543 842 Paraclitus,
567 785 747 843 arguet
767 778 898 826 hunc
918 773 1166 825 mundum
1193 772 1256 823 de
1286 780 1508 840 peccato,
1542 778 1586 822 et
1613 769 1676 820 de
1689 771 1803 838 jus-

224 869 365 931 titia,
397 876 443 918 et
473 866 536 917 de
567 867 766 935 judicio
804 864 980 933 (Joan.
1013 879 1121 925 XVI,
1151 861 1242 932 8).
1287 863 1468 930 Neque
1513 860 1652 914 enim
1688 858 1802 913 sine

226 957 436 1024 Spiritu
467 966 651 1010 sancto
685 957 937 1010 Dominus
981 955 1228 1009 adveniet
1257 953 1310 1006 in
1337 967 1520 1018 carne,
1546 951 1639 1006 sed
1672 965 1802 1004 con-

222 1048 407 1100 tinens
436 1060 556 1099 cum
582 1045 857 1105 divinitate
886 1059 979 1098 sua
1009 1059 1128 1098 eum
1158 1044 1247 1111 qui
1279 1043 1673 1096 universitatem
1704 1040 1802 1093 im-

224 1137 360 1205 plet,
393 1151 512 1190 cum
545 1137 613 1190 sit
650 1137 830 1189 unctio
857 1149 1020 1204 super
1049 1149 1261 1188 carnem
1286 1149 1452 1186 suam.
1481 1133 1568 1186 Sic
1594 1147 1722 1184 sane
1749 1138 1804 1185 et

225 1227 394 1280 David
427 1227 725 1280 audivimus
756 1235 1059 1281 cantantem
1091 1233 1144 1278 et
1169 1224 1434 1277 dicentem
1472 1239 1483 1270 :
1519 1222 1630 1287 Quo
1653 1223 1733 1274 ibo
1772 1237 1804 1273 a

221 1316 415 1381 spiritu
443 1327 551 1379 tuo,
583 1325 630 1369 et
655 1331 755 1382 quo
780 1332 809 1366 a
836 1314 966 1382 facie
988 1324 1075 1366 tua
1115 1313 1308 1381 fugiam
1335 1311 1506 1381 (Psal.
1539 1325 1767 1364 cxxxvm
1786 1351 1800 1374 ,

223 1407 317 1472 7)?
335 1407 439 1460 Aut
458 1420 561 1459 non
577 1405 1065 1473 tanquamjudicem
1083 1403 1325 1470 spiritum
1347 1409 1661 1468 exspectans
1677 1401 1802 1454 istas

224 1495 425 1548 emittit
449 1494 843 1564 professiones?
864 1495 1035 1547 Omne
1056 1493 1196 1546 enim
1220 1505 1354 1559 opus
1379 1492 1490 1555 Dei,
1513 1500 1563 1544 et
1583 1491 1800 1556 Christi,
1851 1526 1856 1528 -

225 1596 283 1638 et
311 1586 545 1654 Spiritus
571 1586 736 1638 sancti
769 1594 851 1638 est
878 1585 1170 1652 proprium.
1221 1583 1324 1634 Aut
1366 1597 1469 1634 non
1505 1580 1805 1634 audivimus

217 1691 354 1729 eum
385 1678 436 1728 in
487 1676 829 1744 nonagesimo
866 1685 922 1730 et
968 1685 1158 1744 quarto
1194 1673 1396 1742 psalmo
1433 1673 1700 1726 dicentem
1738 1672 1804 1726 de

229 1769 344 1821 Deo
373 1786 386 1822 :
419 1766 582 1820 Hodie
608 1767 810 1835 quidem
836 1769 880 1819 si
907 1782 1070 1819 vocem
1099 1769 1207 1836 ejus
1227 1765 1510 1830 audieritis,
1543 1765 1696 1817 nolite
1719 1763 1804 1817 ob.

1909 587 2084 654 (Rom.
2115 603 2227 651 vui,
2251 589 2358 654 ll).
2384 587 2444 640 Et
2475 587 2634 640 David
2660 588 2711 640 in
2734 587 3026 642 centesimo
3053 591 3209 642 tertio
3235 594 3467 658 psalmo:

1904 677 2117 744 Auferes
2153 679 2403 744 Spiritum
2451 693 2646 742 eorum,
2691 689 2736 729 et
2765 678 3012 744 deﬁcient,
3046 689 3092 731 et
3128 680 3180 731 in
3219 681 3473 748 parcerem

1903 775 2272 821 convertentur.
2320 767 2504 821 Emitte
2534 769 2782 838 Spiritum
2820 778 2962 821 tuum
2991 778 3038 821 et
3065 773 3386 835 creabantur,
3423 783 3473 825 et

1903 857 2164 909 renovabis
2203 859 2381 925 faciem
2423 869 2568 912 terra:
2603 858 2767 926 (Psal.
2793 875 2904 920 CIII,
2931 860 3042 918 9.9).
3093 860 3158 914 Et
3196 863 3472 930 quisquam

1904 946 2219 1000 Paraclitum
2248 957 2542 1002 creatorem
2577 965 2678 1002 non
2708 952 2995 1004 confitetur
3022 965 3161 1015 esse,
3194 954 3282 1020 qui
3314 955 3472 1007 mitti«

1903 1046 2008 1101 tur,
2040 1046 2090 1091 et
2121 1046 2266 1092 creat
2293 1051 2515 1103 corpora
2543 1053 2570 1090 a
2597 1040 2794 1092 saecqu
2821 1040 3099 1104 dissoluta,
3132 1051 3185 1094 et
3215 1056 3472 1098 conversa

1906 1129 1956 1180 in
1987 1127 2258 1196 pulverem
2296 1141 2477 1188 suum;
2507 1136 2561 1180 et
2595 1137 2814 1181 renovat
2843 1128 3028 1182 faciem
3053 1131 3246 1182 terrae?
3285 1146 3472 1186 secun-

1904 1222 2028 1275 dum
2057 1220 2155 1274 hoc
2181 1220 2321 1288 quod
2353 1221 2403 1272 in
2435 1220 2564 1273 Isaia
2596 1221 2849 1288 propheta
2881 1223 3041 1292 316
3069 1223 3323 1290 scriptum
3353 1235 3434 1278 est
3459 1241 3471 1276 :

1906 1311 2019 1363 Erit
2043 1322 2214 1362 autent
2241 1312 2418 1362 calum
2450 1323 2632 1361 novum
2653 1319 2697 1362 et
2724 1319 2856 1362 terra
2878 1327 3003 1363 nova
3031 1311 3186 1380 (lsai.
3216 1330 3331 1375 va,
3361 1314 3472 1382 l't').

1905 1403 2034 1458 Sine
2064 1418 2167 1472 quo
2195 1401 2322 1455 nihil
2357 1415 2527 1469 neque
2555 1400 2729 1466 Pater,
2758 1417 2927 1469 neque
2950 1404 3114 1457 Filius
3147 1417 3394 1473 operatur
3421 1407 3473 1459 in

1907 1494 2196 1559 creatione,
2231 1493 2368 1546 sicut
2393 1501 2516 1546 ante
2547 1493 2835 1558 Scripturis
2862 1494 3060 1547 sanctis
3090 1496 3473 1551 demonstravi<

1907 1597 2044 1638 mus.
2089 1583 2154 1637 Et
2188 1584 2374 1635 iterum
2402 1582 2591 1636 Paulus
2618 1582 2682 1636 ad
2716 1582 2982 1636 Romanos
3012 1585 3197 1638 scribit
3241 1605 3251 1637 :
3299 1587 3473 1641 Habeo

1906 1675 2040 1726 enim
2068 1672 2426 1740 conﬁdentiam
2464 1673 2515 1724 in
2541 1671 2739 1724 Christo
2762 1671 2886 1724 Iesu
2915 1672 2981 1724 ad
3005 1673 3279 1728 Dominum
3314 1694 3331 1729 :
3375 1693 3473 1730 non

1908 1773 2075 1816 autem
2104 1763 2267 1816 audeo
2297 1763 2358 1814 de
2387 1763 2614 1815 omnibus
2654 1762 2813 1830 loqui,
2845 1764 2980 1830 quod
3010 1779 3110 1816 non
3140 1775 3213 1817 est
3242 1778 3473 1833 operatus

221 1858 421 1910 durare
454 1861 610 1910 corda
637 1866 820 1921 vestra,
852 1857 981 1909 sicut
1010 1857 1062 1907 in
1111 1854 1491 1908 exacerbatione
1532 1854 1803 1907 secundum
1836 1849 1881 1908 B
1907 1872 1995 1921 per
2027 1871 2107 1908 nte
2136 1853 2390 1908 Christus.
2460 1856 2537 1908 Ad
2578 1856 2947 1908 obauditionem
2986 1857 3205 1923 gentium
3246 1860 3392 1912 verbo
3429 1868 3474 1912 et

223 1951 362 2002 diem
393 1949 683 2002 (eruatiouis
710 1949 762 2001 in
788 1948 1009 2013 deserto,
1041 1947 1126 1999 ubi
1163 1955 1474 1999 tentaverunt
1516 1962 1592 1998 me
1637 1953 1800 2012 patres

227 2041 384 2093 vestri
411 2039 590 2109 (Psal.
617 2055 754 2102 xcn',
787 2039 863 2106 8).
895 2039 966 2092 De
993 2053 1052 2093 se
1081 2053 1207 2092 vero
1235 2054 1250 2090 :
1275 2037 1624 2090 Probaverunt
1653 2046 1700 2088 et
1728 2038 1802 2088 vi-

223 2135 410 2184 derunt
465 2148 618 2199 opera
671 2147 801 2184 mea.
838 2131 1186 2200 Quadraginta
1222 2132 1368 2183 annis
1417 2131 1676 2199 proximus
1725 2128 1800 2198 fui

222 2221 540 2289 generationi
561 2221 697 2284 huic,
723 2231 769 2273 et
791 2222 898 2274 dixi
925 2238 942 2273 :
967 2221 1177 2289 Semper
1215 2221 1266 2272 lti
1302 2231 1470 2273 errant
1493 2222 1660 2273 corde.
1689 2218 1800 2289 Ipsi

221 2325 339 2361 vero
361 2325 461 2362 non
483 2319 824 2379 cognoverunt
843 2312 948 2364 vias
971 2326 1122 2374 meas,
1144 2311 1269 2362 sicut
1283 2310 1456 2378 juravi
1479 2311 1530 2362 in
1552 2311 1630 2361 ira
1653 2326 1760 2361 mea
1781 2327 1800 2363 .°

223 2399 288 2452 Si
304 2400 579 2452 introibant
605 2400 655 2452 in
676 2401 894 2467 requiem
908 2417 1064 2453 meam
1091 2398 1273 2469 (Ibid.,
1297 2400 1381 2453 9-l
1398 2399 1470 2466 l).
1493 2399 1642 2464 Quod
1665 2401 1707 2452 si
1730 2399 1803 2452 di-

219 2499 349 2543 cant
373 2490 449 2542 illi
471 2489 635 2542 Deum
659 2504 797 2551 esse,
817 2499 870 2543 et
891 2505 994 2542 non
1016 2491 1280 2558 spiritum,
1308 2489 1566 2556 quidicit:
1588 2489 1804 2554 Propte-

224 2594 319 2630 rea
343 2578 459 2630 odio
471 2578 626 2630 habui
642 2578 781 2630 illam
800 2581 1186 2647 generationem,
1213 2590 1262 2633 et
1287 2588 1406 2632 ante
1418 2579 1558 2632 dicta
1586 2579 1672 2631 illa
1687 2593 1802 2632 om-

219 2666 334 2729 nia,
351 2666 568 2719 audiant
585 2666 800 2720 Paulum
815 2681 875 2720 ea
891 2683 1010 2736 quae
1025 2669 1072 2719 in
1088 2668 1274 2722 eodem
1291 2669 1494 2737 psalmo
1507 2677 1628 2720 sunt
1641 2667 1800 2733 dicta,

217 2757 385 2826 315
408 2757 472 2809 ad
492 2757 740 2811 llebrtros
757 2757 1076 2812 scribentem
1103 2760 1208 2812 sic:
1237 2759 1406 2823 Quare
1432 2761 1560 2813 sicut
1579 2760 1804 2829 Spiritus

219 2858 426 2900 sanctus
463 2849 622 2912 dicit;
663 2848 828 2901 Hodie
873 2850 918 2902 si
961 2865 1124 2903 roccm
1170 2854 1278 2921 ejus
1322 2853 1613 2915 audieritis,
1652 2855 1804 2907 nolite

220 2940 471 2991 obdurare
495 2940 650 2991 corda
678 2951 840 2992 vestra
868 2940 1028 3005 (Heb.
1056 2956 1134 3004 Ill,
1161 2942 1236 3009 7).
1274 2942 1498 2995 Veniant
1531 2953 1706 2995 autem
1738 2944 1802 2996 ad

231 3030 548 3097 pr0phetam
590 3029 807 3094 Isaiam,
845 3039 899 3084 et
937 3031 1152 3084 audiant
1191 3046 1309 3086 eum
1342 3032 1606 3086 dicentem
1644 3051 1654 3084 ε
1685 3033 1803 3086 Non

220 3121 439 3188 legatus.
479 3136 638 3206 ’τρυε
677 3120 911 3190 angelus,
949 3123 1037 3174 sed
1071 3123 1178 3188 ipse
1205 3123 1414 3175 salvabit
1449 3138 1551 3187 eos,
1583 3139 1640 3175 eo
1668 3124 1802 3192 quod

1905 1949 2069 2013 facto,
2111 1956 2260 2014 atque
2303 1948 2354 1997 in
2395 1947 2602 1998 veritate
2646 1947 2902 2014 signorum
2947 1957 2993 1999 et
3033 1949 3376 2017 prodigiorum
3421 1950 3472 2002 in

1902 2039 2082 2089 v'rtute
2112 2036 2337 2101 Spiritus
2374 2036 2538 2089 sancti
2572 2035 2744 2104 (Rom.
2775 2051 2864 2100 xv,
2895 2037 2982 2105 ΓΙ)
3010 2055 3019 2087 :
3048 2037 3246 2092 docens
3274 2039 3473 2107 Spirittt

1902 2134 2089 2179 sancto
2118 2125 2383 2180 Christum
2417 2139 2511 2194 per
2541 2139 2598 2179 se
2627 2126 2772 2194 signa
2803 2135 2856 2179 et
2885 2125 3118 2194 prodigia
3151 2126 3356 2182 fecisse.
3393 2128 3471 2180 Aul

1906 2215 2166 2280 Ephesios
2194 2231 2321 2268 vero
2347 2233 2359 2267 :
2392 2214 2564 2285 Hujus
2601 2217 2674 2268 rei
2713 2218 2876 2285 gratia
2902 2219 3049 2283 [lecto
3076 2235 3240 2286 genua
3271 2236 3377 2270 mea
3407 2220 3474 2270 ad

1905 2303 2136 2367 Patrem,
2161 2322 2222 2358 ea:
2242 2321 2342 2372 quo
2375 2307 2537 2357 omnis
2560 2307 2835 2374 paternitas
2856 2307 2908 2357 in
2936 2308 3057 2358 celo
3079 2317 3124 2358 et
3149 2308 3199 2359 in
3225 2317 3358 2359 terra
3384 2325 3474 2360 no-

1905 2398 2149 2461 minatur,
2182 2407 2232 2448 ut
2262 2397 2346 2449 det
2377 2397 2511 2449 vobis
2533 2397 2809 2448 secundum
2835 2397 3142 2463 opulentiam
3177 2399 3351 2467 gloria
3371 2414 3474 2450 sua,-

1905 2487 2133 2538 virtutem
2171 2487 2464 2550 conﬁrmari
2506 2501 2594 2545 per
2625 2485 2871 2553 Spiritum
2904 2502 3051 2537 suum
3101 2487 3152 2538 in
3191 2488 3475 2542 interiorem

1907 2579 2184 2641 hominem,
2213 2577 2444 2629 habitare
2471 2576 2724 2628 Christum
2760 2592 2847 2644 per
2875 2576 3024 2643 ﬁdem
3057 2577 3107 2627 in
3135 2579 3366 2629 cordibus
3396 2595 3476 2628 ve-

1906 2668 2022 2718 stris
2044 2666 2256 2734 (Ephes.
2289 2680 2366 2729 III,
2389 2665 2498 2734 li).
2534 2664 2593 2718 Et
2621 2665 2732 2718 hate
2759 2664 2967 2732 quidem
3000 2664 3065 2717 de
3091 2665 3243 2717 Patre
3264 2675 3316 2718 et
3340 2663 3474 2717 Filio

1909 2755 2098 2809 Paulus
2127 2754 2466 2824 singulariter
2499 2755 2686 2808 scribit
2718 2769 2732 2810 :
2766 2755 2901 2807 sicut
2937 2755 2999 2806 ad
3029 2755 3476 2809 Thessalonicen-

1907 2859 2011 2908 ses,
2031 2846 2169 2914 quod
2192 2847 2496 2917 frequenter
2514 2847 2922 2900 memoravimus
2943 2847 3016 2899 ait
3038 2864 3048 2897 :
3070 2847 3094 2897 Ι
3101 2865 3187 2916 pse
3207 2863 3319 2900 vero
3341 2847 3476 2901 Deus

1905 2947 1949 2991 et
1990 2937 2141 2990 Pater
2170 2949 2337 2990 noster
2366 2939 2646 3002 sanctiﬁcet
2673 2953 2757 2989 vos
2795 2937 2863 2988 ad
2893 2941 3165 3006 perfectum
3204 2938 3378 3008 (Thes.
3419 2956 3468 3001 ν,

1904 3031 2015 3098 95).
2041 3030 2153 3083 Non
2179 3029 2306 3083 dicit
2325 3030 2638 3097 sanctiﬁcent
2661 3045 2746 3081 vos
2768 3029 3057 3097 pluraliter,
3085 3029 3176 3083 sed
3199 3032 3476 3096 sanctiﬁcet

1908 3121 2265 3190 singulariter.
2297 3121 2523 3188 Quando
2551 3130 2724 3176 autem
2752 3121 2816 3175 ad
2845 3123 3146 3175 Corinthios
3177 3124 3243 3177 de
3265 3122 3398 3176 Filio
3424 3133 3476 3176 ct

225 3211 463 3280 diligeret
489 3227 570 3264 eos
593 3228 608 3264 :
633 3223 678 3264 et
700 3213 804 3282 ipse
833 3214 1050 3282 suscepit
1073 3229 1175 3274 eos,
1205 3221 1250 3265 et
1277 3215 1513 3266 exultavit
1538 3230 1620 3267 eos
1644 3213 1810 3266 omni-
1838 3205 1882 3268 C
1917 3215 2113 3282 Spitilu
2143 3214 2272 3267 dicit
2302 3232 2312 3266 :
2349 3214 2452 3268 Sed
2479 3213 2642 3266 abluti
2666 3214 2800 3278 estis,
2830 3217 2916 3266 sed
2950 3216 3250 3282 sanctiﬁcali
3278 3218 3393 3268 estis
3425 3218 3475 3269 in

219 3304 315 3355 bus
355 3303 527 3355 diebus
570 3304 763 3356 sceculi.
810 3301 922 3370 Ipsi
958 3320 1072 3357 vero
1103 3308 1460 3358 contumaciter
1493 3314 1720 3373 egerunt,
1755 3315 1802 3357 et

221 3400 644 3448 exacerbaverunt
677 3395 930 3464 Spiritum
962 3406 1194 3449 sanctum
1216 3439 1229 3462 ,
1264 3406 1308 3449 et
1340 3413 1605 3449 conversus
1634 3405 1705 3448 est
1735 3396 1803 3448 eis

223 3485 295 3536 ad
325 3485 646 3537 inimicitiam
674 3484 828 3554 (lsai.
857 3501 1005 3550 Lxut,
1035 3486 1114 3555 9).
1153 3486 1259 3540 Nec
1281 3502 1386 3539 non
1423 3487 1582 3540 etiam
1618 3487 1802 3554 primi-

218 3572 330 3628 .tias
381 3587 675 3644 martyrum
715 3574 1042 3643 Stephanum
1093 3575 1392 3628 auscultent
1443 3579 1804 3642 increpantem

212 3663 496 3731 .principes
527 3663 828 3718 Judaaorum
849 3703 863 3728 ,
889 3664 960 3718 ob
990 3665 1248 3720 beneﬁcia
1273 3681 1389 3734 qum
1421 3665 1642 3719 contulit
1667 3665 1805 3720 Deus

212 3754 463 3821 .patribus
493 3771 710 3820 eorum,
743 3771 862 3810 cum
893 3757 1147 3812 educeret
1175 3772 1269 3812 eos
1299 3758 1364 3812 de
1399 3769 1534 3812 terra
1567 3759 1802 3830 Egypti,

221 3845 456 3912 peractis
482 3847 646 3914 signis
668 3856 720 3900 et
743 3847 998 3916 prodigiis
1023 3849 1073 3901 in
1099 3858 1237 3903 terra
1258 3847 1494 3919 Egypti,
1520 3862 1572 3905 et
1597 3852 1646 3904 in
1671 3852 1802 3906 mari

221 3935 428 3999 Rubro,
453 3945 506 3991 et
533 3937 584 3990 in
607 3937 844 4004 deserto,
874 3953 970 4009 per
989 3953 1156 3992 annos
1176 3939 1554 4009 quadraginta:
1579 3953 1630 3996 et
1652 3943 1720 3996 ob
1741 3957 1802 3998 ea

220 4040 344 4094 qua:
373 4025 666 4093 irreligiose
692 4037 938 4096 egerunt,
965 4028 1105 4083 facto
1125 4029 1291 4085 vitulo
1317 4041 1370 4084 et
1397 4030 1550 4085 idolis
1577 4033 1802 4087 adorati.

221 4127 340 4178 tes,
382 4127 435 4170 et
474 4126 690 4184 pr0pter
718 4121 895 4173 omnia
938 4136 1055 4189 quae.
1093 4122 1296 4176 nefarie
1332 4123 1617 4178 machinati
1655 4133 1799 4191 sunt,

219 4209 491 4278 dicentem
520 4207 585 4260 ad
613 4222 706 4261 eos
731 4227 742 4261 :
770 4207 915 4262 Dura
936 4212 1140 4276 cervice,
1176 4221 1222 4264 et
1263 4213 1598 4266 incircumcisi
1627 4217 1799 4280 corde,

227 4307 278 4350 et
308 4300 539 4363 auribus,
565 4316 648 4354 vos
669 4317 862 4370 semper
880 4301 1097 4370 Spiritui
1127 4315 1302 4355 sancto
1328 4305 1614 4357 obnitimini
1637 4320 1656 4358 :
1675 4307 1803 4358 sicut

224 4397 398 4457 patres
424 4392 573 4442 vestri
594 4401 642 4443 et
665 4408 770 4445 vos.
807 4391 967 4456 Quem
991 4393 1125 4445 enim
1151 4409 1213 4446 ex
1232 4394 1490 4462 prapltetis
1517 4407 1614 4448 nan
1635 4411 1804 4464 perse-

219 4481 325 4530 cuti
353 4491 470 4533 sunt
493 4491 662 4548 patres
692 4483 858 4546 vestri,
883 4493 929 4535 et
958 4484 1293 4537 occiderunt?
1324 4487 1704 4552 pronuntiantes
1733 4488 1799 4540 de

1906 3306 2105 3358 nomine
2136 3304 2337 3357 Domini
2364 3307 2528 3358 nostri
2556 3303 2678 3358 Jesu
2710 3296 2928 3369 Chrisii,
2973 3316 3018 3358 et
3059 3308 3110 3360 in
3142 3306 3340 3374 Spiritu
3384 3306 3474 3358 Dei

1905 3397 2061 3448 nostri
2093 3393 2143 3464 (I
2173 3394 2290 3448 Cor.
2322 3411 2395 3460 vt,
2423 3397 2529 3462 ll).
2568 3397 2629 3448 Et
2658 3396 2723 3448 de
2749 3396 2903 3449 Patre
2932 3398 3165 3464 quidem,
3195 3408 3247 3451 et
3273 3398 3338 3452 de
3360 3399 3477 3464 Βρε-

1907 3487 2009 3539 ritu
2037 3504 2047 3538 :
2085 3486 2302 3539 Nescitis
2342 3488 2459 3554 quia
2490 3488 2729 3555 templum
2765 3486 2856 3539 Dei
2883 3490 3019 3552 estis,
3049 3499 3096 3541 et
3127 3489 3349 3557 Spiritus
3385 3489 3476 3541 Dei

1908 3577 2100 3629 habitat
2123 3577 2173 3627 in
2195 3576 2366 3628 vobis9
2393 3575 2450 3629 Si
2478 3577 2590 3644 quis
2621 3579 2859 3644 templum
2884 3576 2976 3631 Dei
3000 3578 3256 3630 violaverit
3283 3582 3478 3646 disper-

1907 3668 1988 3719 det
2020 3668 2166 3720 illum
2199 3666 2333 3720 Deus
2361 3684 2379 3721 :
2407 3669 2525 3737 quia
2555 3670 2800 3732 templum
2833 3669 2924 3721 Dei
2955 3680 3184 3722 sanctum
3218 3680 3308 3733 est,
3342 3673 3476 3736 quod

1905 3761 2022 3814 estis
2049 3776 2132 3814 vos
2182 3759 2229 3827 (Ι
2263 3761 2380 3814 Cor.
2416 3760 2642 3828 111,16).
2692 3760 2796 3814 Sed
2845 3768 2900 3814 et
2939 3761 3102 3814 David
3140 3761 3206 3815 de
3246 3760 3398 3816 Patre
3427 3773 3478 3816 et

1905 3852 2104 3920 Spiritu
2131 3850 2272 3905 dicat
2297 3869 2307 3904 :
2333 3852 2446 3918 Quo
2472 3851 2550 3904 ibo
2572 3867 2602 3903 a
2626 3851 2823 3918 Spirittt
2848 3853 2968 3904 tuo?
2993 3865 3038 3904 et
3064 3867 3094 3902 a
3116 3852 3243 3920 facie
3271 3861 3356 3902 tua
3377 3869 3478 3919 quo

1904 3943 2142 4014 fugiam?
2205 3943 2266 3996 Si
2315 3944 2587 3996 ascendero
2651 3944 2702 3995 in
2749 3944 2956 4005 calum,
3010 3951 3062 3994 tu
3112 3943 3177 3994 ibi
3221 3960 3270 3996 rs
3307 3943 3475 4013 (Psal.

1904 4047 2155 4094 cxxxvtu,
2181 4034 2258 4097 7);
2291 4042 2343 4084 et
2373 4047 2476 4084 non
2500 4033 2636 4084 dixit
2665 4047 2770 4096 vos,
2798 4033 2917 4084 licet
2941 4033 3005 4083 de
3027 4032 3226 4098 Spiritu
3249 4041 3302 4085 et
3324 4033 3478 4085 Patro

1905 4123 2138 4176 dixerit:
2176 4122 2275 4176 Ubi
2307 4133 2386 4175 est
2415 4123 2554 4175 enim
2586 4123 2746 4183 Deus,
2780 4123 2849 4174 ibi
2883 4131 2963 4174 est
2993 4130 3046 4173 et
3072 4121 3255 4185 Filius,
3284 4132 3333 4174 et
3355 4123 3462 4190 Spi'

1901 4213 2039 4266 ritus
2067 4226 2185 4264 esse
2207 4211 2530 4273 ostenditur,
2555 4219 2610 4263 et
2641 4211 2692 4264 in
2719 4211 2850 4264 Filio
2881 4211 3107 4279 atquein
3131 4211 3328 4279 Spiritu
3351 4227 3446 4266 san

1906 4314 1994 4356 cto
2020 4304 2161 4357 Deus
2193 4303 2460 4356 adoratur.
2498 4303 2625 4356 Nam
2654 4317 2772 4356 cum
2804 4303 3130 4358 Samaritana
3163 4304 3350 4357 mulier
3381 4306 3476 4356 ad-

1906 4394 2008 4448 huc
2029 4394 2316 4448 carnaliter
2336 4394 2591 4462 cogitaret
2611 4393 2677 4448 de
2702 4394 2828 4457 Deo,
2849 4402 2902 4448 ct
2921 4393 3267 4448 arbitraretur
3288 4395 3338 4448 in
3362 4395 3478 4450 loco

1907 4486 2071 4539 Deum
2103 4485 2333 4547 adorari,
2365 4499 2426 4538 ac
2450 4485 2652 4538 diceret
2684 4501 2696 4537 :
2722 4482 2957 4546 Domine,
2982 4484 3328 4539 animadverto
3359 4489 3478 4556 quia

220 4573 442 4624 adventu
461 4573 614 4643 justi,
644 4577 793 4645 cujus
818 4589 904 4627 vos
933 4575 1216 4642 proditores
1237 4585 1288 4628 et
1316 4575 1659 4644 interfectores
1680 4579 1803 4646 [acti
1829 4557 1882 4618 Β
1908 4577 2153 4646 propheta
2175 4591 2226 4629 es
2248 4585 2321 4630 tu.
2353 4575 2526 4628 Patres
2549 4576 2708 4628 nostri
2733 4577 2782 4626 in
2806 4583 2973 4627 monte
3001 4575 3094 4627 isto
3120 4577 3473 4639 adoraverunt,

181 4707 200 4720 ,
219 4662 357 4712 estis.
382 4663 478 4726 Qui
500 4663 759 4731 accepistis
783 4664 940 4734 legem
960 4665 1027 4717 ad
1053 4666 1346 4734 angelorum
1367 4668 1795 4734 constitutionem,

218 4760 266 4803 et
289 4767 390 4803 non
413 4755 644 4805 servastis
672 4754 806 4818 (Act.
841 4769 932 4819 vn,
959 4753 1188 4824 51-55).
1217 4756 1346 4822 Quis
1377 4759 1532 4828 igitur
1561 4773 1664 4812 non
1694 4760 1796 4814 mi-

217 4843 426 4897 rabitur
447 4843 676 4912 Spiritus
705 4846 875 4900 sancti
908 4846 1262 4913 divinitatem,
1292 4863 1412 4902 cum
1446 4850 1569 4902 talia
1596 4851 1699 4904 sint
1729 4851 1797 4906 de

217 4947 291 4986 eo
323 4933 497 4986 dicta?
527 4932 657 4997 Quis
695 4949 798 4986 nun
829 4936 1167 4990 venerabitur
1194 4936 1511 4992 Paraclitum
1543 4939 1796 5008 Spiritum

218 5022 484 5086 veritatis,
515 5038 634 5077 cum
665 5025 859 5078 viderit
882 5040 1002 5080 eum
1031 5041 1254 5095 arguere
1281 5029 1421 5084 hunc
1451 5031 1701 5084 mttndum
1728 5032 1796 5087 de

214 5120 474 5183 peccato,
520 5123 572 5167 et
611 5113 676 5167 de
703 5115 937 5178 justitia,
978 5125 1031 5170 et
1057 5116 1125 5171 de
1150 5118 1394 5184 judicio?
1432 5119 1562 5174 Cum
1607 5119 1798 5177 viderit

212 5219 344 5261 eum
373 5207 716 5260 suscitantem
749 5220 1008 5272 mortuos,
1031 5219 1083 5264 et
1111 5210 1488 5276 viviﬁcantem,
1521 5222 1573 5266 et
1601 5213 1796 5268 facien-

214 5308 330 5352 tem
366 5298 504 5364 quod
542 5298 701 5352 Pater
741 5309 794 5353 et
829 5299 994 5353 Filius
1029 5300 1190 5354 facit?
1244 5301 1372 5356 Nam
1423 5303 1476 5355 in
1511 5302 1795 5372 Evangelio

212 5387 476 5453 scriptum
505 5399 586 5443 est
610 5407 621 5440 :
654 5389 798 5443 Sicut
827 5391 958 5443 enim
980 5390 1135 5444 Pater
1164 5394 1372 5445 suscitat
1401 5403 1622 5447 mortuos
1647 5405 1690 5447 e.’
1723 5395 1799 5448 vi-

212 5480 422 5546 vi/icat,
458 5481 531 5532 sic
569 5489 615 5533 et
653 5479 819 5535 Filius
853 5497 976 5549 quos
1009 5485 1115 5535 vult
1151 5484 1367 5550 viviﬁcat
1398 5483 1573 5554 (Joan.
1603 5501 1650 5548 v,
1677 5484 1791 5553 21).

211 5569 284 5623 Et
320 5571 589 5636 apostolus
632 5571 823 5625 Paulus
860 5571 924 5624 ad
962 5572 1230 5627 Romanos
1269 5575 1398 5629 dicit
1431 5593 1444 5628 :
1478 5575 1538 5630 Si
1567 5576 1795 5645 Spiritus

211 5662 328 5729 ejus
365 5661 454 5728 qui
481 5663 734 5714 suscitavit
755 5661 934 5716 Iesum
970 5681 1000 5714 a
1029 5665 1272 5730 mortuis,
1310 5666 1502 5720 habitat
1531 5669 1581 5719 in
1623 5669 1793 5722 vobis:

211 5756 304 5823 qui
345 5755 602 5808 suscitavit
632 5753 806 5809 Iesum
837 5773 867 5808 a
899 5757 1138 5823 mortuis,
1181 5757 1448 5824 viviﬁcabit
1478 5768 1524 5813 et
1557 5761 1789 5813 mortalia

1902 4678 1948 4721 et
1991 4673 2076 4721 vos
2113 4668 2279 4720 dicitis
2315 4669 2555 4732 quoniam
2591 4666 2958 4734 Hierosolymis
2994 4676 3066 4718 est
3104 4666 3262 4729 locus,
3294 4667 3344 4718 in
3379 4683 3477 4734 quo

1900 4759 2108 4810 adorari
2132 4767 2325 4823 Oportet
2355 4755 2534 4826 (Joan.
2566 4770 2636 4822 tv,
2668 4756 2778 4824 l9).
2806 4754 3060 4808 Dominus
3087 4762 3261 4808 autem
3293 4756 3475 4807 exclu-

1901 4850 2032 4904 dens
2049 4850 2102 4903 in
2121 4849 2236 4903 loco
2258 4847 2469 4901 adorari
2491 4847 2676 4909 Deum,
2691 4845 2827 4898 dixit
2849 4844 2912 4898 ad
2935 4859 3050 4898 eam
3072 4862 3082 4895 :
3103 4843 3308 4909 Mulier,
3329 4846 3478 4896 crede

1901 4942 2044 5006 mihi,
2070 4942 2188 5011 quia
2217 4942 2349 4993 venit
2376 4940 2519 5001 hora,
2543 4938 2744 5005 quando
2781 4952 2938 5006 neque
2965 4937 3015 4988 in
3046 4937 3142 4988 isto
3170 4946 3353 4998 monte,
3385 4952 3474 4986 ne-

1901 5049 1996 5099 que
2019 5033 2068 5084 in
2088 5031 2457 5100 Hierosolymis
2487 5029 2765 5082 adorabitis
2795 5027 3034 5080 Patrem:
3061 5028 3149 5080 sed
3174 5027 3304 5078 venit
3324 5028 3472 5089 hora,

1901 5123 2104 5191 quando
2146 5123 2249 5174 veri
2291 5124 2582 5173 adoratores
2625 5121 2911 5173 adorabunt
2953 5117 3156 5171 Patrem
3200 5119 3250 5169 in
3285 5117 3474 5182 spiritu

1899 5223 1946 5267 et
1971 5213 2193 5265 veritate.
2219 5211 2372 5264 Pater
2399 5213 2527 5263 enint
2550 5210 2673 5263 tales
2699 5211 2899 5278 quwrit,
2950 5218 2998 5262 et
3020 5208 3176 5276 317
3199 5205 3472 5258 adorantes

1903 5301 2066 5356 Deum
2089 5303 2138 5354 in
2159 5303 2337 5371 spiritu
2372 5311 2418 5354 et
2449 5303 2652 5354 veritate
2683 5309 2878 5368 oportet
2905 5299 3118 5351 adorare
3143 5295 3327 5361 (Ibid.,
3353 5294 3469 5361 ‘2-l).

1900 5392 2052 5459 Quod
2082 5394 2123 5445 si
2155 5393 2205 5445 iu
2230 5393 2415 5460 spiritu
2442 5401 2496 5445 et
2519 5391 2761 5453 veritate,
2785 5375 2912 5458 ergo
2942 5389 2992 5440 in
3021 5388 3153 5440 Filio
3177 5387 3314 5438 Deus
3335 5385 3466 5439 ado-

1900 5495 2084 5539 ratur:
2110 5500 2231 5538 nam
2260 5486 2453 5540 veritas
2480 5492 2561 5539 est
2585 5483 2770 5544 Filius,
2794 5483 2880 5550 qui
2911 5481 3077 5533 dixit:
3104 5479 3214 5548 Ego
3234 5495 3344 5530 sum
3367 5480 3466 5543 via,

1897 5569 1958 5629 et'
1977 5577 2191 5638 veritas,
2232 5586 2279 5628 et
2319 5577 2417 5628 vita
2442 5575 2617 5644 (Joan.
2655 5589 2762 5638 xtv,
2783 5571 2859 5639 6);
2910 5584 3004 5622 cur
3031 5584 3135 5622 non
3167 5581 3284 5620 cum
3315 5569 3469 5623 Patre

1895 5669 2124 5739 Spiritus
2147 5669 2448 5723 adorandus
2471 5669 2534 5719 Sit
2562 5682 2587 5718 a
2622 5665 2774 5716 nobis
2801 5678 2813 5713 :
2841 5675 3066 5729 namque
3094 5661 3472 5730 inacceptibile

1895 5771 1994 5828 est,
2019 5772 2074 5815 ut
2096 5746 2426 5829 corporalem
2449 5765 2764 5809 venerantes
2790 5753 2975 5814 Deum,
2999 5767 3100 5806 non
3129 5754 3175 5807 in
3199 5753 3392 5822 Spiritu
3418 5762 3472 5809 et
