3938 6376
574 345 681 407 323

571 551 899 605 eoadoratur
924 551 1156 620 Spiritus
1184 571 1199 607 :
1254 567 1374 607 cum
1406 554 1458 606 in
1484 552 1704 609 Christo
1732 555 1949 609 audiant
1975 559 2144 626 glori-

576 641 721 696 ﬁcari
744 641 959 697 Patrem
989 645 1043 698 in
1074 644 1337 714 Ecclesia,
1361 645 1489 714 quid
1515 660 1575 702 se
1600 661 1721 703 esse
1741 648 1976 705 facturos
2003 664 2150 706 asse-

573 731 735 785 rentl
767 729 962 786 Paulus
989 734 1134 788 enim
1163 734 1407 790 scribens
1430 735 1498 791 ad
1528 736 1789 806 Ephesios
1816 740 1892 793 ait
1920 755 1935 794 :
1970 740 2036 793 Ei
2062 742 2148 810 qui

573 828 749 877 volens
772 829 844 874 est
868 824 1038 875 omnia
1057 823 1222 892 facere
1244 824 1565 879 abundanter
1584 841 1741 895 supra
1761 843 1911 896 quam
1931 830 2148 898 petimus

571 919 659 963 aut
689 912 937 980 sapimus,
968 913 1067 982 ipsi
1086 913 1255 982 gloria
1278 914 1333 967 in
1356 913 1607 981 Ecclesia,
1629 917 1683 969 in
1705 916 1905 971 Christo
1921 916 2068 985 Iesu,
2094 920 2148 973 in

572 1017 749 1055 omnes
779 1004 1123 1072 generationes
1145 1004 1319 1058 saeculi
1342 1006 1647 1060 steculorum
1678 1005 1892 1078 (Ephes.
1919 1024 1998 1075 ιιι,
2027 1009 2144 1079 20).

572 1090 642 1147 Et
669 1108 877 1147 rursum
908 1092 1103 1148 Paulus
1131 1092 1263 1148 dicit
1303 1109 1319 1152 :
1359 1094 1493 1161 Quia
1522 1109 1615 1164 per
1649 1094 1919 1151 Christum
1949 1099 2147 1153 dicitur

573 1182 745 1236 Amen
775 1182 916 1236 Patri
942 1183 1007 1238 ad
1034 1183 1257 1253 gloriam
1286 1182 1372 1254 (ll
1401 1183 1520 1238 Cor.
1553 1200 1599 1250 ι,
1634 1184 1727 1255 20)
1752 1201 1767 1239 :
1796 1201 1890 1254 per
1919 1201 2017 1242 nos
2047 1187 2147 1241 Pa-

573 1284 709 1331 trem
735 1285 787 1329 et
806 1276 1022 1343 Filium,
1052 1284 1109 1331 et
1133 1276 1188 1330 in
1216 1277 1352 1331 Filio
1378 1276 1591 1332 Patrem
1620 1278 2010 1347 glorificantes,
2038 1294 2143 1334 non

573 1367 755 1436 utique
775 1368 1205 1437 conglorillcante
1227 1368 1381 1422 Filio.
1412 1368 1503 1423 Sic
1524 1368 1701 1439 itaque
1724 1369 1890 1425 Deum
1911 1371 2143 1425 adoran-

572 1464 652 1512 tes
680 1457 733 1510 in
762 1457 961 1526 Spiritu
992 1466 1045 1511 et
1073 1458 1126 1511 in
1159 1456 1325 1522 Filio,
1356 1458 1408 1512 id
1442 1466 1525 1513 est
1554 1472 1648 1527 per
1674 1458 1928 1528 Spiritum
1958 1474 2021 1514 ac
2050 1474 2147 1529 per

569 1544 762 1600 Filium
784 1545 1088 1615 adorantes,
1105 1546 1455 1602 coadoramus
1469 1547 1770 1615 Dominum,
1793 1558 1849 1604 et
1868 1548 2074 1615 Filium.
2090 1559 2146 1605 et

569 1634 849 1705 Spiritum.
880 1636 1117 1706 Denique
1144 1636 1339 1691 Paulus
1365 1637 1552 1692 scribit
1576 1655 1588 1691 :
1622 1638 1689 1693 Ut
1714 1640 1766 1692 in
1796 1641 1997 1693 nomine
2016 1641 2142 1695 Iesu

566 1726 758 1782 Christi
785 1742 956 1781 omnes
984 1743 1149 1796 genua
1178 1729 1406 1797 ﬂectant,
1438 1738 1485 1782 et
1509 1730 1672 1783 omnis
1698 1730 1873 1799 lingua
1899 1731 2145 1799 conﬁtea-

1878 348 2103 413 vncth
2143 352 2505 416 versasse
3010 428 3015 433 _

572 460 623 517 in
647 458 781 516 Filio
799 446 1042 517 adorent.
1067 459 1183 516 Alio
1199 462 1325 531 quin
1349 462 1393 518 si
1420 462 1474 516 in
1494 462 1693 533 Spiritu
1718 463 1941 519 adorant
1963 467 2148 533 Deum,
2178 472 2232 531 Α
2259 485 2433 523 eorum
2460 487 2566 535 cor,
2590 487 2651 525 ne
2677 474 2807 542 forte
2836 475 3036 531 videant
3063 478 3243 545 oculis,
3268 490 3313 534 et
3334 483 3578 557 intelligant
3597 501 3713 565 corde.

3648 386 3716 445 521

2252 569 2300 612 et
2332 572 2706 629 convertantur,
2739 574 2787 617 et
2822 581 2994 619 sanem
3037 569 3152 622 illos
3197 570 3365 639 (Joan.
3392 591 3483 640 ιιι,
3506 581 3596 642 39).
3635 586 3717 646 lle:

2253 648 2415 717 igitur
2444 650 2579 705 dixit
2607 652 2789 719 Isaias,
2821 668 2943 709 cum
2972 658 3193 714 vidisset
3226 661 3433 730 gloriam
3468 668 3579 738 ejus,
3604 685 3643 728 et
3664 678 3715 732 lo-

2248 739 2591 830 cutus-estde
2609 754 2695 830 eo.
2720 741 2784 795 Et
2803 744 2927 811 quid
2952 745 3147 801 facient
3169 750 3235 804 de
3252 750 3422 819 Paulo,
3442 759 3518 826 qui
3536 760 3716 830 Spiritum

2249 823 2381 879 dicit
2410 827 2462 880 in
2494 826 2583 880 illa
2613 829 2782 896 glnria
2809 830 2982 887 visum
3010 848 3131 890 esse
3162 836 3327 907 lsa‘az,
3356 852 3406 896 et
3434 823 3623 904 locutum
3642 868 3719 912 esas

2248 912 2320 978 ei,
2342 926 2463 967 cum
2494 916 2727 971 misisset
2753 932 2875 973 eum
2906 920 2972 975 ad
3005 925 3253 993 populum
3280 932 3550 998 supradicta
3570 938 3719 997 dicere?

2249 1001 2516 1071 Scriptum
2547 1011 2631 1059 est
2652 1005 2794 1061 enim
2826 1008 2904 1063 sic
2934 1009 2986 1063 in
3012 1011 3235 1069 Actibus
3261 1022 3606 1087 apostolorum:
3631 1028 3718 1084 Con.

2247 1093 2496 1147 venientes
2536 1104 2704 1149 autem
2748 1098 2818 1150 ad
2870 1100 3176 1158 alterutrum
3209 1105 3375 1162 Iudici
3412 1112 3717 1186 dimittebant»,

2247 1182 2446 1237 dicente
2464 1182 2632 1239 Paulo
2652 1188 2855 1241 verbum
2878 1206 3034 1245 unum
3049 1209 3068 1247 :
3089 1194 3222 1259 Quia
3242 1198 3359 1252 bene
3375 1200 3568 1267 Spiritus
3581 1182 3719 1263 sanem

2247 1274 2444 1329 locutus
2467 1285 2541 1329 est
2563 1276 2631 1329 ad
2660 1276 2839 1331 Patres
2866 1290 3054 1335 vestros
3078 1300 3169 1351 per
3190 1288 3469 1356 prophetam
3484 1290 3652 1355 Isaiam,
3668 1299 3717 1349 di-

2248 1379 2366 1416 cens
2388 1379 2409 1417 :
2430 1364 2569 1418 Aure
2588 1367 2805 1420 audietis
2832 1378 3002 1423 etnon
3030 1371 3333 1443 intelligetis,
3361 1386 3411 1429 et
3432 1379 3615 1433 videntes
3636 1385 3719 1438 eide-

2247 1452 2364 1507 bitis
2385 1460 2432 1504 et
2458 1468 2557 1507 non
2581 1454 2855 1523 aspicietis.
2880 1454 3230 1513 Incrassatum
3250 1471 3318 1517 est
3338 1480 3419 1517 cor
3437 1469 3586 1534 populi
3604 1470 3717 1536 huius,

2244 1554 2293 1598 et
2322 1545 2532 1599 auribus
2556 1547 2660 1599 suis
2688 1548 2910 1617 graviter
2935 1550 3233 1618 audierunt,
3263 1565 3310 1606 et
3337 1557 3491 1611 oculos
3515 1575 3609 1613 suos
3630 1560 3718 1613 cluu-

2244 1648 2452 1705 serunt,
2485 1654 2546 1692 ne
2576 1640 2707 1709 forte
2739 1640 2942 1694 videant
2968 1642 3131 1696 oculis
3150 1684 3165 1707 ,
3193 1654 3241 1697 et
3269 1648 3466 1702 auribus
3488 1650 3718 1716 audiaut,tt

2245 1728 2398 1781 corde
2426 1729 2746 1797 intelligant,
2782 1737 2832 1782 et
2861 1740 3238 1802 convertantur,
3270 1744 3316 1788 et
3342 1752 3499 1790 sanem
3522 1739 3613 1793 illos
3632 1740 3716 1808 (Αα.

568 1826 676 1883 tur,
710 1818 833 1886 quia
857 1817 1101 1871 Dominus
1119 1816 1272 1872 Iesus
1300 1819 1354 1872 in
1384 1818 1553 1888 gloria
1582 1828 1653 1873 est
1679 1819 1773 1873 Dei
1797 1818 1970 1873 Patris
1995 1820 2148 1889 (Phi-
2177 1831 2225 1892 Β
2253 1832 2454 1886 xxvnt,
2477 1818 2693 1888 95-37).
2723 1819 2863 1875 Ecce
2882 1819 3117 1876 Joannes
3136 1824 3349 1892 quidem
3371 1826 3568 1893 Filium,
3592 1828 3717 1884 Paqu

575 1908 673 1976 lip.
709 1921 767 1975 ιι,
796 1906 908 1977 10).
942 1906 1093 1975 Quod
1123 1906 1171 1961 si
1200 1907 1285 1972 hi,
1315 1911 1402 1977 qui
1442 1908 1496 1963 in
1541 1908 1755 1964 nomine
1790 1909 1917 1965 Jesu
1946 1909 2145 1965 Christi

572 1996 793 2051 ﬂectunt
830 2011 1032 2065 genua,
1062 1996 1253 2051 Filium
1280 1998 1582 2067 glorilicant
1609 2013 1730 2053 cum
1761 1998 1939 2066 Patre,
1965 2013 2062 2054 cur
2091 2000 2144 2055 hi

568 2087 658 2154 qui
689 2086 740 2139 in
771 2085 970 2154 Spiritu
1002 2085 1210 2140 Patrem
1238 2096 1292 2140 et
1317 2086 1511 2140 Filium
1538 2086 1781 2151 adorant,
1814 2102 1921 2141 non
1950 2088 2144 2142 adora-

570 2175 702 2229 bunt
728 2190 849 2228 eum
878 2188 998 2229 cum
1028 2174 1203 2241 Patre,
1243 2183 1297 2230 et
1323 2174 1481 2241 Filio,
1504 2185 1559 2231 et
1593 2175 1794 2243 Spiritu
1836 2178 2057 2230 sancto?
2084 2176 2141 2231 Si

567 2263 745 2334 itaque
763 2264 1062 2319 audivimus
1080 2265 1292 2335 Moysen
1320 2263 1588 2321 dicentem
1625 2283 1637 2317 :
1669 2265 1941 2319 Dominum
1980 2265 2141 2320 Deum

564 2362 707 2407 tuum
729 2353 986 2420 adorabis,
1008 2364 1056 2408 et
1078 2355 1156 2408 illi
1180 2356 1278 2408 soli
1306 2356 1489 2410 servies
1513 2354 1688 2426 (Deut.
1714 2372 1784 2422 v1,
1808 2356 1916 2426 15),
1941 2358 2139 2413 scimus

563 2449 889 2516 pronuntiari
918 2463 1036 2502 cum
1066 2449 1173 2504 Deo
1196 2448 1389 2502 Filium
1420 2459 1473 2504 et
1498 2449 1781 2519 Spiritum.
1826 2449 1893 2504 Et
1920 2464 1990 2505 ne
2021 2460 2139 2506 tan-

566 2554 723 2608 quam
763 2553 866 2593 nou
906 2538 1100 2607 scripta
1144 2548 1526 2605 memorantes,
1572 2548 1626 2594 et
1661 2539 1729 2594 de
1773 2548 1957 2593 nostro
1994 2541 2136 2610 loqui

558 2628 851 2697 videamur,
872 2628 1282 2684 demonstranda
1306 2638 1389 2684 est
1408 2630 1705 2685 ctelestinm
1729 2630 1978 2685 virtutum
2007 2632 2137 2686 ado-

560 2720 720 2785 ratio,
741 2727 798 2773 et
817 2718 954 2773 sicut
974 2733 1006 2773 e
1026 2719 1225 2773 sanctis
1246 2718 1529 2774 didicimus
1552 2720 1861 2789 Scripturis.
1888 2720 2132 2777 Forsitan

557 2807 632 2862 illi
651 2809 990 2862 aemulatores
1009 2806 1181 2862 eli‘ecti
1193 2848 1208 2873 ,
1225 2808 1303 2862 sic
1323 2816 1379 2863 et
1398 2810 1643 2863 venerari
1658 2809 1868 2863 discent
1885 2819 1938 2863 et
1954 2824 2128 2865 orare.

555 2896 724 2963 Quem
754 2898 927 2951 visum
961 2898 1143 2952 volunt
1176 2898 1322 2952 Isaia:
1352 2898 1405 2952 in
1438 2898 1636 2968 templo
1667 2898 1893 2967 laudari,
1922 2910 1976 2954 et
2003 2901 2132 2955 ado-

557 2989 686 3056 rari,
718 2997 774 3043 et
800 2988 1082 3058 glorilicari
1115 3004 1145 3042 a
1173 2989 1465 3059 seraphim,
1501 2990 1782 3046 Patremne
1812 3006 1877 3045 an
1904 2991 2123 3058 Filium;

554 3076 697 3132 forte
744 3078 886 3132 enim
917 3091 1073 3133 aures
1118 3077 1403 3133 obstruent
1447 3078 1494 3133 si
1541 3079 1759 3133 audiant
1789 3090 1845 3135 et
1871 3080 2125 3149 Spiritum

2249 1908 2375 1962 vero
2396 1907 2653 1978 Spiritum
2681 1920 2923 1966 sanctum
2950 1929 3068 1969 esse
3093 1916 3244 1984 dicit,
3273 1921 3358 1989 qui
3382 1921 3447 1975 sit
3471 1922 3590 1976 visus
3609 1923 3716 1985 lsaie,

2244 1997 2440 2054 sedens
2468 2014 2628 2069 super
2658 2001 2907 2057 thronum
2937 2004 3102 2061 altum
3132 2017 3186 2062 et
3213 2010 3494 2076 elevatum,
3519 2013 3641 2083 319
3661 2013 3715 2081 qui

2243 2088 2531 2157 adoratur,
2573 2099 2628 2147 ct
2670 2093 2941 2162 laudatur,
2999 2105 3055 2152 et
3093 2100 3418 2168 gloriﬁcatur
3446 2119 3473 2157 a
3516 2104 3714 2172 seraphin.

2244 2178 2499 2235 Ecclesiae
2534 2190 2712 2237 autem
2739 2182 2935 2239 Christi
2974 2201 3162 2243 omnes
3201 2191 3271 2245 ab
3296 2190 3498 2247 Oriente
3525 2206 3650 2260 usque
3676 2192 3714 2243 ad

2241 2269 2581 2326 Occidentem
2609 2273 2995 2329 convenienter
3021 2275 3232 2333 Patrem
3265 2294 3292 2333 a
3322 2282 3561 2349 seraphim
3582 2280 3714 2335 laudari

2242 2357 2559 2426 proﬁtentur
2588 2359 2639 2414 in
2670 2361 3088 2419 ministeriorum
3120 2366 3405 2423 relatione.
3428 2370 3583 2423 Dicant
3604 2371 3714 2436 itaque

2240 2449 2395 2503 nobis
2448 2449 2539 2517 qui
2582 2453 2979 2509 venerationem
3031 2456 3254 2526 Spiritui
3299 2469 3475 2515 sancto
3518 2460 3713 2528 denegat“.

2236 2536 2481 2605 quisnam
2502 2554 2569 2592 ex
2596 2539 2679 2594 his
2702 2556 2886 2596 verum
2908 2542 3070 2605 dicat.
3088 2554 3182 2601 aut
3202 2549 3325 2617 quis
3346 2548 3510 2603 fallat?
3536 2550 3712 2604 Utrumne

2233 2625 2483 2695 Joannes,
2506 2642 2571 2682 an
2598 2631 2825 2686 Paulus?
2850 2646 2916 2687 an
2941 2649 3072 2689 vero
3092 2651 3284 2693 omnes
3309 2639 3538 2694 Ecclesia:
3552 2637 3713 2693 Christi?

2234 2719 2483 2786 quoniam
2514 2720 2727 2789 quidem
2757 2737 2944 2779 omnes
2972 2726 3223 2785 Ecclesia:
3258 2730 3457 2785 Patrem
3487 2732 3712 2800 prulitenzut

2234 2821 2353 2862 esse
2377 2811 2464 2878 qui
2492 2809 2743 2866 aduratur
2766 2827 2795 2866 a
2815 2811 3116 2883 Seraphim,
3138 2816 3371 2874 Joannes
3387 2818 3571 2881 Filium,
3590 2817 3712 2871 Paulus

2235 2916 2363 2956 vero
2396 2901 2653 2969 Spiritum
2694 2914 2958 2960 sanctum.
3005 2908 3060 2962 Si
3092 2924 3223 2963 vero
3261 2926 3413 2965 nemo
3440 2921 3593 2965 eorum
3616 2908 3711 2967 fallit,

2234 2990 2328 3044 sed
2357 3006 2545 3046 omnes
2569 2993 2847 3049 veritatem
2877 2995 3085 3062 dicunt,
3116 3000 3401 3054 manifeste
3425 3001 3648 3070 probatum
3664 3006 3711 3049 e~t

2232 3080 2375 3148 quod
2404 3081 2613 3136 etiamsi
2646 3081 2819 3139 Patris
2848 3100 3040 3141 nomen
3073 3089 3306 3157 dicatur,
3340 3092 3487 3148 habet
3513 3101 3645 3145 tamen
3663 3088 3711 3140 FI-

550 3176 820 3224 eanctum.
869 3168 1030 3221 Isaias
1069 3166 1213 3221 enim
1240 3168 1334 3251 ait
1367 3184 1379 3219 :
1418 3166 1486 3219 Et
1516 3168 1709 3237 factum
1754 3179 1827 3223 est
1865 3186 1999 3223 anno
2027 3188 2128 3241 quo
2154 3192 2198 3253 ρ
2232 3171 2361 3224 lium
2389 3180 2445 3226 et
2463 3172 2718 3241 Spiritum
2747 3185 2986 3231 sanctum
3010 3192 3192 3234 secum
3217 3184 3596 3251 pronuntiatum.
3616 3180 3708 3233 tlin-

549 3274 777 3316 mortuus
805 3270 877 3315 est
901 3260 1055 3315 Ozias
1073 3277 1186 3325 rex,
1207 3246 1311 3314 vidi
1334 3260 1605 3315 Dominum
1627 3261 1853 3317 Sabaoth
1875 3261 2128 3319 sedentem
2162 3246 2197 3253 _
2230 3260 2320 3328 qui
2351 3261 2475 3329 illud
2520 3261 2718 3317 facient
2758 3265 3039 3321 audientes
3073 3246 3407 3326 Salvator-em
3447 3272 3652 3327 dicentem
3672 3268 3710 3319 ad

549 3374 704 3427 super
727 3356 962 3411 thronum
982 3356 1143 3409 altum
1162 3366 1209 3409 et
1232 3355 1500 3421 eleuatum,
1523 3363 1572 3410 et
1592 3356 1741 3426 plena
1764 3358 1945 3411 domus
1963 3359 2127 3427 gloria

2228 3349 2520 3419 discipulos
2557 3370 2571 3405 :
2620 3353 2813 3409 Euutes
2851 3357 3023 3412 docete
3064 3376 3242 3415 omnes
3271 3373 3454 3433 gentes,
3491 3363 3710 3430 baptizata

544 3450 686 3518 ejus:
703 3459 750 3503 et
769 3448 1024 3519 seraphim
1044 3447 1243 3502 stabant
1260 3448 1312 3501 in
1330 3448 1544 3502 circuitu
1565 3448 1695 3518 ejus,
1711 3448 1920 3502 sexalas
1941 3448 2127 3503 habens
2226 3458 2311 3497 eos
2356 3445 2410 3496 in
2455 3447 2656 3499 nomine
2697 3443 2867 3503 Patris
2899 3487 2914 3513 ,
2966 3461 3014 3503 et
3059 3438 3216 3519 Filii,
3267 3464 3317 3508 et
3364 3455 3566 3524 Spiritus
3602 3450 3706 3505 sancti

546 3556 669 3604 una,
700 3550 743 3594 et
773 3541 935 3593 altera
960 3556 1088 3605 sex;
1117 3548 1163 3593 et
1187 3539 1384 3593 duabus
1414 3540 1619 3605 quidem
1647 3540 1743 3593 alis
1772 3540 2004 3598 uelabant
2046 3544 2126 3610 [a-
2226 3535 2436 3605 (Matth.
2470 3553 2662 3604 sxvnt,
2691 3539 2817 3609 l9)?
2864 3556 2983 3595 cum
3014 3543 3291 3613 Scriptura
3334 3562 3435 3601 non
3459 3544 3707 3601 Trinitatem.

545 3629 673 3680 ciem
697 3643 714 3680 :
735 3627 933 3681 duabus
961 3644 1074 3681 vero
1103 3629 1276 3697 pedes,
1310 3637 1357 3681 et
1389 3628 1583 3681 duabus
1610 3628 1867 3693 volabant,
1890 3627 2054 3699 318
2075 3637 2122 3684 et
2224 3626 2319 3682 sed
2366 3627 2614 3683 unionem
2662 3632 2980 3686 nominaret.
3035 3634 3306 3704 Scriptum
3353 3647 3433 3693 est
3471 3637 3587 3690 enim
3608 3634 3659 3686 sic
3679 3632 3709 3681 in

542 3713 829 3767 clamabant
877 3715 1196 3778 alterutrum,
1244 3726 1293 3769 et
1331 3717 1560 3770 dicebant
1607 3717 1850 3784 Sanctus,
1895 3728 2118 3786 sanctus,
2224 3720 2446 3776 Actibus
2473 3723 2855 3790 apostolorum,
2889 3725 2957 3781 de
2985 3725 3066 3781 his
3088 3730 3176 3797 qui
3210 3730 3265 3784 in
3293 3730 3517 3783 Samaria
3540 3722 3710 3782 credide-

543 3809 751 3855 sanctus
779 3799 1028 3855 Dominus
1060 3801 1193 3855 Deus
1225 3802 1482 3868 Sabaoth;
1510 3806 1659 3874 plena
1691 3814 1762 3858 est
1791 3808 1955 3860 omnis
1988 3817 2123 3863 terra
2223 3820 2342 3863 runt
2362 3852 2378 3875 ,
2418 3820 2473 3865 et
2507 3812 2756 3881 baptizati
2794 3824 2917 3869 sunt
2951 3831 2980 3869 a
3013 3815 3291 3887 Philippo,
3319 3820 3521 3874 Tantum
3547 3811 3710 3882 intimi

542 3890 710 3960 gloria
728 3891 860 3961 ejus,
886 3898 931 3944 et
954 3891 1170 3945 levatura
1192 3900 1264 3946 est
1290 3893 1444 3947 limen
1463 3909 1528 3948 ex
1550 3910 1667 3948 voce
1685 3912 1785 3965 qua
1810 3897 2116 3967 clamabant,
2221 3909 2367 3954 erant
2410 3901 2463 3955 in
2500 3905 2701 3957 nomine
2742 3903 2948 3959 Domini
2984 3908 3107 3961 Iesu
3149 3911 3289 3980 (Act.
3324 3926 3432 3972 vni,
3458 3911 3555 3976 16).
3582 3907 3634 3960 De
3660 3900 3708 3954 his

538 3990 589 4037 et
618 3982 799 4036 domus
824 3982 1029 4052 impleta
1051 3992 1124 4036 est
1144 3987 1308 4053 fumo.
1336 3981 1403 4037 Et
1422 3984 1532 4039 dixi
1562 4002 1577 4039 :
1610 3985 1653 4039 0
1684 3988 1834 4041 miser
1859 4004 1970 4058 ego,
1993 4006 2119 4059 quo-
2221 4004 2349 4046 vero
2373 3992 2463 4062 qui
2488 3993 2681 4062 Ephesi
2710 4010 2741 4049 a
2764 3997 2928 4053 Paulo
2960 4001 3207 4070 baptizati
3254 4014 3377 4058 sunt
3411 4024 3421 4058 :
3460 4004 3503 4056 li
3533 4018 3620 4053 cum
3652 4013 3709 4049 ai-

537 4073 677 4126 niam
716 4082 1051 4141 compunctus
1087 4090 1201 4128 sum
1241 4089 1260 4128 :
1296 4075 1418 4145 quia
1455 4091 1571 4130 cum
1609 4077 1705 4131 sim
1734 4078 1908 4145 homo,
1940 4089 1987 4133 et
2015 4082 2115 4135 im-
2220 4080 2432 4151 dissent,
2463 4084 2706 4157 baptistti
2734 4100 2849 4145 sunt
2884 4093 2937 4145 in
2968 4097 3169 4149 nomine
3203 4098 3412 4152 Domini
3462 4096 3566 4150 Iesu
3586 4087 3709 4145 Clitisli

537 4164 728 4217 munda
747 4162 882 4218 labia
903 4164 1135 4232 habeam,
1158 4176 1208 4220 et
1232 4167 1284 4220 in
1310 4167 1475 4221 medio
1498 4166 1674 4239 populi
1694 4171 1957 4225 immunda
1981 4172 2118 4228 labia
2225 4171 2415 4244 (Ibid.,
2445 4177 2539 4243 ης
2571 4180 2628 4233 Αι
2647 4189 2684 4235 t.
2716 4199 2827 4249 six,
2858 4186 2938 4255 5).
2988 4187 3173 4243 Petrus
3221 4192 3385 4245 etiam
3418 4190 3598 4244 Juda‘os
3627 4183 3712 4236 allu-

534 4252 759 4306 habentis
782 4270 875 4321 ego
895 4254 1133 4322 habitem,
1159 4272 1327 4325 regem
1347 4256 1623 4313 Dominum
1647 4258 1873 4315 Sabaoth
1900 4277 1992 4331 ego
2012 4264 2116 4318 vidi
2216 4280 2385 4332 quens
2410 4286 2422 4321 :
2450 4269 2828 4341 Paenitentiam,
2860 4252 3046 4347 inquit,
3073 4280 3225 4350 agite,
3257 4293 3306 4335 et
3332 4282 3586 4350 baptize'ur
3602 4286 3707 4327 unus-

533 4342 695 4395 oculis
723 4343 865 4395 meis.
902 4341 965 4395 Et
995 4344 1176 4397 missus
1203 4354 1275 4399 est
1304 4348 1372 4399 ad
1402 4364 1481 4402 me
1508 4365 1639 4402 unus
1669 4351 1731 4403 de
1758 4353 2035 4421 seraphint,
2068 4362 2115 4407 et
2215 4358 2427 4428 quisque
2463 4370 2680 4415 vestrum
2717 4364 2769 4418 in
2803 4341 3005 4421 nomine
3030 4341 3156 4423 Iesu
3189 4341 3463 4425 Christi'in
3499 4365 3711 4424 νεπιὶεέυηε

534 4432 589 4533 in
610 4448 763 4532 manu
782 4433 994 4533 habebat
1023 4437 1311 4503 carbonem,
1338 4454 1485 4507 quem
1512 4442 1563 4495 in
1585 4443 1780 4512 forcipe
1803 4447 2021 4513 sumpsit
2048 4447 2112 4499 ab
2218 4459 2540 4517 peccatorum
2568 4464 2849 4509 vestrorum
2881 4458 3016 4528 (Act.
3048 4476 3104 4528 ll,
3137 4463 3254 4533 58).
3305 4464 3342 4518 li
3372 4478 3483 4519 cum
3509 4459 3706 4515 audissent

534 4520 719 4586 altari,
745 4532 807 4625 ,ει
836 4523 997 4594 tetigit
1024 4540 1078 4578 os
1107 4541 1301 4593 meum,
1333 4536 1381 4581 et
1414 4529 1541 4583 dixit
1573 4532 1695 4584 mihi
1735 4548 1755 4586 :
1793 4533 1923 4588 Ecce
1950 4537 2110 4607 tetigit
2140 4565 2191 4625 Β
2216 4546 2271 4593 et
2305 4544 2744 4610 comprobassent
2789 4520 3062 4604 sermones
3090 4520 3242 4621 ejns’,
3285 4555 3518 4623 bapt'sati
3549 4557 3657 4610 sunt.
3676 4558 3705 4597 τί

532 4612 671 4665 istud
686 4611 823 4715 labia
846 4621 952 4715 tua,
982 4624 1027 4668 et
1046 4618 1238 4687 auferet
1262 4619 1546 4688 iniquitates
1569 4630 1704 4687 tuas,
1728 4633 1775 4677 et
1798 4637 2000 4692 peccata
2024 4636 2112 4681 tua
2140 4611 2187 4625 u
2219 4630 2410 4703 addita:
2436 4642 2554 4688 sunt
2582 4636 2636 4689 in
2667 4637 2749 4692 die
2774 4639 2866 4693 illo
2894 4642 3078 4697 animle
3104 4611 3254 4715 quasi
3290 4611 3388 4700 tria
3416 4645 3560 4698 millia
3585 4636 3722 4709 (Ibid-6

530 4702 842 4794 emundabit.
868 4704 933 4761 Et
954 4722 1043 4776 ego
1063 4709 1230 4762 audivi
1250 4727 1416 4765 vocem
1436 4712 1660 4780 Domini,
1681 4715 1926 4771 dicentis:
1950 4717 2113 4784 Quem
2216 4720 2332 4790 Μ).
2364 4720 2609 4793 Nunquid
2642 4730 3076 4794 praevaricatores
3110 4702 3347 4791 mandati
3377 4702 3629 4790 Salvator‘is
3656 4721 3710 4777 tl-

529 4792 731 4886 mittani
754 4801 801 4846 et
825 4794 936 4862 quis
958 4794 1051 4886 ibit
1087 4797 1154 4850 ad
1183 4798 1427 4868 populum
1456 4800 1657 4857 istum?
1699 4802 1769 4857 Et
1797 4805 1903 4860 dixi
1931 4823 1950 4860 :
1980 4806 2116 4863 Ecce
2217 4809 2341 4865 fecti
2367 4792 2530 4867 sunt?
2567 4825 2623 4869 et
2642 4792 2836 4872 contra
2866 4821 3205 4878 traditionem
3232 4824 3515 4879 Salvatoris
3546 4815 3713 4886 bapliﬂ'

528 4895 639 4950 ego,
663 4881 801 4935 mitte
822 4897 918 4935 me.
950 4882 1013 4936 Et
1035 4885 1165 4939 dixit
1190 4888 1314 4941 mihi
1337 4905 1357 4943 :
1395 4888 1478 4944 Ito
1502 4892 1571 4945 ad
1591 4895 1836 4964 populum
1863 4897 2038 4962 istum,
2062 4908 2109 4953 et

527 4971 609 5023 die
639 4971 685 5024 ei
700 4986 720 5026 :
735 4973 871 5025 Aure
890 4974 1126 5041 audietis,
1149 4986 1197 5029 et
1212 4993 1312 5030 non
1334 4978 1641 5051 intelligetis,
1660 4994 1708 5038 et
1723 4986 1945 5040 videntes
1967 4988 2104 5040 vide-

524 5062 658 5127 bitis,
685 5071 733 5117 et
754 5079 854 5117 non
881 5065 1153 5134 aspicietis.
1180 5065 1529 5124 Incrassatum
1557 5084 1627 5129 est
1656 5077 1787 5129 enim
1813 5093 1901 5130 cor
1929 5080 2106 5149 populi

522 5154 699 5226 hujus,
719 5164 767 5210 et
795 5158 1000 5210 auribus
1019 5159 1125 5212 suis
1153 5161 1369 5229 graviter
1390 5165 1681 5234 audierunt,
1714 5178 1763 5222 et
1784 5171 1960 5225 oculos
1983 5188 2103 5227 suos

522 5246 835 5312 clauserunt,
861 5263 923 5300 ne
944 5251 1074 5317 forte
1096 5250 1293 5305 videant
1323 5254 1481 5308 oculis
1504 5264 1550 5309 et
1570 5258 1801 5325 credant,
1826 5269 1875 5313 et
1894 5262 2101 5315 auribus

520 5338 757 5404 audiant,
789 5346 835 5393 et
859 5338 1010 5392 corde
1040 5341 1353 5411 intelligant,
1384 5352 1431 5399 et
1459 5357 1829 5416 convertantur,
1852 5360 1900 5404 et
1927 5366 2099 5404 sanem

520 5426 658 5482 illos.
682 5425 751 5481 Et
771 5426 910 5482 dixi:
937 5426 1204 5499 Usquequo
1226 5431 1441 5486 Domine
1458 5433 1611 5504 (lsai.
1635 5451 1709 5502 v1,
1727 5436 1813 5492 l-l
1828 5436 1908 5509 l)?
1927 5438 2095 5505 Quem

521 5518 680 5588 igitur
714 5518 853 5575 hunc
885 5535 1005 5576 esse
1035 5523 1250 5590 volunt,
1289 5524 1547 5593 all‘erant,
1580 5527 1760 5583 dicent
1788 5531 1928 5585 enim
1958 5531 2097 5588 torte

522 5608 732 5665 Filium.
755 5610 813 5665 ιιι
837 5612 1121 5682 Evangelio
1145 5615 1285 5669 enim
1310 5618 1443 5670 κατὰ
1465 5618 1685 5677 Ἰωάννην
1709 5621 1965 5690 scriptum
1990 5632 2091 5677 est:

522 5696 592 5753 Et
614 5709 877 5771 propterea
904 5719 1004 5757 non
1034 5712 1267 5772 poterant
1294 5704 1497 5760 credere
1522 5706 1575 5760 in
1594 5705 1793 5775 Iesum,
1815 5710 1935 5780 quia
1960 5711 2092 5763 dixit

524 5789 691 5846 Isaias
730 5792 968 5861 propheta
996 5810 1012 5850 :
1042 5794 1327 5853 Exrtt'cavit
1354 5813 1525 5854 eorum
1557 5802 1746 5869 oculos,
1772 5811 1817 5857 et
1845 5803 2086 5857 hebetavit

2217 4912 2406 4957 verunt
2430 4911 2628 4959 tantam
2651 4908 3080 4967 multitudinem?
3101 4914 3213 4969 Non
3240 4916 3382 4970 enim
3407 4913 3626 4983 scriptum
3643 4908 3712 4958 est.

2214 4991 2336 5058 qnia
2363 4993 2763 5063 baptizaverunt
2792 5002 2841 5053 in
2872 5005 3088 5059 nomine
3116 5005 3311 5071 Patris,
3339 5015 3392 5062 et
3418 5006 3544 5070 Filii,
3572 5010 3611 5054 et
3629 4995 3710 5061 SPi‘

2214 5084 2345 5138 ritus
2388 5087 2582 5152 sancti,
2629 5091 2720 5143 sed
2774 5098 2980 5146 tantum
3033 5094 3083 5148 in
3132 5096 3350 5151 nomine
3392 5092 3577 5151 Domini
3609 5087 3710 5142 lesu-

2208 5170 2451 5241 Nunquid
2500 5191 2629 5245 ergo
2672 5182 2999 5246 praevaricati
3057 5185 3218 5238 sunt?
3264 5185 3435 5239 Absit.
3477 5183 3587 5236 Nam
3626 5174 3714 5227 lim

2207 5261 2323 5316 Filii
2348 5279 2540 5320 nomen
2564 5270 2931 5325 tantummodo
2950 5271 3175 5341 dicatur,
3200 5274 3360 5329 habet
3382 5284 3541 5328 tamen
3558 5268 3712 5322 Palmm

2205 5361 2259 5407 et
2279 5352 2531 5421 Spiritum
2561 5370 2744 5412 secum
2775 5362 3201 5431 pronuntiatum,
3238 5364 3377 5418 sicut
3404 5364 3454 5416 in
3482 5349 3712 5422 Scripluris

2202 5446 2401 5499 sanctis
2438 5447 2807 5516 probavimus.
2852 5452 3034 5521 Itaque
3071 5463 3124 5509 et
3152 5455 3384 5523 Spiritus
3430 5457 3617 5507 sanctus
3644 5441 3712 5494 Sa.

2204 5533 2361 5589 baoth
2384 5537 2599 5603 dicitur,
2623 5548 2777 5594 etest
2800 5556 2918 5595 cum
2944 5542 3051 5596 Deo
3074 5552 3127 5598 et
3151 5558 3272 5598 cum
3297 5544 3432 5597 Filio
3455 5554 3480 5593 a
3502 5530 3711 5600 seﬂl'hl‘“

2201 5622 2474 5679 adoratus.
2505 5625 2730 5695 Propter
2752 5630 2893 5698 quod
2922 5630 3037 5685 haec
3063 5642 3142 5687 ter
3165 5632 3369 5698 dicunt,
3394 5631 3607 5687 Sanctus,
3627 5632 3712 5673 san-

2199 5721 2328 5779 ctus,
2350 5723 2555 5768 sanctus
2575 5716 2729 5786 (lsai.
2749 5735 2820 5784 v1,
2845 5720 2924 5790 3),
2946 5722 3330 5778 utTrinitatcm
3353 5715 3711 5794 pronuntiarent.

2202 5802 2349 5859 Unde
2380 5814 2434 5862 et
2456 5805 2650 5864 Paulus
2679 5809 2961 5868 Dominum
2985 5813 3162 5869 vocari
3182 5812 3436 5881 Spiritum
3461 5821 3552 5864 non
3578 5804 3709 5863 "983"
