3938 6376
124 346 217 406 325

1392 328 1475 385 DE
1513 322 1883 381 TRINITATE
1919 322 2047 381 LIB.
2090 322 2202 379 XII.

3270 324 3376 381 326

126 460 292 514 dicens
314 453 379 509 ad
402 451 563 523 32o
575 410 921 505 Corinthios:
948 442 1193 498 Dominus
1211 456 1325 494 vero
1343 440 1570 509 Spiritus
1590 447 1688 503 est,
1716 438 1770 498 Α
1792 446 1897 491 ntat
1918 455 2011 492 nos
2041 440 2293 493 vobiscum
2310 439 2363 491 in
2390 436 2611 498 Christo,
2643 444 2691 489 et
2728 436 2873 489 unxit
2900 451 2992 490 nos
3021 434 3157 489 Deus
3174 478 3189 502 ,
3210 440 3299 505 qui
3323 450 3373 493 et

126 561 167 607 tt
196 548 274 602 ubi
298 546 523 616 Spiritus
549 542 752 595 Domini
770 548 866 605 est,
889 539 957 591 ibi
986 536 1192 590 libertas
1221 532 1274 604 (1
1282 532 1307 586 Ι
1330 532 1450 597 Cor,
1477 548 1556 597 III,
1580 532 1689 600 17).

126 644 183 698 Et
204 640 265 694 ad
290 639 559 692 Romanos
581 633 693 688 ait:
718 630 825 685 Lex
843 637 1009 683 autem
1036 627 1247 697 spiritus
1272 626 1387 679 vitae
1413 625 1466 677 in
1492 623 1692 677 Christo

126 732 236 785 Jtsu
258 728 485 782 liberavit
506 742 584 779 me
619 741 651 776 a
682 724 789 792 tege
810 719 997 791 peccati
1020 727 1065 772 et
1089 716 1266 770 mortis
1287 714 1462 785 (Rom.
1483 712 1689 779 vmﬁ).

126 820 392 888 Quomodo
426 832 551 887 ergo
580 814 695 870 ausi
722 816 854 868 estis
883 810 1141 881 Spiritum
1187 816 1432 862 sanciunt
1477 818 1692 859 servum

126 915 316 976 dicere,
346 910 436 979 qui
466 916 764 963 creaturam
812 901 1098 957 liberavit?
1128 899 1185 955 Si
1213 897 1359 952 enim
1390 894 1570 950 omnia
1599 908 1697 963 per

128 1004 292 1073 ipsum
334 1000 473 1054 facta
522 1006 673 1063 sunt,
721 994 954 1050 ostendit
999 1001 1239 1048 creatum
1286 1002 1406 1042 esse
1441 986 1697 1055 Spiritum

127 1092 399 1149 sanctum?
442 1090 633 1156 Utique
652 1087 814 1142 etiam
840 1085 893 1139 id
915 1082 1055 1152 quod
1096 1083 1148 1135 in
1178 1078 1477 1134 centesimo
1507 1084 1699 1129 octavo

126 1183 328 1238 decimo
360 1180 561 1250 psalmo
586 1176 845 1245 scriptum
876 1182 979 1240 est,
1012 1172 1147 1236 Quia
1172 1170 1342 1223 omnia
1368 1166 1590 1220 serviunt
1613 1165 1703 1217 tibi

128 1274 292 1347 (Psat.
319 1286 502 1336 cmu,
527 1268 640 1339 91),
662 1281 873 1322 servum
905 1278 1024 1320 esse
1050 1261 1283 1318 ostendit
1300 1258 1555 1328 Spiritum
1580 1270 1703 1311 san-

127 1364 307 1420 ctum?
337 1361 444 1418 Sed
487 1374 658 1430 neque
700 1358 753 1412 in
790 1372 895 1426 quo
924 1354 1141 1421 dicitur,
1176 1351 1355 1406 omnia
1386 1362 1483 1418 per
1511 1347 1702 1400 Filium

126 1458 254 1512 facta
287 1464 431 1519 sunt,
454 1453 689 1521 assignat
710 1448 968 1520 Spiritum
995 1452 1240 1501 sanctum
1268 1458 1281 1495 :
1312 1442 1426 1509 ipse
1450 1438 1593 1494 enim
1625 1444 1708 1490 est

126 1551 207 1619 qui
247 1546 485 1617 loquitur
524 1563 535 1597 :
580 1555 754 1611 neque
794 1540 847 1595 id
886 1537 1027 1609 quod
1077 1535 1257 1590 omnia
1304 1532 1541 1587 serviunt
1590 1528 1704 1593 lilii,

127 1654 335 1695 servum
377 1651 497 1691 esse
526 1632 763 1689 ostendit
795 1644 939 1686 eum.
987 1624 1236 1693 Alioquin
1268 1633 1319 1679 et
1346 1620 1540 1675 Paulus
1577 1633 1709 1687 quo-

126 1720 285 1785 modo
332 1725 623 1781 audiendus
667 1732 779 1787 est,
835 1720 1020 1775 dicens
1061 1734 1074 1769 :
1110 1716 1231 1770 Non
1272 1715 1406 1767 enim
1446 1711 1708 1780 accepistis

1792 529 2007 598 signavit
2047 546 2157 598 nos,
2183 538 2227 582 et
2250 530 2386 582 dedit
2410 532 2620 581 arrham
2645 526 2873 594 Spiritus
2905 528 2959 580 in
2989 527 3227 582 cordibus
3251 544 3377 582 nos-

1794 619 1887 671 tris
1910 616 1994 687 (II
2025 618 2145 672 Cor.
2183 634 2221 685 ι,
2251 618 2366 687 21).
2391 619 2461 674 Et
2501 619 2691 673 iterum
2721 617 2787 672 ad
2828 617 3089 687 Ephesios
3135 619 3253 673 ait:
3310 617 3379 672 In

1794 722 1895 774 quo
1923 708 2179 761 credentes
2208 709 2395 778 signati
2424 710 2544 762 estis
2566 708 2763 773 Spiritu
2788 708 3138 779 promissionis
3170 718 3370 777 sancto,

1794 799 1883 867 qui
1910 806 1982 852 est
2010 800 2165 851 arrha
2192 799 2503 853 hereditatis
2532 799 2946 872 nostrte(Ephes.
2973 799 3117 868 I,I3)
3148 816 3161 851 :
3185 814 3377 867 magna

1800 902 1900 944 nos
1920 901 2113 957 Sapere
2134 889 2307 942 sancti
2339 900 2641 958 praeparant
2676 889 2745 945 de
2785 890 2984 961 Spiritu
3008 899 3218 945 sancto.
3245 890 3380 945 Nam

1798 993 1919 1035 eum
1946 980 2109 1033 David
2136 979 2342 1033 diceret
2372 980 2423 1033 in
2454 982 2643 1050 quinto
2669 981 2881 1037 decimo
2913 983 3158 1052 psalmo:
3205 983 3386 1038 Domi-

1800 1090 1896 1127 nus
1925 1090 2044 1142 pars
2080 1073 2389 1127 hwreditatis
2404 1088 2548 1140 mete,
2577 1084 2625 1128 et
2653 1076 2827 1130 caticis
2866 1077 2963 1129 mei
2993 1075 3166 1147 (Psat.
3188 1093 3276 1144 xv,
3302 1076 3387 1145 5).

1810 1168 1875 1220 Et
1901 1167 2077 1221 Moses
2106 1165 2407 1220 scriberet:
2439 1164 2559 1219 Non
2583 1168 2676 1219 erit
2700 1169 2886 1235 portio,
2920 1184 3078 1238 neque
3112 1167 3386 1223 hareditas

1804 1255 1970 1309 teritis
1996 1256 2051 1308 in
2081 1263 2260 1316 terra;
2309 1252 2564 1307 Dominus
2601 1256 2710 1324 ipse
2746 1259 2912 1325 portio
2967 1273 3142 1311 eorum
3190 1267 3282 1312 est.
3322 1258 3388 1311 Et

1809 1345 2071 1400 Jcretnias
2096 1346 2357 1399 clamaret
2388 1343 2557 1411 :Quia
2608 1344 2697 1413 qui
2730 1344 2983 1399 formavit
3037 1346 3216 1419 omnia
3272 1348 3389 1417 ipse

1806 1446 1891 1491 est
1922 1436 2207 1491 htereditas
2232 1435 2391 1505 hujus
2416 1434 2601 1501 Jacob,
2626 1435 2879 1490 Dominus
2909 1451 3101 1491 nomen
3126 1447 3208 1492 est
3228 1438 3299 1493 ei.
3327 1438 3390 1492 Et

1808 1541 1931 1581 cum
1986 1526 2273 1580 Dominum
2318 1524 2685 1579 hmrcditatem
2738 1535 3047 1581 sanctorum
3099 1528 3391 1596 Scriptum

1810 1618 2071 1682 dicerent,
2103 1616 2301 1670 Paulus
2329 1615 2543 1670 arrham
2580 1616 2909 1671 limreditatis
2936 1628 3240 1673 sanctorum
3265 1621 3389 1690 Spi-

1811 1711 1973 1764 ritum
2005 1718 2248 1764 sanctum
2271 1724 2391 1764 esse
2420 1710 2583 1763 dixit:
2640 1709 2705 1763 In
2754 1726 2876 1777 quo,
2904 1710 3094 1779 inquit,
3135 1713 3392 1765 credentes

129 1821 363 1890 spiritum
390 1816 646 1871 servitutis
672 1815 858 1868 iterum
885 1811 937 1864 in
966 1810 1164 1873 timore,
1195 1806 1284 1860 sed
1312 1803 1576 1873 accepistis
1605 1801 1706 1868 spi-
1740 1799 1785 1858 Β
1813 1801 2003 1869 signati
2032 1802 2149 1855 estis
2174 1800 2374 1869 Spiritu
2395 1802 2743 1871 promissionis
2780 1813 2978 1868 sancta,
3004 1804 3089 1871 qui
3118 1812 3191 1856 est
3237 1806 3394 1858 arrha

125 1914 279 1965 ritum
300 1908 587 1979 adoptionis
608 1906 834 1975 ﬁliorum
856 1904 908 1955 in
930 1916 1030 1968 quo
1051 1900 1354 1964 clamamus,
1374 1896 1533 1958 Abba,
1557 1892 1711 1947 Pater

128 2003 309 2075 (Rom.
328 2015 443 2069 vui,
466 1998 590 2065 I5)?
613 1997 793 2067 Itaque
815 2010 914 2049 nec
934 2006 1120 2048 servus
1144 2005 1243 2045 nec
1264 1989 1466 2045 creatio
1482 1986 1712 2057 Spiritus

126 2102 350 2148 sanctus
378 2105 496 2146 esse
521 2089 764 2143 docetur.
794 2085 899 2141 Sed
921 2099 1017 2139 vos
1039 2092 1093 2138 et
1114 2095 1389 2144 carneum,
1419 2088 1471 2134 et
1499 2092 1711 2133 servum

124 2200 248 2240 eum
282 2198 404 2240 esse
435 2181 721 2249 infamatis,
753 2195 873 2235 cum
907 2194 1012 2233 non
1044 2178 1219 2232 solum
1246 2176 1383 2231 liber
1412 2176 1503 2241 sit,
1536 2174 1631 2228 sed
1661 2182 1716 2228 et

118 2283 388 2329 creatura:
419 2272 718 2327 libertatem
750 2269 1025 2339 largiatur,
1066 2269 1207 2321 sicut
1244 2265 1494 2333 superius
1524 2264 1717 2333 proba-

120 2364 323 2417 vimus.
369 2362 440 2416 Et
474 2375 688 2415 rursum
726 2359 924 2413 Paulus
964 2356 1194 2412 scribit:
1229 2354 1511 2408 Divisiones
1549 2363 1719 2407 autem

119 2455 383 2507 donorum
431 2458 583 2515 sunt,
629 2451 764 2502 idem
808 2464 923 2501 vero
982 2446 1210 2515 Spiritus
1255 2443 1307 2514 (ι
1349 2443 1466 2497 Cor.
1502 2458 1608 2508 xu,
1639 2441 1719 2510 ι).

125 2544 227 2609 Et,
258 2542 444 2595 Omnia
470 2550 637 2594 autem
661 2539 768 2592 hac
809 2544 1047 2608 aperatur
1070 2552 1201 2589 unus
1224 2544 1271 2588 et
1312 2535 1445 2588 idem
1473 2533 1720 2601 Spiritus,

102 2636 371 2690 dividens
438 2632 655 2700 singulis
709 2632 840 2684 sicut
886 2631 991 2683 vult
1042 2626 1228 2699 (Ibid.,
1260 2625 1369 2696 II).
1446 2625 1514 2679 Et
1570 2623 1726 2678 Jesus

104 2730 203 2782 ait
231 2742 247 2779 :
279 2724 504 2795 Spiritus
526 2723 611 2777 ubi
634 2722 739 2776 vutt
765 2722 946 2791 spirat.
974 2719 1029 2775 Si
1060 2726 1237 2773 autem
1268 2717 1390 2772 lacit
1419 2715 1560 2787 quod
1591 2714 1723 2777 vult,

120 2817 235 2888 iam
270 2830 379 2869 non
408 2823 487 2869 est
517 2827 738 2877 servus,
769 2811 863 2867 sed
895 2810 1050 2865 liber.
1101 2806 1256 2875 Quali
1297 2821 1426 2860 vero
1463 2813 1634 2859 morte
1665 2803 1725 2857 ﬁ-

104 2907 351 2962 -nientur
379 2905 467 2974 qui
508 2904 790 2959 Dominum
834 2902 1067 2957 caelestis
1108 2899 1309 2953 militiae
1352 2912 1565 2952 servum
1605 2910 1726 2950 esse

110 2996 493 3067 proﬁtentur?
545 2994 800 3049 Dominus
846 2995 988 3048 enim
1034 2991 1285 3045 virtutum
1339 2990 1727 3059 interpretatur

124 3086 396 3141 Dominus
418 3085 686 3151 Sabaoth;
714 3084 802 3154 qui
831 3085 1011 3154 utique
1036 3083 1340 3137 libertatem
1371 3096 1475 3135 non
1504 3081 1727 3150 largitur

1818 1890 2133 1944 hiereditatis
2161 1900 2347 1946 nostra:
2373 1891 2589 1960 (Ephes.
2625 1908 2660 1958 ι,
2695 1892 2780 1964 15)
2818 1912 2830 1947 :
2860 1894 3058 1949 docens
3090 1896 3395 1971 bmreditari

1816 1987 1872 2034 et
1896 1994 2004 2033 non
2032 1979 2371 2036 hzereditare.
2397 1981 2764 2054 Professiones
2812 1992 3116 2037 sanctorum
3146 1984 3396 2040 cons‘de-

1816 2079 1953 2124 rate.
1979 2070 2069 2124 Ait
2088 2069 2231 2124 enim
2260 2070 2419 2125 Isaias
2442 2071 2507 2124 ad
2532 2086 2625 2126 eos
2673 2073 2761 2141 qui
2808 2087 2911 2126 non
2944 2073 3203 2129 baberent
3228 2074 3397 2143 Spiri-

1817 2167 1927 2212 tum
1960 2166 2228 2225 sanctum,
2256 2169 2305 2214 et
2332 2170 2612 2231 propterea
2645 2164 2949 2231 ignorantes
3002 2179 3122 2220 esse
3153 2166 3388 2221 haeredi-

1818 2256 1983 2305 tatem
2020 2250 2222 2305 sanctis
2270 2262 2389 2319 post
2419 2251 2577 2321 hujus
2621 2253 2803 2307 saeculi
2863 2254 3070 2308 exitum
3123 2255 3398 2311 instruens

1822 2342 2039 2408 pariter,
2071 2351 2124 2396 et
2148 2342 2334 2395 dicens
2362 2358 2376 2396 :
2408 2342 2499 2396 Est
2528 2344 2801 2397 hwredilas
2831 2343 3103 2398 colentibus
3136 2346 3317 2413 Deum,
3342 2360 3396 2402 et

1822 2446 1908 2483 ros
1932 2432 2070 2483 eritis
2095 2432 2249 2499 justi,
2268 2431 2390 2484 dicit
2418 2432 2669 2486 Dominus
2693 2433 2845 2503 (Isai.
2879 2450 2990 2500 Liv,
3026 2436 3133 2505 17).
3167 2437 3267 2503 Qui
3292 2439 3401 2491 siti-

1826 2521 1910 2587 tis,
1936 2522 2004 2573 ite
2020 2522 2086 2573 ad
2102 2538 2284 2591 aquam
2302 2520 2459 2592 (Isai.
2476 2538 2561 2588 ιγ,
2580 2521 2920 2593 1),8ρίτί1υηι
2948 2535 3187 2579 sanctum
3212 2540 3403 2596 aquam

1826 2610 2128 2680 appellans,
2158 2612 2296 2665 sicut
2329 2613 2662 2681 postmodum
2696 2614 3114 2669 monstrabimus
3145 2630 3160 2669 :
3194 2630 3312 2669 cum
3335 2618 3407 2670 sit

1826 2698 1985 2753 arrha
2018 2709 2323 2755 sanctorum
2345 2701 2699 2766 hmreditatis,
2732 2703 2871 2757 hunc
2887 2702 3142 2773 Spiritum
3165 2719 3407 2761 sanctum

1827 2799 1881 2843 et
1912 2789 2075 2843 David
2106 2791 2438 2860 signaculum
2462 2800 2517 2846 et
2537 2792 2752 2846 arrhatn
2796 2793 3123 2847 haereditatis
3167 2810 3285 2848 cum
3317 2795 3409 2851 ha-

1829 2879 2050 2935 buisset.
2067 2881 2175 2937 Sed
2208 2882 2305 2937 llos
2325 2883 2538 2951 quidem
2562 2884 2651 2952 qui
2668 2900 2771 2938 non
2796 2884 3021 2938 credunt
3044 2884 3411 2942 hmreditatem

1829 2986 1949 3027 esse
1991 2974 2213 3039 sanetis,
2248 2984 2365 3043 post
2394 2974 2550 3042 hujus
2577 2975 2699 3029 vita:
2745 2977 2945 3030 exitum
2971 2976 3135 3046 322
3186 2977 3412 3032 miseros

1829 3076 1950 3117 esse
1979 3061 2131 3117 dicit.
2168 3064 2242 3117 De
2290 3079 2347 3119 se
2376 3079 2503 3119 vero
2537 3074 2590 3119 et
2618 3066 2717 3119 sibi
2766 3066 3033 3121 similibus
3077 3068 3412 3123 conlidenter

114 3185 420 3241 creaturae,
452 3175 554 3230 nisi
589 3185 733 3230 esset
761 3175 1052 3230 creationis
1087 3172 1341 3227 Dominus
1374 3188 1387 3225 :
1420 3171 1471 3226 in
1504 3172 1722 3226 nomine
1749 3154 1796 3218 Ο
1825 3169 1989 3224 agens
2018 3156 2095 3210 ³η
2117 3156 2167 3209 in
2193 3157 2399 3225 1³8³1ωο
2416 3166 2606 3225 quarm
2632 3173 2645 3211 ί
2680 3156 2834 3211 Μαίη
2860 3160 3070 3212 dicunt:
3102 3160 3227 3226 Qui!
3249 3167 3415 3213 οειεη·

124 3267 281 3322 enim
311 3266 437 3322 Iesu
464 3276 519 3320 et
544 3266 776 3335 Spiritus
807 3274 1021 3319 sanctus
1045 3273 1149 3329 est,
1181 3264 1316 3318 sicut
1339 3264 1596 3318 Dominus
1623 3263 1723 3317 ait:

128 3355 437 3409 Paraclitus
484 3370 599 3410 vero
632 3355 858 3424 Spiritus
903 3364 1145 3422 sanctus,
1187 3370 1335 3423 quem
1389 3354 1549 3407 mittet
1590 3354 1728 3407 vobis

126 3447 301 3503 Pater
330 3448 384 3501 in
410 3448 611 3501 nomine
639 3463 769 3513 meo,
802 3447 889 3500 ille
916 3462 1003 3501 ros
1029 3445 1225 3500 docebit
1284 3443 1465 3511 (Joan.
1501 3460 1605 3511 xlv,
1633 3445 1729 3513 26)

125 3555 338 3595 nomen
368 3539 560 3605 Patris,
593 3547 647 3594 et
688 3537 827 3603 Filii,
868 3547 923 3593 et
948 3538 1178 3607 Spiritus
1205 3536 1398 3602 sancti,
1432 3536 1483 3589 in
1518 3538 1729 3605 propria

120 3630 244 3684 vita
273 3640 330 3684 et
352 3628 648 3685 substantia
672 3642 1018 3696 permanens,
1042 3641 1163 3681 cum
1193 3627 1309 3695 ipse
1334 3629 1404 3681 sit
1425 3628 1551 3680 vita.
1586 3626 1733 3680 Alio-

122 3719 222 3788 qui
261 3718 394 3788 quid
440 3717 650 3772 facietis
690 3716 968 3771 audientes
1012 3717 1067 3771 in
1105 3715 1343 3771 Canticis
1382 3715 1727 3771 Canticorum

119 3807 483 3865 Salomonem
532 3808 845 3863 dicentem:
899 3805 1226 3877 Unguentum
1280 3806 1501 3874 e/I‘usum
1553 3823 1731 3862 nomen

121 3909 311 3963 tuum,
330 3907 595 3969 prapterea
615 3898 1007 3952 adolescentulte
1023 3898 1309 3951 dilexerunt
1331 3907 1378 3952 te
1398 3896 1572 3967 (Cant.
1597 3913 1634 3963 ι,
1652 3898 1734 3967 2)?

120 3992 315 4048 Isaias
334 4008 460 4047 vero
481 4009 500 4048 :
523 3991 586 4046 Et
608 3992 756 4062 faciet
780 3991 1029 4046 Dominus
1052 3992 1281 4047 Sabaoth
1303 3993 1532 4063 gentibus
1561 3995 1613 4046 in
1637 3994 1735 4047 isto

114 4092 339 4145 monte,
364 4081 525 4134 bibent
554 4082 604 4133 in
631 4081 827 4145 la’titia,
852 4080 1014 4135 bibent
1040 4082 1232 4149 uinum,
1256 4094 1513 4150 unguenta
1540 4098 1733 4151 ungen-

113 4181 240 4237 tur,
278 4169 482 4222 tradent
507 4171 612 4222 haec
640 4170 811 4222 omnia
837 4170 1067 4238 gentibus
1098 4169 1251 4239 (Isai.
1284 4185 1411 4234 xxv,
1441 4170 1522 4238 6).
1552 4169 1739 4224 Nonne

110 4257 405 4331 Spiritum
447 4265 689 4312 sanctum
732 4272 840 4326 quo
872 4256 1015 4310 uncti
1046 4272 1251 4325 sumus,
1284 4268 1611 4327 unguentum
1644 4272 1739 4311 vo-

112 4353 280 4406 cavit
345 4348 650 4419 pr0plieta?
722 4347 892 4415 Quem
957 4354 1010 4400 et
1057 4346 1226 4401 David
1271 4347 1447 4402 oleum
1502 4346 1741 4402 exsulta-

115 4441 302 4497 tionis
362 4441 518 4510 321
551 4437 785 4508 appellat
828 4440 881 4493 in
913 4440 1322 4508 quadragesimo
1353 4448 1541 4509 quarto
1597 4438 1741 4508 psal-

1830 3245 1903 3297 di:
1926 3248 2068 3300 nobis
2098 3248 2257 3301 bona?
2286 3248 2560 3317 Signatum
2585 3260 2660 3303 est
2706 3266 2858 3320 super
2887 3268 2981 3305 nos
3025 3251 3193 3305 lumen
3246 3254 3416 3306 vultus

1829 3339 1924 3400 tui,
1960 3338 2176 3393 Domine
2206 3338 2377 3411 (Psal.
2397 3356 2468 3404 tv,
2490 3342 2545 3411 6)
2581 3359 2592 3391 :
2626 3342 2978 3409 signationcm
3027 3344 3212 3400 dicens
3240 3348 3416 3415 signa-

1832 3433 2033 3497 culum,
2058 3433 2199 3500 quod
2230 3435 2409 3489 lumen
2442 3436 2621 3488 vultus
2640 3434 2849 3488 Domini
2874 3450 2996 3489 esse
3019 3438 3088 3489 sit
3118 3436 3414 3502 professus.

1834 3522 2017 3591 Itaque
2048 3522 2272 3578 credant
2313 3523 2479 3578 Paulo
2520 3524 2741 3589 dicenti,
2790 3525 2991 3594 Spiritu
3043 3527 3418 3595 promissaonis

1835 3626 2021 3671 sancto
2048 3618 2285 3687 signatos
2313 3632 2433 3673 esse
2459 3619 2761 3674 credentes.
2796 3620 2862 3674 Et
2913 3619 3101 3687 David,
3134 3622 3222 3691 qui
3254 3621 3415 3675 habe—

1837 3721 1914 3764 ret
1944 3712 2191 3767 eumdetn
2213 3713 2459 3781 spiritum
2493 3713 2637 3779 ﬁdei,
2675 3713 2918 3783 psallenti
2939 3732 2952 3768 :
2977 3713 3130 3770 Credi
3151 3717 3187 3768 .‘i
3217 3726 3420 3785 propter

1834 3802 1973 3869 quod
2010 3802 2212 3855 locutus
2241 3818 2353 3855 sum
2380 3802 2550 3874 (Psal.
2584 3819 2706 3868 cxv,
2743 3804 2853 3874 10).
2882 3806 3065 3860 Sciant
3095 3806 3235 3874 quod
3258 3817 3311 3861 et
3334 3810 3418 3860 Iu-

1837 3906 1959 3946 men
1984 3895 2163 3949 vultus
2187 3895 2396 3950 Domini
2435 3912 2556 3952 esse
2592 3898 2726 3952 dicit
2748 3898 3076 3967 signaculum
3110 3902 3249 3969 quod
3271 3918 3422 3957 acce-

1838 3988 1935 4055 pit,
1960 3988 2011 4043 id
2035 3999 2117 4045 est
2142 3990 2398 4057 Spiritum
2432 4002 2699 4057 sanctum,
2726 3994 2860 4047 adeo
2883 4004 2940 4047 ut
2996 4004 3050 4048 et
3104 3996 3299 4050 Filium
3328 3996 3405 4051 De

1839 4079 2021 4133 lumen
2053 4081 2147 4135 Dei
2175 4095 2295 4135 esse
2342 4081 2518 4136 sciens
2568 4082 2821 4150 psalleret
2874 4083 3008 4147 Deo,
3043 4084 3095 4137 in
3150 4084 3423 4140 tricesimo

1840 4170 2027 4237 quinto
2067 4173 2297 4240 psalmo,
2329 4173 2515 4227 dicens
2549 4193 2559 4225 :
2595 4173 2659 4227 In
2688 4174 2879 4228 lumine
2909 4186 2997 4229 tuo
3020 4176 3298 4230 videbimus
3337 4179 3423 4231 lu-

1842 4272 1957 4310 men
1986 4257 2158 4329 (Psal.
2192 4276 2351 4327 xxxv,
2388 4261 2498 4331 10);
2525 4262 2575 4317 id
2616 4273 2720 4329 εει,
2755 4262 2806 4317 in
2825 4262 2959 4318 Filio
2988 4274 3078 4319 tuo
3124 4265 3424 4323 videbimus

1844 4347 2103 4416 Spiritum
2136 4361 2400 4405 sanctum.
2428 4353 2517 4409 Sic
2541 4363 2595 4408 et
2626 4354 2789 4409 Isaias
2817 4356 3073 4425 Spiritum
3106 4357 3194 4427 qui
3218 4359 3423 4412 sancti-

1846 4435 1969 4491 Ilcat
1996 4454 2097 4492 non
2123 4440 2293 4494 solum
2326 4441 2527 4507 lumen,
2565 4458 2748 4497 verum
2792 4445 2952 4499 etiam
2994 4445 3167 4515 ignem
3199 4448 3301 4502 scit
3325 4464 3420 4517 ap-

116 4549 218 4588 mo
272 4532 467 4586 dicens
519 4533 571 4585 in
620 4531 1026 4587 conversatione
1102 4531 1333 4586 humana
1379 4532 1674 4587 Salvatoris
1706 4548 1717 4583 :
1749 4513 1802 4573 Ῑ)
1826 4533 2046 4603 pellare,
2078 4533 2264 4589 dicens
2298 4553 2309 4588 :
2349 4535 2416 4589 Et
2442 4538 2535 4590 erit
2568 4538 2735 4591 lumen
2762 4537 2925 4608 hujus
2953 4513 3201 4605 Israe!,et
3232 4513 3422 4596 sancti-

118 4624 428 4695 PrOpterea
457 4622 601 4676 unxit
630 4632 677 4676 te
702 4621 860 4687 Deus,
886 4619 1025 4676 Deus
1053 4632 1169 4680 tuus
1204 4624 1313 4677 oleo
1365 4622 1722 4677 exsultationis

117 4732 237 4784 prie
264 4714 594 4768 consortibus
619 4715 717 4768 tuis
751 4712 919 4783 (Psat.
958 4730 1098 4781 xuv,
1128 4714 1208 4784 8).
1257 4715 1410 4783 Quod
1441 4729 1721 4786 assumens

116 4805 332 4863 Petrus
355 4804 465 4859 ait:
522 4801 720 4867 Jesum,
748 4804 833 4873 qui
858 4813 929 4857 est
968 4820 1001 4856 a
1056 4803 1342 4871 Nasareth,
1376 4806 1522 4857 unxit
1580 4804 1722 4859 Deus

118 4910 247 4949 eum
277 4894 342 4946 in
374 4892 576 4962 Spiritu
606 4900 784 4945 sancto
807 4899 854 4944 et
890 4890 1080 4945 'virtute
1102 4892 1242 4964 (Act.
1270 4909 1326 4959 x,
1357 4892 1471 4963 38).
1493 4893 1725 4963 Spiritus

117 4983 319 5054 itaque
352 4989 566 5036 sanctus
597 4996 716 5036 cum
746 4990 800 5036 et
850 4982 1026 5036 oleum
1061 4991 1114 5038 et
1152 4992 1480 5053 unguentum
1511 4984 1726 5055 dicitur,

120 5088 343 5129 nomen
375 5080 461 5127 est
487 5071 581 5126 Dei
611 5080 665 5127 et
693 5071 835 5138 Filii,
861 5073 915 5127 in
949 5073 1164 5144 propria
1192 5074 1299 5129 vita
1327 5081 1382 5128 et
1425 5075 1725 5131 substantia

117 5176 471 5234 permanens
505 5180 517 5215 :
550 5177 670 5218 cum
698 5164 768 5218 sit
795 5163 933 5233 ipse,
967 5172 1025 5219 ut
1061 5178 1223 5232 supra
1269 5164 1505 5220 diximus
1533 5180 1733 5221 secun-

115 5256 255 5311 dum
290 5254 616 5325 prophetam
639 5295 655 5322 ,
687 5264 1013 5325 unguentum
1041 5256 1267 5313 eII'usum
1315 5274 1512 5314 nomen
1561 5270 1731 5315 tuum.

116 5351 484 5408 Manifestum
508 5360 591 5407 est
624 5363 799 5408 autem
828 5352 950 5423 quia
970 5351 1230 5423 Spiritum
1271 5366 1516 5411 sanctum
1540 5356 1725 5411 etl‘udit

117 5444 405 5500 Dominus
430 5442 762 5500 abundanter
782 5458 943 5515 super
973 5460 1066 5502 eos
1089 5446 1176 5518 qui
1198 5461 1264 5503 ex
1283 5449 1527 5518 gentibus
1554 5449 1727 5505 credi-

117 5535 359 5600 derunt;
389 5534 531 5590 sicut
558 5533 754 5591 Paulus
800 5536 1007 5592 scribit.
1053 5537 1271 5593 Etcum
1316 5540 1621 5596 unctionem
1672 5550 1728 5596 et

117 5626 479 5698 signaculum
509 5627 817 5696 habeamus;
842 5638 897 5685 et
921 5644 1106 5685 rursus
1129 5631 1270 5688 idem
1302 5633 1500 5689 Paulus
1543 5635 1595 5690 in
1641 5650 1727 5691 se-

117 5720 310 5777 cunda
343 5718 585 5789 Epistola
613 5722 676 5779 ad
697 5721 1001 5779 Corinthios
1028 5723 1229 5780 scribat
1259 5742 1271 5777 :
1312 5724 1411 5791 Qui
1438 5736 1603 5781 autem
1637 5729 1722 5797 [ir-

1830 4628 1999 4696 ﬁcabit
2021 4646 2132 4682 eum
2151 4630 2265 4702 igne
2290 4632 2492 4687 ardenti
2514 4630 2666 4701 (Isai.
2687 4649 2739 4697 κ,
2760 4630 2873 4701 17).
2893 4633 2954 4687 Ει
2970 4649 3097 4688 ecce
3116 4636 3167 4689 in
3192 4636 3412 4699 lumine,

1829 4719 1969 4789 quod
1984 4730 2062 4775 est
2076 4720 2235 4791 ignis,
2249 4725 2551 4777 sanctiﬁcat
2568 4723 2707 4776 Deus
2739 4726 2878 4778 hunc
2894 4724 3075 4788 Israel,
3092 4735 3143 4779 et
3165 4725 3422 4780 Dominus

1832 4800 2011 4863 noster
2035 4809 2171 4879 ignis
2191 4826 2512 4867 ci-nsumens
2565 4821 2668 4879 est,
2693 4812 2830 4867 sicut
2859 4813 3069 4885 Moyses
3112 4817 3187 4871 ait
3222 4835 3233 4868 :
3284 4816 3424 4872 Deus

1832 4913 1995 4958 vester
2030 4906 2166 4975 ignis
2209 4923 2506 4960 consumens
2534 4917 2605 4961 est
2629 4908 2808 4977 (Deut.
2837 4923 2909 4974 tv,
2931 4909 3045 4980 24).
3074 4908 3177 4965 Sed
3202 4919 3256 4965 et
3283 4911 3425 4967 Pau-

1838 4995 1920 5049 lus
1950 4995 2078 5051 dicit
2105 5013 2118 5050 :
2156 4996 2223 5051 Ut
2252 4997 2343 5066 fiat
2360 4998 2548 5052 oblatio
2576 4999 2811 5069 gentium'
2831 5000 3427 5070 acceptabilis,sanctiﬁ-

1838 5100 1953 5143 cata
1980 5091 2033 5144 in
2060 5090 2262 5161 Spiritu
2301 5101 2477 5145 sancto
2505 5092 2682 5163 (Rom.
2716 5109 2806 5159 xv,
2840 5093 2955 5162 16).
3002 5094 3070 5149 Et
3117 5109 3224 5148 non
3271 5094 3428 5148 aliter

1838 5188 2050 5251 gentes,
2068 5181 2227 5236 aliter
2252 5181 2411 5238 Israel
2436 5182 2839 5239 sanctiﬁcantur
2864 5198 2895 5237 a
2924 5183 3205 5253 Deoquam
3228 5184 3279 5239 in
3304 5184 3427 5253 Spi-

1838 5276 1943 5331 ritu
1963 5257 2172 5346 san:to°,
2198 5279 2399 5335 lumine
2436 5290 2493 5337 et
2523 5281 2645 5350 igne
2674 5285 2958 5339 existente.
2996 5282 3134 5336 Dicit
3160 5288 3339 5333 autem
3371 5286 3426 5331 et

1840 5371 2100 5439 sapientia
2119 5371 2424 5427 Salomonis
2444 5373 2496 5428 in
2523 5373 2830 5429 Proverbiis
2859 5392 2873 5427 :
2902 5371 3018 5426 Lua:
3046 5367 3429 5438 Dominiinspi-

1842 5460 1975 5513 ratio
2000 5473 2074 5515 est
2104 5462 2389 5532 hominum,
2426 5463 2513 5531 qui
2540 5472 2796 5516 scrutatur
2816 5463 3015 5515 interna
3040 5458 3223 5512 ventris
3241 5454 3426 5527 (Prov.

1846 5549 2085 5615 xx,27).
2121 5548 2190 5604 Et
2242 5550 2587 5605 manifestum
2619 5559 2722 5620 est,
2779 5550 2901 5618 quia
2957 5548 3189 5617 Spiritus
3241 5545 3426 5603 omnia

1844 5650 2133 5707 scrutatur,
2159 5642 2607 5709 quemadmodum
2660 5642 2846 5697 scribit
2868 5640 3089 5707 Paulus,
3114 5652 3171 5698 et
3222 5646 3362 5714 quod
3393 5659 3427 5700 a

1847 5735 2109 5804 principio
2132 5735 2363 5793 formato
2388 5736 2581 5803 Adam,
2607 5734 2659 5789 in
2693 5733 2878 5790 faciem
2904 5734 3020 5806 ejus
3043 5735 3263 5807 spiravit
3286 5737 3428 5794 Deus
