  <div class='ocr_page' id='page_1' title='image "/cluster/home/n/w/nwhite01/storage/ocr_20150623/62/hvd.32044015706393/169.png"; bbox 0 0 3938 6376; ppageno 0'>
   <div class='ocr_carea' id='block_1_1' title="bbox 668 356 767 412">
    <p class='ocr_par' dir='ltr' id='par_1_1' title="bbox 668 356 767 412">
     <span class='ocr_line' id='line_1_1' title="bbox 668 356 767 412; baseline -0.04 0"><span class='ocrx_word' id='word_1_1' title='bbox 668 356 767 412; x_wconf 70' lang='lat'><strong>5‘27</strong></span> 
     </span>
    </p>
   </div>
   <div class='ocr_carea' id='block_1_2' title="bbox 1956 351 3796 434">
    <p class='ocr_par' dir='ltr' id='par_1_2' title="bbox 1956 351 3796 434">
     <span class='ocr_line' id='line_1_2' title="bbox 1956 351 3796 434; baseline 0.012 -23"><span class='ocrx_word' id='word_1_2' title='bbox 1956 351 2180 412; x_wconf 77' lang='lat' dir='ltr'><strong>VlGlLll</strong></span> <span class='ocrx_word' id='word_1_3' title='bbox 2221 358 2594 416; x_wconf 75' lang='lat' dir='ltr'><strong>TAPSENSIS</strong></span> <span class='ocrx_word' id='word_1_4' title='bbox 3730 378 3796 434; x_wconf 68' lang='grc' dir='ltr'><strong>ιιι</strong></span> 
     </span>
    </p>
   </div>
   <div class='ocr_carea' id='block_1_3' title="bbox 666 466 3797 556">
    <p class='ocr_par' dir='ltr' id='par_1_3' title="bbox 666 466 3797 556">
     <span class='ocr_line' id='line_1_3' title="bbox 666 466 3797 556; baseline 0.005 -33"><span class='ocrx_word' id='word_1_5' title='bbox 666 470 923 536; x_wconf 78' lang='lat' dir='ltr'><strong>Spiritum</strong></span> <span class='ocrx_word' id='word_1_6' title='bbox 952 473 1215 533; x_wconf 87' lang='lat' dir='ltr'><strong>sanctum,</strong></span> <span class='ocrx_word' id='word_1_7' title='bbox 1248 466 1382 521; x_wconf 89' lang='lat' dir='ltr'><strong>sicut</strong></span> <span class='ocrx_word' id='word_1_8' title='bbox 1407 466 1614 536; x_wconf 81' lang='lat' dir='ltr'><strong>Moyses</strong></span> <span class='ocrx_word' id='word_1_9' title='bbox 1636 468 1723 520; x_wconf 90' lang='lat' dir='ltr'><strong>ait:</strong></span> <span class='ocrx_word' id='word_1_10' title='bbox 1759 468 1820 521; x_wconf 82' lang='lat' dir='ltr'><strong>Et</strong></span> <span class='ocrx_word' id='word_1_11' title='bbox 1852 472 2057 538; x_wconf 84' lang='lat' dir='ltr'><strong>spiravit</strong></span> <span class='ocrx_word' id='word_1_12' title='bbox 2088 470 2226 525; x_wconf 87' lang='lat' dir='ltr'><strong>Deus</strong></span> <span class='ocrx_word' id='word_1_13' title='bbox 2257 477 2304 535; x_wconf 72' lang='grc' dir='ltr'><strong>Α</strong></span> <span class='ocrx_word' id='word_1_14' title='bbox 2338 473 2447 526; x_wconf 83' lang='lat' dir='ltr'><strong>Lua:</strong></span> <span class='ocrx_word' id='word_1_15' title='bbox 2475 474 2673 527; x_wconf 78' lang='lat' dir='ltr'><strong>Domini</strong></span> <span class='ocrx_word' id='word_1_16' title='bbox 2700 473 2964 543; x_wconf 83' lang='lat' dir='ltr'><strong>inspiratio</strong></span> <span class='ocrx_word' id='word_1_17' title='bbox 2996 486 3065 529; x_wconf 88' lang='lat' dir='ltr'><strong>est</strong></span> <span class='ocrx_word' id='word_1_18' title='bbox 3086 477 3340 531; x_wconf 71' lang='lat' dir='ltr'><strong>luminum</strong></span> <span class='ocrx_word' id='word_1_19' title='bbox 3363 476 3629 551; x_wconf 63' lang='lat' dir='ltr'><strong>(Prom-xx,</strong></span> <span class='ocrx_word' id='word_1_20' title='bbox 3653 485 3736 556; x_wconf 68' lang='lat'><strong>27).</strong></span> <span class='ocrx_word' id='word_1_21' title='bbox 3760 491 3797 544; x_wconf 79' lang='lat' dir='ltr'><strong>Et</strong></span> 
     </span>
    </p>
   </div>
   <div class='ocr_carea' id='block_1_4' title="bbox 662 556 2234 626">
    <p class='ocr_par' dir='ltr' id='par_1_4' title="bbox 662 556 2234 626">
     <span class='ocr_line' id='line_1_4' title="bbox 662 556 2234 626; baseline 0.004 -19"><span class='ocrx_word' id='word_1_22' title='bbox 662 558 715 609; x_wconf 82' lang='lat' dir='ltr'><strong>in</strong></span> <span class='ocrx_word' id='word_1_23' title='bbox 738 556 921 624; x_wconf 77' lang='lat' dir='ltr'><strong>facient</strong></span> <span class='ocrx_word' id='word_1_24' title='bbox 941 556 1067 609; x_wconf 77' lang='lat' dir='ltr'><strong>Adw</strong></span> <span class='ocrx_word' id='word_1_25' title='bbox 1102 556 1480 623; x_wconf 88' lang='lat' dir='ltr'><strong>inspirationem</strong></span> <span class='ocrx_word' id='word_1_26' title='bbox 1507 557 1638 619; x_wconf 70' lang='lat' dir='ltr'><strong>vitm,</strong></span> <span class='ocrx_word' id='word_1_27' title='bbox 1661 566 1704 610; x_wconf 89' lang='lat' dir='ltr'><strong>et</strong></span> <span class='ocrx_word' id='word_1_28' title='bbox 1732 561 1896 626; x_wconf 80' lang='lat' dir='ltr'><strong>factus</strong></span> <span class='ocrx_word' id='word_1_29' title='bbox 1922 569 1992 611; x_wconf 87' lang='lat' dir='ltr'><strong>est</strong></span> <span class='ocrx_word' id='word_1_30' title='bbox 2011 559 2161 612; x_wconf 81' lang='lat' dir='ltr'><strong>homo</strong></span> <span class='ocrx_word' id='word_1_31' title='bbox 2182 562 2234 613; x_wconf 85' lang='lat' dir='ltr'><strong>in</strong></span> 
     </span>
    </p>
   </div>
   <div class='ocr_carea' id='block_1_5' title="bbox 659 641 2231 715">
    <p class='ocr_par' dir='ltr' id='par_1_5' title="bbox 659 641 2231 715">
     <span class='ocr_line' id='line_1_5' title="bbox 659 641 2231 715; baseline 0.003 -19"><span class='ocrx_word' id='word_1_32' title='bbox 659 646 886 697; x_wconf 80' lang='lat' dir='ltr'><strong>animum</strong></span> <span class='ocrx_word' id='word_1_33' title='bbox 905 645 1143 698; x_wconf 80' lang='lat' dir='ltr'><strong>viventem</strong></span> <span class='ocrx_word' id='word_1_34' title='bbox 1170 641 1323 714; x_wconf 87' lang='lat' dir='ltr'><strong>(Gen.</strong></span> <span class='ocrx_word' id='word_1_35' title='bbox 1346 658 1405 709; x_wconf 87' lang='grc' dir='ltr'><strong>ιι,</strong></span> <span class='ocrx_word' id='word_1_36' title='bbox 1438 644 1516 711; x_wconf 88' lang='lat'><strong>7).</strong></span> <span class='ocrx_word' id='word_1_37' title='bbox 1546 643 1726 713; x_wconf 83' lang='lat' dir='ltr'><strong>Neque</strong></span> <span class='ocrx_word' id='word_1_38' title='bbox 1746 646 1795 699; x_wconf 92' lang='lat' dir='ltr'><strong>id</strong></span> <span class='ocrx_word' id='word_1_39' title='bbox 1820 648 1959 715; x_wconf 87' lang='lat' dir='ltr'><strong>quod</strong></span> <span class='ocrx_word' id='word_1_40' title='bbox 1976 648 2231 714; x_wconf 81' lang='lat' dir='ltr'><strong>spiratum</strong></span> 
     </span>
    </p>
   </div>
   <div class='ocr_carea' id='block_1_6' title="bbox 661 731 2230 796">
    <p class='ocr_par' dir='ltr' id='par_1_6' title="bbox 661 731 2230 796">
     <span class='ocr_line' id='line_1_6' title="bbox 661 731 2230 796; baseline 0.003 -12"><span class='ocrx_word' id='word_1_41' title='bbox 661 739 791 785; x_wconf 89' lang='lat' dir='ltr'><strong>esta</strong></span> <span class='ocrx_word' id='word_1_42' title='bbox 822 731 1071 796; x_wconf 90' lang='lat' dir='ltr'><strong>Domino,</strong></span> <span class='ocrx_word' id='word_1_43' title='bbox 1101 732 1276 785; x_wconf 89' lang='lat' dir='ltr'><strong>anima</strong></span> <span class='ocrx_word' id='word_1_44' title='bbox 1318 740 1417 794; x_wconf 87' lang='lat' dir='ltr'><strong>est,</strong></span> <span class='ocrx_word' id='word_1_45' title='bbox 1449 732 1738 786; x_wconf 87' lang='lat' dir='ltr'><strong>secundum</strong></span> <span class='ocrx_word' id='word_1_46' title='bbox 1786 734 2104 791; x_wconf 67' lang='lat' dir='ltr'><strong>fabulatores</strong></span> <span class='ocrx_word' id='word_1_47' title='bbox 2132 735 2230 790; x_wconf 75' lang='lat' dir='ltr'><strong>lu-</strong></span> 
     </span>
    </p>
   </div>
   <div class='ocr_carea' id='block_1_7' title="bbox 658 822 2226 894">
    <p class='ocr_par' dir='ltr' id='par_1_7' title="bbox 658 822 2226 894">
     <span class='ocr_line' id='line_1_7' title="bbox 658 822 2226 894; baseline 0.001 -18"><span class='ocrx_word' id='word_1_48' title='bbox 658 825 823 879; x_wconf 83' lang='lat' dir='ltr'><strong>daeos.</strong></span> <span class='ocrx_word' id='word_1_49' title='bbox 856 827 1064 894; x_wconf 84' lang='lat' dir='ltr'><strong>Alioqui</strong></span> <span class='ocrx_word' id='word_1_50' title='bbox 1086 824 1354 894; x_wconf 91' lang='lat' dir='ltr'><strong>quomodo</strong></span> <span class='ocrx_word' id='word_1_51' title='bbox 1382 824 1482 878; x_wconf 89' lang='lat' dir='ltr'><strong>hoc</strong></span> <span class='ocrx_word' id='word_1_52' title='bbox 1510 822 1647 892; x_wconf 86' lang='lat' dir='ltr'><strong>quod</strong></span> <span class='ocrx_word' id='word_1_53' title='bbox 1670 838 1699 875; x_wconf 90' lang='lat' dir='ltr'><strong>a</strong></span> <span class='ocrx_word' id='word_1_54' title='bbox 1749 839 1810 878; x_wconf 88' lang='lat' dir='ltr'><strong>se</strong></span> <span class='ocrx_word' id='word_1_55' title='bbox 1840 825 2095 892; x_wconf 79' lang='lat' dir='ltr'><strong>spiratum</strong></span> <span class='ocrx_word' id='word_1_56' title='bbox 2123 837 2226 890; x_wconf 90' lang='lat' dir='ltr'><strong>est,</strong></span> 
     </span>
    </p>
   </div>
   <div class='ocr_carea' id='block_1_8' title="bbox 662 918 2229 992">
    <p class='ocr_par' dir='ltr' id='par_1_8' title="bbox 662 918 2229 992">
     <span class='ocr_line' id='line_1_8' title="bbox 662 918 2229 992; baseline 0.001 -17"><span class='ocrx_word' id='word_1_57' title='bbox 662 924 797 976; x_wconf 87' lang='lat' dir='ltr'><strong>Deus</strong></span> <span class='ocrx_word' id='word_1_58' title='bbox 822 924 925 992; x_wconf 79' lang='lat' dir='ltr'><strong>igni</strong></span> <span class='ocrx_word' id='word_1_59' title='bbox 944 932 1142 977; x_wconf 73' lang='lat' dir='ltr'><strong>aeterno</strong></span> <span class='ocrx_word' id='word_1_60' title='bbox 1166 922 1525 975; x_wconf 76' lang='lat' dir='ltr'><strong>condemnat?</strong></span> <span class='ocrx_word' id='word_1_61' title='bbox 1556 918 1660 974; x_wconf 89' lang='lat' dir='ltr'><strong>Sed</strong></span> <span class='ocrx_word' id='word_1_62' title='bbox 1698 920 1969 974; x_wconf 75' lang='lat' dir='ltr'><strong>vivificaris</strong></span> <span class='ocrx_word' id='word_1_63' title='bbox 2000 921 2229 987; x_wconf 87' lang='lat' dir='ltr'><strong>Spiritus</strong></span> 
     </span>
    </p>
   </div>
   <div class='ocr_carea' id='block_1_9' title="bbox 657 1008 2223 1080">
    <p class='ocr_par' dir='ltr' id='par_1_9' title="bbox 657 1008 2223 1080">
     <span class='ocr_line' id='line_1_9' title="bbox 657 1008 2223 1080; baseline 0 -18"><span class='ocrx_word' id='word_1_64' title='bbox 657 1018 756 1073; x_wconf 89' lang='lat' dir='ltr'><strong>est,</strong></span> <span class='ocrx_word' id='word_1_65' title='bbox 772 1011 837 1064; x_wconf 91' lang='lat' dir='ltr'><strong>de</strong></span> <span class='ocrx_word' id='word_1_66' title='bbox 854 1026 958 1079; x_wconf 92' lang='lat' dir='ltr'><strong>quo</strong></span> <span class='ocrx_word' id='word_1_67' title='bbox 969 1022 1021 1063; x_wconf 91' lang='lat' dir='ltr'><strong>ct</strong></span> <span class='ocrx_word' id='word_1_68' title='bbox 1038 1010 1231 1064; x_wconf 86' lang='lat' dir='ltr'><strong>Paulus</strong></span> <span class='ocrx_word' id='word_1_69' title='bbox 1253 1009 1356 1064; x_wconf 91' lang='lat' dir='ltr'><strong>ait:</strong></span> <span class='ocrx_word' id='word_1_70' title='bbox 1383 1008 1607 1077; x_wconf 75' lang='lat' dir='ltr'><strong>Spiritus</strong></span> <span class='ocrx_word' id='word_1_71' title='bbox 1628 1024 1744 1061; x_wconf 88' lang='lat' dir='ltr'><strong>vero</strong></span> <span class='ocrx_word' id='word_1_72' title='bbox 1759 1009 1973 1076; x_wconf 83' lang='lat' dir='ltr'><strong>viviﬁcat</strong></span> <span class='ocrx_word' id='word_1_73' title='bbox 1996 1008 2082 1080; x_wconf 88' lang='lat' dir='ltr'><strong>(ll</strong></span> <span class='ocrx_word' id='word_1_74' title='bbox 2103 1008 2223 1064; x_wconf 87' lang='lat' dir='ltr'><strong>Cor.</strong></span> 
     </span>
    </p>
   </div>
   <div class='ocr_carea' id='block_1_10' title="bbox 658 1101 2221 1171">
    <p class='ocr_par' dir='ltr' id='par_1_10' title="bbox 658 1101 2221 1171">
     <span class='ocr_line' id='line_1_10' title="bbox 658 1101 2221 1171; baseline 0.002 -17"><span class='ocrx_word' id='word_1_75' title='bbox 658 1118 734 1165; x_wconf 85' lang='grc' dir='ltr'>ιιι,</span> <span class='ocrx_word' id='word_1_76' title='bbox 762 1104 838 1170; x_wconf 85' lang='grc'><strong>6);</strong></span> <span class='ocrx_word' id='word_1_77' title='bbox 870 1114 921 1157; x_wconf 88' lang='grc' dir='ltr'><strong>ει</strong></span> <span class='ocrx_word' id='word_1_78' title='bbox 946 1106 1165 1171; x_wconf 74' lang='lat' dir='ltr'><strong>spiravit</strong></span> <span class='ocrx_word' id='word_1_79' title='bbox 1205 1104 1347 1157; x_wconf 94' lang='lat' dir='ltr'><strong>Deus</strong></span> <span class='ocrx_word' id='word_1_80' title='bbox 1382 1104 1435 1156; x_wconf 87' lang='lat' dir='ltr'><strong>in</strong></span> <span class='ocrx_word' id='word_1_81' title='bbox 1469 1103 1650 1155; x_wconf 89' lang='lat' dir='ltr'><strong>faciem</strong></span> <span class='ocrx_word' id='word_1_82' title='bbox 1703 1101 1819 1169; x_wconf 86' lang='lat' dir='ltr'><strong>ejus</strong></span> <span class='ocrx_word' id='word_1_83' title='bbox 1876 1104 2221 1169; x_wconf 89' lang='lat' dir='ltr'><strong>spirationem</strong></span> 
     </span>
    </p>
   </div>
   <div class='ocr_carea' id='block_1_11' title="bbox 658 1190 2225 1259">
    <p class='ocr_par' dir='ltr' id='par_1_11' title="bbox 658 1190 2225 1259">
     <span class='ocr_line' id='line_1_11' title="bbox 658 1190 2225 1259; baseline 0 -16"><span class='ocrx_word' id='word_1_84' title='bbox 658 1193 799 1255; x_wconf 68' lang='lat' dir='ltr'><strong>vitae,</strong></span> <span class='ocrx_word' id='word_1_85' title='bbox 827 1201 881 1246; x_wconf 91' lang='lat' dir='ltr'><strong>et</strong></span> <span class='ocrx_word' id='word_1_86' title='bbox 904 1193 1071 1247; x_wconf 89' lang='lat' dir='ltr'><strong>factus</strong></span> <span class='ocrx_word' id='word_1_87' title='bbox 1094 1203 1178 1247; x_wconf 89' lang='lat' dir='ltr'><strong>est</strong></span> <span class='ocrx_word' id='word_1_88' title='bbox 1210 1194 1369 1245; x_wconf 90' lang='lat' dir='ltr'><strong>homo</strong></span> <span class='ocrx_word' id='word_1_89' title='bbox 1399 1192 1451 1245; x_wconf 90' lang='lat' dir='ltr'><strong>in</strong></span> <span class='ocrx_word' id='word_1_90' title='bbox 1475 1191 1704 1244; x_wconf 83' lang='lat' dir='ltr'><strong>animam</strong></span> <span class='ocrx_word' id='word_1_91' title='bbox 1735 1191 2022 1244; x_wconf 55' lang='lat' dir='ltr'><strong>viventem.</strong></span> <span class='ocrx_word' id='word_1_92' title='bbox 2045 1190 2225 1259; x_wconf 87' lang='lat' dir='ltr'><strong>Itaque</strong></span> 
     </span>
    </p>
   </div>
   <div class='ocr_carea' id='block_1_12' title="bbox 655 1278 2222 1348">
    <p class='ocr_par' dir='ltr' id='par_1_12' title="bbox 655 1278 2222 1348">
     <span class='ocr_line' id='line_1_12' title="bbox 655 1278 2222 1348; baseline 0 -15"><span class='ocrx_word' id='word_1_93' title='bbox 655 1281 883 1348; x_wconf 86' lang='lat' dir='ltr'><strong>Spiritus</strong></span> <span class='ocrx_word' id='word_1_94' title='bbox 908 1290 1125 1335; x_wconf 89' lang='lat' dir='ltr'><strong>sanctus</strong></span> <span class='ocrx_word' id='word_1_95' title='bbox 1145 1289 1235 1336; x_wconf 85' lang='lat' dir='ltr'><strong>est</strong></span> <span class='ocrx_word' id='word_1_96' title='bbox 1257 1279 1486 1348; x_wconf 81' lang='lat' dir='ltr'><strong>Spiritus</strong></span> <span class='ocrx_word' id='word_1_97' title='bbox 1520 1279 1663 1341; x_wconf 59' lang='lat' dir='ltr'><strong>vitae,</strong></span> <span class='ocrx_word' id='word_1_98' title='bbox 1696 1293 1724 1330; x_wconf 91' lang='lat' dir='ltr'><strong>a</strong></span> <span class='ocrx_word' id='word_1_99' title='bbox 1770 1292 1875 1346; x_wconf 90' lang='lat' dir='ltr'><strong>quo</strong></span> <span class='ocrx_word' id='word_1_100' title='bbox 1916 1278 2222 1333; x_wconf 81' lang='lat' dir='ltr'><strong>excidentes</strong></span> 
     </span>
    </p>
   </div>
   <div class='ocr_carea' id='block_1_13' title="bbox 651 1371 2217 1439">
    <p class='ocr_par' dir='ltr' id='par_1_13' title="bbox 651 1371 2217 1439">
     <span class='ocr_line' id='line_1_13' title="bbox 651 1371 2217 1439; baseline 0.001 -16"><span class='ocrx_word' id='word_1_101' title='bbox 651 1373 912 1439; x_wconf 84' lang='lat' dir='ltr'><strong>nonnulli,</strong></span> <span class='ocrx_word' id='word_1_102' title='bbox 944 1375 1184 1427; x_wconf 84' lang='lat' dir='ltr'><strong>viventes</strong></span> <span class='ocrx_word' id='word_1_103' title='bbox 1213 1372 1407 1426; x_wconf 90' lang='lat' dir='ltr'><strong>mortui</strong></span> <span class='ocrx_word' id='word_1_104' title='bbox 1430 1380 1577 1435; x_wconf 93' lang='lat' dir='ltr'><strong>sunt,</strong></span> <span class='ocrx_word' id='word_1_105' title='bbox 1612 1372 1748 1425; x_wconf 89' lang='lat' dir='ltr'><strong>sicut</strong></span> <span class='ocrx_word' id='word_1_106' title='bbox 1773 1371 1966 1424; x_wconf 81' lang='lat' dir='ltr'><strong>Paulus</strong></span> <span class='ocrx_word' id='word_1_107' title='bbox 1989 1371 2173 1425; x_wconf 86' lang='lat' dir='ltr'><strong>scribit</strong></span> <span class='ocrx_word' id='word_1_108' title='bbox 2202 1390 2217 1426; x_wconf 92' lang='lat'><strong>:</strong></span> 
     </span>
    </p>
   </div>
   <div class='ocr_carea' id='block_1_14' title="bbox 653 1456 2218 1531">
    <p class='ocr_par' dir='ltr' id='par_1_14' title="bbox 653 1456 2218 1531">
     <span class='ocr_line' id='line_1_14' title="bbox 653 1456 2218 1531; baseline -0.001 -19"><span class='ocrx_word' id='word_1_109' title='bbox 653 1460 790 1513; x_wconf 83' lang='lat' dir='ltr'><strong>Nam</strong></span> <span class='ocrx_word' id='word_1_110' title='bbox 814 1478 926 1530; x_wconf 75' lang='lat' dir='ltr'><strong>qua:</strong></span> <span class='ocrx_word' id='word_1_111' title='bbox 943 1463 994 1513; x_wconf 90' lang='lat' dir='ltr'><strong>in</strong></span> <span class='ocrx_word' id='word_1_112' title='bbox 1016 1462 1209 1514; x_wconf 80' lang='lat' dir='ltr'><strong>deliciis</strong></span> <span class='ocrx_word' id='word_1_113' title='bbox 1238 1461 1361 1531; x_wconf 84' lang='lat' dir='ltr'><strong>agit,</strong></span> <span class='ocrx_word' id='word_1_114' title='bbox 1391 1461 1554 1512; x_wconf 90' lang='lat' dir='ltr'><strong>vivens</strong></span> <span class='ocrx_word' id='word_1_115' title='bbox 1580 1467 1780 1511; x_wconf 90' lang='lat' dir='ltr'><strong>mortua</strong></span> <span class='ocrx_word' id='word_1_116' title='bbox 1812 1466 1882 1511; x_wconf 89' lang='lat' dir='ltr'><strong>est</strong></span> <span class='ocrx_word' id='word_1_117' title='bbox 1914 1456 1969 1527; x_wconf 90' lang='grc' dir='ltr'><strong>(Ι</strong></span> <span class='ocrx_word' id='word_1_118' title='bbox 1998 1458 2132 1512; x_wconf 86' lang='lat' dir='ltr'><strong>Tim.</strong></span> <span class='ocrx_word' id='word_1_119' title='bbox 2166 1476 2218 1523; x_wconf 87' lang='lat' dir='ltr'><strong>v,</strong></span> 
     </span>
    </p>
   </div>
   <div class='ocr_carea' id='block_1_15' title="bbox 649 1546 2215 1617">
    <p class='ocr_par' dir='ltr' id='par_1_15' title="bbox 649 1546 2215 1617">
     <span class='ocr_line' id='line_1_15' title="bbox 649 1546 2215 1617; baseline -0.001 -14"><span class='ocrx_word' id='word_1_120' title='bbox 649 1548 986 1617; x_wconf 81' lang='lat' dir='ltr'><strong>6).A|ioquin</strong></span> <span class='ocrx_word' id='word_1_121' title='bbox 1017 1549 1283 1616; x_wconf 80' lang='lat' dir='ltr'><strong>quomodo</strong></span> <span class='ocrx_word' id='word_1_122' title='bbox 1310 1546 1604 1602; x_wconf 86' lang='lat' dir='ltr'><strong>audiendus</strong></span> <span class='ocrx_word' id='word_1_123' title='bbox 1624 1553 1707 1600; x_wconf 90' lang='lat' dir='ltr'><strong>est</strong></span> <span class='ocrx_word' id='word_1_124' title='bbox 1738 1546 1987 1601; x_wconf 84' lang='lat' dir='ltr'><strong>Salomon</strong></span> <span class='ocrx_word' id='word_1_125' title='bbox 2012 1546 2215 1602; x_wconf 89' lang='lat' dir='ltr'><strong>dicens:</strong></span> 
     </span>
    </p>
   </div>
   <div class='ocr_carea' id='block_1_16' title="bbox 649 1633 2219 1706">
    <p class='ocr_par' dir='ltr' id='par_1_16' title="bbox 649 1633 2219 1706">
     <span class='ocr_line' id='line_1_16' title="bbox 649 1633 2219 1706; baseline -0.001 -17"><span class='ocrx_word' id='word_1_126' title='bbox 649 1636 763 1691; x_wconf 79' lang='lat' dir='ltr'><strong>Lua:</strong></span> <span class='ocrx_word' id='word_1_127' title='bbox 778 1635 989 1689; x_wconf 64' lang='lat' dir='ltr'><strong>Domini</strong></span> <span class='ocrx_word' id='word_1_128' title='bbox 1013 1637 1171 1706; x_wconf 71' lang='lat'><strong>323</strong></span> <span class='ocrx_word' id='word_1_129' title='bbox 1198 1636 1408 1704; x_wconf 89' lang='lat' dir='ltr'><strong>spiratio</strong></span> <span class='ocrx_word' id='word_1_130' title='bbox 1429 1647 1500 1688; x_wconf 88' lang='lat' dir='ltr'><strong>est</strong></span> <span class='ocrx_word' id='word_1_131' title='bbox 1524 1633 1808 1699; x_wconf 82' lang='lat' dir='ltr'><strong>hominum,</strong></span> <span class='ocrx_word' id='word_1_132' title='bbox 1832 1650 1945 1703; x_wconf 80' lang='lat' dir='ltr'><strong>qua:</strong></span> <span class='ocrx_word' id='word_1_133' title='bbox 1960 1643 2219 1689; x_wconf 81' lang='lat' dir='ltr'><strong>scrutatur</strong></span> 
     </span>
    </p>
   </div>
   <div class='ocr_carea' id='block_1_17' title="bbox 643 1724 2217 1797">
    <p class='ocr_par' dir='ltr' id='par_1_17' title="bbox 643 1724 2217 1797">
     <span class='ocr_line' id='line_1_17' title="bbox 643 1724 2217 1797; baseline -0.001 -17"><span class='ocrx_word' id='word_1_134' title='bbox 643 1728 848 1781; x_wconf 87' lang='lat' dir='ltr'><strong>interna</strong></span> <span class='ocrx_word' id='word_1_135' title='bbox 875 1729 1055 1781; x_wconf 77' lang='lat' dir='ltr'><strong>ventris</strong></span> <span class='ocrx_word' id='word_1_136' title='bbox 1082 1727 1261 1797; x_wconf 86' lang='lat' dir='ltr'><strong>(Prov.</strong></span> <span class='ocrx_word' id='word_1_137' title='bbox 1284 1743 1372 1792; x_wconf 87' lang='lat' dir='ltr'><strong>xx,</strong></span> <span class='ocrx_word' id='word_1_138' title='bbox 1394 1725 1510 1792; x_wconf 71' lang='lat'><strong>27),</strong></span> <span class='ocrx_word' id='word_1_139' title='bbox 1540 1726 1584 1779; x_wconf 89' lang='lat' dir='ltr'><strong>si</strong></span> <span class='ocrx_word' id='word_1_140' title='bbox 1611 1725 1814 1779; x_wconf 86' lang='lat' dir='ltr'><strong>animas</strong></span> <span class='ocrx_word' id='word_1_141' title='bbox 1836 1724 2111 1778; x_wconf 88' lang='lat' dir='ltr'><strong>hominum</strong></span> <span class='ocrx_word' id='word_1_142' title='bbox 2136 1725 2217 1779; x_wconf 86' lang='lat' dir='ltr'><strong>lu-</strong></span> 
     </span>
    </p>
   </div>
   <div class='ocr_carea' id='block_1_18' title="bbox 2336 565 3797 639">
    <p class='ocr_par' dir='ltr' id='par_1_18' title="bbox 2336 565 3797 639">
     <span class='ocr_line' id='line_1_18' title="bbox 2336 565 3797 639; baseline 0.009 -22"><span class='ocrx_word' id='word_1_143' title='bbox 2336 579 2365 617; x_wconf 87' lang='lat' dir='ltr'><strong>a</strong></span> <span class='ocrx_word' id='word_1_144' title='bbox 2396 565 2574 633; x_wconf 79' lang='lat' dir='ltr'><strong>Moyse</strong></span> <span class='ocrx_word' id='word_1_145' title='bbox 2605 565 2844 619; x_wconf 85' lang='lat' dir='ltr'><strong>instructi</strong></span> <span class='ocrx_word' id='word_1_146' title='bbox 2876 566 2996 634; x_wconf 79' lang='lat' dir='ltr'><strong>quia</strong></span> <span class='ocrx_word' id='word_1_147' title='bbox 3020 566 3230 635; x_wconf 77' lang='lat' dir='ltr'><strong>spiravit</strong></span> <span class='ocrx_word' id='word_1_148' title='bbox 3249 567 3483 623; x_wconf 86' lang='lat' dir='ltr'><strong>Dominus</strong></span> <span class='ocrx_word' id='word_1_149' title='bbox 3501 572 3547 623; x_wconf 91' lang='lat' dir='ltr'><strong>in</strong></span> <span class='ocrx_word' id='word_1_150' title='bbox 3558 573 3703 639; x_wconf 81' lang='lat' dir='ltr'><strong>[aciem</strong></span> <span class='ocrx_word' id='word_1_151' title='bbox 3717 579 3797 630; x_wconf 76' lang='lat' dir='ltr'><strong>Ade</strong></span> 
     </span>
    </p>
   </div>
   <div class='ocr_carea' id='block_1_19' title="bbox 2333 655 3794 724">
    <p class='ocr_par' dir='ltr' id='par_1_19' title="bbox 2333 655 3794 724">
     <span class='ocr_line' id='line_1_19' title="bbox 2333 655 3794 724; baseline 0.008 -17"><span class='ocrx_word' id='word_1_152' title='bbox 2333 655 2715 723; x_wconf 85' lang='lat' dir='ltr'><strong>inspirationem</strong></span> <span class='ocrx_word' id='word_1_153' title='bbox 2745 656 2877 719; x_wconf 72' lang='lat' dir='ltr'><strong>vitta,</strong></span> <span class='ocrx_word' id='word_1_154' title='bbox 2907 664 2950 709; x_wconf 89' lang='lat' dir='ltr'><strong>et</strong></span> <span class='ocrx_word' id='word_1_155' title='bbox 2981 656 3150 724; x_wconf 84' lang='lat' dir='ltr'><strong>factus</strong></span> <span class='ocrx_word' id='word_1_156' title='bbox 3176 666 3247 709; x_wconf 89' lang='lat' dir='ltr'><strong>est</strong></span> <span class='ocrx_word' id='word_1_157' title='bbox 3274 659 3419 714; x_wconf 80' lang='lat' dir='ltr'><strong>homo</strong></span> <span class='ocrx_word' id='word_1_158' title='bbox 3440 659 3492 712; x_wconf 86' lang='lat' dir='ltr'><strong>in</strong></span> <span class='ocrx_word' id='word_1_159' title='bbox 3531 662 3714 716; x_wconf 80' lang='lat' dir='ltr'><strong>animm</strong></span> <span class='ocrx_word' id='word_1_160' title='bbox 3749 671 3794 719; x_wconf 75' lang='lat' dir='ltr'><strong>ri-</strong></span> 
     </span>
    </p>
   </div>
   <div class='ocr_carea' id='block_1_20' title="bbox 2333 743 3794 814">
    <p class='ocr_par' dir='ltr' id='par_1_20' title="bbox 2333 743 3794 814">
     <span class='ocr_line' id='line_1_20' title="bbox 2333 743 3794 814; baseline 0.009 -18"><span class='ocrx_word' id='word_1_161' title='bbox 2333 756 2522 797; x_wconf 81' lang='lat' dir='ltr'><strong>ventem</strong></span> <span class='ocrx_word' id='word_1_162' title='bbox 2543 743 2692 814; x_wconf 83' lang='lat' dir='ltr'><strong>(Gen.</strong></span> <span class='ocrx_word' id='word_1_163' title='bbox 2718 762 2774 810; x_wconf 92' lang='grc' dir='ltr'><strong>ιι,</strong></span> <span class='ocrx_word' id='word_1_164' title='bbox 2811 745 2885 813; x_wconf 88' lang='lat'><strong>7).</strong></span> <span class='ocrx_word' id='word_1_165' title='bbox 2918 746 3210 802; x_wconf 77' lang='lat' dir='ltr'><strong>Audientes</strong></span> <span class='ocrx_word' id='word_1_166' title='bbox 3238 763 3365 803; x_wconf 80' lang='lat' dir='ltr'><strong>vero</strong></span> <span class='ocrx_word' id='word_1_167' title='bbox 3381 760 3431 803; x_wconf 88' lang='lat' dir='ltr'><strong>et</strong></span> <span class='ocrx_word' id='word_1_168' title='bbox 3452 750 3722 807; x_wconf 78' lang='lat' dir='ltr'><strong>Salvatorem</strong></span> <span class='ocrx_word' id='word_1_169' title='bbox 3743 758 3794 809; x_wconf 78' lang='lat' dir='ltr'><strong>di-</strong></span> 
     </span>
    </p>
   </div>
   <div class='ocr_carea' id='block_1_21' title="bbox 2327 836 3790 908">
    <p class='ocr_par' dir='ltr' id='par_1_21' title="bbox 2327 836 3790 908">
     <span class='ocr_line' id='line_1_21' title="bbox 2327 836 3790 908; baseline 0.01 -21"><span class='ocrx_word' id='word_1_170' title='bbox 2327 844 2536 888; x_wconf 69' lang='lat' dir='ltr'><strong>centem</strong></span> <span class='ocrx_word' id='word_1_171' title='bbox 2564 855 2575 888; x_wconf 91' lang='lat'><strong>:</strong></span> <span class='ocrx_word' id='word_1_172' title='bbox 2612 836 2720 905; x_wconf 84' lang='lat' dir='ltr'><strong>Ego</strong></span> <span class='ocrx_word' id='word_1_173' title='bbox 2749 854 2861 889; x_wconf 89' lang='lat' dir='ltr'><strong>sum</strong></span> <span class='ocrx_word' id='word_1_174' title='bbox 2892 838 2993 890; x_wconf 63' lang='lat' dir='ltr'><strong>vita</strong></span> <span class='ocrx_word' id='word_1_175' title='bbox 3014 837 3189 905; x_wconf 81' lang='lat' dir='ltr'><strong>(loon.</strong></span> <span class='ocrx_word' id='word_1_176' title='bbox 3219 841 3681 908; x_wconf 83' lang='lat' dir='ltr'><strong>xtv,6).EtPaulum</strong></span> <span class='ocrx_word' id='word_1_177' title='bbox 3704 850 3790 901; x_wconf 64' lang='grc' dir='ltr'><strong>ξενίη</strong></span> 
     </span>
    </p>
   </div>
   <div class='ocr_carea' id='block_1_22' title="bbox 2328 923 3790 1001">
    <p class='ocr_par' dir='ltr' id='par_1_22' title="bbox 2328 923 3790 1001">
     <span class='ocr_line' id='line_1_22' title="bbox 2328 923 3790 1001; baseline 0.007 -23"><span class='ocrx_word' id='word_1_178' title='bbox 2328 923 2539 979; x_wconf 83' lang='lat' dir='ltr'><strong>bentem</strong></span> <span class='ocrx_word' id='word_1_179' title='bbox 2571 942 2585 978; x_wconf 92' lang='lat'><strong>:</strong></span> <span class='ocrx_word' id='word_1_180' title='bbox 2613 925 2719 979; x_wconf 68' lang='lat' dir='ltr'><strong>Lex</strong></span> <span class='ocrx_word' id='word_1_181' title='bbox 2738 928 2869 980; x_wconf 88' lang='lat' dir='ltr'><strong>enim</strong></span> <span class='ocrx_word' id='word_1_182' title='bbox 2912 927 3139 997; x_wconf 77' lang='lat' dir='ltr'><strong>Spiritus</strong></span> <span class='ocrx_word' id='word_1_183' title='bbox 3187 930 3299 982; x_wconf 83' lang='lat' dir='ltr'><strong>vita:</strong></span> <span class='ocrx_word' id='word_1_184' title='bbox 3348 929 3517 1000; x_wconf 84' lang='lat' dir='ltr'><strong>(Rom.</strong></span> <span class='ocrx_word' id='word_1_185' title='bbox 3543 946 3638 995; x_wconf 83' lang='lat' dir='ltr'><strong>vut,</strong></span> <span class='ocrx_word' id='word_1_186' title='bbox 3663 933 3721 1001; x_wconf 63' lang='grc' dir='ltr'><strong>ἓ).</strong></span> <span class='ocrx_word' id='word_1_187' title='bbox 3752 936 3790 988; x_wconf 84' lang='lat' dir='ltr'><strong>Et</strong></span> 
     </span>
    </p>
   </div>
   <div class='ocr_carea' id='block_1_23' title="bbox 2326 1015 3785 1087">
    <p class='ocr_par' dir='ltr' id='par_1_23' title="bbox 2326 1015 3785 1087">
     <span class='ocr_line' id='line_1_23' title="bbox 2326 1015 3785 1087; baseline 0.005 -20"><span class='ocrx_word' id='word_1_188' title='bbox 2326 1029 2536 1068; x_wconf 78' lang='lat' dir='ltr'><strong>rursum</strong></span> <span class='ocrx_word' id='word_1_189' title='bbox 2564 1032 2575 1065; x_wconf 90' lang='lat'><strong>:</strong></span> <span class='ocrx_word' id='word_1_190' title='bbox 2608 1016 2751 1069; x_wconf 81' lang='lat' dir='ltr'><strong>Misit</strong></span> <span class='ocrx_word' id='word_1_191' title='bbox 2783 1015 2921 1069; x_wconf 89' lang='lat' dir='ltr'><strong>Deus</strong></span> <span class='ocrx_word' id='word_1_192' title='bbox 2945 1016 3195 1087; x_wconf 86' lang='lat' dir='ltr'><strong>Spiritum</strong></span> <span class='ocrx_word' id='word_1_193' title='bbox 3214 1016 3338 1071; x_wconf 85' lang='lat' dir='ltr'><strong>Filii</strong></span> <span class='ocrx_word' id='word_1_194' title='bbox 3358 1021 3435 1072; x_wconf 83' lang='lat' dir='ltr'><strong>sui</strong></span> <span class='ocrx_word' id='word_1_195' title='bbox 3458 1019 3507 1073; x_wconf 81' lang='lat' dir='ltr'><strong>in</strong></span> <span class='ocrx_word' id='word_1_196' title='bbox 3524 1024 3654 1074; x_wconf 82' lang='lat' dir='ltr'><strong>corda</strong></span> <span class='ocrx_word' id='word_1_197' title='bbox 3672 1034 3785 1075; x_wconf 75' lang='lat' dir='ltr'><strong>nostra</strong></span> 
     </span>
    </p>
   </div>
   <div class='ocr_carea' id='block_1_24' title="bbox 2326 1104 3787 1180">
    <p class='ocr_par' dir='ltr' id='par_1_24' title="bbox 2326 1104 3787 1180">
     <span class='ocr_line' id='line_1_24' title="bbox 2326 1104 3787 1180; baseline 0.008 -23"><span class='ocrx_word' id='word_1_198' title='bbox 2326 1104 2469 1175; x_wconf 83' lang='lat' dir='ltr'><strong>(Gal.</strong></span> <span class='ocrx_word' id='word_1_199' title='bbox 2497 1121 2573 1171; x_wconf 86' lang='lat' dir='ltr'><strong>tv,</strong></span> <span class='ocrx_word' id='word_1_200' title='bbox 2602 1107 2681 1175; x_wconf 81' lang='grc'><strong>6).</strong></span> <span class='ocrx_word' id='word_1_201' title='bbox 2719 1106 2971 1163; x_wconf 89' lang='lat' dir='ltr'><strong>Videntes</strong></span> <span class='ocrx_word' id='word_1_202' title='bbox 2999 1118 3179 1163; x_wconf 89' lang='lat' dir='ltr'><strong>autem</strong></span> <span class='ocrx_word' id='word_1_203' title='bbox 3206 1110 3362 1164; x_wconf 88' lang='lat' dir='ltr'><strong>etiam</strong></span> <span class='ocrx_word' id='word_1_204' title='bbox 3381 1112 3665 1180; x_wconf 80' lang='lat' dir='ltr'><strong>unigenitum</strong></span> <span class='ocrx_word' id='word_1_205' title='bbox 3680 1114 3787 1168; x_wconf 70' lang='lat' dir='ltr'><strong>insul-</strong></span> 
     </span>
    </p>
   </div>
   <div class='ocr_carea' id='block_1_25' title="bbox 2324 1193 3787 1271">
    <p class='ocr_par' dir='ltr' id='par_1_25' title="bbox 2324 1193 3787 1271">
     <span class='ocr_line' id='line_1_25' title="bbox 2324 1193 3787 1271; baseline 0.005 -24"><span class='ocrx_word' id='word_1_206' title='bbox 2324 1195 2540 1248; x_wconf 82' lang='lat' dir='ltr'><strong>ﬂantem</strong></span> <span class='ocrx_word' id='word_1_207' title='bbox 2574 1195 2625 1248; x_wconf 92' lang='lat' dir='ltr'><strong>in</strong></span> <span class='ocrx_word' id='word_1_208' title='bbox 2642 1193 2838 1249; x_wconf 88' lang='lat' dir='ltr'><strong>faciem</strong></span> <span class='ocrx_word' id='word_1_209' title='bbox 2869 1198 3233 1264; x_wconf 82' lang='lat' dir='ltr'><strong>apostolorum</strong></span> <span class='ocrx_word' id='word_1_210' title='bbox 3260 1204 3317 1252; x_wconf 88' lang='lat' dir='ltr'><strong>et</strong></span> <span class='ocrx_word' id='word_1_211' title='bbox 3345 1198 3588 1253; x_wconf 80' lang='lat' dir='ltr'><strong>dicentem</strong></span> <span class='ocrx_word' id='word_1_212' title='bbox 3611 1218 3620 1251; x_wconf 89' lang='lat'><strong>:</strong></span> <span class='ocrx_word' id='word_1_213' title='bbox 3643 1203 3787 1271; x_wconf 71' lang='grc' dir='ltr'>Ααὶρῑιι</span> 
     </span>
    </p>
   </div>
   <div class='ocr_carea' id='block_1_26' title="bbox 2323 1287 3783 1360">
    <p class='ocr_par' dir='ltr' id='par_1_26' title="bbox 2323 1287 3783 1360">
     <span class='ocr_line' id='line_1_26' title="bbox 2323 1287 3783 1360; baseline 0.001 -18"><span class='ocrx_word' id='word_1_214' title='bbox 2323 1287 2574 1356; x_wconf 85' lang='lat' dir='ltr'><strong>Spiritum</strong></span> <span class='ocrx_word' id='word_1_215' title='bbox 2596 1298 2826 1341; x_wconf 86' lang='lat' dir='ltr'><strong>sanctum</strong></span> <span class='ocrx_word' id='word_1_216' title='bbox 2855 1289 3038 1357; x_wconf 78' lang='lat' dir='ltr'><strong>(Joan.</strong></span> <span class='ocrx_word' id='word_1_217' title='bbox 3069 1306 3161 1358; x_wconf 91' lang='lat' dir='ltr'><strong>xx,</strong></span> <span class='ocrx_word' id='word_1_218' title='bbox 3193 1290 3311 1358; x_wconf 70' lang='grc'><strong>22).</strong></span> <span class='ocrx_word' id='word_1_219' title='bbox 3365 1292 3708 1360; x_wconf 86' lang='lat' dir='ltr'><strong>lnspirationcm</strong></span> <span class='ocrx_word' id='word_1_220' title='bbox 3724 1294 3783 1359; x_wconf 67' lang='lat' dir='ltr'><strong>igi-</strong></span> 
     </span>
    </p>
   </div>
   <div class='ocr_carea' id='block_1_27' title="bbox 2331 1377 3781 1448">
    <p class='ocr_par' dir='ltr' id='par_1_27' title="bbox 2331 1377 3781 1448">
     <span class='ocr_line' id='line_1_27' title="bbox 2331 1377 3781 1448; baseline 0.003 -18"><span class='ocrx_word' id='word_1_221' title='bbox 2331 1388 2416 1431; x_wconf 90' lang='lat' dir='ltr'><strong>tur</strong></span> <span class='ocrx_word' id='word_1_222' title='bbox 2447 1377 2589 1443; x_wconf 87' lang='lat' dir='ltr'><strong>Filii,</strong></span> <span class='ocrx_word' id='word_1_223' title='bbox 2619 1380 2672 1431; x_wconf 91' lang='lat' dir='ltr'><strong>in</strong></span> <span class='ocrx_word' id='word_1_224' title='bbox 2717 1380 2927 1448; x_wconf 88' lang='lat' dir='ltr'><strong>propria</strong></span> <span class='ocrx_word' id='word_1_225' title='bbox 2980 1380 3087 1434; x_wconf 85' lang='lat' dir='ltr'><strong>vita</strong></span> <span class='ocrx_word' id='word_1_226' title='bbox 3129 1390 3184 1435; x_wconf 86' lang='lat' dir='ltr'><strong>et</strong></span> <span class='ocrx_word' id='word_1_227' title='bbox 3231 1381 3514 1437; x_wconf 79' lang='lat' dir='ltr'><strong>substantia</strong></span> <span class='ocrx_word' id='word_1_228' title='bbox 3552 1393 3781 1447; x_wconf 75' lang='lat' dir='ltr'><strong>maculent,</strong></span> 
     </span>
    </p>
   </div>
   <div class='ocr_carea' id='block_1_28' title="bbox 2320 1464 3782 1540">
    <p class='ocr_par' dir='ltr' id='par_1_28' title="bbox 2320 1464 3782 1540">
     <span class='ocr_line' id='line_1_28' title="bbox 2320 1464 3782 1540; baseline 0.003 -21"><span class='ocrx_word' id='word_1_229' title='bbox 2320 1464 2577 1533; x_wconf 84' lang='lat' dir='ltr'><strong>Spiritum</strong></span> <span class='ocrx_word' id='word_1_230' title='bbox 2605 1480 2727 1522; x_wconf 88' lang='lat' dir='ltr'><strong>esse</strong></span> <span class='ocrx_word' id='word_1_231' title='bbox 2775 1468 3082 1537; x_wconf 84' lang='lat' dir='ltr'><strong>doceamur,</strong></span> <span class='ocrx_word' id='word_1_232' title='bbox 3108 1478 3163 1524; x_wconf 85' lang='lat' dir='ltr'><strong>et</strong></span> <span class='ocrx_word' id='word_1_233' title='bbox 3210 1485 3381 1539; x_wconf 88' lang='lat' dir='ltr'><strong>neque</strong></span> <span class='ocrx_word' id='word_1_234' title='bbox 3426 1471 3650 1540; x_wconf 77' lang='lat' dir='ltr'><strong>genitum,</strong></span> <span class='ocrx_word' id='word_1_235' title='bbox 3676 1486 3782 1539; x_wconf 74' lang='lat' dir='ltr'><strong>neque</strong></span> 
     </span>
    </p>
   </div>
   <div class='ocr_carea' id='block_1_29' title="bbox 2318 1557 3780 1631">
    <p class='ocr_par' dir='ltr' id='par_1_29' title="bbox 2318 1557 3780 1631">
     <span class='ocr_line' id='line_1_29' title="bbox 2318 1557 3780 1631; baseline 0.005 -23"><span class='ocrx_word' id='word_1_236' title='bbox 2318 1565 2557 1610; x_wconf 84' lang='lat' dir='ltr'><strong>creatum</strong></span> <span class='ocrx_word' id='word_1_237' title='bbox 2584 1570 2709 1611; x_wconf 82' lang='lat' dir='ltr'><strong>esse</strong></span> <span class='ocrx_word' id='word_1_238' title='bbox 2730 1571 2760 1610; x_wconf 88' lang='lat' dir='ltr'><strong>a</strong></span> <span class='ocrx_word' id='word_1_239' title='bbox 2793 1557 2932 1612; x_wconf 88' lang='lat' dir='ltr'><strong>Filio</strong></span> <span class='ocrx_word' id='word_1_240' title='bbox 2957 1559 3259 1625; x_wconf 81' lang='lat' dir='ltr'><strong>credamus,</strong></span> <span class='ocrx_word' id='word_1_241' title='bbox 3292 1576 3603 1630; x_wconf 83' lang='lat' dir='ltr'><strong>nequaquam</strong></span> <span class='ocrx_word' id='word_1_242' title='bbox 3622 1564 3780 1631; x_wconf 58' lang='lat' dir='ltr'><strong>unigen-</strong></span> 
     </span>
    </p>
   </div>
   <div class='ocr_carea' id='block_1_30' title="bbox 2317 1642 3779 1718">
    <p class='ocr_par' dir='ltr' id='par_1_30' title="bbox 2317 1642 3779 1718">
     <span class='ocr_line' id='line_1_30' title="bbox 2317 1642 3779 1718; baseline 0.006 -22"><span class='ocrx_word' id='word_1_243' title='bbox 2317 1651 2427 1697; x_wconf 87' lang='lat' dir='ltr'><strong>tum</strong></span> <span class='ocrx_word' id='word_1_244' title='bbox 2461 1642 2653 1697; x_wconf 88' lang='lat' dir='ltr'><strong>Filium</strong></span> <span class='ocrx_word' id='word_1_245' title='bbox 2681 1646 2964 1700; x_wconf 82' lang='lat' dir='ltr'><strong>credamus</strong></span> <span class='ocrx_word' id='word_1_246' title='bbox 2991 1661 3111 1702; x_wconf 89' lang='lat' dir='ltr'><strong>esse</strong></span> <span class='ocrx_word' id='word_1_247' title='bbox 3155 1648 3428 1718; x_wconf 87' lang='lat' dir='ltr'><strong>Spiritum,</strong></span> <span class='ocrx_word' id='word_1_248' title='bbox 3484 1658 3534 1703; x_wconf 89' lang='lat' dir='ltr'><strong>et</strong></span> <span class='ocrx_word' id='word_1_249' title='bbox 3575 1651 3685 1718; x_wconf 87' lang='lat' dir='ltr'><strong>quod</strong></span> <span class='ocrx_word' id='word_1_250' title='bbox 3718 1664 3779 1705; x_wconf 76' lang='lat' dir='ltr'><strong>nos</strong></span> 
     </span>
    </p>
   </div>
   <div class='ocr_carea' id='block_1_31' title="bbox 2315 1731 3776 1803">
    <p class='ocr_par' dir='ltr' id='par_1_31' title="bbox 2315 1731 3776 1803">
     <span class='ocr_line' id='line_1_31' title="bbox 2315 1731 3776 1803; baseline 0.004 -17"><span class='ocrx_word' id='word_1_251' title='bbox 2315 1731 2386 1786; x_wconf 87' lang='lat' dir='ltr'><strong>sit</strong></span> <span class='ocrx_word' id='word_1_252' title='bbox 2416 1732 2636 1786; x_wconf 84' lang='lat' dir='ltr'><strong>verbum</strong></span> <span class='ocrx_word' id='word_1_253' title='bbox 2666 1731 2808 1799; x_wconf 87' lang='lat' dir='ltr'><strong>Filii;</strong></span> <span class='ocrx_word' id='word_1_254' title='bbox 2838 1736 3077 1803; x_wconf 74' lang='lat' dir='ltr'><strong>genitum</strong></span> <span class='ocrx_word' id='word_1_255' title='bbox 3103 1752 3229 1791; x_wconf 86' lang='lat' dir='ltr'><strong>vero</strong></span> <span class='ocrx_word' id='word_1_256' title='bbox 3252 1752 3282 1790; x_wconf 88' lang='lat' dir='ltr'><strong>a</strong></span> <span class='ocrx_word' id='word_1_257' title='bbox 3304 1737 3409 1791; x_wconf 87' lang='lat' dir='ltr'><strong>Deo</strong></span> <span class='ocrx_word' id='word_1_258' title='bbox 3448 1736 3646 1792; x_wconf 84' lang='lat' dir='ltr'><strong>Verbum</strong></span> <span class='ocrx_word' id='word_1_259' title='bbox 3683 1752 3776 1792; x_wconf 79' lang='lat' dir='ltr'><strong>sum</strong></span> 
     </span>
    </p>
   </div>
   <div class='ocr_carea' id='block_1_32' title="bbox 646 1814 3775 1895">
    <p class='ocr_par' dir='ltr' id='par_1_32' title="bbox 646 1814 3775 1895">
     <span class='ocr_line' id='line_1_32' title="bbox 646 1814 3775 1895; baseline 0.002 -22"><span class='ocrx_word' id='word_1_260' title='bbox 646 1835 767 1874; x_wconf 90' lang='lat' dir='ltr'><strong>n.en</strong></span> <span class='ocrx_word' id='word_1_261' title='bbox 800 1818 893 1872; x_wconf 88' lang='lat' dir='ltr'><strong>Dei</strong></span> <span class='ocrx_word' id='word_1_262' title='bbox 915 1833 1032 1872; x_wconf 87' lang='lat' dir='ltr'><strong>esse</strong></span> <span class='ocrx_word' id='word_1_263' title='bbox 1061 1817 1256 1883; x_wconf 90' lang='lat' dir='ltr'><strong>dicitis,</strong></span> <span class='ocrx_word' id='word_1_264' title='bbox 1304 1816 1404 1871; x_wconf 84' lang='lat' dir='ltr'><strong>nisi</strong></span> <span class='ocrx_word' id='word_1_265' title='bbox 1438 1815 1695 1885; x_wconf 90' lang='lat' dir='ltr'><strong>Spiritum</strong></span> <span class='ocrx_word' id='word_1_266' title='bbox 1749 1822 1992 1867; x_wconf 90' lang='lat' dir='ltr'><strong>sanctum</strong></span> <span class='ocrx_word' id='word_1_267' title='bbox 2040 1814 2215 1869; x_wconf 88' lang='lat' dir='ltr'><strong>lumen</strong></span> <span class='ocrx_word' id='word_1_268' title='bbox 2249 1830 2294 1889; x_wconf 71' lang='grc' dir='ltr'><strong>Β</strong></span> <span class='ocrx_word' id='word_1_269' title='bbox 2323 1820 2374 1874; x_wconf 92' lang='lat' dir='ltr'><strong>in</strong></span> <span class='ocrx_word' id='word_1_270' title='bbox 2400 1823 2617 1889; x_wconf 88' lang='lat' dir='ltr'><strong>propria</strong></span> <span class='ocrx_word' id='word_1_271' title='bbox 2648 1822 2751 1876; x_wconf 85' lang='lat' dir='ltr'><strong>vita</strong></span> <span class='ocrx_word' id='word_1_272' title='bbox 2779 1832 2834 1877; x_wconf 92' lang='lat' dir='ltr'><strong>et</strong></span> <span class='ocrx_word' id='word_1_273' title='bbox 2850 1825 3142 1878; x_wconf 89' lang='lat' dir='ltr'><strong>substantia</strong></span> <span class='ocrx_word' id='word_1_274' title='bbox 3174 1840 3502 1893; x_wconf 81' lang='lat' dir='ltr'><strong>permanens,</strong></span> <span class='ocrx_word' id='word_1_275' title='bbox 3532 1826 3775 1895; x_wconf 79' lang='lat' dir='ltr'><strong>cumipsesit</strong></span> 
     </span>
    </p>
   </div>
   <div class='ocr_carea' id='block_1_33' title="bbox 644 1906 2211 1977">
    <p class='ocr_par' dir='ltr' id='par_1_33' title="bbox 644 1906 2211 1977">
     <span class='ocr_line' id='line_1_33' title="bbox 644 1906 2211 1977; baseline -0.004 -10"><span class='ocrx_word' id='word_1_276' title='bbox 644 1912 742 1967; x_wconf 79' lang='lat' dir='ltr'><strong>Dei</strong></span> <span class='ocrx_word' id='word_1_277' title='bbox 763 1910 1158 1966; x_wconf 83' lang='lat' dir='ltr'><strong>confiteamini?</strong></span> <span class='ocrx_word' id='word_1_278' title='bbox 1183 1911 1285 1965; x_wconf 87' lang='lat' dir='ltr'><strong>Sed</strong></span> <span class='ocrx_word' id='word_1_279' title='bbox 1311 1908 1716 1977; x_wconf 79' lang='lat' dir='ltr'><strong>inspirationem</strong></span> <span class='ocrx_word' id='word_1_280' title='bbox 1747 1906 1865 1961; x_wconf 88' lang='lat' dir='ltr'><strong>Filii</strong></span> <span class='ocrx_word' id='word_1_281' title='bbox 1893 1921 2011 1961; x_wconf 90' lang='lat' dir='ltr'><strong>esse</strong></span> <span class='ocrx_word' id='word_1_282' title='bbox 2023 1908 2211 1962; x_wconf 88' lang='lat' dir='ltr'><strong>creda-</strong></span> 
     </span>
    </p>
   </div>
   <div class='ocr_carea' id='block_1_34' title="bbox 642 1995 2212 2070">
    <p class='ocr_par' dir='ltr' id='par_1_34' title="bbox 642 1995 2212 2070">
     <span class='ocr_line' id='line_1_34' title="bbox 642 1995 2212 2070; baseline -0.006 -12"><span class='ocrx_word' id='word_1_283' title='bbox 642 2005 728 2068; x_wconf 90' lang='lat' dir='ltr'><strong>tis,</strong></span> <span class='ocrx_word' id='word_1_284' title='bbox 762 2004 969 2057; x_wconf 87' lang='lat' dir='ltr'><strong>dicente</strong></span> <span class='ocrx_word' id='word_1_285' title='bbox 992 2002 1205 2070; x_wconf 82' lang='lat' dir='ltr'><strong>Moyse:</strong></span> <span class='ocrx_word' id='word_1_286' title='bbox 1243 1998 1466 2068; x_wconf 89' lang='lat' dir='ltr'><strong>Spiravit</strong></span> <span class='ocrx_word' id='word_1_287' title='bbox 1484 1995 1619 2049; x_wconf 86' lang='lat' dir='ltr'><strong>Deus</strong></span> <span class='ocrx_word' id='word_1_288' title='bbox 1640 1997 1689 2049; x_wconf 87' lang='lat' dir='ltr'><strong>in</strong></span> <span class='ocrx_word' id='word_1_289' title='bbox 1712 1995 2027 2065; x_wconf 72' lang='lat' dir='ltr'><strong>[acicmAdw</strong></span> <span class='ocrx_word' id='word_1_290' title='bbox 2054 1996 2212 2067; x_wconf 78' lang='lat' dir='ltr'><strong>inspi-</strong></span> 
     </span>
    </p>
   </div>
   <div class='ocr_carea' id='block_1_35' title="bbox 640 2080 2209 2160">
    <p class='ocr_par' dir='ltr' id='par_1_35' title="bbox 640 2080 2209 2160">
     <span class='ocr_line' id='line_1_35' title="bbox 640 2080 2209 2160; baseline -0.006 -14"><span class='ocrx_word' id='word_1_291' title='bbox 640 2094 886 2146; x_wconf 87' lang='lat' dir='ltr'><strong>rationem</strong></span> <span class='ocrx_word' id='word_1_292' title='bbox 915 2092 1028 2144; x_wconf 64' lang='lat' dir='ltr'><strong>vitta</strong></span> <span class='ocrx_word' id='word_1_293' title='bbox 1071 2087 1221 2160; x_wconf 70' lang='lat' dir='ltr'><strong>(Gen.</strong></span> <span class='ocrx_word' id='word_1_294' title='bbox 1249 2104 1307 2149; x_wconf 89' lang='lat' dir='ltr'><strong>ll,</strong></span> <span class='ocrx_word' id='word_1_295' title='bbox 1336 2086 1414 2155; x_wconf 85' lang='lat'><strong>7).</strong></span> <span class='ocrx_word' id='word_1_296' title='bbox 1446 2080 1705 2139; x_wconf 45' lang='lat' dir='ltr'><strong>Et’Filius</strong></span> <span class='ocrx_word' id='word_1_297' title='bbox 1760 2084 1849 2137; x_wconf 87' lang='lat' dir='ltr'><strong>Dei</strong></span> <span class='ocrx_word' id='word_1_298' title='bbox 1878 2102 1889 2135; x_wconf 89' lang='lat'><strong>:</strong></span> <span class='ocrx_word' id='word_1_299' title='bbox 1945 2083 2054 2153; x_wconf 84' lang='lat' dir='ltr'><strong>Ego</strong></span> <span class='ocrx_word' id='word_1_300' title='bbox 2099 2102 2209 2138; x_wconf 89' lang='lat' dir='ltr'><strong>sum</strong></span> 
     </span>
    </p>
   </div>
   <div class='ocr_carea' id='block_1_36' title="bbox 640 2172 2209 2251">
    <p class='ocr_par' dir='ltr' id='par_1_36' title="bbox 640 2172 2209 2251">
     <span class='ocr_line' id='line_1_36' title="bbox 640 2172 2209 2251; baseline -0.004 -16"><span class='ocrx_word' id='word_1_301' title='bbox 640 2184 742 2237; x_wconf 89' lang='lat' dir='ltr'><strong>vita</strong></span> <span class='ocrx_word' id='word_1_302' title='bbox 768 2182 946 2251; x_wconf 86' lang='lat' dir='ltr'><strong>(Joan.</strong></span> <span class='ocrx_word' id='word_1_303' title='bbox 968 2195 1076 2243; x_wconf 81' lang='lat' dir='ltr'><strong>xiv,</strong></span> <span class='ocrx_word' id='word_1_304' title='bbox 1098 2184 1175 2247; x_wconf 72' lang='grc' dir='ltr'><strong>ο).</strong></span> <span class='ocrx_word' id='word_1_305' title='bbox 1209 2176 1314 2232; x_wconf 82' lang='lat' dir='ltr'><strong>Sed</strong></span> <span class='ocrx_word' id='word_1_306' title='bbox 1338 2186 1390 2230; x_wconf 90' lang='lat' dir='ltr'><strong>et</strong></span> <span class='ocrx_word' id='word_1_307' title='bbox 1429 2174 1686 2243; x_wconf 89' lang='lat' dir='ltr'><strong>sapientia</strong></span> <span class='ocrx_word' id='word_1_308' title='bbox 1716 2172 2015 2228; x_wconf 90' lang='lat' dir='ltr'><strong>Salomonis</strong></span> <span class='ocrx_word' id='word_1_309' title='bbox 2044 2173 2209 2229; x_wconf 83' lang='lat' dir='ltr'><strong>intro-</strong></span> 
     </span>
    </p>
   </div>
   <div class='ocr_carea' id='block_1_37' title="bbox 642 2262 2207 2333">
    <p class='ocr_par' dir='ltr' id='par_1_37' title="bbox 642 2262 2207 2333">
     <span class='ocr_line' id='line_1_37' title="bbox 642 2262 2207 2333; baseline -0.006 -7"><span class='ocrx_word' id='word_1_310' title='bbox 642 2272 841 2327; x_wconf 90' lang='lat' dir='ltr'><strong>ducens</strong></span> <span class='ocrx_word' id='word_1_311' title='bbox 868 2270 1201 2325; x_wconf 81' lang='lat' dir='ltr'><strong>Salvatorem</strong></span> <span class='ocrx_word' id='word_1_312' title='bbox 1242 2266 1369 2319; x_wconf 86' lang='lat' dir='ltr'><strong>dicit</strong></span> <span class='ocrx_word' id='word_1_313' title='bbox 1398 2281 1413 2317; x_wconf 90' lang='lat'><strong>:</strong></span> <span class='ocrx_word' id='word_1_314' title='bbox 1446 2262 1579 2317; x_wconf 85' lang='lat' dir='ltr'><strong>Ecce</strong></span> <span class='ocrx_word' id='word_1_315' title='bbox 1603 2263 1858 2333; x_wconf 79' lang='lat' dir='ltr'><strong>proferam</strong></span> <span class='ocrx_word' id='word_1_316' title='bbox 1911 2263 2048 2315; x_wconf 86' lang='lat' dir='ltr'><strong>vobis</strong></span> <span class='ocrx_word' id='word_1_317' title='bbox 2081 2279 2207 2317; x_wconf 75' lang='lat' dir='ltr'><strong>mete</strong></span> 
     </span>
    </p>
   </div>
   <div class='ocr_carea' id='block_1_38' title="bbox 634 2354 2206 2430">
    <p class='ocr_par' dir='ltr' id='par_1_38' title="bbox 634 2354 2206 2430">
     <span class='ocr_line' id='line_1_38' title="bbox 634 2354 2206 2430; baseline -0.004 -16"><span class='ocrx_word' id='word_1_318' title='bbox 634 2360 979 2430; x_wconf 76' lang='lat' dir='ltr'><strong>inspirationis</strong></span> <span class='ocrx_word' id='word_1_319' title='bbox 1009 2356 1372 2428; x_wconf 83' lang='lat' dir='ltr'><strong>professionem</strong></span> <span class='ocrx_word' id='word_1_320' title='bbox 1422 2354 1596 2426; x_wconf 86' lang='lat' dir='ltr'><strong>(Prov.</strong></span> <span class='ocrx_word' id='word_1_321' title='bbox 1627 2370 1664 2420; x_wconf 87' lang='grc' dir='ltr'><strong>ι,</strong></span> <span class='ocrx_word' id='word_1_322' title='bbox 1709 2354 1822 2423; x_wconf 75' lang='grc'><strong>25);</strong></span> <span class='ocrx_word' id='word_1_323' title='bbox 1873 2354 1950 2407; x_wconf 88' lang='lat' dir='ltr'><strong>sic</strong></span> <span class='ocrx_word' id='word_1_324' title='bbox 1981 2355 2120 2407; x_wconf 89' lang='lat' dir='ltr'><strong>enim</strong></span> <span class='ocrx_word' id='word_1_325' title='bbox 2152 2354 2206 2407; x_wconf 91' lang='lat' dir='ltr'><strong>in</strong></span> 
     </span>
    </p>
   </div>
   <div class='ocr_carea' id='block_1_39' title="bbox 637 2443 2205 2516">
    <p class='ocr_par' dir='ltr' id='par_1_39' title="bbox 637 2443 2205 2516">
     <span class='ocr_line' id='line_1_39' title="bbox 637 2443 2205 2516; baseline -0.004 -13"><span class='ocrx_word' id='word_1_326' title='bbox 637 2449 937 2504; x_wconf 70' lang='lat' dir='ltr'><strong>Provetbiis</strong></span> <span class='ocrx_word' id='word_1_327' title='bbox 965 2448 1065 2501; x_wconf 79' lang='lat' dir='ltr'><strong>ait:</strong></span> <span class='ocrx_word' id='word_1_328' title='bbox 1099 2445 1368 2516; x_wconf 82' lang='lat' dir='ltr'><strong>Sapientia</strong></span> <span class='ocrx_word' id='word_1_329' title='bbox 1390 2447 1439 2498; x_wconf 86' lang='lat' dir='ltr'><strong>in</strong></span> <span class='ocrx_word' id='word_1_330' title='bbox 1478 2446 1616 2499; x_wconf 75' lang='lat' dir='ltr'><strong>exitu</strong></span> <span class='ocrx_word' id='word_1_331' title='bbox 1653 2445 1875 2507; x_wconf 68' lang='lat' dir='ltr'><strong>canitur,</strong></span> <span class='ocrx_word' id='word_1_332' title='bbox 1915 2447 1967 2496; x_wconf 86' lang='lat' dir='ltr'><strong>in</strong></span> <span class='ocrx_word' id='word_1_333' title='bbox 2025 2443 2205 2511; x_wconf 84' lang='lat' dir='ltr'><strong>plateis</strong></span> 
     </span>
    </p>
   </div>
   <div class='ocr_carea' id='block_1_40' title="bbox 630 2536 2198 2608">
    <p class='ocr_par' dir='ltr' id='par_1_40' title="bbox 630 2536 2198 2608">
     <span class='ocr_line' id='line_1_40' title="bbox 630 2536 2198 2608; baseline -0.004 -13"><span class='ocrx_word' id='word_1_334' title='bbox 630 2558 751 2595; x_wconf 80' lang='lat' dir='ltr'><strong>vero</strong></span> <span class='ocrx_word' id='word_1_335' title='bbox 773 2541 1082 2606; x_wconf 82' lang='lat' dir='ltr'><strong>ﬁducialiter</strong></span> <span class='ocrx_word' id='word_1_336' title='bbox 1103 2540 1228 2608; x_wconf 83' lang='lat' dir='ltr'><strong>agit.</strong></span> <span class='ocrx_word' id='word_1_337' title='bbox 1248 2536 1311 2591; x_wconf 85' lang='lat' dir='ltr'><strong>In</strong></span> <span class='ocrx_word' id='word_1_338' title='bbox 1330 2538 1489 2607; x_wconf 90' lang='lat' dir='ltr'><strong>portis</strong></span> <span class='ocrx_word' id='word_1_339' title='bbox 1508 2547 1677 2590; x_wconf 86' lang='lat' dir='ltr'><strong>autem</strong></span> <span class='ocrx_word' id='word_1_340' title='bbox 1708 2538 1959 2604; x_wconf 88' lang='lat' dir='ltr'><strong>potentior</strong></span> <span class='ocrx_word' id='word_1_341' title='bbox 1987 2538 2198 2603; x_wconf 83' lang='lat' dir='ltr'><strong>assistit,</strong></span> 
     </span>
    </p>
   </div>
   <div class='ocr_carea' id='block_1_41' title="bbox 628 2624 2203 2697">
    <p class='ocr_par' dir='ltr' id='par_1_41' title="bbox 628 2624 2203 2697">
     <span class='ocr_line' id='line_1_41' title="bbox 628 2624 2203 2697; baseline -0.004 -15"><span class='ocrx_word' id='word_1_342' title='bbox 628 2632 682 2682; x_wconf 88' lang='lat' dir='ltr'><strong>in</strong></span> <span class='ocrx_word' id='word_1_343' title='bbox 721 2631 876 2682; x_wconf 87' lang='lat' dir='ltr'><strong>muris</strong></span> <span class='ocrx_word' id='word_1_344' title='bbox 906 2645 1098 2697; x_wconf 77' lang='lat' dir='ltr'><strong>quoque</strong></span> <span class='ocrx_word' id='word_1_345' title='bbox 1121 2627 1334 2680; x_wconf 82' lang='lat' dir='ltr'><strong>civitatis</strong></span> <span class='ocrx_word' id='word_1_346' title='bbox 1366 2626 1677 2693; x_wconf 66' lang='lat' dir='ltr'><strong>conﬁdenter</strong></span> <span class='ocrx_word' id='word_1_347' title='bbox 1696 2627 1797 2678; x_wconf 91' lang='lat' dir='ltr'><strong>ait:</strong></span> <span class='ocrx_word' id='word_1_348' title='bbox 1830 2624 2037 2689; x_wconf 83' lang='lat' dir='ltr'><strong>Quanto</strong></span> <span class='ocrx_word' id='word_1_349' title='bbox 2078 2633 2203 2678; x_wconf 76' lang='lat' dir='ltr'><strong>tem-</strong></span> 
     </span>
    </p>
   </div>
   <div class='ocr_carea' id='block_1_42' title="bbox 628 2713 2199 2787">
    <p class='ocr_par' dir='ltr' id='par_1_42' title="bbox 628 2713 2199 2787">
     <span class='ocr_line' id='line_1_42' title="bbox 628 2713 2199 2787; baseline -0.004 -15"><span class='ocrx_word' id='word_1_350' title='bbox 628 2734 749 2787; x_wconf 87' lang='lat' dir='ltr'><strong>porc</strong></span> <span class='ocrx_word' id='word_1_351' title='bbox 772 2720 1020 2787; x_wconf 83' lang='lat' dir='ltr'><strong>simplices</strong></span> <span class='ocrx_word' id='word_1_352' title='bbox 1047 2719 1268 2770; x_wconf 82' lang='lat' dir='ltr'><strong>obtinent</strong></span> <span class='ocrx_word' id='word_1_353' title='bbox 1283 2716 1557 2785; x_wconf 83' lang='lat' dir='ltr'><strong>justitiam,</strong></span> <span class='ocrx_word' id='word_1_354' title='bbox 1592 2730 1691 2767; x_wconf 85' lang='lat' dir='ltr'><strong>non</strong></span> <span class='ocrx_word' id='word_1_355' title='bbox 1723 2714 2058 2768; x_wconf 77' lang='lat' dir='ltr'><strong>erubescent.’</strong></span> <span class='ocrx_word' id='word_1_356' title='bbox 2089 2713 2199 2766; x_wconf 87' lang='lat' dir='ltr'><strong>Im-</strong></span> 
     </span>
    </p>
   </div>
   <div class='ocr_carea' id='block_1_43' title="bbox 626 2804 2200 2876">
    <p class='ocr_par' dir='ltr' id='par_1_43' title="bbox 626 2804 2200 2876">
     <span class='ocr_line' id='line_1_43' title="bbox 626 2804 2200 2876; baseline -0.001 -17"><span class='ocrx_word' id='word_1_357' title='bbox 626 2809 899 2876; x_wconf 83' lang='lat' dir='ltr'><strong>prudentes</strong></span> <span class='ocrx_word' id='word_1_358' title='bbox 938 2816 1105 2875; x_wconf 78' lang='lat' dir='ltr'><strong>autem</strong></span> <span class='ocrx_word' id='word_1_359' title='bbox 1152 2804 1473 2857; x_wconf 74' lang='lat' dir='ltr'><strong>contumelia:</strong></span> <span class='ocrx_word' id='word_1_360' title='bbox 1507 2820 1623 2858; x_wconf 87' lang='lat' dir='ltr'><strong>cum</strong></span> <span class='ocrx_word' id='word_1_361' title='bbox 1671 2804 1771 2857; x_wconf 87' lang='lat' dir='ltr'><strong>sint</strong></span> <span class='ocrx_word' id='word_1_362' title='bbox 1810 2804 2011 2872; x_wconf 83' lang='lat' dir='ltr'><strong>cupidi,</strong></span> <span class='ocrx_word' id='word_1_363' title='bbox 2054 2804 2200 2871; x_wconf 85' lang='lat' dir='ltr'><strong>impii</strong></span> 
     </span>
    </p>
   </div>
   <div class='ocr_carea' id='block_1_44' title="bbox 625 2893 2198 2962">
    <p class='ocr_par' dir='ltr' id='par_1_44' title="bbox 625 2893 2198 2962">
     <span class='ocr_line' id='line_1_44' title="bbox 625 2893 2198 2962; baseline -0.001 -13"><span class='ocrx_word' id='word_1_364' title='bbox 625 2896 811 2962; x_wconf 74' lang='lat' dir='ltr'><strong>eﬂ&#39;ecti,</strong></span> <span class='ocrx_word' id='word_1_365' title='bbox 837 2896 953 2948; x_wconf 90' lang='lat' dir='ltr'><strong>odio</strong></span> <span class='ocrx_word' id='word_1_366' title='bbox 981 2894 1264 2947; x_wconf 87' lang='lat' dir='ltr'><strong>habuerunt</strong></span> <span class='ocrx_word' id='word_1_367' title='bbox 1311 2908 1536 2958; x_wconf 88' lang='lat' dir='ltr'><strong>sensum,</strong></span> <span class='ocrx_word' id='word_1_368' title='bbox 1580 2902 1631 2946; x_wconf 84' lang='lat' dir='ltr'><strong>et</strong></span> <span class='ocrx_word' id='word_1_369' title='bbox 1659 2893 1864 2946; x_wconf 77' lang='lat' dir='ltr'><strong>obnoxii</strong></span> <span class='ocrx_word' id='word_1_370' title='bbox 1918 2893 2043 2961; x_wconf 74' lang='lat' dir='ltr'><strong>facti</strong></span> <span class='ocrx_word' id='word_1_371' title='bbox 2084 2903 2198 2947; x_wconf 87' lang='lat' dir='ltr'><strong>sunt</strong></span> 
     </span>
    </p>
   </div>
   <div class='ocr_carea' id='block_1_45' title="bbox 624 2980 2195 3052">
    <p class='ocr_par' dir='ltr' id='par_1_45' title="bbox 624 2980 2195 3052">
     <span class='ocr_line' id='line_1_45' title="bbox 624 2980 2195 3052; baseline 0 -15"><span class='ocrx_word' id='word_1_372' title='bbox 624 2984 1067 3052; x_wconf 86' lang='lat' dir='ltr'><strong>increpationibus.</strong></span> <span class='ocrx_word' id='word_1_373' title='bbox 1107 2980 1236 3035; x_wconf 88' lang='lat' dir='ltr'><strong>Ecce</strong></span> <span class='ocrx_word' id='word_1_374' title='bbox 1258 2985 1517 3051; x_wconf 80' lang='lat' dir='ltr'><strong>proferam</strong></span> <span class='ocrx_word' id='word_1_375' title='bbox 1548 2982 1685 3035; x_wconf 89' lang='lat' dir='ltr'><strong>vobis</strong></span> <span class='ocrx_word' id='word_1_376' title='bbox 1736 2998 1859 3035; x_wconf 79' lang='lat' dir='ltr'><strong>mea:</strong></span> <span class='ocrx_word' id='word_1_377' title='bbox 1902 2983 2195 3051; x_wconf 89' lang='lat' dir='ltr'><strong>spirationis</strong></span> 
     </span>
    </p>
   </div>
   <div class='ocr_carea' id='block_1_46' title="bbox 624 3072 2193 3142">
    <p class='ocr_par' dir='ltr' id='par_1_46' title="bbox 624 3072 2193 3142">
     <span class='ocr_line' id='line_1_46' title="bbox 624 3072 2193 3142; baseline 0.003 -19"><span class='ocrx_word' id='word_1_378' title='bbox 624 3074 1005 3142; x_wconf 77' lang='lat' dir='ltr'><strong>professionem,</strong></span> <span class='ocrx_word' id='word_1_379' title='bbox 1041 3072 1227 3125; x_wconf 88' lang='lat' dir='ltr'><strong>docebo</strong></span> <span class='ocrx_word' id='word_1_380' title='bbox 1252 3087 1335 3125; x_wconf 79' lang='lat' dir='ltr'><strong>vos</strong></span> <span class='ocrx_word' id='word_1_381' title='bbox 1355 3087 1519 3123; x_wconf 86' lang='lat' dir='ltr'><strong>meum</strong></span> <span class='ocrx_word' id='word_1_382' title='bbox 1549 3072 2019 3142; x_wconf 74' lang='lat' dir='ltr'><strong>sermonemU’rov.</strong></span> <span class='ocrx_word' id='word_1_383' title='bbox 2037 3072 2193 3139; x_wconf 73' lang='lat'><strong>1,20-</strong></span> 
     </span>
    </p>
   </div>
   <div class='ocr_carea' id='block_1_47' title="bbox 623 3159 3750 3243">
    <p class='ocr_par' dir='ltr' id='par_1_47' title="bbox 623 3159 3750 3243">
     <span class='ocr_line' id='line_1_47' title="bbox 623 3159 3750 3243; baseline 0.003 -32"><span class='ocrx_word' id='word_1_384' title='bbox 623 3160 733 3230; x_wconf 71' lang='grc'>25).</span> <span class='ocrx_word' id='word_1_385' title='bbox 762 3163 826 3215; x_wconf 84' lang='grc' dir='ltr'>Ει</span> <span class='ocrx_word' id='word_1_386' title='bbox 854 3161 1011 3215; x_wconf 85' lang='lat' dir='ltr'><strong>Isaias</strong></span> <span class='ocrx_word' id='word_1_387' title='bbox 1034 3159 1745 3229; x_wconf 69' lang='lat' dir='ltr'><strong>prmdicansSpiritussancti</strong></span> <span class='ocrx_word' id='word_1_388' title='bbox 1760 3164 2186 3231; x_wconf 88' lang='lat' dir='ltr'><strong>promissionem,</strong></span> <span class='ocrx_word' id='word_1_389' title='bbox 2217 3182 2261 3243; x_wconf 72' lang='grc' dir='ltr'><strong>ρ</strong></span> <span class='ocrx_word' id='word_1_390' title='bbox 2296 3185 2396 3221; x_wconf 84' lang='grc' dir='ltr'>ιιοη</span> <span class='ocrx_word' id='word_1_391' title='bbox 2431 3170 2563 3222; x_wconf 84' lang='lat' dir='ltr'><strong>sitiet</strong></span> <span class='ocrx_word' id='word_1_392' title='bbox 2590 3171 2643 3222; x_wconf 87' lang='lat' dir='ltr'><strong>in</strong></span> <span class='ocrx_word' id='word_1_393' title='bbox 2669 3180 2915 3224; x_wconf 78' lang='lat' dir='ltr'><strong>wternum</strong></span> <span class='ocrx_word' id='word_1_394' title='bbox 2956 3170 3140 3240; x_wconf 85' lang='lat' dir='ltr'><strong>(Ibid.,</strong></span> <span class='ocrx_word' id='word_1_395' title='bbox 3182 3171 3295 3241; x_wconf 71' lang='lat'><strong>13).</strong></span> <span class='ocrx_word' id='word_1_396' title='bbox 3352 3170 3538 3225; x_wconf 79' lang='lat' dir='ltr'><strong>Nauiet</strong></span> <span class='ocrx_word' id='word_1_397' title='bbox 3568 3168 3610 3222; x_wconf 93' lang='lat' dir='ltr'><strong>in</strong></span> <span class='ocrx_word' id='word_1_398' title='bbox 3646 3162 3750 3219; x_wconf 73' lang='lat' dir='ltr'><strong>medio</strong></span> 
     </span>
    </p>
   </div>
   <div class='ocr_carea' id='block_1_48' title="bbox 620 3248 2186 3321">
    <p class='ocr_par' dir='ltr' id='par_1_48' title="bbox 620 3248 2186 3321">
     <span class='ocr_line' id='line_1_48' title="bbox 620 3248 2186 3321; baseline 0.001 -16"><span class='ocrx_word' id='word_1_399' title='bbox 620 3252 696 3305; x_wconf 85' lang='lat' dir='ltr'><strong>sic</strong></span> <span class='ocrx_word' id='word_1_400' title='bbox 724 3250 796 3304; x_wconf 87' lang='lat' dir='ltr'><strong>ait</strong></span> <span class='ocrx_word' id='word_1_401' title='bbox 819 3268 834 3305; x_wconf 89' lang='lat'><strong>:</strong></span> <span class='ocrx_word' id='word_1_402' title='bbox 865 3248 1002 3302; x_wconf 76' lang='lat' dir='ltr'><strong>Dixit</strong></span> <span class='ocrx_word' id='word_1_403' title='bbox 1031 3248 1280 3302; x_wconf 89' lang='lat' dir='ltr'><strong>Dominus</strong></span> <span class='ocrx_word' id='word_1_404' title='bbox 1305 3250 1392 3317; x_wconf 89' lang='lat' dir='ltr'><strong>qui</strong></span> <span class='ocrx_word' id='word_1_405' title='bbox 1414 3250 1531 3317; x_wconf 79' lang='lat' dir='ltr'><strong>fecit</strong></span> <span class='ocrx_word' id='word_1_406' title='bbox 1559 3252 1757 3317; x_wconf 72' lang='lat' dir='ltr'><strong>cretum,</strong></span> <span class='ocrx_word' id='word_1_407' title='bbox 1785 3262 1832 3307; x_wconf 91' lang='lat' dir='ltr'><strong>et</strong></span> <span class='ocrx_word' id='word_1_408' title='bbox 1860 3254 2019 3321; x_wconf 67' lang='lat' dir='ltr'><strong>aﬂixit</strong></span> <span class='ocrx_word' id='word_1_409' title='bbox 2033 3253 2186 3321; x_wconf 89' lang='lat' dir='ltr'><strong>illud,</strong></span> 
     </span>
    </p>
   </div>
   <div class='ocr_carea' id='block_1_49' title="bbox 618 3341 2187 3415">
    <p class='ocr_par' dir='ltr' id='par_1_49' title="bbox 618 3341 2187 3415">
     <span class='ocr_line' id='line_1_49' title="bbox 618 3341 2187 3415; baseline 0.001 -20"><span class='ocrx_word' id='word_1_410' title='bbox 618 3343 708 3411; x_wconf 81' lang='lat' dir='ltr'><strong>qui</strong></span> <span class='ocrx_word' id='word_1_411' title='bbox 731 3341 967 3395; x_wconf 89' lang='lat' dir='ltr'><strong>solidavit</strong></span> <span class='ocrx_word' id='word_1_412' title='bbox 990 3351 1196 3404; x_wconf 90' lang='lat' dir='ltr'><strong>terram,</strong></span> <span class='ocrx_word' id='word_1_413' title='bbox 1228 3350 1275 3393; x_wconf 92' lang='lat' dir='ltr'><strong>et</strong></span> <span class='ocrx_word' id='word_1_414' title='bbox 1304 3357 1419 3411; x_wconf 78' lang='lat' dir='ltr'><strong>qua:</strong></span> <span class='ocrx_word' id='word_1_415' title='bbox 1434 3341 1486 3393; x_wconf 91' lang='lat' dir='ltr'><strong>in</strong></span> <span class='ocrx_word' id='word_1_416' title='bbox 1509 3357 1568 3394; x_wconf 89' lang='lat' dir='ltr'><strong>ea</strong></span> <span class='ocrx_word' id='word_1_417' title='bbox 1595 3352 1713 3395; x_wconf 85' lang='lat' dir='ltr'><strong>sunt</strong></span> <span class='ocrx_word' id='word_1_418' title='bbox 1737 3358 1755 3396; x_wconf 90' lang='lat'><strong>:</strong></span> <span class='ocrx_word' id='word_1_419' title='bbox 1793 3344 1880 3411; x_wconf 90' lang='lat' dir='ltr'><strong>qui</strong></span> <span class='ocrx_word' id='word_1_420' title='bbox 1908 3344 1996 3395; x_wconf 89' lang='lat' dir='ltr'><strong>dat</strong></span> <span class='ocrx_word' id='word_1_421' title='bbox 2023 3344 2187 3415; x_wconf 88' lang='lat' dir='ltr'><strong>inspi-</strong></span> 
     </span>
    </p>
   </div>
   <div class='ocr_carea' id='block_1_50' title="bbox 643 3436 2188 3507">
    <p class='ocr_par' dir='ltr' id='par_1_50' title="bbox 643 3436 2188 3507">
     <span class='ocr_line' id='line_1_50' title="bbox 643 3436 2188 3507; baseline 0.001 -17"><span class='ocrx_word' id='word_1_422' title='bbox 643 3440 863 3492; x_wconf 85' lang='lat' dir='ltr'><strong>ationem</strong></span> <span class='ocrx_word' id='word_1_423' title='bbox 894 3438 1104 3506; x_wconf 89' lang='lat' dir='ltr'><strong>populo,</strong></span> <span class='ocrx_word' id='word_1_424' title='bbox 1138 3436 1225 3502; x_wconf 88' lang='lat' dir='ltr'><strong>qui</strong></span> <span class='ocrx_word' id='word_1_425' title='bbox 1253 3446 1327 3489; x_wconf 86' lang='lat' dir='ltr'><strong>est</strong></span> <span class='ocrx_word' id='word_1_426' title='bbox 1355 3452 1508 3504; x_wconf 87' lang='lat' dir='ltr'><strong>super</strong></span> <span class='ocrx_word' id='word_1_427' title='bbox 1524 3452 1657 3503; x_wconf 90' lang='lat' dir='ltr'><strong>eam,</strong></span> <span class='ocrx_word' id='word_1_428' title='bbox 1681 3438 2188 3507; x_wconf 87' lang='lat' dir='ltr'><strong>etspiritumcalcan-</strong></span> 
     </span>
    </p>
   </div>
   <div class='ocr_carea' id='block_1_51' title="bbox 614 3526 2185 3599">
    <p class='ocr_par' dir='ltr' id='par_1_51' title="bbox 614 3526 2185 3599">
     <span class='ocr_line' id='line_1_51' title="bbox 614 3526 2185 3599; baseline 0.001 -17"><span class='ocrx_word' id='word_1_429' title='bbox 614 3530 742 3584; x_wconf 84' lang='lat' dir='ltr'><strong>tibus</strong></span> <span class='ocrx_word' id='word_1_430' title='bbox 770 3546 881 3582; x_wconf 89' lang='lat' dir='ltr'><strong>eam</strong></span> <span class='ocrx_word' id='word_1_431' title='bbox 912 3526 1063 3598; x_wconf 91' lang='lat' dir='ltr'><strong>(Isai.</strong></span> <span class='ocrx_word' id='word_1_432' title='bbox 1105 3543 1236 3593; x_wconf 81' lang='lat' dir='ltr'><strong>xui,</strong></span> <span class='ocrx_word' id='word_1_433' title='bbox 1270 3527 1348 3595; x_wconf 82' lang='lat'><strong>5).</strong></span> <span class='ocrx_word' id='word_1_434' title='bbox 1380 3528 1550 3583; x_wconf 92' lang='lat' dir='ltr'><strong>Dicite</strong></span> <span class='ocrx_word' id='word_1_435' title='bbox 1587 3531 1707 3597; x_wconf 91' lang='lat' dir='ltr'><strong>quis</strong></span> <span class='ocrx_word' id='word_1_436' title='bbox 1734 3540 1816 3585; x_wconf 89' lang='lat' dir='ltr'><strong>est</strong></span> <span class='ocrx_word' id='word_1_437' title='bbox 1850 3530 2073 3599; x_wconf 85' lang='lat' dir='ltr'><strong>populus</strong></span> <span class='ocrx_word' id='word_1_438' title='bbox 2095 3529 2185 3599; x_wconf 88' lang='lat' dir='ltr'><strong>qui</strong></span> 
     </span>
    </p>
   </div>
   <div class='ocr_carea' id='block_1_52' title="bbox 613 3618 2185 3689">
    <p class='ocr_par' dir='ltr' id='par_1_52' title="bbox 613 3618 2185 3689">
     <span class='ocr_line' id='line_1_52' title="bbox 613 3618 2185 3689; baseline 0.001 -15"><span class='ocrx_word' id='word_1_439' title='bbox 613 3621 811 3689; x_wconf 88' lang='lat' dir='ltr'><strong>accepit</strong></span> <span class='ocrx_word' id='word_1_440' title='bbox 829 3618 1199 3687; x_wconf 88' lang='lat' dir='ltr'><strong>spirationem?</strong></span> <span class='ocrx_word' id='word_1_441' title='bbox 1232 3618 1480 3687; x_wconf 81' lang='lat' dir='ltr'><strong>Nunquid</strong></span> <span class='ocrx_word' id='word_1_442' title='bbox 1509 3628 1562 3673; x_wconf 91' lang='lat' dir='ltr'><strong>et</strong></span> <span class='ocrx_word' id='word_1_443' title='bbox 1584 3620 1667 3673; x_wconf 88' lang='lat' dir='ltr'><strong>hic</strong></span> <span class='ocrx_word' id='word_1_444' title='bbox 1696 3621 2045 3688; x_wconf 88' lang='lat' dir='ltr'><strong>spirationem</strong></span> <span class='ocrx_word' id='word_1_445' title='bbox 2068 3621 2185 3675; x_wconf 84' lang='lat' dir='ltr'><strong>ani-</strong></span> 
     </span>
    </p>
   </div>
   <div class='ocr_carea' id='block_1_53' title="bbox 613 3708 2182 3779">
    <p class='ocr_par' dir='ltr' id='par_1_53' title="bbox 613 3708 2182 3779">
     <span class='ocr_line' id='line_1_53' title="bbox 613 3708 2182 3779; baseline 0.001 -16"><span class='ocrx_word' id='word_1_446' title='bbox 613 3725 749 3763; x_wconf 90' lang='lat' dir='ltr'><strong>mam</strong></span> <span class='ocrx_word' id='word_1_447' title='bbox 777 3724 895 3763; x_wconf 90' lang='lat' dir='ltr'><strong>esse</strong></span> <span class='ocrx_word' id='word_1_448' title='bbox 925 3709 1154 3762; x_wconf 79' lang='lat' dir='ltr'><strong>dicetis?</strong></span> <span class='ocrx_word' id='word_1_449' title='bbox 1202 3708 1302 3761; x_wconf 79' lang='lat' dir='ltr'><strong>Aut</strong></span> <span class='ocrx_word' id='word_1_450' title='bbox 1328 3708 1524 3762; x_wconf 84' lang='lat' dir='ltr'><strong>dabitis</strong></span> <span class='ocrx_word' id='word_1_451' title='bbox 1554 3709 1669 3764; x_wconf 88' lang='lat' dir='ltr'><strong>sine</strong></span> <span class='ocrx_word' id='word_1_452' title='bbox 1711 3710 1883 3763; x_wconf 89' lang='lat' dir='ltr'><strong>anima</strong></span> <span class='ocrx_word' id='word_1_453' title='bbox 1934 3712 2182 3779; x_wconf 91' lang='lat' dir='ltr'><strong>populum</strong></span> 
     </span>
    </p>
   </div>
   <div class='ocr_carea' id='block_1_54' title="bbox 611 3797 2181 3868">
    <p class='ocr_par' dir='ltr' id='par_1_54' title="bbox 611 3797 2181 3868">
     <span class='ocr_line' id='line_1_54' title="bbox 611 3797 2181 3868; baseline 0.003 -17"><span class='ocrx_word' id='word_1_454' title='bbox 611 3814 772 3867; x_wconf 88' lang='lat' dir='ltr'><strong>super</strong></span> <span class='ocrx_word' id='word_1_455' title='bbox 793 3810 988 3851; x_wconf 78' lang='lat' dir='ltr'><strong>terram</strong></span> <span class='ocrx_word' id='word_1_456' title='bbox 1016 3798 1346 3851; x_wconf 86' lang='lat' dir='ltr'><strong>constitisse?</strong></span> <span class='ocrx_word' id='word_1_457' title='bbox 1375 3797 1480 3852; x_wconf 83' lang='lat' dir='ltr'><strong>Sed</strong></span> <span class='ocrx_word' id='word_1_458' title='bbox 1511 3814 1613 3852; x_wconf 92' lang='lat' dir='ltr'><strong>non</strong></span> <span class='ocrx_word' id='word_1_459' title='bbox 1640 3810 1722 3853; x_wconf 88' lang='lat' dir='ltr'><strong>est</strong></span> <span class='ocrx_word' id='word_1_460' title='bbox 1746 3815 1761 3864; x_wconf 87' lang='lat'><strong>;</strong></span> <span class='ocrx_word' id='word_1_461' title='bbox 1798 3800 2181 3868; x_wconf 91' lang='lat' dir='ltr'><strong>professionem</strong></span> 
     </span>
    </p>
   </div>
   <div class='ocr_carea' id='block_1_55' title="bbox 612 3887 2178 3958">
    <p class='ocr_par' dir='ltr' id='par_1_55' title="bbox 612 3887 2178 3958">
     <span class='ocr_line' id='line_1_55' title="bbox 612 3887 2178 3958; baseline 0.003 -17"><span class='ocrx_word' id='word_1_462' title='bbox 612 3904 840 3955; x_wconf 79' lang='lat' dir='ltr'><strong>namque</strong></span> <span class='ocrx_word' id='word_1_463' title='bbox 861 3888 1095 3956; x_wconf 85' lang='lat' dir='ltr'><strong>Spiritus</strong></span> <span class='ocrx_word' id='word_1_464' title='bbox 1117 3887 1283 3940; x_wconf 88' lang='lat' dir='ltr'><strong>sancti</strong></span> <span class='ocrx_word' id='word_1_465' title='bbox 1309 3888 1601 3956; x_wconf 69' lang='lat' dir='ltr'><strong>prmdicans</strong></span> <span class='ocrx_word' id='word_1_466' title='bbox 1617 3892 1870 3958; x_wconf 86' lang='lat' dir='ltr'><strong>propheta</strong></span> <span class='ocrx_word' id='word_1_467' title='bbox 1894 3890 2009 3944; x_wconf 75' lang='lat' dir='ltr'><strong>haac</strong></span> <span class='ocrx_word' id='word_1_468' title='bbox 2031 3891 2178 3945; x_wconf 92' lang='lat' dir='ltr'><strong>dicit.</strong></span> 
     </span>
    </p>
   </div>
   <div class='ocr_carea' id='block_1_56' title="bbox 610 3978 2179 4050">
    <p class='ocr_par' dir='ltr' id='par_1_56' title="bbox 610 3978 2179 4050">
     <span class='ocr_line' id='line_1_56' title="bbox 610 3978 2179 4050; baseline 0.002 -17"><span class='ocrx_word' id='word_1_469' title='bbox 610 3978 851 4047; x_wconf 84' lang='lat' dir='ltr'><strong>Denique</strong></span> <span class='ocrx_word' id='word_1_470' title='bbox 880 3979 1200 4047; x_wconf 87' lang='lat' dir='ltr'><strong>completam</strong></span> <span class='ocrx_word' id='word_1_471' title='bbox 1254 3978 1637 4046; x_wconf 81' lang='lat' dir='ltr'><strong>professionem</strong></span> <span class='ocrx_word' id='word_1_472' title='bbox 1668 3994 1827 4049; x_wconf 89' lang='lat' dir='ltr'><strong>super</strong></span> <span class='ocrx_word' id='word_1_473' title='bbox 1878 3980 2063 4035; x_wconf 85' lang='lat' dir='ltr'><strong>ﬁdeles</strong></span> <span class='ocrx_word' id='word_1_474' title='bbox 2089 3982 2179 4050; x_wconf 87' lang='lat' dir='ltr'><strong>qui</strong></span> 
     </span>
    </p>
   </div>
   <div class='ocr_carea' id='block_1_57' title="bbox 606 4066 2179 4138">
    <p class='ocr_par' dir='ltr' id='par_1_57' title="bbox 606 4066 2179 4138">
     <span class='ocr_line' id='line_1_57' title="bbox 606 4066 2179 4138; baseline -0.001 -14"><span class='ocrx_word' id='word_1_475' title='bbox 606 4071 814 4125; x_wconf 84' lang='lat' dir='ltr'><strong>fuerant</strong></span> <span class='ocrx_word' id='word_1_476' title='bbox 836 4070 930 4123; x_wconf 90' lang='lat' dir='ltr'><strong>illo</strong></span> <span class='ocrx_word' id='word_1_477' title='bbox 963 4080 1232 4138; x_wconf 91' lang='lat' dir='ltr'><strong>tempore,</strong></span> <span class='ocrx_word' id='word_1_478' title='bbox 1262 4066 1475 4137; x_wconf 90' lang='lat' dir='ltr'><strong>scripsit</strong></span> <span class='ocrx_word' id='word_1_479' title='bbox 1530 4068 1699 4123; x_wconf 86' lang='lat' dir='ltr'><strong>Lucas</strong></span> <span class='ocrx_word' id='word_1_480' title='bbox 1730 4087 1743 4123; x_wconf 90' lang='lat'><strong>:</strong></span> <span class='ocrx_word' id='word_1_481' title='bbox 1776 4068 1841 4123; x_wconf 83' lang='lat' dir='ltr'><strong>Et</strong></span> <span class='ocrx_word' id='word_1_482' title='bbox 1881 4085 1994 4123; x_wconf 89' lang='lat' dir='ltr'><strong>cum</strong></span> <span class='ocrx_word' id='word_1_483' title='bbox 2042 4087 2179 4125; x_wconf 91' lang='lat' dir='ltr'><strong>com-</strong></span> 
     </span>
    </p>
   </div>
   <div class='ocr_carea' id='block_1_58' title="bbox 604 4160 2178 4233">
    <p class='ocr_par' dir='ltr' id='par_1_58' title="bbox 604 4160 2178 4233">
     <span class='ocr_line' id='line_1_58' title="bbox 604 4160 2178 4233; baseline 0 -18"><span class='ocrx_word' id='word_1_484' title='bbox 604 4164 864 4233; x_wconf 85' lang='lat' dir='ltr'><strong>plerentur</strong></span> <span class='ocrx_word' id='word_1_485' title='bbox 892 4163 1001 4216; x_wconf 90' lang='lat' dir='ltr'><strong>dies</strong></span> <span class='ocrx_word' id='word_1_486' title='bbox 1029 4160 1468 4229; x_wconf 80' lang='lat' dir='ltr'><strong>Quinquagesimte</strong></span> <span class='ocrx_word' id='word_1_487' title='bbox 1488 4200 1503 4226; x_wconf 95' lang='lat'><strong>,</strong></span> <span class='ocrx_word' id='word_1_488' title='bbox 1532 4172 1675 4215; x_wconf 88' lang='lat' dir='ltr'><strong>erant</strong></span> <span class='ocrx_word' id='word_1_489' title='bbox 1704 4164 1899 4231; x_wconf 85' lang='lat' dir='ltr'><strong>pariter</strong></span> <span class='ocrx_word' id='word_1_490' title='bbox 1915 4180 2086 4217; x_wconf 86' lang='lat' dir='ltr'><strong>omnes</strong></span> <span class='ocrx_word' id='word_1_491' title='bbox 2125 4164 2178 4216; x_wconf 88' lang='lat' dir='ltr'><strong>in</strong></span> 
     </span>
    </p>
   </div>
   <div class='ocr_carea' id='block_1_59' title="bbox 602 4253 2178 4328">
    <p class='ocr_par' dir='ltr' id='par_1_59' title="bbox 602 4253 2178 4328">
     <span class='ocr_line' id='line_1_59' title="bbox 602 4253 2178 4328; baseline 0.002 -20"><span class='ocrx_word' id='word_1_492' title='bbox 602 4272 779 4310; x_wconf 85' lang='lat' dir='ltr'><strong>unum.</strong></span> <span class='ocrx_word' id='word_1_493' title='bbox 801 4253 867 4306; x_wconf 86' lang='lat' dir='ltr'><strong>Et</strong></span> <span class='ocrx_word' id='word_1_494' title='bbox 894 4256 1058 4323; x_wconf 81' lang='lat' dir='ltr'><strong>factus</strong></span> <span class='ocrx_word' id='word_1_495' title='bbox 1080 4256 1330 4310; x_wconf 89' lang='lat' dir='ltr'><strong>estsubito</strong></span> <span class='ocrx_word' id='word_1_496' title='bbox 1353 4258 1551 4310; x_wconf 89' lang='lat' dir='ltr'><strong>sonitus</strong></span> <span class='ocrx_word' id='word_1_497' title='bbox 1598 4258 1659 4309; x_wconf 82' lang='lat' dir='ltr'><strong>de</strong></span> <span class='ocrx_word' id='word_1_498' title='bbox 1685 4258 1829 4327; x_wconf 73' lang='lat' dir='ltr'><strong>caelo,</strong></span> <span class='ocrx_word' id='word_1_499' title='bbox 1862 4267 2099 4328; x_wconf 86' lang='lat' dir='ltr'><strong>tanquam</strong></span> <span class='ocrx_word' id='word_1_500' title='bbox 2133 4258 2178 4311; x_wconf 90' lang='lat' dir='ltr'><strong>si</strong></span> 
     </span>
    </p>
   </div>
   <div class='ocr_carea' id='block_1_60' title="bbox 602 4347 2176 4415">
    <p class='ocr_par' dir='ltr' id='par_1_60' title="bbox 602 4347 2176 4415">
     <span class='ocr_line' id='line_1_60' title="bbox 602 4347 2176 4415; baseline 0.002 -18"><span class='ocrx_word' id='word_1_501' title='bbox 602 4347 809 4412; x_wconf 67' lang='lat' dir='ltr'><strong>spiritus</strong></span> <span class='ocrx_word' id='word_1_502' title='bbox 857 4348 1116 4399; x_wconf 79' lang='lat' dir='ltr'><strong>vehemens</strong></span> <span class='ocrx_word' id='word_1_503' title='bbox 1146 4347 1359 4412; x_wconf 79' lang='lat' dir='ltr'><strong>ferretur</strong></span> <span class='ocrx_word' id='word_1_504' title='bbox 1383 4361 1401 4398; x_wconf 88' lang='lat'><strong>:</strong></span> <span class='ocrx_word' id='word_1_505' title='bbox 1431 4355 1475 4398; x_wconf 91' lang='lat' dir='ltr'><strong>et</strong></span> <span class='ocrx_word' id='word_1_506' title='bbox 1517 4347 1743 4415; x_wconf 87' lang='lat' dir='ltr'><strong>implevit</strong></span> <span class='ocrx_word' id='word_1_507' title='bbox 1776 4356 1934 4399; x_wconf 90' lang='lat' dir='ltr'><strong>totant</strong></span> <span class='ocrx_word' id='word_1_508' title='bbox 1969 4347 2176 4400; x_wconf 87' lang='lat' dir='ltr'><strong>domum</strong></span> 
     </span>
    </p>
   </div>
   <div class='ocr_carea' id='block_1_61' title="bbox 603 4438 2175 4509">
    <p class='ocr_par' dir='ltr' id='par_1_61' title="bbox 603 4438 2175 4509">
     <span class='ocr_line' id='line_1_61' title="bbox 603 4438 2175 4509; baseline 0.001 -19"><span class='ocrx_word' id='word_1_509' title='bbox 603 4438 685 4491; x_wconf 90' lang='lat' dir='ltr'><strong>ubi</strong></span> <span class='ocrx_word' id='word_1_510' title='bbox 716 4448 859 4491; x_wconf 86' lang='lat' dir='ltr'><strong>erant</strong></span> <span class='ocrx_word' id='word_1_511' title='bbox 895 4438 1118 4490; x_wconf 87' lang='lat' dir='ltr'><strong>sedentes</strong></span> <span class='ocrx_word' id='word_1_512' title='bbox 1148 4453 1167 4489; x_wconf 90' lang='lat'><strong>:</strong></span> <span class='ocrx_word' id='word_1_513' title='bbox 1196 4446 1243 4488; x_wconf 92' lang='lat' dir='ltr'><strong>et</strong></span> <span class='ocrx_word' id='word_1_514' title='bbox 1272 4438 1517 4490; x_wconf 81' lang='lat' dir='ltr'><strong>vistesunt</strong></span> <span class='ocrx_word' id='word_1_515' title='bbox 1546 4438 1617 4490; x_wconf 89' lang='lat' dir='ltr'><strong>eis</strong></span> <span class='ocrx_word' id='word_1_516' title='bbox 1646 4438 1817 4491; x_wconf 73' lang='lat' dir='ltr'><strong>divisa:</strong></span> <span class='ocrx_word' id='word_1_517' title='bbox 1845 4438 2032 4509; x_wconf 76' lang='lat' dir='ltr'><strong>lingua:</strong></span> <span class='ocrx_word' id='word_1_518' title='bbox 2060 4447 2175 4491; x_wconf 86' lang='lat' dir='ltr'><strong>tan-</strong></span> 
     </span>
    </p>
   </div>
   <div class='ocr_carea' id='block_1_62' title="bbox 2318 1909 3772 1983">
    <p class='ocr_par' dir='ltr' id='par_1_62' title="bbox 2318 1909 3772 1983">
     <span class='ocr_line' id='line_1_62' title="bbox 2318 1909 3772 1983; baseline 0.002 -20"><span class='ocrx_word' id='word_1_519' title='bbox 2318 1909 2448 1963; x_wconf 88' lang='lat' dir='ltr'><strong>vita.</strong></span> <span class='ocrx_word' id='word_1_520' title='bbox 2479 1910 2767 1979; x_wconf 78' lang='lat' dir='ltr'><strong>Propterea</strong></span> <span class='ocrx_word' id='word_1_521' title='bbox 2804 1927 2932 1965; x_wconf 83' lang='lat' dir='ltr'><strong>vero</strong></span> <span class='ocrx_word' id='word_1_522' title='bbox 2968 1928 3073 1967; x_wconf 85' lang='lat' dir='ltr'><strong>neu</strong></span> <span class='ocrx_word' id='word_1_523' title='bbox 3105 1923 3187 1968; x_wconf 89' lang='lat' dir='ltr'><strong>est</strong></span> <span class='ocrx_word' id='word_1_524' title='bbox 3208 1916 3418 1983; x_wconf 76' lang='lat' dir='ltr'><strong>genitus</strong></span> <span class='ocrx_word' id='word_1_525' title='bbox 3446 1916 3510 1969; x_wconf 84' lang='lat' dir='ltr'><strong>ab</strong></span> <span class='ocrx_word' id='word_1_526' title='bbox 3535 1923 3590 1969; x_wconf 83' lang='lat' dir='ltr'><strong>eo</strong></span> <span class='ocrx_word' id='word_1_527' title='bbox 3609 1914 3772 1983; x_wconf 80' lang='lat' dir='ltr'><strong>Spiritus,</strong></span> 
     </span>
    </p>
   </div>
   <div class='ocr_carea' id='block_1_63' title="bbox 2310 2000 3772 2073">
    <p class='ocr_par' dir='ltr' id='par_1_63' title="bbox 2310 2000 3772 2073">
     <span class='ocr_line' id='line_1_63' title="bbox 2310 2000 3772 2073; baseline 0.003 -21"><span class='ocrx_word' id='word_1_528' title='bbox 2310 2000 2433 2068; x_wconf 86' lang='lat' dir='ltr'><strong>quia</strong></span> <span class='ocrx_word' id='word_1_529' title='bbox 2468 2016 2578 2055; x_wconf 92' lang='lat' dir='ltr'><strong>non</strong></span> <span class='ocrx_word' id='word_1_530' title='bbox 2606 2010 2690 2055; x_wconf 66' lang='lat' dir='ltr'><strong>est</strong></span> <span class='ocrx_word' id='word_1_531' title='bbox 2720 2000 2952 2056; x_wconf 83' lang='lat' dir='ltr'><strong>Verbum</strong></span> <span class='ocrx_word' id='word_1_532' title='bbox 2984 2003 3119 2073; x_wconf 85' lang='lat' dir='ltr'><strong>ejus.</strong></span> <span class='ocrx_word' id='word_1_533' title='bbox 3142 2004 3392 2058; x_wconf 82' lang='lat' dir='ltr'><strong>Creatum</strong></span> <span class='ocrx_word' id='word_1_534' title='bbox 3420 2020 3537 2057; x_wconf 79' lang='lat' dir='ltr'><strong>vero</strong></span> <span class='ocrx_word' id='word_1_535' title='bbox 3549 2004 3685 2057; x_wconf 85' lang='lat' dir='ltr'><strong>dicere</strong></span> <span class='ocrx_word' id='word_1_536' title='bbox 3702 2002 3772 2070; x_wconf 78' lang='lat' dir='ltr'><strong>Spi-</strong></span> 
     </span>
    </p>
   </div>
   <div class='ocr_carea' id='block_1_64' title="bbox 2311 2090 3768 2160">
    <p class='ocr_par' dir='ltr' id='par_1_64' title="bbox 2311 2090 3768 2160">
     <span class='ocr_line' id='line_1_64' title="bbox 2311 2090 3768 2160; baseline 0.003 -21"><span class='ocrx_word' id='word_1_537' title='bbox 2311 2090 2469 2141; x_wconf 87' lang='lat' dir='ltr'><strong>ritutn</strong></span> <span class='ocrx_word' id='word_1_538' title='bbox 2502 2098 2741 2144; x_wconf 87' lang='lat' dir='ltr'><strong>sanctum</strong></span> <span class='ocrx_word' id='word_1_539' title='bbox 2770 2091 2917 2145; x_wconf 87' lang='lat' dir='ltr'><strong>nefas</strong></span> <span class='ocrx_word' id='word_1_540' title='bbox 2942 2101 3045 2146; x_wconf 88' lang='lat' dir='ltr'><strong>est.</strong></span> <span class='ocrx_word' id='word_1_541' title='bbox 3070 2091 3443 2147; x_wconf 81' lang='lat' dir='ltr'><strong>Verumtamen</strong></span> <span class='ocrx_word' id='word_1_542' title='bbox 3476 2092 3768 2160; x_wconf 78' lang='lat' dir='ltr'><strong>inspirationcn</strong></span> 
     </span>
    </p>
   </div>
   <div class='ocr_carea' id='block_1_65' title="bbox 2313 2176 3766 2251">
    <p class='ocr_par' dir='ltr' id='par_1_65' title="bbox 2313 2176 3766 2251">
     <span class='ocr_line' id='line_1_65' title="bbox 2313 2176 3766 2251; baseline 0.001 -21"><span class='ocrx_word' id='word_1_543' title='bbox 2313 2176 2427 2231; x_wconf 87' lang='lat' dir='ltr'><strong>Filii</strong></span> <span class='ocrx_word' id='word_1_544' title='bbox 2460 2180 2549 2234; x_wconf 91' lang='lat' dir='ltr'><strong>Dei</strong></span> <span class='ocrx_word' id='word_1_545' title='bbox 2570 2194 2694 2235; x_wconf 90' lang='lat' dir='ltr'><strong>eum</strong></span> <span class='ocrx_word' id='word_1_546' title='bbox 2730 2194 2850 2235; x_wconf 89' lang='lat' dir='ltr'><strong>esse</strong></span> <span class='ocrx_word' id='word_1_547' title='bbox 2902 2182 3100 2237; x_wconf 87' lang='lat' dir='ltr'><strong>sanctis</strong></span> <span class='ocrx_word' id='word_1_548' title='bbox 3130 2181 3419 2251; x_wconf 89' lang='lat' dir='ltr'><strong>Scripturis</strong></span> <span class='ocrx_word' id='word_1_549' title='bbox 3445 2182 3596 2236; x_wconf 90' lang='lat' dir='ltr'><strong>edocti</strong></span> <span class='ocrx_word' id='word_1_550' title='bbox 3638 2195 3766 2235; x_wconf 83' lang='lat' dir='ltr'><strong>sumus.</strong></span> 
     </span>
    </p>
   </div>
   <div class='ocr_carea' id='block_1_66' title="bbox 2310 2265 3764 2337">
    <p class='ocr_par' dir='ltr' id='par_1_66' title="bbox 2310 2265 3764 2337">
     <span class='ocr_line' id='line_1_66' title="bbox 2310 2265 3764 2337; baseline 0.006 -18"><span class='ocrx_word' id='word_1_551' title='bbox 2310 2265 2533 2321; x_wconf 87' lang='lat' dir='ltr'><strong>Fontem</strong></span> <span class='ocrx_word' id='word_1_552' title='bbox 2561 2282 2688 2323; x_wconf 79' lang='lat' dir='ltr'><strong>vero</strong></span> <span class='ocrx_word' id='word_1_553' title='bbox 2719 2268 2948 2337; x_wconf 88' lang='lat' dir='ltr'><strong>Spiritus</strong></span> <span class='ocrx_word' id='word_1_554' title='bbox 2965 2272 3135 2325; x_wconf 88' lang='lat' dir='ltr'><strong>sancti</strong></span> <span class='ocrx_word' id='word_1_555' title='bbox 3159 2269 3353 2324; x_wconf 88' lang='lat' dir='ltr'><strong>Filium</strong></span> <span class='ocrx_word' id='word_1_556' title='bbox 3380 2271 3467 2325; x_wconf 91' lang='lat' dir='ltr'><strong>Dei</strong></span> <span class='ocrx_word' id='word_1_557' title='bbox 3481 2284 3585 2325; x_wconf 84' lang='lat' dir='ltr'><strong>esse</strong></span> <span class='ocrx_word' id='word_1_558' title='bbox 3603 2270 3764 2327; x_wconf 83' lang='lat' dir='ltr'><strong>dicimus.</strong></span> 
     </span>
    </p>
   </div>
   <div class='ocr_carea' id='block_1_67' title="bbox 2309 2358 3764 2431">
    <p class='ocr_par' dir='ltr' id='par_1_67' title="bbox 2309 2358 3764 2431">
     <span class='ocr_line' id='line_1_67' title="bbox 2309 2358 3764 2431; baseline -0.001 -20"><span class='ocrx_word' id='word_1_559' title='bbox 2309 2359 2425 2427; x_wconf 60' lang='lat' dir='ltr'><strong>ipso</strong></span> <span class='ocrx_word' id='word_1_560' title='bbox 2457 2358 2590 2413; x_wconf 87' lang='lat' dir='ltr'><strong>Filio</strong></span> <span class='ocrx_word' id='word_1_561' title='bbox 2621 2360 2674 2414; x_wconf 92' lang='lat' dir='ltr'><strong>in</strong></span> <span class='ocrx_word' id='word_1_562' title='bbox 2718 2359 2948 2415; x_wconf 86' lang='lat' dir='ltr'><strong>Jeremia</strong></span> <span class='ocrx_word' id='word_1_563' title='bbox 2973 2361 3224 2417; x_wconf 83' lang='lat' dir='ltr'><strong>dicente:</strong></span> <span class='ocrx_word' id='word_1_564' title='bbox 3257 2363 3379 2431; x_wconf 88' lang='lat' dir='ltr'><strong>quia</strong></span> <span class='ocrx_word' id='word_1_565' title='bbox 3402 2364 3496 2415; x_wconf 85' lang='lat' dir='ltr'><strong>duo</strong></span> <span class='ocrx_word' id='word_1_566' title='bbox 3522 2362 3764 2430; x_wconf 72' lang='lat' dir='ltr'><strong>mqsmjait</strong></span> 
     </span>
    </p>
   </div>
   <div class='ocr_carea' id='block_1_68' title="bbox 2304 2451 3762 2524">
    <p class='ocr_par' dir='ltr' id='par_1_68' title="bbox 2304 2451 3762 2524">
     <span class='ocr_line' id='line_1_68' title="bbox 2304 2451 3762 2524; baseline 0.005 -23"><span class='ocrx_word' id='word_1_567' title='bbox 2304 2451 2523 2519; x_wconf 88' lang='lat' dir='ltr'><strong>populus</strong></span> <span class='ocrx_word' id='word_1_568' title='bbox 2562 2452 2675 2517; x_wconf 89' lang='lat' dir='ltr'><strong>iste;</strong></span> <span class='ocrx_word' id='word_1_569' title='bbox 2731 2468 2808 2506; x_wconf 91' lang='lat' dir='ltr'><strong>me</strong></span> <span class='ocrx_word' id='word_1_570' title='bbox 2836 2453 3212 2523; x_wconf 87' lang='lat' dir='ltr'><strong>dereliqueruut</strong></span> <span class='ocrx_word' id='word_1_571' title='bbox 3244 2457 3435 2524; x_wconf 79' lang='lat' dir='ltr'><strong>fontm</strong></span> <span class='ocrx_word' id='word_1_572' title='bbox 3458 2469 3586 2523; x_wconf 73' lang='lat' dir='ltr'><strong>aqua</strong></span> <span class='ocrx_word' id='word_1_573' title='bbox 3607 2453 3703 2513; x_wconf 65' lang='lat' dir='ltr'><strong>vita,</strong></span> <span class='ocrx_word' id='word_1_574' title='bbox 3737 2458 3762 2499; x_wconf 74' lang='grc' dir='ltr'><strong>ιι</strong></span> 
     </span>
    </p>
   </div>
   <div class='ocr_carea' id='block_1_69' title="bbox 2304 2541 3759 2615">
    <p class='ocr_par' dir='ltr' id='par_1_69' title="bbox 2304 2541 3759 2615">
     <span class='ocr_line' id='line_1_69' title="bbox 2304 2541 3759 2615; baseline 0.001 -21"><span class='ocrx_word' id='word_1_575' title='bbox 2304 2541 2539 2610; x_wconf 79' lang='lat' dir='ltr'><strong>foderunt</strong></span> <span class='ocrx_word' id='word_1_576' title='bbox 2569 2544 2665 2596; x_wconf 88' lang='lat' dir='ltr'><strong>sibi</strong></span> <span class='ocrx_word' id='word_1_577' title='bbox 2692 2545 2834 2598; x_wconf 89' lang='lat' dir='ltr'><strong>lacus</strong></span> <span class='ocrx_word' id='word_1_578' title='bbox 2864 2547 3127 2613; x_wconf 84' lang='lat' dir='ltr'><strong>contritos,</strong></span> <span class='ocrx_word' id='word_1_579' title='bbox 3151 2547 3235 2615; x_wconf 82' lang='lat' dir='ltr'><strong>qui</strong></span> <span class='ocrx_word' id='word_1_580' title='bbox 3253 2562 3355 2599; x_wconf 87' lang='lat' dir='ltr'><strong>non</strong></span> <span class='ocrx_word' id='word_1_581' title='bbox 3377 2551 3615 2614; x_wconf 80' lang='lat' dir='ltr'><strong>potuerunt</strong></span> <span class='ocrx_word' id='word_1_582' title='bbox 3647 2553 3759 2607; x_wconf 68' lang='lat' dir='ltr'><strong>aqum!</strong></span> 
     </span>
    </p>
   </div>
   <div class='ocr_carea' id='block_1_70' title="bbox 2301 2632 3756 2706">
    <p class='ocr_par' dir='ltr' id='par_1_70' title="bbox 2301 2632 3756 2706">
     <span class='ocr_line' id='line_1_70' title="bbox 2301 2632 3756 2706; baseline -0.001 -20"><span class='ocrx_word' id='word_1_583' title='bbox 2301 2643 2509 2702; x_wconf 91' lang='lat' dir='ltr'><strong>portare</strong></span> <span class='ocrx_word' id='word_1_584' title='bbox 2531 2634 2747 2706; x_wconf 80' lang='lat' dir='ltr'><strong>(Jerem.</strong></span> <span class='ocrx_word' id='word_1_585' title='bbox 2778 2651 2836 2702; x_wconf 91' lang='grc' dir='ltr'><strong>ιι,</strong></span> <span class='ocrx_word' id='word_1_586' title='bbox 2861 2636 2972 2704; x_wconf 70' lang='grc'><strong>15).</strong></span> <span class='ocrx_word' id='word_1_587' title='bbox 2999 2640 3145 2705; x_wconf 77' lang='lat' dir='ltr'><strong>Aqua</strong></span> <span class='ocrx_word' id='word_1_588' title='bbox 3180 2652 3314 2691; x_wconf 85' lang='lat' dir='ltr'><strong>vero</strong></span> <span class='ocrx_word' id='word_1_589' title='bbox 3336 2638 3449 2689; x_wconf 85' lang='lat' dir='ltr'><strong>viva</strong></span> <span class='ocrx_word' id='word_1_590' title='bbox 3490 2632 3669 2701; x_wconf 80' lang='lat' dir='ltr'><strong>Spiritus</strong></span> <span class='ocrx_word' id='word_1_591' title='bbox 3686 2644 3756 2680; x_wconf 76' lang='lat' dir='ltr'><strong>san-</strong></span> 
     </span>
    </p>
   </div>
   <div class='ocr_carea' id='block_1_71' title="bbox 2302 2716 3756 2788">
    <p class='ocr_par' dir='ltr' id='par_1_71' title="bbox 2302 2716 3756 2788">
     <span class='ocr_line' id='line_1_71' title="bbox 2302 2716 3756 2788; baseline -0.006 -12"><span class='ocrx_word' id='word_1_592' title='bbox 2302 2732 2443 2788; x_wconf 89' lang='lat' dir='ltr'><strong>ctus,</strong></span> <span class='ocrx_word' id='word_1_593' title='bbox 2467 2724 2608 2778; x_wconf 86' lang='lat' dir='ltr'><strong>sicut</strong></span> <span class='ocrx_word' id='word_1_594' title='bbox 2626 2724 2860 2780; x_wconf 80' lang='lat' dir='ltr'><strong>Joannes</strong></span> <span class='ocrx_word' id='word_1_595' title='bbox 2887 2724 3069 2780; x_wconf 90' lang='lat' dir='ltr'><strong>docuit</strong></span> <span class='ocrx_word' id='word_1_596' title='bbox 3092 2724 3297 2779; x_wconf 79' lang='lat' dir='ltr'><strong>dixisse</strong></span> <span class='ocrx_word' id='word_1_597' title='bbox 3326 2724 3619 2780; x_wconf 84' lang='lat' dir='ltr'><strong>Salvatorem</strong></span> <span class='ocrx_word' id='word_1_598' title='bbox 3646 2716 3756 2771; x_wconf 73' lang='lat' dir='ltr'><strong>ads:-</strong></span> 
     </span>
    </p>
   </div>
   <div class='ocr_carea' id='block_1_72' title="bbox 2301 2805 3754 2876">
    <p class='ocr_par' dir='ltr' id='par_1_72' title="bbox 2301 2805 3754 2876">
     <span class='ocr_line' id='line_1_72' title="bbox 2301 2805 3754 2876; baseline -0.003 -9"><span class='ocrx_word' id='word_1_599' title='bbox 2301 2814 2615 2869; x_wconf 78' lang='lat' dir='ltr'><strong>niaritanam</strong></span> <span class='ocrx_word' id='word_1_600' title='bbox 2643 2816 2922 2871; x_wconf 87' lang='lat' dir='ltr'><strong>mulierem</strong></span> <span class='ocrx_word' id='word_1_601' title='bbox 2956 2834 2967 2867; x_wconf 90' lang='lat'><strong>:</strong></span> <span class='ocrx_word' id='word_1_602' title='bbox 2996 2815 3057 2871; x_wconf 90' lang='lat' dir='ltr'><strong>Si</strong></span> <span class='ocrx_word' id='word_1_603' title='bbox 3094 2817 3247 2869; x_wconf 79' lang='lat' dir='ltr'><strong>scires</strong></span> <span class='ocrx_word' id='word_1_604' title='bbox 3281 2816 3466 2869; x_wconf 86' lang='lat' dir='ltr'><strong>donum</strong></span> <span class='ocrx_word' id='word_1_605' title='bbox 3494 2812 3593 2876; x_wconf 78' lang='lat' dir='ltr'><strong>Dei,</strong></span> <span class='ocrx_word' id='word_1_606' title='bbox 3634 2818 3666 2861; x_wconf 83' lang='lat' dir='ltr'><strong>et</strong></span> <span class='ocrx_word' id='word_1_607' title='bbox 3692 2805 3754 2874; x_wconf 57' lang='lat' dir='ltr'><strong>qui</strong></span> 
     </span>
    </p>
   </div>
   <div class='ocr_carea' id='block_1_73' title="bbox 2298 2890 3754 2973">
    <p class='ocr_par' dir='ltr' id='par_1_73' title="bbox 2298 2890 3754 2973">
     <span class='ocr_line' id='line_1_73' title="bbox 2298 2890 3754 2973; baseline -0.007 -15"><span class='ocrx_word' id='word_1_608' title='bbox 2298 2914 2372 2958; x_wconf 92' lang='lat' dir='ltr'><strong>est</strong></span> <span class='ocrx_word' id='word_1_609' title='bbox 2391 2905 2475 2973; x_wconf 89' lang='lat' dir='ltr'><strong>qui</strong></span> <span class='ocrx_word' id='word_1_610' title='bbox 2498 2905 2617 2957; x_wconf 87' lang='lat' dir='ltr'><strong>dicit</strong></span> <span class='ocrx_word' id='word_1_611' title='bbox 2645 2904 2733 2958; x_wconf 88' lang='lat' dir='ltr'><strong>tibi</strong></span> <span class='ocrx_word' id='word_1_612' title='bbox 2752 2946 2767 2970; x_wconf 94' lang='lat'><strong>,</strong></span> <span class='ocrx_word' id='word_1_613' title='bbox 2798 2907 2865 2958; x_wconf 89' lang='lat' dir='ltr'><strong>da</strong></span> <span class='ocrx_word' id='word_1_614' title='bbox 2906 2905 3033 2957; x_wconf 84' lang='lat' dir='ltr'><strong>mihi</strong></span> <span class='ocrx_word' id='word_1_615' title='bbox 3060 2904 3243 2969; x_wconf 86' lang='lat' dir='ltr'><strong>bibere,</strong></span> <span class='ocrx_word' id='word_1_616' title='bbox 3278 2913 3334 2957; x_wconf 89' lang='lat' dir='ltr'><strong>tu</strong></span> <span class='ocrx_word' id='word_1_617' title='bbox 3361 2904 3517 2970; x_wconf 87' lang='lat' dir='ltr'><strong>utique</strong></span> <span class='ocrx_word' id='word_1_618' title='bbox 3559 2890 3754 2968; x_wconf 70' lang='lat' dir='ltr'><strong>petissttab</strong></span> 
     </span>
    </p>
   </div>
   <div class='ocr_carea' id='block_1_74' title="bbox 2297 2986 3752 3065">
    <p class='ocr_par' dir='ltr' id='par_1_74' title="bbox 2297 2986 3752 3065">
     <span class='ocr_line' id='line_1_74' title="bbox 2297 2986 3752 3065; baseline -0.018 -17"><span class='ocrx_word' id='word_1_619' title='bbox 2297 3008 2375 3055; x_wconf 86' lang='lat' dir='ltr'><strong>eo;</strong></span> <span class='ocrx_word' id='word_1_620' title='bbox 2398 3003 2442 3047; x_wconf 90' lang='lat' dir='ltr'><strong>et</strong></span> <span class='ocrx_word' id='word_1_621' title='bbox 2470 2994 2689 3047; x_wconf 87' lang='lat' dir='ltr'><strong>dedisset</strong></span> <span class='ocrx_word' id='word_1_622' title='bbox 2710 2993 2799 3046; x_wconf 89' lang='lat' dir='ltr'><strong>tibi</strong></span> <span class='ocrx_word' id='word_1_623' title='bbox 2827 3010 3013 3063; x_wconf 88' lang='lat' dir='ltr'><strong>aquam</strong></span> <span class='ocrx_word' id='word_1_624' title='bbox 3042 2994 3204 3047; x_wconf 86' lang='lat' dir='ltr'><strong>vivam</strong></span> <span class='ocrx_word' id='word_1_625' title='bbox 3229 2990 3413 3065; x_wconf 84' lang='lat' dir='ltr'><strong>(Joan.</strong></span> <span class='ocrx_word' id='word_1_626' title='bbox 3444 2986 3752 3057; x_wconf 73' lang='lat' dir='ltr'><strong>tv,10).Etrur.</strong></span> 
     </span>
    </p>
   </div>
   <div class='ocr_carea' id='block_1_75' title="bbox 2296 3074 3751 3153">
    <p class='ocr_par' dir='ltr' id='par_1_75' title="bbox 2296 3074 3751 3153">
     <span class='ocr_line' id='line_1_75' title="bbox 2296 3074 3751 3153; baseline -0.003 -20"><span class='ocrx_word' id='word_1_627' title='bbox 2296 3094 2412 3133; x_wconf 89' lang='lat' dir='ltr'><strong>sum</strong></span> <span class='ocrx_word' id='word_1_628' title='bbox 2440 3098 2454 3133; x_wconf 90' lang='lat'><strong>:</strong></span> <span class='ocrx_word' id='word_1_629' title='bbox 2489 3080 2783 3150; x_wconf 79' lang='lat' dir='ltr'><strong>Quicunque</strong></span> <span class='ocrx_word' id='word_1_630' title='bbox 2832 3082 3010 3135; x_wconf 87' lang='lat' dir='ltr'><strong>biberit</strong></span> <span class='ocrx_word' id='word_1_631' title='bbox 3047 3098 3111 3135; x_wconf 76' lang='lat' dir='ltr'><strong>ea:</strong></span> <span class='ocrx_word' id='word_1_632' title='bbox 3138 3098 3299 3153; x_wconf 88' lang='lat' dir='ltr'><strong>aqua,</strong></span> <span class='ocrx_word' id='word_1_633' title='bbox 3319 3097 3466 3152; x_wconf 84' lang='lat' dir='ltr'><strong>quant</strong></span> <span class='ocrx_word' id='word_1_634' title='bbox 3486 3095 3563 3149; x_wconf 78' lang='lat' dir='ltr'><strong>ego</strong></span> <span class='ocrx_word' id='word_1_635' title='bbox 3600 3079 3633 3130; x_wconf 84' lang='lat' dir='ltr'><strong>ei</strong></span> <span class='ocrx_word' id='word_1_636' title='bbox 3661 3074 3751 3129; x_wconf 72' lang='lat' dir='ltr'><strong>dcit.</strong></span> 
     </span>
    </p>
   </div>
   <div class='ocr_carea' id='block_1_76' title="bbox 2293 3247 3750 3330">
    <p class='ocr_par' dir='ltr' id='par_1_76' title="bbox 2293 3247 3750 3330">
     <span class='ocr_line' id='line_1_76' title="bbox 2293 3247 3750 3330; baseline -0.004 -18"><span class='ocrx_word' id='word_1_637' title='bbox 2293 3260 2472 3328; x_wconf 89' lang='lat' dir='ltr'><strong>templi</strong></span> <span class='ocrx_word' id='word_1_638' title='bbox 2493 3260 2684 3315; x_wconf 90' lang='lat' dir='ltr'><strong>clamat</strong></span> <span class='ocrx_word' id='word_1_639' title='bbox 2708 3278 2721 3313; x_wconf 91' lang='lat'><strong>:</strong></span> <span class='ocrx_word' id='word_1_640' title='bbox 2756 3260 2817 3315; x_wconf 89' lang='lat' dir='ltr'><strong>Si</strong></span> <span class='ocrx_word' id='word_1_641' title='bbox 2843 3261 2953 3330; x_wconf 91' lang='lat' dir='ltr'><strong>quis</strong></span> <span class='ocrx_word' id='word_1_642' title='bbox 2976 3262 3079 3314; x_wconf 91' lang='lat' dir='ltr'><strong>sitit</strong></span> <span class='ocrx_word' id='word_1_643' title='bbox 3101 3263 3267 3315; x_wconf 89' lang='lat' dir='ltr'><strong>veniat</strong></span> <span class='ocrx_word' id='word_1_644' title='bbox 3300 3262 3365 3314; x_wconf 92' lang='lat' dir='ltr'><strong>ad</strong></span> <span class='ocrx_word' id='word_1_645' title='bbox 3392 3268 3535 3326; x_wconf 83' lang='lat' dir='ltr'><strong>me,et</strong></span> <span class='ocrx_word' id='word_1_646' title='bbox 3560 3256 3671 3310; x_wconf 86' lang='lat' dir='ltr'><strong>bibat.</strong></span> <span class='ocrx_word' id='word_1_647' title='bbox 3694 3247 3750 3314; x_wconf 63' lang='lat' dir='ltr'><strong>Qui</strong></span> 
     </span>
    </p>
   </div>
   <div class='ocr_carea' id='block_1_77' title="bbox 2289 3348 3749 3419">
    <p class='ocr_par' dir='ltr' id='par_1_77' title="bbox 2289 3348 3749 3419">
     <span class='ocr_line' id='line_1_77' title="bbox 2289 3348 3749 3419; baseline -0.004 -20"><span class='ocrx_word' id='word_1_648' title='bbox 2289 3349 2446 3400; x_wconf 82' lang='lat' dir='ltr'><strong>credit</strong></span> <span class='ocrx_word' id='word_1_649' title='bbox 2471 3350 2521 3401; x_wconf 90' lang='lat' dir='ltr'><strong>in</strong></span> <span class='ocrx_word' id='word_1_650' title='bbox 2552 3365 2649 3413; x_wconf 90' lang='lat' dir='ltr'><strong>me,</strong></span> <span class='ocrx_word' id='word_1_651' title='bbox 2680 3350 2810 3404; x_wconf 87' lang='lat' dir='ltr'><strong>sicut</strong></span> <span class='ocrx_word' id='word_1_652' title='bbox 2838 3350 2959 3403; x_wconf 83' lang='lat' dir='ltr'><strong>dicit</strong></span> <span class='ocrx_word' id='word_1_653' title='bbox 2988 3350 3286 3419; x_wconf 86' lang='lat' dir='ltr'><strong>Scriptura,</strong></span> <span class='ocrx_word' id='word_1_654' title='bbox 3330 3351 3534 3418; x_wconf 83' lang='lat' dir='ltr'><strong>flumina</strong></span> <span class='ocrx_word' id='word_1_655' title='bbox 3574 3348 3621 3398; x_wconf 78' lang='lat' dir='ltr'><strong>de</strong></span> <span class='ocrx_word' id='word_1_656' title='bbox 3650 3349 3749 3394; x_wconf 74' lang='lat' dir='ltr'><strong>rrum</strong></span> 
     </span>
    </p>
   </div>
   <div class='ocr_carea' id='block_1_78' title="bbox 2288 3436 3749 3508">
    <p class='ocr_par' dir='ltr' id='par_1_78' title="bbox 2288 3436 3749 3508">
     <span class='ocr_line' id='line_1_78' title="bbox 2288 3436 3749 3508; baseline -0.008 -19"><span class='ocrx_word' id='word_1_657' title='bbox 2288 3438 2396 3502; x_wconf 86' lang='lat' dir='ltr'><strong>eius</strong></span> <span class='ocrx_word' id='word_1_658' title='bbox 2425 3439 2584 3506; x_wconf 84' lang='lat' dir='ltr'><strong>[luent</strong></span> <span class='ocrx_word' id='word_1_659' title='bbox 2612 3453 2756 3507; x_wconf 74' lang='lat' dir='ltr'><strong>aqua:</strong></span> <span class='ocrx_word' id='word_1_660' title='bbox 2786 3439 2907 3492; x_wconf 81' lang='lat' dir='ltr'><strong>viva:</strong></span> <span class='ocrx_word' id='word_1_661' title='bbox 2930 3438 3110 3508; x_wconf 84' lang='lat' dir='ltr'><strong>(Joan.</strong></span> <span class='ocrx_word' id='word_1_662' title='bbox 3142 3440 3370 3508; x_wconf 65' lang='lat'><strong>&quot;1.37).</strong></span> <span class='ocrx_word' id='word_1_663' title='bbox 3396 3439 3460 3493; x_wconf 85' lang='lat' dir='ltr'><strong>Et</strong></span> <span class='ocrx_word' id='word_1_664' title='bbox 3486 3436 3749 3503; x_wconf 82' lang='lat' dir='ltr'><strong>interpretatus</strong></span> 
     </span>
    </p>
   </div>
   <div class='ocr_carea' id='block_1_79' title="bbox 2286 3526 3747 3599">
    <p class='ocr_par' dir='ltr' id='par_1_79' title="bbox 2286 3526 3747 3599">
     <span class='ocr_line' id='line_1_79' title="bbox 2286 3526 3747 3599; baseline 0.001 -19"><span class='ocrx_word' id='word_1_665' title='bbox 2286 3538 2365 3580; x_wconf 89' lang='lat' dir='ltr'><strong>est</strong></span> <span class='ocrx_word' id='word_1_666' title='bbox 2388 3526 2463 3580; x_wconf 92' lang='lat' dir='ltr'><strong>sic</strong></span> <span class='ocrx_word' id='word_1_667' title='bbox 2491 3545 2503 3579; x_wconf 88' lang='lat'><strong>:</strong></span> <span class='ocrx_word' id='word_1_668' title='bbox 2548 3526 2666 3581; x_wconf 85' lang='lat' dir='ltr'><strong>Hoc</strong></span> <span class='ocrx_word' id='word_1_669' title='bbox 2695 3541 2863 3582; x_wconf 89' lang='lat' dir='ltr'><strong>autem</strong></span> <span class='ocrx_word' id='word_1_670' title='bbox 2917 3530 3110 3583; x_wconf 87' lang='lat' dir='ltr'><strong>dicebat</strong></span> <span class='ocrx_word' id='word_1_671' title='bbox 3138 3532 3200 3583; x_wconf 90' lang='lat' dir='ltr'><strong>de</strong></span> <span class='ocrx_word' id='word_1_672' title='bbox 3237 3528 3438 3599; x_wconf 89' lang='lat' dir='ltr'><strong>Spiritu</strong></span> <span class='ocrx_word' id='word_1_673' title='bbox 3465 3538 3626 3588; x_wconf 86' lang='lat' dir='ltr'><strong>sancto,</strong></span> <span class='ocrx_word' id='word_1_674' title='bbox 3660 3535 3747 3591; x_wconf 70' lang='lat' dir='ltr'><strong>qm</strong></span> 
     </span>
    </p>
   </div>
   <div class='ocr_carea' id='block_1_80' title="bbox 2284 3608 3744 3688">
    <p class='ocr_par' dir='ltr' id='par_1_80' title="bbox 2284 3608 3744 3688">
     <span class='ocr_line' id='line_1_80' title="bbox 2284 3608 3744 3688; baseline 0.004 -21"><span class='ocrx_word' id='word_1_675' title='bbox 2284 3616 2540 3685; x_wconf 86' lang='lat' dir='ltr'><strong>accepturi</strong></span> <span class='ocrx_word' id='word_1_676' title='bbox 2564 3626 2709 3669; x_wconf 88' lang='lat' dir='ltr'><strong>erant</strong></span> <span class='ocrx_word' id='word_1_677' title='bbox 2740 3619 2825 3685; x_wconf 91' lang='lat' dir='ltr'><strong>qui</strong></span> <span class='ocrx_word' id='word_1_678' title='bbox 2852 3620 3095 3671; x_wconf 89' lang='lat' dir='ltr'><strong>credituri</strong></span> <span class='ocrx_word' id='word_1_679' title='bbox 3117 3628 3263 3672; x_wconf 90' lang='lat' dir='ltr'><strong>erant</strong></span> <span class='ocrx_word' id='word_1_680' title='bbox 3300 3621 3351 3672; x_wconf 87' lang='lat' dir='ltr'><strong>in</strong></span> <span class='ocrx_word' id='word_1_681' title='bbox 3382 3634 3489 3673; x_wconf 89' lang='lat' dir='ltr'><strong>eum</strong></span> <span class='ocrx_word' id='word_1_682' title='bbox 3516 3614 3659 3688; x_wconf 58' lang='lat' dir='ltr'><strong>(Ibid,</strong></span> <span class='ocrx_word' id='word_1_683' title='bbox 3679 3608 3744 3673; x_wconf 37' lang='lat'><strong>39).</strong></span> 
     </span>
    </p>
   </div>
   <div class='ocr_carea' id='block_1_81' title="bbox 2286 3702 3745 3776">
    <p class='ocr_par' dir='ltr' id='par_1_81' title="bbox 2286 3702 3745 3776">
     <span class='ocr_line' id='line_1_81' title="bbox 2286 3702 3745 3776; baseline -0.001 -19"><span class='ocrx_word' id='word_1_684' title='bbox 2286 3705 2357 3757; x_wconf 89' lang='lat' dir='ltr'><strong>Ita</strong></span> <span class='ocrx_word' id='word_1_685' title='bbox 2389 3708 2546 3760; x_wconf 90' lang='lat' dir='ltr'><strong>etiam</strong></span> <span class='ocrx_word' id='word_1_686' title='bbox 2572 3719 2625 3762; x_wconf 93' lang='lat' dir='ltr'><strong>et</strong></span> <span class='ocrx_word' id='word_1_687' title='bbox 2646 3707 2805 3763; x_wconf 84' lang='lat' dir='ltr'><strong>Isaias</strong></span> <span class='ocrx_word' id='word_1_688' title='bbox 2822 3709 3098 3763; x_wconf 91' lang='lat' dir='ltr'><strong>Dominum</strong></span> <span class='ocrx_word' id='word_1_689' title='bbox 3122 3711 3323 3766; x_wconf 68' lang='lat' dir='ltr'><strong>diiisse</strong></span> <span class='ocrx_word' id='word_1_690' title='bbox 3348 3713 3435 3765; x_wconf 88' lang='lat' dir='ltr'><strong>ait:</strong></span> <span class='ocrx_word' id='word_1_691' title='bbox 3457 3710 3570 3776; x_wconf 87' lang='lat' dir='ltr'><strong>Quia</strong></span> <span class='ocrx_word' id='word_1_692' title='bbox 3592 3702 3745 3775; x_wconf 62' lang='lat' dir='ltr'><strong>(gelata</strong></span> 
     </span>
    </p>
   </div>
   <div class='ocr_carea' id='block_1_82' title="bbox 2283 3793 3744 3869">
    <p class='ocr_par' dir='ltr' id='par_1_82' title="bbox 2283 3793 3744 3869">
     <span class='ocr_line' id='line_1_82' title="bbox 2283 3793 3744 3869; baseline 0.003 -25"><span class='ocrx_word' id='word_1_693' title='bbox 2283 3793 2333 3844; x_wconf 87' lang='lat' dir='ltr'><strong>in</strong></span> <span class='ocrx_word' id='word_1_694' title='bbox 2365 3794 2449 3845; x_wconf 88' lang='lat' dir='ltr'><strong>siti</strong></span> <span class='ocrx_word' id='word_1_695' title='bbox 2497 3810 2679 3865; x_wconf 87' lang='lat' dir='ltr'><strong>aquam</strong></span> <span class='ocrx_word' id='word_1_696' title='bbox 2708 3797 2771 3849; x_wconf 85' lang='lat' dir='ltr'><strong>iis</strong></span> <span class='ocrx_word' id='word_1_697' title='bbox 2801 3798 2886 3865; x_wconf 85' lang='lat' dir='ltr'><strong>qui</strong></span> <span class='ocrx_word' id='word_1_698' title='bbox 2922 3798 2975 3850; x_wconf 90' lang='lat' dir='ltr'><strong>in</strong></span> <span class='ocrx_word' id='word_1_699' title='bbox 3024 3799 3157 3852; x_wconf 84' lang='lat' dir='ltr'><strong>sicco</strong></span> <span class='ocrx_word' id='word_1_700' title='bbox 3183 3800 3279 3852; x_wconf 89' lang='lat' dir='ltr'><strong>iter</strong></span> <span class='ocrx_word' id='word_1_701' title='bbox 3312 3801 3539 3869; x_wconf 67' lang='lat' dir='ltr'><strong>fecerunt,</strong></span> <span class='ocrx_word' id='word_1_702' title='bbox 3576 3804 3612 3848; x_wconf 86' lang='lat' dir='ltr'><strong>et</strong></span> <span class='ocrx_word' id='word_1_703' title='bbox 3633 3798 3744 3861; x_wconf 70' lang='grc' dir='ltr'>ροιωα</span> 
     </span>
    </p>
   </div>
   <div class='ocr_carea' id='block_1_83' title="bbox 2284 3875 3743 3953">
    <p class='ocr_par' dir='ltr' id='par_1_83' title="bbox 2284 3875 3743 3953">
     <span class='ocr_line' id='line_1_83' title="bbox 2284 3875 3743 3953; baseline -0.004 -18"><span class='ocrx_word' id='word_1_704' title='bbox 2284 3880 2534 3951; x_wconf 87' lang='lat' dir='ltr'><strong>Spiritum</strong></span> <span class='ocrx_word' id='word_1_705' title='bbox 2593 3900 2756 3938; x_wconf 88' lang='lat' dir='ltr'><strong>meum</strong></span> <span class='ocrx_word' id='word_1_706' title='bbox 2800 3901 2955 3953; x_wconf 90' lang='lat' dir='ltr'><strong>super</strong></span> <span class='ocrx_word' id='word_1_707' title='bbox 3012 3902 3179 3941; x_wconf 85' lang='lat' dir='ltr'><strong>semen</strong></span> <span class='ocrx_word' id='word_1_708' title='bbox 3220 3898 3399 3953; x_wconf 90' lang='lat' dir='ltr'><strong>tuum,</strong></span> <span class='ocrx_word' id='word_1_709' title='bbox 3455 3895 3496 3940; x_wconf 89' lang='lat' dir='ltr'><strong>et</strong></span> <span class='ocrx_word' id='word_1_710' title='bbox 3544 3875 3743 3936; x_wconf 69' lang='lat' dir='ltr'><strong>benedictio-</strong></span> 
     </span>
    </p>
   </div>
   <div class='ocr_carea' id='block_1_84' title="bbox 2282 3962 3742 4043">
    <p class='ocr_par' dir='ltr' id='par_1_84' title="bbox 2282 3962 3742 4043">
     <span class='ocr_line' id='line_1_84' title="bbox 2282 3962 3742 4043; baseline -0.002 -20"><span class='ocrx_word' id='word_1_711' title='bbox 2282 3987 2366 4024; x_wconf 90' lang='lat' dir='ltr'><strong>nes</strong></span> <span class='ocrx_word' id='word_1_712' title='bbox 2428 3989 2561 4025; x_wconf 89' lang='lat' dir='ltr'><strong>meas</strong></span> <span class='ocrx_word' id='word_1_713' title='bbox 2618 3990 2766 4043; x_wconf 89' lang='lat' dir='ltr'><strong>super</strong></span> <span class='ocrx_word' id='word_1_714' title='bbox 2812 3974 2946 4041; x_wconf 76' lang='lat' dir='ltr'><strong>ﬁlios</strong></span> <span class='ocrx_word' id='word_1_715' title='bbox 2997 3985 3145 4029; x_wconf 89' lang='lat' dir='ltr'><strong>tuos:</strong></span> <span class='ocrx_word' id='word_1_716' title='bbox 3190 3988 3237 4029; x_wconf 91' lang='lat' dir='ltr'><strong>et</strong></span> <span class='ocrx_word' id='word_1_717' title='bbox 3291 3978 3472 4031; x_wconf 86' lang='lat' dir='ltr'><strong>orietur</strong></span> <span class='ocrx_word' id='word_1_718' title='bbox 3515 3962 3742 4038; x_wconf 68' lang='lat' dir='ltr'><strong>tanquamil</strong></span> 
     </span>
    </p>
   </div>
   <div class='ocr_carea' id='block_1_85' title="bbox 2280 4053 3740 4137">
    <p class='ocr_par' dir='ltr' id='par_1_85' title="bbox 2280 4053 3740 4137">
     <span class='ocr_line' id='line_1_85' title="bbox 2280 4053 3740 4137; baseline 0.003 -21"><span class='ocrx_word' id='word_1_719' title='bbox 2280 4080 2414 4133; x_wconf 89' lang='lat' dir='ltr'><strong>aqua</strong></span> <span class='ocrx_word' id='word_1_720' title='bbox 2461 4070 2633 4135; x_wconf 83' lang='lat' dir='ltr'><strong>fenum</strong></span> <span class='ocrx_word' id='word_1_721' title='bbox 2668 4106 2682 4130; x_wconf 96' lang='lat'><strong>,</strong></span> <span class='ocrx_word' id='word_1_722' title='bbox 2735 4066 2867 4119; x_wconf 90' lang='lat' dir='ltr'><strong>velut</strong></span> <span class='ocrx_word' id='word_1_723' title='bbox 2913 4067 3048 4121; x_wconf 81' lang='lat' dir='ltr'><strong>satia:</strong></span> <span class='ocrx_word' id='word_1_724' title='bbox 3095 4068 3227 4120; x_wconf 88' lang='lat' dir='ltr'><strong>inter</strong></span> <span class='ocrx_word' id='word_1_725' title='bbox 3269 4072 3440 4137; x_wconf 74' lang='lat' dir='ltr'><strong>fluxus</strong></span> <span class='ocrx_word' id='word_1_726' title='bbox 3492 4077 3610 4133; x_wconf 68' lang='lat' dir='ltr'><strong>aqua?</strong></span> <span class='ocrx_word' id='word_1_727' title='bbox 3647 4053 3740 4127; x_wconf 63' lang='lat' dir='ltr'><strong>(M-</strong></span> 
     </span>
    </p>
   </div>
   <div class='ocr_carea' id='block_1_86' title="bbox 2284 4150 3741 4226">
    <p class='ocr_par' dir='ltr' id='par_1_86' title="bbox 2284 4150 3741 4226">
     <span class='ocr_line' id='line_1_86' title="bbox 2284 4150 3741 4226; baseline 0.003 -17"><span class='ocrx_word' id='word_1_728' title='bbox 2284 4171 2427 4222; x_wconf 82' lang='lat' dir='ltr'><strong>xuv,</strong></span> <span class='ocrx_word' id='word_1_729' title='bbox 2486 4157 2564 4225; x_wconf 77' lang='lat'><strong>5).</strong></span> <span class='ocrx_word' id='word_1_730' title='bbox 2616 4157 2753 4226; x_wconf 75' lang='lat' dir='ltr'><strong>Ergo</strong></span> <span class='ocrx_word' id='word_1_731' title='bbox 2805 4157 3082 4212; x_wconf 69' lang='lat' dir='ltr'><strong>manifeste</strong></span> <span class='ocrx_word' id='word_1_732' title='bbox 3130 4156 3421 4226; x_wconf 90' lang='lat' dir='ltr'><strong>Scripturis</strong></span> <span class='ocrx_word' id='word_1_733' title='bbox 3470 4150 3632 4209; x_wconf 52' lang='lat' dir='ltr'><strong>sanctis</strong></span> <span class='ocrx_word' id='word_1_734' title='bbox 3667 4156 3741 4213; x_wconf 68' lang='grc' dir='ltr'><strong>Ρτο·</strong></span> 
     </span>
    </p>
   </div>
   <div class='ocr_carea' id='block_1_87' title="bbox 2284 4230 3742 4316">
    <p class='ocr_par' dir='ltr' id='par_1_87' title="bbox 2284 4230 3742 4316">
     <span class='ocr_line' id='line_1_87' title="bbox 2284 4230 3742 4316; baseline -0.003 -19"><span class='ocrx_word' id='word_1_735' title='bbox 2284 4247 2551 4300; x_wconf 87' lang='lat' dir='ltr'><strong>titentibus</strong></span> <span class='ocrx_word' id='word_1_736' title='bbox 2580 4290 2595 4311; x_wconf 97' lang='lat'><strong>,</strong></span> <span class='ocrx_word' id='word_1_737' title='bbox 2672 4236 2864 4315; x_wconf 79' lang='lat' dir='ltr'><strong>aquam</strong></span> <span class='ocrx_word' id='word_1_738' title='bbox 2923 4247 3093 4301; x_wconf 83' lang='lat' dir='ltr'><strong>vivam</strong></span> <span class='ocrx_word' id='word_1_739' title='bbox 3142 4248 3396 4316; x_wconf 90' lang='lat' dir='ltr'><strong>Spiritum</strong></span> <span class='ocrx_word' id='word_1_740' title='bbox 3443 4259 3547 4301; x_wconf 81' lang='lat' dir='ltr'><strong>esse</strong></span> <span class='ocrx_word' id='word_1_741' title='bbox 3578 4230 3742 4307; x_wconf 66' lang='grc' dir='ltr'><strong>εοςυοτὶ·</strong></span> 
     </span>
    </p>
   </div>
   <div class='ocr_carea' id='block_1_88' title="bbox 2279 4321 3741 4407">
    <p class='ocr_par' dir='ltr' id='par_1_88' title="bbox 2279 4321 3741 4407">
     <span class='ocr_line' id='line_1_88' title="bbox 2279 4321 3741 4407; baseline -0.024 5"><span class='ocrx_word' id='word_1_742' title='bbox 2279 4350 2416 4390; x_wconf 75' lang='grc' dir='ltr'><strong>¹¹¹¹¹⁵ο</strong></span> <span class='ocrx_word' id='word_1_743' title='bbox 2466 4337 2624 4407; x_wconf 78' lang='lat'><strong>325</strong></span> <span class='ocrx_word' id='word_1_744' title='bbox 2658 4336 2913 4391; x_wconf 88' lang='lat' dir='ltr'><strong>Dominus</strong></span> <span class='ocrx_word' id='word_1_745' title='bbox 2959 4352 3017 4392; x_wconf 90' lang='lat' dir='ltr'><strong>se</strong></span> <span class='ocrx_word' id='word_1_746' title='bbox 3045 4337 3245 4393; x_wconf 81' lang='lat' dir='ltr'><strong>fontem</strong></span> <span class='ocrx_word' id='word_1_747' title='bbox 3291 4339 3528 4407; x_wconf 70' lang='lat' dir='ltr'><strong>Spiritum</strong></span> <span class='ocrx_word' id='word_1_748' title='bbox 3554 4343 3643 4385; x_wconf 87' lang='lat' dir='ltr'><strong>esse</strong></span> <span class='ocrx_word' id='word_1_749' title='bbox 3664 4321 3741 4378; x_wconf 71' lang='lat' dir='ltr'><strong>dixit</strong></span> 
     </span>
    </p>
   </div>
   <div class='ocr_carea' id='block_1_89' title="bbox 2280 4423 3740 4501">
    <p class='ocr_par' dir='ltr' id='par_1_89' title="bbox 2280 4423 3740 4501">
     <span class='ocr_line' id='line_1_89' title="bbox 2280 4423 3740 4501; baseline -0.006 -18"><span class='ocrx_word' id='word_1_750' title='bbox 2280 4430 2358 4483; x_wconf 87' lang='lat' dir='ltr'><strong>sic</strong></span> <span class='ocrx_word' id='word_1_751' title='bbox 2391 4446 2405 4482; x_wconf 94' lang='lat'><strong>:</strong></span> <span class='ocrx_word' id='word_1_752' title='bbox 2441 4428 2523 4483; x_wconf 78' lang='lat' dir='ltr'><strong>Me</strong></span> <span class='ocrx_word' id='word_1_753' title='bbox 2550 4430 2937 4499; x_wconf 87' lang='lat' dir='ltr'><strong>&#39;dereliquerunt</strong></span> <span class='ocrx_word' id='word_1_754' title='bbox 2969 4432 3157 4501; x_wconf 82' lang='lat' dir='ltr'><strong>fontem</strong></span> <span class='ocrx_word' id='word_1_755' title='bbox 3192 4447 3339 4500; x_wconf 66' lang='lat' dir='ltr'><strong>aqum</strong></span> <span class='ocrx_word' id='word_1_756' title='bbox 3378 4432 3491 4483; x_wconf 74' lang='lat' dir='ltr'><strong>viva:</strong></span> <span class='ocrx_word' id='word_1_757' title='bbox 3524 4423 3679 4496; x_wconf 79' lang='lat' dir='ltr'><strong>(1mm.</strong></span> <span class='ocrx_word' id='word_1_758' title='bbox 3697 4430 3740 4472; x_wconf 65' lang='lat' dir='ltr'><strong>II.</strong></span> 
     </span>
    </p>
   </div>
   <div class='ocr_carea' id='block_1_90' title="bbox 601 4511 3739 4605">
    <p class='ocr_par' dir='ltr' id='par_1_90' title="bbox 601 4511 3739 4605">
     <span class='ocr_line' id='line_1_90' title="bbox 601 4511 3739 4605; baseline -0.002 -26"><span class='ocrx_word' id='word_1_759' title='bbox 601 4544 753 4595; x_wconf 86' lang='lat' dir='ltr'><strong>quant</strong></span> <span class='ocrx_word' id='word_1_760' title='bbox 776 4527 929 4596; x_wconf 86' lang='lat' dir='ltr'><strong>ignis,</strong></span> <span class='ocrx_word' id='word_1_761' title='bbox 953 4535 1000 4579; x_wconf 91' lang='lat' dir='ltr'><strong>et</strong></span> <span class='ocrx_word' id='word_1_762' title='bbox 1029 4527 1159 4578; x_wconf 89' lang='lat' dir='ltr'><strong>sedit</strong></span> <span class='ocrx_word' id='word_1_763' title='bbox 1189 4542 1342 4595; x_wconf 86' lang='lat' dir='ltr'><strong>super</strong></span> <span class='ocrx_word' id='word_1_764' title='bbox 1373 4542 1769 4595; x_wconf 85' lang='lat' dir='ltr'><strong>unumquemque</strong></span> <span class='ocrx_word' id='word_1_765' title='bbox 1790 4543 1982 4591; x_wconf 79' lang='lat' dir='ltr'><strong>eorum,</strong></span> <span class='ocrx_word' id='word_1_766' title='bbox 2010 4540 2056 4581; x_wconf 90' lang='lat' dir='ltr'><strong>et</strong></span> <span class='ocrx_word' id='word_1_767' title='bbox 2073 4545 2172 4582; x_wconf 74' lang='lat' dir='ltr'><strong>cae-</strong></span> <span class='ocrx_word' id='word_1_768' title='bbox 2204 4544 2252 4605; x_wconf 75' lang='grc' dir='ltr'><strong><em>υ</em></strong></span> <span class='ocrx_word' id='word_1_769' title='bbox 2281 4526 2395 4588; x_wconf 76' lang='grc'><strong>15).</strong></span> <span class='ocrx_word' id='word_1_770' title='bbox 2426 4525 2515 4581; x_wconf 86' lang='lat' dir='ltr'><strong>Sic</strong></span> <span class='ocrx_word' id='word_1_771' title='bbox 2540 4535 2594 4580; x_wconf 92' lang='lat' dir='ltr'><strong>et</strong></span> <span class='ocrx_word' id='word_1_772' title='bbox 2619 4526 2787 4579; x_wconf 70' lang='lat' dir='ltr'><strong>David</strong></span> <span class='ocrx_word' id='word_1_773' title='bbox 2818 4536 2999 4581; x_wconf 88' lang='lat' dir='ltr'><strong>cantat</strong></span> <span class='ocrx_word' id='word_1_774' title='bbox 3030 4528 3080 4581; x_wconf 92' lang='lat' dir='ltr'><strong>in</strong></span> <span class='ocrx_word' id='word_1_775' title='bbox 3110 4528 3385 4583; x_wconf 89' lang='lat' dir='ltr'><strong>tricesimo</strong></span> <span class='ocrx_word' id='word_1_776' title='bbox 3412 4524 3573 4594; x_wconf 87' lang='lat' dir='ltr'><strong>quinto</strong></span> <span class='ocrx_word' id='word_1_777' title='bbox 3596 4511 3739 4605; x_wconf 44' lang='lat' dir='ltr'><strong>p511“)</strong></span> 
     </span>
    </p>
   </div>
   <div class='ocr_carea' id='block_1_91' title="bbox 602 4616 2173 4687">
    <p class='ocr_par' dir='ltr' id='par_1_91' title="bbox 602 4616 2173 4687">
     <span class='ocr_line' id='line_1_91' title="bbox 602 4616 2173 4687; baseline 0 -16"><span class='ocrx_word' id='word_1_778' title='bbox 602 4628 782 4687; x_wconf 87' lang='lat' dir='ltr'><strong>perunt</strong></span> <span class='ocrx_word' id='word_1_779' title='bbox 814 4618 948 4687; x_wconf 85' lang='lat' dir='ltr'><strong>loqui</strong></span> <span class='ocrx_word' id='word_1_780' title='bbox 979 4618 1126 4670; x_wconf 89' lang='lat' dir='ltr'><strong>variis</strong></span> <span class='ocrx_word' id='word_1_781' title='bbox 1157 4617 1345 4686; x_wconf 87' lang='lat' dir='ltr'><strong>linguis</strong></span> <span class='ocrx_word' id='word_1_782' title='bbox 1369 4616 1753 4686; x_wconf 84' lang='lat' dir='ltr'><strong>proutSpiritus</strong></span> <span class='ocrx_word' id='word_1_783' title='bbox 1792 4628 1994 4671; x_wconf 89' lang='lat' dir='ltr'><strong>sanctus</strong></span> <span class='ocrx_word' id='word_1_784' title='bbox 2021 4618 2173 4671; x_wconf 88' lang='lat' dir='ltr'><strong>dabat</strong></span> 
     </span>
    </p>
   </div>
   <div class='ocr_carea' id='block_1_92' title="bbox 602 4696 2172 4781">
    <p class='ocr_par' dir='ltr' id='par_1_92' title="bbox 602 4696 2172 4781">
     <span class='ocr_line' id='line_1_92' title="bbox 602 4696 2172 4781; baseline 0.001 -19"><span class='ocrx_word' id='word_1_785' title='bbox 602 4711 937 4781; x_wconf 88' lang='lat' dir='ltr'><strong>pronuntiare</strong></span> <span class='ocrx_word' id='word_1_786' title='bbox 952 4708 1024 4763; x_wconf 90' lang='lat' dir='ltr'><strong>eis</strong></span> <span class='ocrx_word' id='word_1_787' title='bbox 1039 4708 1174 4777; x_wconf 80' lang='lat' dir='ltr'><strong>(Act.</strong></span> <span class='ocrx_word' id='word_1_788' title='bbox 1207 4724 1264 4772; x_wconf 88' lang='grc' dir='ltr'>ιι,</span> <span class='ocrx_word' id='word_1_789' title='bbox 1300 4708 1376 4779; x_wconf 78' lang='grc'><strong>1).</strong></span> <span class='ocrx_word' id='word_1_790' title='bbox 1409 4696 1583 4763; x_wconf 78' lang='lat' dir='ltr'><strong>Simili</strong></span> <span class='ocrx_word' id='word_1_791' title='bbox 1610 4707 1768 4762; x_wconf 89' lang='lat' dir='ltr'><strong>modo</strong></span> <span class='ocrx_word' id='word_1_792' title='bbox 1814 4724 2035 4777; x_wconf 82' lang='lat' dir='ltr'><strong>magnus</strong></span> <span class='ocrx_word' id='word_1_793' title='bbox 2084 4709 2172 4764; x_wconf 90' lang='lat' dir='ltr'><strong>ille</strong></span> 
     </span>
    </p>
   </div>
   <div class='ocr_carea' id='block_1_93' title="bbox 603 4796 2172 4867">
    <p class='ocr_par' dir='ltr' id='par_1_93' title="bbox 603 4796 2172 4867">
     <span class='ocr_line' id='line_1_93' title="bbox 603 4796 2172 4867; baseline -0.001 -12"><span class='ocrx_word' id='word_1_794' title='bbox 603 4800 697 4855; x_wconf 86' lang='lat' dir='ltr'><strong>lnb</strong></span> <span class='ocrx_word' id='word_1_795' title='bbox 717 4800 972 4854; x_wconf 87' lang='lat' dir='ltr'><strong>adversus</strong></span> <span class='ocrx_word' id='word_1_796' title='bbox 994 4800 1195 4853; x_wconf 89' lang='lat' dir='ltr'><strong>amicos</strong></span> <span class='ocrx_word' id='word_1_797' title='bbox 1216 4813 1359 4863; x_wconf 88' lang='lat' dir='ltr'><strong>suos,</strong></span> <span class='ocrx_word' id='word_1_798' title='bbox 1392 4812 1512 4852; x_wconf 88' lang='lat' dir='ltr'><strong>cum</strong></span> <span class='ocrx_word' id='word_1_799' title='bbox 1541 4807 1723 4852; x_wconf 87' lang='lat' dir='ltr'><strong>essent</strong></span> <span class='ocrx_word' id='word_1_800' title='bbox 1752 4796 1949 4867; x_wconf 91' lang='lat' dir='ltr'><strong>Spiritu</strong></span> <span class='ocrx_word' id='word_1_801' title='bbox 1988 4808 2172 4853; x_wconf 85' lang='lat' dir='ltr'><strong>sancto</strong></span> 
     </span>
    </p>
   </div>
   <div class='ocr_carea' id='block_1_94' title="bbox 597 4889 2169 4959">
    <p class='ocr_par' dir='ltr' id='par_1_94' title="bbox 597 4889 2169 4959">
     <span class='ocr_line' id='line_1_94' title="bbox 597 4889 2169 4959; baseline 0 -16"><span class='ocrx_word' id='word_1_802' title='bbox 597 4889 810 4959; x_wconf 86' lang='lat' dir='ltr'><strong>privati,</strong></span> <span class='ocrx_word' id='word_1_803' title='bbox 846 4898 900 4943; x_wconf 91' lang='lat' dir='ltr'><strong>et</strong></span> <span class='ocrx_word' id='word_1_804' title='bbox 930 4889 1059 4942; x_wconf 86' lang='lat' dir='ltr'><strong>nihil</strong></span> <span class='ocrx_word' id='word_1_805' title='bbox 1086 4904 1273 4944; x_wconf 87' lang='lat' dir='ltr'><strong>verum</strong></span> <span class='ocrx_word' id='word_1_806' title='bbox 1306 4889 1570 4951; x_wconf 90' lang='lat' dir='ltr'><strong>dicerent,</strong></span> <span class='ocrx_word' id='word_1_807' title='bbox 1614 4902 1787 4958; x_wconf 90' lang='lat' dir='ltr'><strong>neque</strong></span> <span class='ocrx_word' id='word_1_808' title='bbox 1825 4889 2169 4957; x_wconf 85' lang='lat' dir='ltr'><strong>opinarentur</strong></span> 
     </span>
    </p>
   </div>
   <div class='ocr_carea' id='block_1_95' title="bbox 592 4979 2163 5052">
    <p class='ocr_par' dir='ltr' id='par_1_95' title="bbox 592 4979 2163 5052">
     <span class='ocr_line' id='line_1_95' title="bbox 592 4979 2163 5052; baseline 0 -18"><span class='ocrx_word' id='word_1_809' title='bbox 592 4998 650 5036; x_wconf 89' lang='lat' dir='ltr'><strong>se</strong></span> <span class='ocrx_word' id='word_1_810' title='bbox 676 4989 800 5036; x_wconf 85' lang='lat' dir='ltr'><strong>ante</strong></span> <span class='ocrx_word' id='word_1_811' title='bbox 828 4980 995 5035; x_wconf 89' lang='lat' dir='ltr'><strong>Deum</strong></span> <span class='ocrx_word' id='word_1_812' title='bbox 1053 4982 1217 5052; x_wconf 90' lang='lat' dir='ltr'><strong>loqui,</strong></span> <span class='ocrx_word' id='word_1_813' title='bbox 1259 4982 1464 5035; x_wconf 89' lang='lat' dir='ltr'><strong>aiebat:</strong></span> <span class='ocrx_word' id='word_1_814' title='bbox 1514 4979 1704 5035; x_wconf 89' lang='lat' dir='ltr'><strong>Nonne</strong></span> <span class='ocrx_word' id='word_1_815' title='bbox 1742 4991 1859 5035; x_wconf 90' lang='lat' dir='ltr'><strong>ante</strong></span> <span class='ocrx_word' id='word_1_816' title='bbox 1890 4979 2163 5035; x_wconf 87' lang='lat' dir='ltr'><strong>Dominum</strong></span> 
     </span>
    </p>
   </div>
   <div class='ocr_carea' id='block_1_96' title="bbox 592 5070 2168 5143">
    <p class='ocr_par' dir='ltr' id='par_1_96' title="bbox 592 5070 2168 5143">
     <span class='ocr_line' id='line_1_96' title="bbox 592 5070 2168 5143; baseline -0.003 -15"><span class='ocrx_word' id='word_1_817' title='bbox 592 5073 854 5143; x_wconf 88' lang='lat' dir='ltr'><strong>loquimini</strong></span> <span class='ocrx_word' id='word_1_818' title='bbox 884 5071 1023 5141; x_wconf 72' lang='lat' dir='ltr'><strong>(Job.</strong></span> <span class='ocrx_word' id='word_1_819' title='bbox 1055 5089 1168 5136; x_wconf 70' lang='grc' dir='ltr'>χιιι,</span> <span class='ocrx_word' id='word_1_820' title='bbox 1195 5074 1281 5140; x_wconf 79' lang='lat'><strong>7)?</strong></span> <span class='ocrx_word' id='word_1_821' title='bbox 1310 5070 1372 5124; x_wconf 86' lang='lat' dir='ltr'><strong>Et</strong></span> <span class='ocrx_word' id='word_1_822' title='bbox 1397 5085 1607 5124; x_wconf 88' lang='lat' dir='ltr'><strong>rursum</strong></span> <span class='ocrx_word' id='word_1_823' title='bbox 1636 5088 1648 5123; x_wconf 92' lang='lat'><strong>:</strong></span> <span class='ocrx_word' id='word_1_824' title='bbox 1695 5071 1798 5126; x_wconf 88' lang='lat' dir='ltr'><strong>Cui</strong></span> <span class='ocrx_word' id='word_1_825' title='bbox 1849 5073 2168 5125; x_wconf 86' lang='lat' dir='ltr'><strong>annuntiasti</strong></span> 
     </span>
    </p>
   </div>
   <div class='ocr_carea' id='block_1_97' title="bbox 592 5160 2163 5235">
    <p class='ocr_par' dir='ltr' id='par_1_97' title="bbox 592 5160 2163 5235">
     <span class='ocr_line' id='line_1_97' title="bbox 592 5160 2163 5235; baseline -0.004 -14"><span class='ocrx_word' id='word_1_826' title='bbox 592 5166 776 5221; x_wconf 87' lang='lat' dir='ltr'><strong>verba?</strong></span> <span class='ocrx_word' id='word_1_827' title='bbox 803 5164 1081 5235; x_wconf 77' lang='lat' dir='ltr'><strong>[aspiratio</strong></span> <span class='ocrx_word' id='word_1_828' title='bbox 1103 5178 1219 5216; x_wconf 87' lang='lat' dir='ltr'><strong>vero</strong></span> <span class='ocrx_word' id='word_1_829' title='bbox 1241 5165 1385 5234; x_wconf 80' lang='lat' dir='ltr'><strong>cujus</strong></span> <span class='ocrx_word' id='word_1_830' title='bbox 1407 5172 1498 5229; x_wconf 89' lang='lat' dir='ltr'><strong>est,</strong></span> <span class='ocrx_word' id='word_1_831' title='bbox 1524 5177 1635 5230; x_wconf 69' lang='lat' dir='ltr'><strong>qua:</strong></span> <span class='ocrx_word' id='word_1_832' title='bbox 1658 5162 1883 5230; x_wconf 85' lang='lat' dir='ltr'><strong>procedit</strong></span> <span class='ocrx_word' id='word_1_833' title='bbox 1908 5172 1999 5215; x_wconf 90' lang='lat' dir='ltr'><strong>ate</strong></span> <span class='ocrx_word' id='word_1_834' title='bbox 2015 5160 2163 5231; x_wconf 84' lang='lat' dir='ltr'><strong>(Job.</strong></span> 
     </span>
    </p>
   </div>
   <div class='ocr_carea' id='block_1_98' title="bbox 591 5252 2163 5325">
    <p class='ocr_par' dir='ltr' id='par_1_98' title="bbox 591 5252 2163 5325">
     <span class='ocr_line' id='line_1_98' title="bbox 591 5252 2163 5325; baseline -0.003 -14"><span class='ocrx_word' id='word_1_835' title='bbox 591 5274 735 5321; x_wconf 73' lang='lat' dir='ltr'><strong>xxvn,</strong></span> <span class='ocrx_word' id='word_1_836' title='bbox 767 5256 850 5325; x_wconf 69' lang='lat'><strong>4)?</strong></span> <span class='ocrx_word' id='word_1_837' title='bbox 874 5256 946 5310; x_wconf 84' lang='lat' dir='ltr'><strong>Ex</strong></span> <span class='ocrx_word' id='word_1_838' title='bbox 980 5254 1172 5324; x_wconf 87' lang='lat' dir='ltr'><strong>quibus</strong></span> <span class='ocrx_word' id='word_1_839' title='bbox 1218 5268 1357 5308; x_wconf 87' lang='lat' dir='ltr'><strong>unus</strong></span> <span class='ocrx_word' id='word_1_840' title='bbox 1409 5267 1598 5322; x_wconf 77' lang='lat' dir='ltr'><strong>magna</strong></span> <span class='ocrx_word' id='word_1_841' title='bbox 1654 5252 2118 5322; x_wconf 53' lang='lat' dir='ltr'><strong>loquengdicebat</strong></span> <span class='ocrx_word' id='word_1_842' title='bbox 2148 5268 2163 5306; x_wconf 91' lang='lat'><strong>:</strong></span> 
     </span>
    </p>
   </div>
   <div class='ocr_carea' id='block_1_99' title="bbox 589 5341 2159 5415">
    <p class='ocr_par' dir='ltr' id='par_1_99' title="bbox 589 5341 2159 5415">
     <span class='ocr_line' id='line_1_99' title="bbox 589 5341 2159 5415; baseline -0.005 -14"><span class='ocrx_word' id='word_1_843' title='bbox 589 5346 815 5415; x_wconf 88' lang='lat' dir='ltr'><strong>Spiritus</strong></span> <span class='ocrx_word' id='word_1_844' title='bbox 840 5345 1018 5413; x_wconf 87' lang='lat' dir='ltr'><strong>estqui</strong></span> <span class='ocrx_word' id='word_1_845' title='bbox 1045 5342 1344 5395; x_wconf 85' lang='lat' dir='ltr'><strong>mortalibus</strong></span> <span class='ocrx_word' id='word_1_846' title='bbox 1385 5342 1670 5405; x_wconf 80' lang='lat' dir='ltr'><strong>intercedit,</strong></span> <span class='ocrx_word' id='word_1_847' title='bbox 1720 5341 1988 5408; x_wconf 87' lang='lat' dir='ltr'><strong>inspiratio</strong></span> <span class='ocrx_word' id='word_1_848' title='bbox 2045 5356 2159 5393; x_wconf 87' lang='lat' dir='ltr'><strong>vero</strong></span> 
     </span>
    </p>
   </div>
   <div class='ocr_carea' id='block_1_100' title="bbox 586 5430 2164 5508">
    <p class='ocr_par' dir='ltr' id='par_1_100' title="bbox 586 5430 2164 5508">
     <span class='ocr_line' id='line_1_100' title="bbox 586 5430 2164 5508; baseline -0.005 -18"><span class='ocrx_word' id='word_1_849' title='bbox 586 5437 962 5508; x_wconf 64' lang='lat' dir='ltr'><strong>omnipotentis:</strong></span> <span class='ocrx_word' id='word_1_850' title='bbox 980 5444 1054 5488; x_wconf 89' lang='lat' dir='ltr'><strong>est</strong></span> <span class='ocrx_word' id='word_1_851' title='bbox 1074 5448 1186 5501; x_wconf 74' lang='lat' dir='ltr'><strong>qua:</strong></span> <span class='ocrx_word' id='word_1_852' title='bbox 1224 5448 1303 5485; x_wconf 88' lang='lat' dir='ltr'><strong>me</strong></span> <span class='ocrx_word' id='word_1_853' title='bbox 1358 5432 1500 5484; x_wconf 89' lang='lat' dir='ltr'><strong>docet</strong></span> <span class='ocrx_word' id='word_1_854' title='bbox 1532 5430 1672 5501; x_wconf 85' lang='lat' dir='ltr'><strong>(Job.</strong></span> <span class='ocrx_word' id='word_1_855' title='bbox 1698 5446 1892 5496; x_wconf 66' lang='grc' dir='ltr'>χχχιιι,</span> <span class='ocrx_word' id='word_1_856' title='bbox 1917 5431 1999 5499; x_wconf 73' lang='grc'><strong>4).</strong></span> <span class='ocrx_word' id='word_1_857' title='bbox 2028 5432 2164 5484; x_wconf 86' lang='lat' dir='ltr'><strong>0m-</strong></span> 
     </span>
    </p>
   </div>
   <div class='ocr_carea' id='block_1_101' title="bbox 586 5523 2159 5597">
    <p class='ocr_par' dir='ltr' id='par_1_101' title="bbox 586 5523 2159 5597">
     <span class='ocr_line' id='line_1_101' title="bbox 586 5523 2159 5597; baseline -0.003 -15"><span class='ocrx_word' id='word_1_858' title='bbox 586 5532 826 5597; x_wconf 87' lang='lat' dir='ltr'><strong>nipotens</strong></span> <span class='ocrx_word' id='word_1_859' title='bbox 879 5538 1055 5582; x_wconf 90' lang='lat' dir='ltr'><strong>autem</strong></span> <span class='ocrx_word' id='word_1_860' title='bbox 1119 5525 1283 5580; x_wconf 93' lang='lat' dir='ltr'><strong>Filius</strong></span> <span class='ocrx_word' id='word_1_861' title='bbox 1313 5524 1430 5588; x_wconf 89' lang='lat' dir='ltr'><strong>Dei,</strong></span> <span class='ocrx_word' id='word_1_862' title='bbox 1468 5524 1535 5579; x_wconf 90' lang='lat' dir='ltr'><strong>de</strong></span> <span class='ocrx_word' id='word_1_863' title='bbox 1581 5537 1686 5592; x_wconf 91' lang='lat' dir='ltr'><strong>quo</strong></span> <span class='ocrx_word' id='word_1_864' title='bbox 1732 5523 2017 5577; x_wconf 84' lang='lat' dir='ltr'><strong>Zacharias</strong></span> <span class='ocrx_word' id='word_1_865' title='bbox 2046 5524 2159 5577; x_wconf 89' lang='lat' dir='ltr'><strong>ait:</strong></span> 
     </span>
    </p>
   </div>
   <div class='ocr_carea' id='block_1_102' title="bbox 586 5612 2159 5685">
    <p class='ocr_par' dir='ltr' id='par_1_102' title="bbox 586 5612 2159 5685">
     <span class='ocr_line' id='line_1_102' title="bbox 586 5612 2159 5685; baseline -0.003 -14"><span class='ocrx_word' id='word_1_866' title='bbox 586 5617 863 5685; x_wconf 83' lang='lat' dir='ltr'><strong>Propterea</strong></span> <span class='ocrx_word' id='word_1_867' title='bbox 890 5620 960 5672; x_wconf 92' lang='lat' dir='ltr'><strong>sic</strong></span> <span class='ocrx_word' id='word_1_868' title='bbox 990 5618 1111 5670; x_wconf 87' lang='lat' dir='ltr'><strong>dicit</strong></span> <span class='ocrx_word' id='word_1_869' title='bbox 1145 5613 1395 5669; x_wconf 87' lang='lat' dir='ltr'><strong>Dominus</strong></span> <span class='ocrx_word' id='word_1_870' title='bbox 1441 5613 1603 5683; x_wconf 64' lang='grc'><strong>324</strong></span> <span class='ocrx_word' id='word_1_871' title='bbox 1647 5614 1986 5681; x_wconf 87' lang='lat' dir='ltr'><strong>omnipotens.</strong></span> <span class='ocrx_word' id='word_1_872' title='bbox 2030 5612 2159 5666; x_wconf 86' lang='lat' dir='ltr'><strong>Post</strong></span> 
     </span>
    </p>
   </div>
   <div class='ocr_carea' id='block_1_103' title="bbox 586 5706 2162 5781">
    <p class='ocr_par' dir='ltr' id='par_1_103' title="bbox 586 5706 2162 5781">
     <span class='ocr_line' id='line_1_103' title="bbox 586 5706 2162 5781; baseline -0.001 -20"><span class='ocrx_word' id='word_1_873' title='bbox 586 5711 799 5780; x_wconf 61' lang='lat' dir='ltr'><strong>gloriam</strong></span> <span class='ocrx_word' id='word_1_874' title='bbox 821 5712 949 5763; x_wconf 71' lang='lat' dir='ltr'><strong>misit</strong></span> <span class='ocrx_word' id='word_1_875' title='bbox 974 5728 1051 5764; x_wconf 90' lang='lat' dir='ltr'><strong>me</strong></span> <span class='ocrx_word' id='word_1_876' title='bbox 1076 5725 1228 5779; x_wconf 88' lang='lat' dir='ltr'><strong>super</strong></span> <span class='ocrx_word' id='word_1_877' title='bbox 1254 5718 1443 5781; x_wconf 86' lang='lat' dir='ltr'><strong>gentes,</strong></span> <span class='ocrx_word' id='word_1_878' title='bbox 1462 5723 1574 5776; x_wconf 78' lang='lat' dir='ltr'><strong>qua:</strong></span> <span class='ocrx_word' id='word_1_879' title='bbox 1599 5723 1683 5760; x_wconf 90' lang='lat' dir='ltr'><strong>vos</strong></span> <span class='ocrx_word' id='word_1_880' title='bbox 1714 5706 2021 5774; x_wconf 68' lang='lat' dir='ltr'><strong>deprazdataa</strong></span> <span class='ocrx_word' id='word_1_881' title='bbox 2046 5719 2162 5760; x_wconf 88' lang='lat' dir='ltr'><strong>sunt</strong></span> 
     </span>
    </p>
   </div>
   <div class='ocr_carea' id='block_1_104' title="bbox 590 5797 2169 5873">
    <p class='ocr_par' dir='ltr' id='par_1_104' title="bbox 590 5797 2169 5873">
     <span class='ocr_line' id='line_1_104' title="bbox 590 5797 2169 5873; baseline -0.002 -19"><span class='ocrx_word' id='word_1_882' title='bbox 590 5800 770 5869; x_wconf 75' lang='lat' dir='ltr'><strong>(lacti.</strong></span> <span class='ocrx_word' id='word_1_883' title='bbox 800 5816 856 5869; x_wconf 89' lang='grc' dir='ltr'><strong>ιι,</strong></span> <span class='ocrx_word' id='word_1_884' title='bbox 872 5801 925 5872; x_wconf 86' lang='lat'><strong>8)</strong></span> <span class='ocrx_word' id='word_1_885' title='bbox 978 5801 1291 5856; x_wconf 82' lang='lat' dir='ltr'><strong>Audivimus</strong></span> <span class='ocrx_word' id='word_1_886' title='bbox 1314 5800 1472 5856; x_wconf 88' lang='lat' dir='ltr'><strong>etiam</strong></span> <span class='ocrx_word' id='word_1_887' title='bbox 1492 5799 1830 5855; x_wconf 87' lang='lat' dir='ltr'><strong>Salomonem</strong></span> <span class='ocrx_word' id='word_1_888' title='bbox 1849 5797 2119 5855; x_wconf 86' lang='lat' dir='ltr'><strong>dicentem</strong></span> <span class='ocrx_word' id='word_1_889' title='bbox 2146 5815 2169 5873; x_wconf 17' lang='grc' dir='ltr'><strong>εν</strong></span> 
     </span>
    </p>
   </div>
   <div class='ocr_carea' id='block_1_105' title="bbox 2278 4593 3739 4688">
    <p class='ocr_par' dir='ltr' id='par_1_105' title="bbox 2278 4593 3739 4688">
     <span class='ocr_line' id='line_1_105' title="bbox 2278 4593 3739 4688; baseline -0.007 -18"><span class='ocrx_word' id='word_1_890' title='bbox 2278 4618 2459 4671; x_wconf 82' lang='lat' dir='ltr'><strong>dicens</strong></span> <span class='ocrx_word' id='word_1_891' title='bbox 2482 4619 2546 4671; x_wconf 89' lang='lat' dir='ltr'><strong>ad</strong></span> <span class='ocrx_word' id='word_1_892' title='bbox 2580 4617 2858 4671; x_wconf 90' lang='lat' dir='ltr'><strong>Dominum</strong></span> <span class='ocrx_word' id='word_1_893' title='bbox 2887 4619 3051 4685; x_wconf 84' lang='lat' dir='ltr'><strong>:Quia</strong></span> <span class='ocrx_word' id='word_1_894' title='bbox 3074 4619 3212 4688; x_wconf 85' lang='lat' dir='ltr'><strong>apud</strong></span> <span class='ocrx_word' id='word_1_895' title='bbox 3240 4628 3287 4672; x_wconf 87' lang='lat' dir='ltr'><strong>te</strong></span> <span class='ocrx_word' id='word_1_896' title='bbox 3312 4628 3386 4671; x_wconf 90' lang='lat' dir='ltr'><strong>est</strong></span> <span class='ocrx_word' id='word_1_897' title='bbox 3406 4593 3508 4685; x_wconf 62' lang='lat' dir='ltr'><strong>pm.</strong></span> <span class='ocrx_word' id='word_1_898' title='bbox 3526 4612 3615 4665; x_wconf 69' lang='lat' dir='ltr'><strong>vita!</strong></span> <span class='ocrx_word' id='word_1_899' title='bbox 3632 4593 3739 4671; x_wconf 75' lang='grc' dir='ltr'>(Ρωιι</span> 
     </span>
    </p>
   </div>
   <div class='ocr_carea' id='block_1_106' title="bbox 2278 4690 3739 4784">
    <p class='ocr_par' dir='ltr' id='par_1_106' title="bbox 2278 4690 3739 4784">
     <span class='ocr_line' id='line_1_106' title="bbox 2278 4690 3739 4784; baseline -0.016 -23"><span class='ocrx_word' id='word_1_900' title='bbox 2278 4724 2437 4776; x_wconf 82' lang='lat' dir='ltr'><strong>xxxv,</strong></span> <span class='ocrx_word' id='word_1_901' title='bbox 2498 4707 2611 4776; x_wconf 80' lang='lat' dir='ltr'><strong>l0).</strong></span> <span class='ocrx_word' id='word_1_902' title='bbox 2655 4707 2817 4776; x_wconf 82' lang='lat' dir='ltr'><strong>Igitur</strong></span> <span class='ocrx_word' id='word_1_903' title='bbox 2867 4717 3061 4775; x_wconf 88' lang='lat' dir='ltr'><strong>pra-ter</strong></span> <span class='ocrx_word' id='word_1_904' title='bbox 3102 4709 3382 4763; x_wconf 87' lang='lat' dir='ltr'><strong>Dominum</strong></span> <span class='ocrx_word' id='word_1_905' title='bbox 3426 4721 3458 4755; x_wconf 81' lang='grc' dir='ltr'><strong>ο</strong></span> <span class='ocrx_word' id='word_1_906' title='bbox 3487 4699 3613 4757; x_wconf 86' lang='lat' dir='ltr'><strong>tende</strong></span> <span class='ocrx_word' id='word_1_907' title='bbox 3640 4690 3739 4784; x_wconf 29' lang='lat' dir='ltr'><strong>ali-uit</strong></span> 
     </span>
    </p>
   </div>
   <div class='ocr_carea' id='block_1_107' title="bbox 2275 4779 3742 4878">
    <p class='ocr_par' dir='ltr' id='par_1_107' title="bbox 2275 4779 3742 4878">
     <span class='ocr_line' id='line_1_107' title="bbox 2275 4779 3742 4878; baseline -0.006 -27"><span class='ocrx_word' id='word_1_908' title='bbox 2275 4799 2475 4854; x_wconf 75' lang='lat' dir='ltr'><strong>fontem</strong></span> <span class='ocrx_word' id='word_1_909' title='bbox 2507 4814 2625 4854; x_wconf 88' lang='lat' dir='ltr'><strong>esse</strong></span> <span class='ocrx_word' id='word_1_910' title='bbox 2654 4800 2797 4863; x_wconf 68' lang='lat' dir='ltr'><strong>vitaz,</strong></span> <span class='ocrx_word' id='word_1_911' title='bbox 2828 4801 2915 4869; x_wconf 88' lang='lat' dir='ltr'><strong>qui</strong></span> <span class='ocrx_word' id='word_1_912' title='bbox 2948 4800 3088 4868; x_wconf 89' lang='lat' dir='ltr'><strong>apud</strong></span> <span class='ocrx_word' id='word_1_913' title='bbox 3118 4815 3241 4854; x_wconf 92' lang='lat' dir='ltr'><strong>eum</strong></span> <span class='ocrx_word' id='word_1_914' title='bbox 3269 4800 3337 4854; x_wconf 90' lang='lat' dir='ltr'><strong>sit</strong></span> <span class='ocrx_word' id='word_1_915' title='bbox 3372 4816 3383 4851; x_wconf 93' lang='lat'><strong>:</strong></span> <span class='ocrx_word' id='word_1_916' title='bbox 3415 4812 3508 4851; x_wconf 87' lang='lat' dir='ltr'><strong>non</strong></span> <span class='ocrx_word' id='word_1_917' title='bbox 3529 4790 3637 4847; x_wconf 87' lang='lat' dir='ltr'><strong>enim</strong></span> <span class='ocrx_word' id='word_1_918' title='bbox 3659 4779 3742 4878; x_wconf 48' lang='lat' dir='ltr'><strong>di)“</strong></span> 
     </span>
    </p>
   </div>
   <div class='ocr_carea' id='block_1_108' title="bbox 2277 4878 3739 4960">
    <p class='ocr_par' dir='ltr' id='par_1_108' title="bbox 2277 4878 3739 4960">
     <span class='ocr_line' id='line_1_108' title="bbox 2277 4878 3739 4960; baseline -0.011 -17"><span class='ocrx_word' id='word_1_919' title='bbox 2277 4890 2531 4955; x_wconf 85' lang='lat' dir='ltr'><strong>Quoniam</strong></span> <span class='ocrx_word' id='word_1_920' title='bbox 2564 4900 2618 4943; x_wconf 89' lang='lat' dir='ltr'><strong>tu</strong></span> <span class='ocrx_word' id='word_1_921' title='bbox 2644 4906 2694 4943; x_wconf 88' lang='lat' dir='ltr'><strong>es</strong></span> <span class='ocrx_word' id='word_1_922' title='bbox 2725 4892 2838 4960; x_wconf 80' lang='lat' dir='ltr'><strong>fons</strong></span> <span class='ocrx_word' id='word_1_923' title='bbox 2863 4891 2996 4957; x_wconf 71' lang='lat' dir='ltr'><strong>vim,</strong></span> <span class='ocrx_word' id='word_1_924' title='bbox 3028 4890 3143 4946; x_wconf 54' lang='lat' dir='ltr'><strong>sed.</strong></span> <span class='ocrx_word' id='word_1_925' title='bbox 3168 4890 3302 4958; x_wconf 84' lang='lat' dir='ltr'><strong>Quia</strong></span> <span class='ocrx_word' id='word_1_926' title='bbox 3330 4890 3463 4959; x_wconf 87' lang='lat' dir='ltr'><strong>apud</strong></span> <span class='ocrx_word' id='word_1_927' title='bbox 3493 4896 3534 4938; x_wconf 86' lang='lat' dir='ltr'><strong>te</strong></span> <span class='ocrx_word' id='word_1_928' title='bbox 3562 4882 3648 4950; x_wconf 77' lang='lat' dir='ltr'><strong>fans</strong></span> <span class='ocrx_word' id='word_1_929' title='bbox 3672 4878 3739 4922; x_wconf 60' lang='lat' dir='ltr'><strong><em>WE</em></strong></span> 
     </span>
    </p>
   </div>
   <div class='ocr_carea' id='block_1_109' title="bbox 2277 4966 3740 5060">
    <p class='ocr_par' dir='ltr' id='par_1_109' title="bbox 2277 4966 3740 5060">
     <span class='ocr_line' id='line_1_109' title="bbox 2277 4966 3740 5060; baseline -0.008 -27"><span class='ocrx_word' id='word_1_930' title='bbox 2277 4991 2369 5034; x_wconf 88' lang='lat' dir='ltr'><strong>est.</strong></span> <span class='ocrx_word' id='word_1_931' title='bbox 2409 4979 2505 5035; x_wconf 87' lang='lat' dir='ltr'><strong>Est</strong></span> <span class='ocrx_word' id='word_1_932' title='bbox 2548 4994 2675 5035; x_wconf 80' lang='lat' dir='ltr'><strong>vero</strong></span> <span class='ocrx_word' id='word_1_933' title='bbox 2697 4980 2836 5049; x_wconf 91' lang='lat' dir='ltr'><strong>apud</strong></span> <span class='ocrx_word' id='word_1_934' title='bbox 2868 4981 3057 5048; x_wconf 88' lang='lat' dir='ltr'><strong>Deum,</strong></span> <span class='ocrx_word' id='word_1_935' title='bbox 3089 4990 3147 5037; x_wconf 91' lang='lat' dir='ltr'><strong>et</strong></span> <span class='ocrx_word' id='word_1_936' title='bbox 3171 4990 3254 5036; x_wconf 72' lang='grc' dir='ltr'><strong>εει</strong></span> <span class='ocrx_word' id='word_1_937' title='bbox 3281 4981 3440 5035; x_wconf 88' lang='lat' dir='ltr'><strong>Filius</strong></span> <span class='ocrx_word' id='word_1_938' title='bbox 3469 4977 3569 5031; x_wconf 87' lang='lat' dir='ltr'><strong>fons</strong></span> <span class='ocrx_word' id='word_1_939' title='bbox 3587 4966 3740 5060; x_wconf 42' lang='lat' dir='ltr'><strong>existi&quot;?</strong></span> 
     </span>
    </p>
   </div>
   <div class='ocr_carea' id='block_1_110' title="bbox 2272 5054 3739 5141">
    <p class='ocr_par' dir='ltr' id='par_1_110' title="bbox 2272 5054 3739 5141">
     <span class='ocr_line' id='line_1_110' title="bbox 2272 5054 3739 5141; baseline -0.005 -14"><span class='ocrx_word' id='word_1_940' title='bbox 2272 5072 2523 5140; x_wconf 83' lang='lat' dir='ltr'><strong>Spiritus,</strong></span> <span class='ocrx_word' id='word_1_941' title='bbox 2555 5073 2622 5127; x_wconf 87' lang='lat' dir='ltr'><strong>de</strong></span> <span class='ocrx_word' id='word_1_942' title='bbox 2649 5086 2755 5141; x_wconf 92' lang='lat' dir='ltr'><strong>quo</strong></span> <span class='ocrx_word' id='word_1_943' title='bbox 2782 5072 2979 5127; x_wconf 87' lang='lat' dir='ltr'><strong>Paulus</strong></span> <span class='ocrx_word' id='word_1_944' title='bbox 3002 5074 3067 5126; x_wconf 91' lang='lat' dir='ltr'><strong>ad</strong></span> <span class='ocrx_word' id='word_1_945' title='bbox 3110 5072 3380 5127; x_wconf 81' lang='lat' dir='ltr'><strong>Romanos</strong></span> <span class='ocrx_word' id='word_1_946' title='bbox 3422 5065 3612 5123; x_wconf 87' lang='lat' dir='ltr'><strong>scribit:</strong></span> <span class='ocrx_word' id='word_1_947' title='bbox 3634 5054 3739 5119; x_wconf 44' lang='grc' dir='ltr'><strong>δρῦν</strong></span> 
     </span>
    </p>
   </div>
   <div class='ocr_carea' id='block_1_111' title="bbox 2270 5148 3738 5235">
    <p class='ocr_par' dir='ltr' id='par_1_111' title="bbox 2270 5148 3738 5235">
     <span class='ocr_line' id='line_1_111' title="bbox 2270 5148 3738 5235; baseline -0.016 -19"><span class='ocrx_word' id='word_1_948' title='bbox 2270 5174 2349 5217; x_wconf 90' lang='lat' dir='ltr'><strong>tus</strong></span> <span class='ocrx_word' id='word_1_949' title='bbox 2379 5180 2493 5218; x_wconf 89' lang='lat' dir='ltr'><strong>vero</strong></span> <span class='ocrx_word' id='word_1_950' title='bbox 2522 5165 2636 5217; x_wconf 70' lang='lat' dir='ltr'><strong>vita:</strong></span> <span class='ocrx_word' id='word_1_951' title='bbox 2657 5172 2865 5234; x_wconf 85' lang='lat' dir='ltr'><strong>propter</strong></span> <span class='ocrx_word' id='word_1_952' title='bbox 2878 5166 3141 5234; x_wconf 87' lang='lat' dir='ltr'><strong>justitiam</strong></span> <span class='ocrx_word' id='word_1_953' title='bbox 3164 5163 3342 5235; x_wconf 83' lang='lat' dir='ltr'><strong>(Rom.</strong></span> <span class='ocrx_word' id='word_1_954' title='bbox 3372 5175 3483 5226; x_wconf 80' lang='lat' dir='ltr'><strong>vm,</strong></span> <span class='ocrx_word' id='word_1_955' title='bbox 3508 5152 3597 5221; x_wconf 87' lang='lat' dir='ltr'><strong>l0).</strong></span> <span class='ocrx_word' id='word_1_956' title='bbox 3617 5148 3738 5201; x_wconf 76' lang='lat' dir='ltr'><strong>ltancn</strong></span> 
     </span>
    </p>
   </div>
   <div class='ocr_carea' id='block_1_112' title="bbox 2268 5240 3739 5330">
    <p class='ocr_par' dir='ltr' id='par_1_112' title="bbox 2268 5240 3739 5330">
     <span class='ocr_line' id='line_1_112' title="bbox 2268 5240 3739 5330; baseline -0.012 -22"><span class='ocrx_word' id='word_1_957' title='bbox 2268 5256 2527 5320; x_wconf 88' lang='lat' dir='ltr'><strong>alienum,</strong></span> <span class='ocrx_word' id='word_1_958' title='bbox 2555 5253 2647 5309; x_wconf 93' lang='lat' dir='ltr'><strong>sed</strong></span> <span class='ocrx_word' id='word_1_959' title='bbox 2678 5254 2947 5324; x_wconf 89' lang='lat' dir='ltr'><strong>proprium</strong></span> <span class='ocrx_word' id='word_1_960' title='bbox 2976 5254 3148 5309; x_wconf 87' lang='lat' dir='ltr'><strong>Patris</strong></span> <span class='ocrx_word' id='word_1_961' title='bbox 3187 5268 3306 5308; x_wconf 91' lang='lat' dir='ltr'><strong>esse</strong></span> <span class='ocrx_word' id='word_1_962' title='bbox 3343 5267 3458 5307; x_wconf 90' lang='lat' dir='ltr'><strong>eum</strong></span> <span class='ocrx_word' id='word_1_963' title='bbox 3486 5243 3594 5300; x_wconf 89' lang='lat' dir='ltr'><strong>dicit</strong></span> <span class='ocrx_word' id='word_1_964' title='bbox 3620 5256 3628 5289; x_wconf 93' lang='lat'><strong>:</strong></span> <span class='ocrx_word' id='word_1_965' title='bbox 3665 5240 3739 5330; x_wconf 57' lang='lat' dir='ltr'><strong>uti“</strong></span> 
     </span>
    </p>
   </div>
   <div class='ocr_carea' id='block_1_113' title="bbox 2268 5328 3740 5415">
    <p class='ocr_par' dir='ltr' id='par_1_113' title="bbox 2268 5328 3740 5415">
     <span class='ocr_line' id='line_1_113' title="bbox 2268 5328 3740 5415; baseline -0.02 -15"><span class='ocrx_word' id='word_1_966' title='bbox 2268 5362 2386 5400; x_wconf 91' lang='lat' dir='ltr'><strong>cum</strong></span> <span class='ocrx_word' id='word_1_967' title='bbox 2431 5345 2704 5415; x_wconf 79' lang='lat' dir='ltr'><strong>professus</strong></span> <span class='ocrx_word' id='word_1_968' title='bbox 2751 5344 2975 5399; x_wconf 72' lang='lat' dir='ltr'><strong>fuisset:</strong></span> <span class='ocrx_word' id='word_1_969' title='bbox 3014 5344 3148 5412; x_wconf 85' lang='lat' dir='ltr'><strong>Quia</strong></span> <span class='ocrx_word' id='word_1_970' title='bbox 3179 5344 3317 5413; x_wconf 90' lang='lat' dir='ltr'><strong>apud</strong></span> <span class='ocrx_word' id='word_1_971' title='bbox 3361 5352 3406 5395; x_wconf 88' lang='lat' dir='ltr'><strong>te</strong></span> <span class='ocrx_word' id='word_1_972' title='bbox 3446 5346 3509 5392; x_wconf 83' lang='lat' dir='ltr'><strong>est</strong></span> <span class='ocrx_word' id='word_1_973' title='bbox 3545 5328 3740 5401; x_wconf 71' lang='lat' dir='ltr'><strong>fousritc.</strong></span> 
     </span>
    </p>
   </div>
   <div class='ocr_carea' id='block_1_114' title="bbox 2271 5419 3740 5505">
    <p class='ocr_par' dir='ltr' id='par_1_114' title="bbox 2271 5419 3740 5505">
     <span class='ocr_line' id='line_1_114' title="bbox 2271 5419 3740 5505; baseline -0.014 -13"><span class='ocrx_word' id='word_1_974' title='bbox 2271 5438 2547 5505; x_wconf 74' lang='lat' dir='ltr'><strong>adiunxit:</strong></span> <span class='ocrx_word' id='word_1_975' title='bbox 2571 5435 2637 5490; x_wconf 83' lang='lat' dir='ltr'><strong>In</strong></span> <span class='ocrx_word' id='word_1_976' title='bbox 2667 5436 2856 5489; x_wconf 87' lang='lat' dir='ltr'><strong>lumine</strong></span> <span class='ocrx_word' id='word_1_977' title='bbox 2897 5446 2982 5489; x_wconf 88' lang='lat' dir='ltr'><strong>tuo</strong></span> <span class='ocrx_word' id='word_1_978' title='bbox 3005 5436 3275 5488; x_wconf 88' lang='lat' dir='ltr'><strong>videbimus</strong></span> <span class='ocrx_word' id='word_1_979' title='bbox 3297 5434 3457 5485; x_wconf 83' lang='lat' dir='ltr'><strong>lumen</strong></span> <span class='ocrx_word' id='word_1_980' title='bbox 3480 5419 3618 5496; x_wconf 71' lang='grc' dir='ltr'><strong>(Ρωι.</strong></span> <span class='ocrx_word' id='word_1_981' title='bbox 3638 5420 3740 5465; x_wconf 58' lang='grc' dir='ltr'>ωτι</span> 
     </span>
    </p>
   </div>
   <div class='ocr_carea' id='block_1_115' title="bbox 2273 5506 3739 5605">
    <p class='ocr_par' dir='ltr' id='par_1_115' title="bbox 2273 5506 3739 5605">
     <span class='ocr_line' id='line_1_115' title="bbox 2273 5506 3739 5605; baseline -0.015 -21"><span class='ocrx_word' id='word_1_982' title='bbox 2273 5529 2394 5598; x_wconf 81' lang='grc'><strong>10);</strong></span> <span class='ocrx_word' id='word_1_983' title='bbox 2429 5528 2479 5582; x_wconf 92' lang='lat' dir='ltr'><strong>id</strong></span> <span class='ocrx_word' id='word_1_984' title='bbox 2510 5538 2591 5582; x_wconf 93' lang='lat' dir='ltr'><strong>est</strong></span> <span class='ocrx_word' id='word_1_985' title='bbox 2622 5528 2674 5581; x_wconf 93' lang='lat' dir='ltr'><strong>in</strong></span> <span class='ocrx_word' id='word_1_986' title='bbox 2707 5526 2843 5581; x_wconf 89' lang='lat' dir='ltr'><strong>Filio</strong></span> <span class='ocrx_word' id='word_1_987' title='bbox 2876 5536 2964 5581; x_wconf 93' lang='lat' dir='ltr'><strong>tuo</strong></span> <span class='ocrx_word' id='word_1_988' title='bbox 2998 5526 3293 5581; x_wconf 82' lang='lat' dir='ltr'><strong>videbimus</strong></span> <span class='ocrx_word' id='word_1_989' title='bbox 3320 5521 3574 5605; x_wconf 48' lang='lat' dir='ltr'><strong>Spiritum:</strong></span> <span class='ocrx_word' id='word_1_990' title='bbox 3594 5506 3739 5605; x_wconf 43' lang='lat' dir='ltr'><strong>licent&quot;</strong></span> 
     </span>
    </p>
   </div>
   <div class='ocr_carea' id='block_1_116' title="bbox 2272 5599 3839 5691">
    <p class='ocr_par' dir='ltr' id='par_1_116' title="bbox 2272 5599 3839 5691">
     <span class='ocr_line' id='line_1_116' title="bbox 2272 5599 3839 5691; baseline -0.005 -19"><span class='ocrx_word' id='word_1_991' title='bbox 2272 5618 2429 5672; x_wconf 90' lang='lat' dir='ltr'><strong>etiam</strong></span> <span class='ocrx_word' id='word_1_992' title='bbox 2462 5617 2592 5672; x_wconf 91' lang='lat' dir='ltr'><strong>etin</strong></span> <span class='ocrx_word' id='word_1_993' title='bbox 2624 5617 2840 5671; x_wconf 90' lang='lat' dir='ltr'><strong>nomine</strong></span> <span class='ocrx_word' id='word_1_994' title='bbox 2873 5616 3080 5671; x_wconf 83' lang='lat' dir='ltr'><strong>virtutis</strong></span> <span class='ocrx_word' id='word_1_995' title='bbox 3116 5616 3210 5671; x_wconf 88' lang='lat' dir='ltr'><strong>Dei</strong></span> <span class='ocrx_word' id='word_1_996' title='bbox 3239 5612 3521 5683; x_wconf 89' lang='lat' dir='ltr'><strong>appellatus</strong></span> <span class='ocrx_word' id='word_1_997' title='bbox 3545 5599 3739 5691; x_wconf 26' lang='lat' dir='ltr'><strong>Sitifim-‘1</strong></span> <span class='ocrx_word' id='word_1_998' title='bbox 3838 5610 3839 5621; x_wconf 76' lang='lat'>‘</span> 
     </span>
    </p>
   </div>
   <div class='ocr_carea' id='block_1_117' title="bbox 2273 5685 3740 5785">
    <p class='ocr_par' dir='ltr' id='par_1_117' title="bbox 2273 5685 3740 5785">
     <span class='ocr_line' id='line_1_117' title="bbox 2273 5685 3740 5785; baseline -0.025 -21"><span class='ocrx_word' id='word_1_999' title='bbox 2273 5719 2325 5764; x_wconf 92' lang='lat' dir='ltr'><strong>et</strong></span> <span class='ocrx_word' id='word_1_1000' title='bbox 2368 5710 2555 5772; x_wconf 87' lang='lat' dir='ltr'><strong>virtus,</strong></span> <span class='ocrx_word' id='word_1_1001' title='bbox 2589 5718 2643 5763; x_wconf 92' lang='lat' dir='ltr'><strong>et</strong></span> <span class='ocrx_word' id='word_1_1002' title='bbox 2687 5709 2945 5777; x_wconf 89' lang='lat' dir='ltr'><strong>sapientia</strong></span> <span class='ocrx_word' id='word_1_1003' title='bbox 2975 5722 3096 5763; x_wconf 90' lang='lat' dir='ltr'><strong>esse</strong></span> <span class='ocrx_word' id='word_1_1004' title='bbox 3144 5713 3475 5761; x_wconf 87' lang='lat' dir='ltr'><strong>monstratur.</strong></span> <span class='ocrx_word' id='word_1_1005' title='bbox 3514 5685 3740 5785; x_wconf 43' lang='lat' dir='ltr'><strong>Audit-illitis</strong></span> 
     </span>
    </p>
   </div>
   <div class='ocr_carea' id='block_1_118' title="bbox 2271 5776 3736 5883">
    <p class='ocr_par' dir='ltr' id='par_1_118' title="bbox 2271 5776 3736 5883">
     <span class='ocr_line' id='line_1_118' title="bbox 2271 5776 3736 5883; baseline -0.014 -26"><span class='ocrx_word' id='word_1_1006' title='bbox 2271 5803 2413 5858; x_wconf 88' lang='lat' dir='ltr'><strong>enim</strong></span> <span class='ocrx_word' id='word_1_1007' title='bbox 2460 5801 2789 5859; x_wconf 87' lang='lat' dir='ltr'><strong>Salvatorem</strong></span> <span class='ocrx_word' id='word_1_1008' title='bbox 2818 5802 2868 5857; x_wconf 92' lang='lat' dir='ltr'><strong>iu</strong></span> <span class='ocrx_word' id='word_1_1009' title='bbox 2900 5801 3209 5883; x_wconf 74' lang='lat' dir='ltr'><strong>Evangelio,</strong></span> <span class='ocrx_word' id='word_1_1010' title='bbox 3238 5796 3598 5872; x_wconf 67' lang='lat' dir='ltr'><strong>promittentem</strong></span> <span class='ocrx_word' id='word_1_1011' title='bbox 3629 5776 3736 5832; x_wconf 64' lang='lat' dir='ltr'><strong>diﬁc&quot;</strong></span> 
     </span>
    </p>
   </div>
  </div>
