3938 6376
139 416 238 471 529

136 618 196 670 Et
218 633 328 671 ecce
347 636 440 690 ego
460 623 652 676 mitsam
673 628 1052 694 promissionem
1085 631 1255 687 Patris
1277 639 1372 690 mei
1401 656 1552 710 super
1579 658 1685 694 vos.

141 707 236 761 Vos
264 726 396 774 vero,
417 717 583 766 sedete
627 717 682 769 in
706 721 922 786 civitate,
967 724 1127 778 donec
1176 729 1462 784 induamini
1497 749 1560 786 ea:
1585 735 1689 788 alto

130 800 303 851 virtute
326 800 476 870 (Luc.
513 820 662 869 xxiv,
692 809 804 877 49).
838 811 892 864 In
922 813 1140 870 Actibus
1172 831 1298 872 vero
1322 823 1686 889 apostolorum

127 887 260 942 idem
283 889 538 945 Dominus
563 897 661 949 ait:
679 897 782 951 Sed
796 902 1051 971 accipietis
1069 905 1310 959 virtutum
1330 887 1686 979 superveniat.

126 985 214 1028 tem
241 995 392 1046 super
411 995 495 1032 vos
527 984 782 1051 Spiritum
801 1001 1030 1044 sanctum
1064 994 1202 1064 (Act.
1233 1011 1271 1062 ι,
1303 997 1379 1067 8).
1413 999 1525 1054 Hoc
1549 1016 1685 1069 quo-

124 1080 215 1132 que
242 1067 512 1135 impletum
541 1089 660 1130 esse
691 1082 1068 1149 comperimus,
1099 1086 1197 1140 sub
1225 1087 1313 1140 die
1342 1067 1680 1162 Quinquage-

121 1157 260 1210 sima:
292 1173 694 1221 consummatm.
725 1173 833 1224 Aut
864 1188 991 1242 ergo
1017 1177 1272 1233 virtutem
1307 1182 1396 1235 Dei
1425 1184 1678 1253 Spiritum

120 1257 351 1300 sanctum
368 1265 488 1305 esse
505 1257 848 1327 prolitemini,
870 1273 961 1316 aut
982 1266 1120 1319 sicut
1139 1267 1402 1325 Sabellius
1420 1273 1680 1342 Spiritum

118 1339 442 1408 paraclitum,
476 1358 596 1398 cum
618 1348 686 1400 sit
713 1350 878 1405 virtus
911 1353 1025 1420 Dei,
1062 1357 1307 1412 eumdem
1336 1339 1527 1416 Filium
1560 1380 1681 1422 esse

115 1425 413 1490 priedicate.
440 1431 501 1486 Et
529 1435 706 1488 audite
727 1438 946 1494 I’aulum
973 1442 1242 1500 dicentem
1271 1467 1284 1500 :
1318 1450 1544 1519 Spiritus
1567 1457 1680 1509 vitae

114 1523 311 1582 propter
319 1520 581 1585 justitiam
609 1524 783 1593 (Rom.
815 1544 928 1594 vtit,
960 1529 1070 1600 10).
1094 1532 1317 1592 Fontem
1343 1540 1535 1596 iterum
1557 1545 1677 1612 Spi-

110 1604 234 1657 ritus
267 1605 584 1664 instruimur
629 1628 748 1670 esse
780 1617 995 1675 Filium.
1031 1621 1315 1681 Jercmiam
1360 1631 1538 1686 audite
1566 1633 1675 1686 cla-

108 1700 337 1746 mantem
359 1708 542 1752 eontra
559 1699 808 1760 Judtcos:
830 1707 962 1773 Quia
982 1711 1354 1784 dereliquerunt
1379 1736 1455 1772 me
1474 1721 1671 1789 fontem

109 1779 214 1832 uiue
247 1781 528 1839 Dominum
554 1789 771 1859 (Jerem.
806 1811 934 1861 xm,
975 1799 1085 1868 15).
1119 1779 1269 1860 Alius
1293 1779 1669 1878 autem'Spiri-

109 1878 208 1920 tum
237 1871 514 1939 sapientia:
543 1894 664 1934 esse
693 1884 872 1940 sciens
901 1890 1213 1957 (secundum
1244 1895 1430 1953 Isaiam
1453 1904 1666 1970 quidem

105 1959 363 2017 dicentem
393 1984 404 2017 ε
438 1966 505 2020 Et
526 1974 798 2040 requiescet
831 1995 983 2048 super
1005 1997 1122 2036 eum
1149 1986 1375 2055 Spiritus
1401 1959 1514 2060 Dei,
1541 1994 1664 2063 Spi-

105 2050 226 2104 ritus
253 2055 517 2122 sapientite
545 2071 590 2111 et
626 2063 907 2120 intellectus
957 2069 1110 2138 (lsai.
1159 2090 1230 2140 xi,
1258 2077 1346 2145 2);
1374 2084 1666 2139 secundum

102 2139 322 2197 Paulum
347 2161 473 2202 vero
491 2151 848 2211 scribentem:
875 2159 995 2214 Non
1017 2181 1154 2220 cesso
1175 2175 1365 2239 gratias
1385 2190 1537 2244 agens
1561 2179 1668 2232 Deo

101 2246 187 2296 pro
228 2234 386 2303 vobis,
433 2250 485 2290 ut
524 2239 607 2294 det
654 2247 789 2300 vobis
835 2249 1087 2319 Spiritum
1114 2234 1377 2326 sapientia:
1403 2276 1450 2318 et
1480 2273 1669 2323 revela-

95 2323 247 2378 tionis
286 2327 498 2398 [Εμὴυε.
530 2347 570 2398 ι,
603 2334 711 2406 16])
743 2336 943 2394 fontem
982 2358 1101 2398 esse
1138 2323 1380 2416 spiritum
1412 2355 1546 2410 dixit
1575 2373 1666 2412 su-

97 2423 212 2478 pra,
230 2413 310 2468 sic
329 2416 542 2474 dicens:
565 2421 912 2495 Dereliquistis
930 2431 1118 2499 fontem
1132 2413 1397 2505 sapientia:
1418 2441 1664 2511 (Barac/1.

95 2512 176 2566 ιιι,
206 2501 322 2572 15).
352 2505 503 2571 Quod
533 2525 658 2565 vero
690 2514 944 2584 Spiritum
978 2521 1064 2576 hic
1090 2501 1403 2594 sapientiam
1424 2501 1667 2602 appella-

91 2591 253 2656 verit,
299 2596 640 2653 manifestum
683 2612 765 2657 est
789 2621 852 2660 ex
883 2609 1072 2676 quibus
1119 2591 1268 2669 dicit.
1299 2617 1429 2673 Nam
1460 2591 1578 2676 cum
1614 2629 1664 2681 in

89 2688 236 2733 terra
276 2680 650 2743 Chaldaeorum
691 2704 835 2750 esset
864 2701 1123 2767 populus,
1154 2714 1208 2759 et
1238 2721 1357 2762 cum
1401 2680 1664 2772 Chaldaeis

88 2783 524 2843 conversaretur,
538 2781 614 2835 eis
627 2783 717 2851 qui
738 2800 841 2839 non
859 2786 1110 2846 haberent
1129 2793 1380 2862 Spiritum
1397 2813 1660 2874 sanctum,

98 2862 193 2915 sed
248 2867 537 2923 carnaliter
566 2873 778 2940 quidem
811 2877 1048 2936 viverent
1075 2895 1295 2952 peccato
1314 2928 1327 2950 .
1360 2890 1523 2962 326
1547 2912 1661 2951 mo-

89 2961 336 3006 uerentur
356 2970 484 3012 vero
499 2957 740 3030 justitite,
759 2974 811 3019 et
837 2965 1208 3029 lraudarentur
1222 2957 1654 3054 Spiritu—sancto,

89 3045 414 3108 querebatur
455 3063 573 3103 cuin
606 3051 885 3124 lacrymis,
917 3059 1138 3116 dicens:
1173 3066 1310 3132 Quid
1334 3081 1409 3123 est
1443 3045 1656 3148 (Israel)

86 3134 223 3201 quod
250 3136 303 3188 in
335 3147 466 3191 terra
482 3141 799 3198 inimicorum
822 3163 895 3212 es,
924 3163 968 3202 et
994 3150 1274 3208 inveterasti
1300 3157 1353 3211 in
1373 3171 1507 3215 terra
1532 3168 1655 3220 alie-

85 3239 170 3288 na,
204 3227 560 3296 coinquinatus
586 3250 638 3287 es
669 3252 782 3289 cum
809 3242 1042 3308 mortuis,
1073 3245 1341 3314 deputatus
1369 3268 1421 3306 es
1451 3269 1566 3308 cum
1591 3259 1652 3311 iis

86 3315 170 3381 qui
220 3317 275 3369 in
327 3319 522 3388 inferno
576 3326 740 3379 sunt.’
777 3327 1102 3398 Dereliquisti
1153 3341 1342 3405 fontem
1370 3345 1649 3411 sapientia'.

97 3402 240 3460 Viam
265 3407 471 3464 Domini
499 3415 539 3464 si
564 3414 744 3482 fuisses
774 3419 1053 3490 ingressus,
1073 3402 1323 3483 habitares
1355 3436 1525 3502 utique
1544 3453 1656 3489 cum

84 3511 207 3561 pace
237 3497 294 3550 in
324 3508 568 3554 (sternunt
607 3503 852 3571 (Baruilt.
886 3525 962 3574 ut,
996 3512 1104 3583 10).
1134 3497 1486 3574 Considereiit
1514 3526 1652 3578 enim

83 3585 220 3640 viam
250 3603 412 3657 quam
441 3591 841 3663 dercliquerunt
872 3600 959 3653 lilii
993 3601 1176 3657 Israel.
1210 3605 1375 3662 Deum
1405 3623 1544 3678 esse,
1565 3617 1650 3683 qui

80 3676 230 3741 dicit,
258 3678 369 3748 Ego
384 3697 496 3732 sum
527 3683 766 3747 via,lunti
789 3703 838 3740 m
866 3690 985 3744 vita:
1015 3691 1063 3744 in
1090 3697 1346 3764 prepheta
1372 3703 1649 3770 appellari,

76 3783 236 3836 quem
257 3769 659 3842 dereliquerunt
685 3777 878 3845 iudici,
895 3783 1300 3853 coinquinantes
1324 3807 1381 3845 se
1405 3809 1522 3846 cum
1557 3769 1651 3850 lia-

75 3857 339 3929 hyloniis,
370 3866 456 3932 qui
489 3877 640 3920 erant
677 3871 870 3925 mortui
900 3874 1120 3940 iustitia:
1155 3896 1166 3930 :
1202 3879 1326 3933 dum
1369 3884 1509 3936 enim
1542 3903 1647 3941 non

71 3949 276 4005 habent
303 3954 434 4007 inse
469 3957 721 4024 Spiritum
752 3964 1083 4030 paraclitum,
1112 3971 1356 4036 Spiritum
1389 3977 1644 4042 veritatis,

66 4042 150 4108 qui
185 4053 274 4096 est
308 4046 412 4098 vita
441 4056 496 4100 et
524 4049 753 4103 vivilicat
787 4070 798 4103 :
831 4056 1072 4112 viventes
1099 4064 1290 4116 mortui
1322 4076 1458 4120 sunt.
1499 4069 1646 4124 Unde

60 4140 114 4182 et
167 4132 380 4185 Paulus
433 4135 500 4188 de
533 4141 728 4193 talibus
767 4145 952 4198 scribit
984 4165 996 4200 :
1033 4150 1168 4204 Nam
1211 4173 1324 4224 qua:
1361 4160 1412 4212 in
1453 4164 1645 4218 deliciis

53 4223 166 4291 agit
202 4223 368 4278 vidua
390 4266 404 4289 ,
438 4230 603 4283 vivens
640 4248 834 4288 mortua
869 4250 936 4291 est
968 4241 1018 4310 (I
1055 4243 1184 4298 Tim.
1217 4223 1270 4315 v,
1299 4251 1376 4320 6).
1408 4257 1470 4308 Et
1497 4258 1640 4313 Salo.

55 4327 186 4364 tnon
221 4314 425 4369 clamat
461 4335 471 4368 :
518 4318 619 4382 Qui
644 4323 695 4375 in
735 4326 924 4380 deliciis
973 4348 1289 4391 conversatur
1319 4357 1349 4392 a
1391 4347 1644 4415 pueritia,

58 4418 232 4456 servus
255 4421 299 4458 ei
317 4406 391 4471 it;
417 4409 466 4460 in
496 4413 764 4468 novissimo
782 4419 964 4475 dolebit
990 4425 1039 4475 in
1066 4442 1118 4479 se
1139 4427 1317 4498 (Prov.
1353 4450 1502 4499 χχιιι,
1527 4440 1642 4511 21).

61 4497 154 4559 Qui
179 4502 330 4550 enim
369 4501 417 4552 in
450 4508 649 4570 peccati
683 4506 888 4563 deliciis
913 4525 1092 4582 agunt,
1126 4497 1228 4574 non
1256 4524 1478 4582 audiunt
1509 4497 1643 4584 Pati-

62 4584 164 4639 Ium
199 4590 531 4646 scribentem
561 4613 571 4646 :
619 4596 740 4650 Non
771 4603 903 4653 enim
933 4608 1199 4674 accepistis
1228 4615 1460 4682 spiritum
1484 4621 1637 4673 servi-

63 4677 178 4728 tutis
199 4678 383 4731 iterum
401 4681 452 4732 in
484 4685 680 4753 timore,
705 4689 792 4740 sed
815 4694 1073 4761 accepistis
1093 4698 1325 4766 spiritum
1345 4705 1634 4775 adoptionis

63 4763 284 4827 ﬁliorum
304 4768 358 4820 in
385 4786 482 4834 quo
509 4773 807 4842 clamamus,
836 4781 972 4834 Abba
996 4763 1156 4840 Pater
1177 4790 1350 4859 (Rom.
1378 4763 1489 4863 vui,
1525 4803 1628 4868 l5).

62 4854 157 4905 Sed
187 4872 308 4908 cuin
345 4859 449 4911 sint
489 4861 578 4914 lilii
611 4869 832 4933 peccati,
869 4876 1059 4927 mortui
1113 4854 1238 4933 sunt
1262 4854 1501 4950 jdstitiui.
1531 4854 1630 4958 Qui

63 4955 179 4998 vero
208 4947 442 5014 Spiritus
472 4954 638 5005 sancti
675 4955 872 5012 donum
905 4977 1244 5036 accept-runt,
1277 4975 1491 5032 dicant:
1523 4983 1629 5040 Lex

61 5034 186 5086 enim
226 5038 444 5105 spiritus
475 5041 586 5094 virm
613 5045 664 5097 in
709 5047 911 5103 Christo
937 5052 1063 5109 Iesu
1093 5059 1316 5118 liberavit
1356 5085 1434 5123 me
1461 5090 1493 5125 a
1519 5077 1626 5145 lege

60 5127 246 5187 peccati
276 5137 323 5179 et
359 5132 530 5182 mortis
564 5133 736 5202 (Rom.
773 5154 883 5202 vm,
913 5143 992 5213 Ξ).
1039 5149 1175 5204 liene
1205 5137 1382 5224 itaque
1418 5127 1624 5234 Moyses

60 5211 219 5234 ..I---_,
248 5219 353 5234 ᾼηο-
438 5229 447 5234 -
501 5223 531 5234 .ο
777 5227 796 5234 -

58 5211 358 5271 observavit
398 5229 452 5272 ιιι
481 5223 717 5280 diceret:
767 5227 944 5300 Itaque
983 5238 1244 5307 inspiravit
1287 5211 1536 5308 Dominqu
1569 5257 1622 5310 in

58 5304 226 5367 [aciem
262 5309 396 5361 Adae
423 5312 800 5381 inspirationem
832 5324 974 5391 vitaz,
1015 5340 1060 5380 et
1096 5333 1260 5400 [actus
1292 5349 1364 5391 est
1390 5341 1538 5398 homo
1569 5349 1622 5401 in

56 5393 267 5449 animam
311 5400 551 5454 viventem
581 5404 730 5473 (Gen.
767 5426 821 5476 ιι,
853 5413 930 5482 7).
960 5420 1060 5484 Qui
1098 5428 1237 5478 enim
1281 5444 1382 5484 non
1425 5433 1619 5494 habent

55 5483 296 5550 Spiritum
330 5503 592 5558 sant-tum,
628 5499 863 5558 viventes
884 5483 1073 5564 mortui
1107 5527 1246 5571 sunt.
1287 5519 1437 5578 Unde
1471 5537 1522 5580 et
1550 5531 1613 5584 ad

57 5573 203 5633 l-rael
235 5583 496 5638 derelicta
529 5588 768 5655 Domino,
792 5595 884 5661 qui
919 5601 985 5654 sit
1014 5602 1130 5659 fons
1163 5608 1283 5663 vita:
1317 5615 1612 5684 viviﬁcans,

54 5667 201 5726 dicit:
240 5670 593 5745 Dereliquisﬁs
623 5683 811 5749 fontem
841 5695 1122 5759 sapientia).
1157 5700 1304 5757 Viam
1340 5707 1545 5766 Domini
1571 5719 1616 5770 si
1647 5730 1652 5736 ‘

56 5763 219 5821 Ιαξεερε
249 5771 530 5836 ingressus,
572 5778 1109 5862 ntiqimhabitnresin
1143 5799 1340 5862 pacein
1368 5815 1610 5863 tetcrnum

325 5864 594 5926 PATROL.
645 5871 828 5936 LXII.

1330 433 1416 487 DE
1454 435 1826 494 TRINITATE
1869 442 1995 497 LIB.
2037 445 2147 500 XII.

139 525 266 594 palis
283 525 392 580 suis
415 528 692 586 missnrum
710 547 829 590 esse
857 535 1110 606 Spiritum
1134 553 1396 605 sanctum.
1430 549 1518 616 qui
1538 548 1684 602 dicit:
1717 555 1770 612 Α
1795 562 1989 620 tempus
2019 557 2266 622 (Barucli.
2299 579 2374 631 ιιι,
2415 567 2520 638 15).

3269 477 3372 530 3Ἴο

2556 570 2844 628 Λυδίεηέθὸ
2878 590 3006 649 ergo
3043 579 3314 640 dicentem
3349 607 3366 643 :

1797 640 1909 712 Ego
1944 664 2055 699 sum
2085 651 2166 702 via
2197 653 2369 720 (toan.
2405 673 2506 724 HV,
2541 660 2598 727 6)
2632 661 2809 716 :docti
2840 640 2997 718 etiaiit
3020 682 3047 718 a
3079 668 3366 739 Scripturis

1792 739 1992 791 sinetis
2024 741 2219 796 lentem
2251 746 2492 812 spiritum
2518 765 2637 804 esse
2667 753 2828 807 Deum
2850 757 2939 824 qtti
2970 758 3132 815 dicit:
3165 760 3251 815 Me
3277 767 3354 817 de.

1791 827 2098 896 reliquerunt
2132 834 2323 898 fontem
2349 854 2495 904 «quin
2525 841 2646 893 viva:
2677 840 2886 912 (Jerem.
2917 860 2976 909 tt,
3012 847 3130 916 I5);
3165 866 3365 919 nequa-

1789 931 1944 983 quam
1977 929 2276 976 creaturam
2309 925 2564 993 Spiritum
2606 944 2846 989 sanctum
2889 951 3008 992 esse
3046 943 3321 1008 sapiamus
3344 983 3359 1006 ,

1787 1009 1882 1060 sed
1908 1008 2146 1077 ejusdem
2177 1027 2297 1066 esse
2323 1032 2443 1070 cum
2481 1019 2636 1076 Patre
2664 1036 2718 1078 et
2747 1026 2883 1081 Filio
2909 1029 3219 1090 substantias
3262 1034 3363 1090 ite-

1787 1114 1902 1152 runt
1933 1117 1996 1156 ex
2026 1102 2130 1156 alia
2175 1111 2434 1174 st-r.‘ptnra
2471 1114 2829 1183 probavimus,
2860 1121 2998 1175 sicut
3019 1127 3264 1193 superius
3293 1129 3360 1182 ab

1784 1187 1916 1242 Isaia
1973 1193 2226 1260 propheta
2279 1199 2575 1254 docuimus.
2630 1205 2833 1261 Scribit
2880 1222 3058 1268 autem
3089 1187 3188 1271 ille
3244 1235 3358 1273 ma-

1782 1294 1914 1347 gnus
1952 1281 2184 1340 Joannes
2236 1293 2560 1359 evangelista
2615 1294 2668 1349 in
2707 1303 3067 1374 Apocalypsi,
3121 1311 3234 1364 hinc
3271 1312 3355 1365 die

1780 1383 1910 1425 cens
1938 1389 1949 1423 :
1988 1372 2051 1426 Et
2080 1381 2296 1430 ostendt
2341 1382 2462 1433 mihi
2501 1386 2715 1451 ﬂuvium
2743 1407 2892 1461 aqua:
2917 1372 3046 1450 vivis
3075 1402 3353 1456 candidum

1777 1463 1924 1529 quasi
1950 1465 2179 1532 glaciem,
2212 1473 2549 1538 egredientem
2575 1494 2606 1528 a
2637 1481 2756 1532 sede
2783 1482 2877 1535 Dei
2907 1495 2952 1538 et
2983 1488 3113 1557 Αριιὶ
3131 1533 3146 1557 ,
3187 1495 3352 1561 ﬂuen-

1778 1559 1878 1602 tem
1932 1569 2021 1622 per
2064 1559 2284 1612 medium
2337 1563 2519 1631 platea:
2563 1568 2748 1636 (Apoc.
2814 1588 2956 1638 χιιι,
3000 1580 3074 1647 1).
3136 1559 3353 1639 Dicebat

1774 1641 1933 1711 327
1960 1659 2086 1698 vero
2113 1648 2179 1703 de
2208 1667 2433 1719 superna
2462 1655 2784 1730 Jerusalem,
2837 1666 2905 1719 de
2943 1684 3044 1735 qua
3090 1677 3348 1742 scriptum

1772 1741 1927 1791 estin
1957 1740 2180 1798 Psalmis
2218 1763 2232 1800 :
2281 1745 2538 1805 Fluminis
2568 1755 2784 1822 impetus
2828 1760 3051 1828 lictiﬁcat
3093 1767 3346 1823 civitatem

1771 1824 1869 1881 Dei
1892 1828 2064 1897 (Psal.
2095 1850 2217 1903 va,
2247 1837 2326 1908 5).
2357 1841 2505 1907 Quod
2535 1846 2578 1898 si
2602 1847 2856 1916 dixerint,
2887 1824 3013 1921 quid
3055 1872 3184 1927 ergo
3223 1865 3343 1930 quia

1775 1920 2027 1989 scriptum
2051 1936 2133 1980 est
2161 1931 2330 1998 aqua?
2357 1935 2593 1990 audiant.
2623 1938 2674 1991 In
2701 1943 2828 1996 sede
2851 1920 2941 1998 Dei
2969 1955 3020 1999 et
3045 1920 3176 2016 Αεῖιί
3209 1920 3344 2021 aqua

1772 2023 1854 2064 est
1879 2013 2020 2079 vitae,
2051 2028 2105 2071 et
2134 2035 2253 2074 cum
2279 2037 2431 2092 aqua:
2449 2025 2566 2093 ejus
2588 2044 2811 2096 capaciss
2839 2035 2998 2105 aliqui
3017 2013 3342 2108 elliciuntur,

1767 2109 1824 2154 et
1853 2100 2066 2158 ﬂutntna
2095 2109 2364 2179 dicuntur,
2410 2115 2540 2169 etin
2586 2120 2809 2188 singulis
2845 2100 3142 2198 quibusque
3171 2132 3341 2187 adim-

1768 2191 1897 2260 pleri
1924 2194 2118 2250 dicitur
2144 2200 2374 2268 Spiritus
2401 2218 2498 2260 san
2536 2215 2620 2262 tns
2653 2213 2842 2266 :‘sicut
2866 2191 2924 2269 et
2962 2191 3130 2272 Filius
3161 2223 3210 2275 ei
3245 2225 3339 2276 ad-

1767 2280 2015 2349 impletur
2046 2286 2096 2340 in
2127 2288 2370 2358 singulis,
2393 2297 2684 2352 secundum
2719 2301 2938 2357 Paulum
2970 2309 3290 2368 scribentem
3321 2335 3336 2370 :

1775 2371 2050 2430 Plenitudo
2088 2383 2200 2451 ejus
2246 2385 2367 2450 quia
2421 2390 2591 2442 omnia
2642 2393 2697 2444 in
2745 2398 2977 2450 omnibus
3030 2403 3339 2472 adimpletur

1765 2463 1988 2532 (Ephes.
2016 2483 2054 2533 ι,
2083 2470 2198 2539 25).
2233 2472 2298 2526 Et
2324 2484 2409 2552 est
2437 2479 2672 2548 quidem,
2707 2487 2918 2551 quando
2942 2490 2974 2540 ii
3004 2492 3092 2558 qni
3116 2463 3337 2563 impleno

1767 2563 1852 2610 tur
1878 2561 1976 2612 ista
1999 2575 2134 2630 aqua
2157 2565 2272 2616 viva
2298 2567 2511 2622 ﬂumina
2539 2574 2895 2640 appellantur,
2929 2580 3066 2635 sicut
3092 2561 3251 2639 David
3284 2588 3336 2642 in

1766 2650 1972 2718 psalmo
2004 2657 2350 2724 nonagesimo
2377 2663 2616 2717 secundo
2649 2666 2776 2721 dicit
2811 2687 2822 2719 :
2859 2669 3192 2728 Elevnuerunt
3229 2680 3334 2746 βα.

1763 2739 1901 2792 mina
1929 2756 2094 2797 vocem
2129 2761 2296 2810 suam,
2341 2766 2372 2801 a
2399 2766 2516 2805 voce
2559 2770 2810 2824 aquarum
2844 2764 3120 2818 multarum
3163 2768 3334 2837 (Psal.

1762 2841 1889 2892 xcn,
1935 2831 1987 2896 3,
2029 2833 2105 2902 ὁ).
2131 2883 2136 2886 .
2161 2834 2255 2889 Est
2297 2853 2424 2893 vero
2467 2845 2677 2909 quando
2701 2850 2918 2903 verbum
2949 2831 3228 2925 doctrinm,
3281 2871 3334 2916 et

1760 2935 2092 2989 unaqumque
2121 2929 2362 2992 operatio
2393 2933 2610 3000 spiritus
2661 2937 2876 2994 ﬂumina
2921 2955 3198 3012 vocantur,
3248 2965 3333 3005 se-

1757 3009 1988 3063 cundum
2024 3014 2305 3070 Dominum
2347 3020 2646 3080 dicentem:
2679 3029 2779 3093 Qui
2805 3033 2962 3088 credit
2992 3036 3044 3089 in
3075 3054 3170 3106 me,
3203 3043 3332 3096 sicut

1768 3098 1896 3152 dixit
1933 3101 2224 3173 Scripzura,
2242 3111 2458 3175 ﬂumina
2472 3113 2535 3166 de
2558 3126 2725 3172 ventre
2737 3123 2846 3190 ejus
2860 3123 3022 3190 ﬂuent
3041 3143 3186 3196 aqua
3209 3133 3330 3188 vim

1756 3188 1937 3258 (Joan.
1968 3207 2062 3258 vn,
2093 3195 2210 3266 38).
2265 3199 2402 3269 Ergo
2454 3218 2559 3258 non
2599 3188 2767 3273 dixit,
2807 3188 2959 3282 aquis
2986 3188 3199 3286 impleta
3222 3234 3326 3287 est,

1756 3294 1892 3349 aqua
1919 3285 2061 3336 enim
2091 3289 2311 3355 spiritus
2345 3294 2390 3344 vi
2419 3309 2448 3346 a
2471 3306 2572 3364 est,
2593 3299 2685 3352 sed
2709 3300 2904 3357 lItnnen
2931 3306 3020 3360 Dei
3051 3285 3324 3378 impletum

1709 3367 1724 3387 ‘
1755 3380 1838 3423 est
1863 3375 2032 3440 aquis.
2063 3377 2125 3430 Et
2156 3378 2447 3436 Dominus:
2478 3386 2577 3449 Me,
2599 3389 2785 3457 inquit,
2816 3367 3183 3464 dereliqueruiit
3213 3403 3326 3471 fon-

1764 3466 1862 3512 tem
1890 3479 2035 3531 aqute
2063 3468 2414 3537 vivaeuerem.
2451 3490 2507 3542 ll,
2544 3478 2654 3546 15).
2695 3480 2874 3550 Itaque
2904 3485 3141 3550 ejusdem
3181 3466 3326 3546 sedis

1759 3560 1842 3603 est
1865 3569 1984 3606 cum
2018 3556 2125 3610 Deo
2151 3568 2206 3612 et
2234 3564 2384 3629 Agno
2413 3579 2548 3632 aqua
2580 3571 2722 3635 vitae,
2760 3572 2809 3623 id
2841 3584 2924 3626 est
2950 3577 3177 3644 Spiritus
3203 3600 3324 3636 san-

1755 3649 1895 3717 ctns’,
1927 3644 2062 3698 sicut
2091 3646 2326 3704 Joannes
2354 3667 2454 3706 una
2481 3671 2602 3709 cum
2638 3660 2768 3714 Isaia
2793 3662 2965 3730 dixit;
2995 3679 3049 3720 et
3081 3684 3184 3723 non
3216 3687 3323 3727 ser-

1757 3744 1852 3782 vus
1877 3748 1975 3788 nec
2007 3737 2267 3808 minister,
2313 3743 2451 3798 sicut
2497 3762 2589 3801 vos
2618 3749 2813 3806 dicitis.
2855 3757 3004 3820 Quod
3033 3759 3076 3812 si
3111 3777 3320 3830 perma-

1751 3839 1880 3881 nent
1910 3828 2147 3886 dicentes
2171 3845 2408 3890 creatum
2454 3840 2723 3910 Spiritum,
2775 3858 2826 3900 et
2872 3849 3148 3916 proferunt
3191 3857 3318 3912 illud

1755 3919 1895 3986 quod
1935 3921 1986 3974 in
2035 3926 2196 3979 Amos
2235 3930 2490 3997 propheta
2524 3935 2779 4004 scriptum
2809 3951 2928 3995 est:
2974 3943 3223 4016 Prtepara
3273 3962 3320 4006 te

1746 4009 1983 4063 invocare
2010 4012 2170 4066 Deum
2199 4026 2370 4083 tuum,
2416 4019 2610 4086 Israel;
2647 4029 2767 4089 quia
2805 4046 2894 4098 ego
2939 4035 3147 4100 ﬁrmans
3185 4045 3318 4094 toni-

1749 4109 1936 4162 :ruum,
1969 4111 2013 4154 et
2044 4120 2220 4158 creatis
2249 4110 2504 4176 spiritum,
2548 4126 2594 4166 et
2621 4122 2928 4174 annuntians
2957 4125 3008 4176 in
3037 4125 3320 4186 hominibus

1747 4191 2006 4245 Christum
2027 4211 2174 4247 suum
2199 4198 2395 4266 (Amos,
2424 4218 2491 4267 tv,
2519 4205 2623 4275 12).
2654 4210 2885 4267 Audiam
2907 4228 3008 4269 non
3040 4217 3317 4288 deSpiriltt

1748 4292 1932 4336 sancto
1964 4286 2291 4343 hocdixisse
2323 4291 2514 4348 Filium
2543 4297 2651 4360 Dei,
2697 4303 2788 4353 sed
2837 4303 2902 4357 de
2931 4309 3119 4374 spiritu
3174 4318 3315 4368 renti

1746 4373 1836 4439 qni
1866 4375 2152 4428 tonitruum
2183 4382 2443 4447 sequitur.
2474 4385 2656 4456 Neque
2685 4391 2826 4445 enim
2863 4443 2866 4451 ,
2895 4373 3111 4453 rtccedit
3141 4403 3309 4470 Spiri-

1747 4469 1856 4515 tum
1884 4473 2125 4518 sanctum
2152 4471 2466 4536 tonitruum,
2495 4476 2587 4528 sed
2615 4481 2860 4545 prtecedit
2883 4488 3124 4554 spiritum
3145 4469 3312 4558 venti,

1741 4564 1898 4619 quem
1933 4567 2117 4609 creare
2141 4570 2200 4610 se
2229 4557 2361 4612 dixit
2394 4573 2510 4628 post
2535 4567 2824 4624 tonitruum
2854 4573 3123 4632 Dominus.
3161 4583 3308 4638 Alio-

1664 4689 1711 4749 υ
1741 4643 1866 4710 quin
1893 4643 2068 4696 di-ant
2098 4663 2162 4699 an
2208 4657 2332 4704 ante
2374 4652 2630 4721 Spiritum
2673 4673 2911 4717 sanctum
2944 4672 3137 4724 crearit
3169 4678 3306 4727 toni-

1742 4740 1939 4787 truum.
1986 4735 2040 4789 Si
2075 4753 2199 4790 vero
2244 4740 2344 4796 hoc
2377 4745 2593 4811 impium
2623 4759 2705 4804 est
2732 4753 2930 4824 dicere,
2973 4765 3307 4829 expelluntur

1738 4837 1973 4891 prorsus,
2013 4828 2100 4896 qui
2132 4829 2311 4884 dicunt
2341 4847 2581 4891 creatum
2608 4856 2731 4896 esse
2752 4843 3004 4913 Spiritum
3033 4867 3298 4916 sanctum.

1733 4915 1980 4969 quoniam
2013 4932 2110 4970 nec
2134 4919 2200 4972 de
2227 4924 2392 4988 prima
2418 4929 2714 4997 creatione,
2745 4950 2863 4999 qua:
2892 4951 2920 4989 a
2954 4937 3088 4994 Filio
3115 4943 3204 4996 Dei
3233 4947 3304 4998 sit

1731 5014 1930 5070 creata,
1961 5010 2183 5061 tacuerit
2205 5011 2478 5081 Scriptura
2507 5033 2518 5068 :
2552 5021 2687 5073 sicut
2713 5025 2855 5077 enim
2889 5024 3053 5090 dicit,
3101 5034 3189 5101 qui
3223 5035 3301 5086 lo-

1727 5093 1906 5160 quitur
1935 5096 1998 5148 ad
2016 5096 2148 5151 Job:
2179 5100 2284 5153 Sed
2306 5118 2416 5158 ecce
2437 5106 2609 5160 bestiw
2633 5113 2769 5181 apud
2791 5124 2838 5167 te
2857 5117 3028 5185 fenum
3054 5093 3300 5190 tanquam

1728 5182 1870 5237 bores
1899 5186 1972 5238 ed.
1990 5198 2061 5250 nt,
2097 5200 2142 5242 et
2172 5193 2311 5261 vigor
2338 5199 2449 5267 ejus
2478 5199 2532 5252 in
2562 5200 2763 5268 lumbis,
2794 5210 2951 5260 virtus
2978 5226 3090 5263 vero
3113 5213 3162 5264 in
3187 5230 3296 5265 um-

1725 5273 1872 5328 bilico
1920 5280 2106 5332 ventris
2141 5283 2272 5346 eius.
2326 5285 2516 5341 Statuit
2553 5294 2770 5347 caudam
2806 5298 2938 5351 sicut
2975 5317 3288 5370 cypressum,

1723 5364 1859 5415 nervi
1881 5365 1989 5434 ejus
2015 5373 2264 5440 complexi
2292 5385 2411 5428 sunt
2447 5379 2576 5432 sicut
2606 5383 2794 5451 funes
2831 5389 2990 5440 latera
3023 5393 3132 5457 ejus
3161 5394 3294 5445 sicut

1722 5456 1882 5510 latera
1903 5463 2040 5530 teris,
2074 5475 2120 5516 et
2151 5467 2356 5522 dorsum
2384 5473 2492 5538 ejus
2515 5475 2711 5542 ferrum
2742 5481 2913 5548 fusile.
2949 5481 3062 5534 [Iac
3094 5495 3163 5536 est
3186 5489 3283 5539 ini-

1718 5548 1848 5600 tium
1877 5551 2090 5617 factura’
2110 5553 2334 5623 Dontini,
2363 5563 2552 5630 factum
2573 5567 2642 5618 ad
2658 5568 2974 5622 illudendum
3001 5575 3064 5623 al»
3091 5578 3286 5644 angelis

1719 5636 1862 5699 (Job.
1895 5657 1982 5707 χι,
2018 5646 2132 5715 10).
2183 5649 2360 5719 Itaque
2399 5654 2639 5708 diabolus
2677 5660 2838 5728 328
2877 5661 3040 5726 prima
3085 5636 3285 5722 creatio

1716 5743 1833 5783 θεερ
1869 5735 2097 5804 scriptus
2140 5751 2221 5794 est
2263 5742 2386 5795 delu
2410 5745 2442 5796 ti
2489 5747 2555 5796 ab
2590 5751 2794 5814 angelis
2825 5767 2836 5801 :
2870 5753 2945 5804 sic
2976 5753 3116 5809 t'nilll
3149 5762 3280 5814 scri-

1715 5829 1860 5886 ptttm
1891 5838 1968 5878 est
1999 5843 2009 5876 :
2048 5826 2157 5881 Har:
2177 5841 2248 5883 est
2276 5833 2475 5884 initium
2500 5839 2583 5902 {ac
2607 5852 2712 5889 τινα
2739 5838 2962 5902 Domini,
2999 5849 3189 5912 factum
3213 5851 3282 5905 ad

2743 5935 2802 5995 11
