3938 6376
625 432 724 486 531

1945 400 2163 457 VlGlLll
2203 392 2562 452 T.\PSF.;\'SIS
3673 390 3737 446 33!

625 496 945 596 ittudendum
973 535 1034 587 ab
1062 531 1253 604 angelis
1292 525 1431 599 (Job,
1461 538 1546 587 ιι,
1585 520 1693 589 ll).
1726 517 1832 571 Nos
1863 525 2040 569 autem
2071 528 2193 566 sen-
2220 522 2267 579 Α
2298 518 2375 561 est
2418 508 2469 560 in
2511 504 2742 557 animam
2788 499 3077 563 viventem,
3121 505 3177 551 et
3223 495 3409 550 habens
3430 495 3634 564 Spiritum
3656 516 3734 554 Stin.

630 649 748 687 sum
776 628 996 688 Cltristi,
1041 603 1297 693 Spiritum
1341 622 1584 671 sanctum
1630 625 1750 665 cSSe
1794 608 1862 661 de
1905 603 2194 672 Scriptnris

2302 611 2464 658 enim,
2498 591 2787 663 spiritualis
2822 596 2961 651 erat,
2997 589 3132 640 adeo
3160 594 3215 639 nt
3238 588 3660 656 proplietaretqund
3681 593 3738 643 ht-

630 722 828 778 sanctis
847 679 1127 772 didicimds
1146 756 1160 779 ,
1203 713 1339 766 sicut
1370 706 1565 761 Paulus
1590 700 1839 770 scripsit:
1870 696 1975 753 Sed
2003 696 2137 748 docti
2164 709 2196 744 a
2293 692 2385 759 jus
2406 686 2477 739 rei
2505 684 2671 756 gratia
2700 679 3008 749 derelinquet
3039 680 3187 731 homo
3209 690 3388 747 patrem
3413 694 3534 731 suum
3552 690 3737 731 t'tmatum

633 814 853 883 Spiritu,
892 806 1201 878 spiritalibus
1237 797 1490 871 spiritalia
1534 802 1905 863 comparantes.
1946 786 2202 841 Animalis

632 876 798 956 autem
825 876 971 953 homo
994 884 1095 949 non
1116 894 1326 963 percipit
1365 906 1427 942 ea
1466 903 1579 957 qua:
1629 894 1746 939 sunt
1791 883 2014 952 Spiritus
2062 876 2198 930 Dei:

636 995 849 1051 stultitia
868 1002 940 1046 est
967 992 1098 1044 enim
1126 989 1191 1051 ei,
1216 994 1263 1040 et
1290 1000 1394 1038 non
1424 988 1584 1051 potest
1618 978 1769 1043 scire,
1822 974 1940 1042 quia
1961 968 2203 1040 spiritali-

636 1097 712 1140 ter
740 1083 1053 1157 dijudicatur
1080 1094 1099 1132 :
1128 1075 1375 1146 spiritalis
1410 1086 1524 1125 vero
1569 1067 1817 1143 dijudicat
1856 1061 2057 1117 omnia.
2097 1058 2205 1126 ipse

636 1189 804 1231 autem
825 1192 854 1226 α
882 1175 1077 1227 nemine
1096 1170 1363 1243 judicatur
1384 1180 1402 1217 :
1431 1164 1541 1232 quis
1568 1161 1701 1214 enim
1725 1158 1861 1211 novit
1888 1169 2085 1209 sensum
2113 1151 2212 1203 Do-

637 1273 784 1335 mini,
814 1270 899 1340 qui
928 1269 1134 1322 instruit
1163 1265 1309 1319 eum?
1340 1261 1451 1315 Nos
1475 1274 1591 1313 vero
1614 1272 1814 1311 sensum
1840 1252 2029 1308 Christi
2060 1251 2209 1302 habe-

640 1380 751 1416 mus
780 1362 827 1430 (Ι
862 1361 985 1414 Cor.
1016 1375 1076 1424 ιι,
1111 1359 1177 1412 l3
1198 1387 1220 1396 -
1244 1354 1354 1423 l6).
1399 1354 1501 1406 Iste
1530 1351 1689 1420 igitur
1713 1347 1945 1417 Spiritus
1993 1355 2209 1399 sanctus

640 1468 762 1507 cum
790 1452 857 1505 sit
885 1465 1076 1505 sensus
1102 1446 1332 1511 Domini,
1386 1443 1438 1497 in
1494 1440 1704 1509 propria
1750 1437 1866 1491 vitat
1915 1434 2210 1489 substantia

641 1544 897 1606 existens,
923 1539 1061 1594 sicut
1088 1536 1398 1604 frequenter
1421 1531 1675 1593 diximus,
1710 1526 1857 1580 novit
1884 1525 2060 1577 omnia
2093 1535 2211 1590 qum

642 1641 769 1686 sunt
798 1633 911 1695 llei,
936 1630 1072 1683 sicut
1095 1628 1312 1697 spiritus
1337 1632 1519 1678 noster
1539 1635 1658 1691 quin
1678 1629 1858 1674 nostra
1882 1626 2026 1672 sunt.
2061 1613 2215 1668 Deni-

643 1739 748 1794 que
782 1731 836 1777 et
863 1721 1056 1775 Paulus
1085 1719 1195 1772 ait:
1251 1716 1412 1769 Nobis
1453 1724 1623 1767 autem
1658 1711 1896 1765 reuelauit
1946 1706 2079 1760 Deus
2132 1722 2219 1774 per

648 1798 1113 1883 Spiritum'suum:
1146 1806 1371 1875 Spiritus
1401 1805 1534 1858 enim
1564 1802 1735 1855 omnia
1767 1807 2041 1861 scrutatur,
2070 1799 2217 1849 etiam

2304 797 2472 843 suam,
2503 788 2547 831 et
2576 774 2848 829 adluerebit
2883 773 3033 825 uxori
3062 786 3188 835 sum,
3226 780 3268 822 et
3294 779 3424 822 cruut
3460 770 3544 822 duo
3578 771 3617 823 in
3645 788 3738 823 carni
3808 820 3809 823 η

2306 889 2407 926 una
2438 869 2627 939 (Ibid.,
2654 866 2768 937 24).
2817 864 3032 918 Necnon
3066 870 3115 916 et
3148 862 3287 915 illam
3318 878 3423 929 quae
3449 871 3616 928 sumpta
3633 872 3739 915 estne

2307 976 2452 1018 cosm
2482 976 2575 1016 sua
2606 960 2885 1013 mulierem
2912 963 3131 1009 vocaret
3156 953 3370 1012 llevam,
3417 952 3660 1020 prophetica
3692 954 3739 1003 tli-

2308 1069 2437 1108 c~~ns
2469 1073 2476 1103 :
2508 1051 2635 1104 Haec
2664 1057 2736 1101 est
2769 1056 2927 1098 mater
2954 1044 3175 1097 omnium
3196 1042 3443 1094 viventium
3473 1038 3661 1109 (Gemitu,
3682 1045 3739 1103 ω.

2310 1144 2484 1198 Simili
2514 1158 2578 1193 mi
2602 1140 2670 1192 do
2700 1146 2755 1191 et
2780 1149 2967 1189 omnes
2995 1134 3165 1187 sancti
3204 1141 3318 1199 post
3340 1131 3620 1197 baptizatum
3641 1134 3674 1181 in
3694 1148 3742 1178 ιμμ

2312 1236 2454 1289 mine
2478 1232 2672 1295 Patris,
2711 1238 2766 1282 et
2796 1227 2937 1288 Filii,
2985 1234 3038 1278 et
3059 1224 3289 1292 Spiritus
3315 1222 3491 1285 sancti,
3515 1236 3589 1288 per
3609 1221 3742 1287 ltltpOsl-

2315 1330 2513 1383 tio:iem
2538 1339 2786 1378 manuum
2819 1320 3155 1374 sacerdotum
3210 1318 3295 1370 ι)ιή
3334 1316 3553 1386 δρίΜιιιιι
3593 1329 3741 1368 sanctum

2314 1419 2607 1481 consecuti,
2638 1417 2702 1471 ad
2725 1415 3000 1483 antiquum
3019 1412 3382 1483 restituuntur,
3412 1410 3456 1461 in
3479 1408 3519 1461 id
3544 1407 3743 1476 quodcnut

2316 1520 2439 1564 ante
2464 1506 2950 1575 terrevaricationetn
2970 1506 3117 1567 Adae,
3141 1512 3194 1556 et
3215 1500 3315 1554 hoc
3328 1502 3502 1569 Spiritu
3520 1499 3744 1564 legemtlanu

2318 1604 2370 1656 in
2404 1600 2654 1655 Ect-lesiis
2675 1598 2935 1668 gentium.
2963 1594 3071 1648 Nos
3102 1607 3274 1661 neque
3301 1607 3495 1646 carnem
3522 1589 3744 1643 circumcidi-

2320 1708 2459 1754 tnus,
2493 1704 2664 1758 neque
2680 1688 2963 1742 carnaliter
2992 1686 3162 1753 legem
3183 1686 3341 1753 Moysi
3368 1682 3653 1735 custodimus.
3673 1679 3744 1731 Nam

2318 1801 2437 1842 cum
2462 1784 2668 1847 Paulus,
2698 1790 2749 1836 et
2778 1780 2865 1848 qui
2887 1792 3006 1833 cum
3031 1793 3095 1832 eo
3129 1776 3468 1847 praedicabant
3489 1772 3668 1843 gentibus
3684 1786 3745 1822 rer-

648 1857 1107 1883 υν---ητη
1146 1857 1237 1875 η.-
1277 1857 1301 1859 η
1409 1857 1414 1858 ν
2032 1857 2038 1861 ,

646 1902 905 1974 profunda
921 1900 1031 1953 Dei.
1058 1899 1184 1963 Quis
1204 1896 1339 1949 enim
1359 1894 1509 1946 homo
1542 1892 1674 1944 novit
1703 1905 1816 1957 (μίαν
1838 1898 1953 1941 sunt
1978 1886 2212 1947 hominis,
2247 1886 2294 1946 Β
2322 1877 2443 1930 bum
2480 1874 2593 1938 Dei,
2617 1882 2668 1927 et
2694 1872 2781 1940 qui
2814 1870 2996 1923 ﬁdeles
3028 1868 3235 1921 fuerant
3260 1868 3325 1921 de
3346 1864 3562 1919 circumci
3589 1857 3744 1921 ioue,di-

648 1996 750 2048 nisi
777 1995 984 2063 spiritus
1011 1992 1246 2053 hominis,
1277 1988 1364 2058 qui
1392 1989 1442 2039 in
1473 1987 1582 2054 ipso
1612 1984 1726 2037 est?
1766 1980 1855 2035 Sic
1881 1988 1927 2034 et
1965 1992 2075 2047 qua:
2104 1981 2219 2027 sunt

652 2084 750 2137 Dei
771 2099 913 2137 nemo
944 2082 1099 2143 novit,
1134 2080 1231 2132 nisi
1257 2077 1482 2144 Spiritus
1506 2072 1617 2126 Dti.
1652 2070 1763 2124 Nos
1791 2084 1906 2122 vero
1938 2083 2039 2120 non
2071 2063 2224 2133 spiri-

654 2186 759 2227 tum
782 2175 935 2245 hujus
965 2171 1136 2225 mundi
1159 2168 1464 2236 accepimus.
1493 2164 1581 2217 sed
1610 2163 1860 2231 Spiritum
1889 2158 1973 2224 qui
2017 2171 2079 2209 ea:
2121 2153 2225 2205 Deo

653 2273 748 2330 est,
772 2272 823 2316 ut
846 2264 1061 2316 sciamus
1090 2275 1202 2325 quae
1235 2274 1266 2310 a
1301 2257 1406 2308 Deo
1432 2255 1619 2307 donata
1663 2259 1781 2304 sunt
1820 2250 1995 2310 nobis;
2030 2260 2142 2312 qua:
2179 2252 2225 2295 et

654 2354 926 2425 loquimur,
951 2368 1051 2405 non
1074 2350 1211 2403 docti
1237 2347 1470 2399 humana.
1500 2341 1765 2409 sapientia:
1777 2336 1960 2401 verbis,
1986 2338 2072 2387 sed
2092 2335 2228 2386 docti

653 2464 684 2499 α
699 2445 757 2508 S;
778 2445 898 2498 iritu
920 2443 970 2514 (Ι
994 2441 1109 2495 Cor.
1137 2456 1192 2506 ιι,
1215 2437 1322 2507 l0).
1349 2436 1506 2490 Istum
1525 2433 1784 2502 Spiritum
1805 2436 2044 2485 sanctum
2069 2425 2227 2479 etiam

653 2534 875 2603 digitum
930 2533 1021 2587 Dei
1061 2544 1180 2585 esse
1220 2527 1472 2582 Dominus
1520 2522 1721 2585 docuit,
1763 2518 2055 2574 secundum
2096 2514 2228 2569 Mat-

658 2627 852 2681 thaenm
887 2624 1096 2695 quidem
1130 2624 1352 2677 dicens:
1386 2619 1447 2673 Si
1468 2628 1636 2671 autem
1652 2618 1704 2668 in
1729 2614 1933 2683 Spiritu
1965 2611 2059 2665 Dei
2085 2611 2232 2681 ejicio

658 2719 929 2779 daemonia,
966 2714 1185 2785 pervenit
1215 2714 1271 2765 in
1292 2727 1378 2764 vos
1409 2711 1580 2777 utique
1622 2721 1834 2776 regnum
1879 2701 1973 2757 Dei
2018 2700 2231 2773 (Matth.

663 2821 764 2864 χιι,
794 2806 909 2875 28).
944 2801 1248 2858 Secundum
1276 2814 1405 2853 vero
1433 2800 1660 2851 Lucam:
1691 2795 1750 2849 Si
1774 2802 1940 2847 autem
1960 2808 2052 2864 ego
2074 2793 2126 2844 in
2156 2790 2237 2843 di-

662 2898 768 2967 gito
799 2895 891 2947 1).ιὶ
913 2894 1061 2963 ejicio
1090 2890 1360 2954 dwmonia,
1397 2886 1616 2955 pervenit
1646 2885 1698 2937 in
1724 2899 1807 2936 vos
1835 2883 2003 2950 utique
2026 2897 2236 2950 regnum

666 2984 762 3039 Dei
786 2983 936 3055 (Luc.
964 2997 1021 3046 ιι,
1050 2978 1166 3049 20).
1206 2978 1485 3045 PrOpterea
1511 2975 1623 3027 dico
1654 2973 1808 3037 vobis,
1832 2971 2071 3040 qutmiam
2093 2984 2240 3022 omne

669 3084 952 3143 peccatum,
984 3080 1028 3124 et
1053 3068 1367 3133 blasphemia
1391 3065 1668 3119 remittetur
1695 3060 2003 3123 hominibus,
2030 3060 2239 3128 spiritus

670 3173 839 3217 autem
891 3161 1205 3229 blasphemia
1245 3172 1345 3210 non
1396 3156 1677 3209 remittetur
1723 3154 1815 3205 eis.
1861 3148 1924 3203 Et
1962 3150 2243 3218 quicunque

672 3252 855 3305 dixerit
893 3252 1095 3304 uerbum
1134 3248 1186 3301 in
1218 3244 1414 3298 Filium
1452 3242 1691 3304 hominis,
1725 3239 2001 3293 remittetur
2033 3238 2118 3291 ei:
2158 3235 2243 3299 qui

671 3351 839 3397 autent
859 3341 1042 3394 dixerit
1063 3340 1116 3392 in
1138 3336 1391 3406 Spiritum
1428 3342 1678 3395 sanctum,
1720 3346 1819 3383 non
1858 3328 2140 3382 remittetur
2173 3325 2240 3390 ei,

673 3449 831 3503 neque
850 3432 1007 3485 inisto
1022 3428 1230 3490 steculo,
1245 3442 1403 3486 neque
1424 3428 1474 3477 in
1494 3420 1892 3492 [uturo(Matth.
1906 3434 1999 3483 χιι,
2019 3419 2080 3473 3i
2096 3459 2110 3481 ,
2126 3415 2243 3485 52).

673 3526 776 3580 Per
798 3525 935 3577 hunc
960 3522 1217 3590 Spiritum
1247 3525 1511 3578 sanctum,
1529 3528 1647 3568 eum
1674 3512 1741 3567 sit
1766 3511 1959 3580 digitus
1984 3506 2247 3573 Dci,scri-

678 3626 780 3684 pta)
809 3623 934 3668 sunt
960 3611 1150 3665 tabulae
1173 3608 1412 3678 lapidem,
1441 3621 1558 3676 quae
1587 3605 1725 3658 data:
1751 3612 1875 3657 sunt
1898 3599 2087 3671 Moysi,
2118 3596 2248 3650 scri—

678 3718 781 3775 pta:
807 3705 974 3773 digito
1012 3703 1125 3770 Dei,
1152 3701 1288 3754 sicut
1317 3699 1431 3767 ipse
1462 3697 1670 3766 Moyses
1699 3692 1965 3762 exposuit.
1997 3688 2247 3753 Alioquin

678 3794 725 3848 si
775 3808 879 3846 non
909 3791 1162 3860 Spiritum
1201 3798 1442 3842 sanctum
1481 3785 1701 3854 digitum
1743 3783 1836 3837 Dei
1873 3795 1991 3835 esse
2028 3780 2246 3841 dicunt;

682 3882 887 3935 tabulas
898 3880 1116 3933 omnino
1140 3877 1374 3946 lapideas
1385 3874 1728 3944 gloriosiores
1740 3886 1880 3937 esse,
1904 3885 2061 3939 quam
2088 3866 2251 3922 cozda

679 3978 986 4025 sanctorum
1014 3966 1420 4041 prolitebuntnr,
1464 3977 1623 4032 super
1650 3976 1768 4033 qu:e
1795 3961 2021 4029 epistola
2050 3956 2250 4012 Christi

678 4062 876 4128 scripta
904 4068 987 4115 est
1018 4073 1112 4127 per
1141 4056 1400 4125 Spiritum
1431 4063 1695 4118 sanctum,
1736 4054 1876 4106 sicut
1920 4051 2111 4104 Paulus
2137 4052 2247 4101 ait:

682 4152 810 4219 Quae
835 4149 1049 4220 epistola
1072 4145 1258 4201 Christi
1284 4146 1425 4209 estis,
1454 4145 1644 4211 scripta
1683 4158 1783 4195 non
1820 4148 2124 4202 atramento,
2164 4137 2252 4191 sed

682 4241 881 4311 Spiritu
906 4237 1068 4307 329
1090 4235 1183 4288 Dei
1210 4235 1306 4287 vivi
1321 4250 1340 4298 ;
1378 4249 1481 4285 non
1508 4233 1561 4285 in
1589 4231 1774 4285 tabulis
1794 4230 2032 4297 lapideis,
2072 4228 2160 4282 sed
2200 4228 2254 4279 in

684 4332 867 4386 tabttlis
895 4331 1064 4382 cordis
1085 4328 1375 4380 carnalibus
1399 4324 1451 4396 (l
1458 4326 1481 4378 Ι
1498 4324 1618 4379 Cor.
1633 4339 1713 4389 ιιι,
1735 4325 1811 4393 5).
1838 4323 1987 4377 Hunc
2001 4321 2254 4392 Spiritum

685 4435 950 4488 sanctum,
978 4433 1031 4476 et
1058 4422 1235 4475 lumen
1267 4420 1444 4473 vultus
1466 4418 1559 4473 Dei
1585 4432 1708 4473 esse
1734 4415 2023 4481 credimus,
2054 4429 2255 4471 secun-

686 4520 814 4573 dum
839 4516 1005 4571 David
1038 4517 1089 4569 in
1120 4523 1309 4585 quarto
1333 4512 1536 4579 psalmo
1561 4511 1826 4566 dicentem
1851 4528 1866 4564 :
1893 4511 2167 4580 Signatum
2186 4514 2259 4562 est

2324 1976 2543 2022 centes:
2571 1964 2704 2029 Quia
2734 1969 2926 2030 Oportet
2950 1959 3305 2012 circumcidere
3320 1972 3419 2018 eos,
3450 1965 3487 2006 et
3509 1948 3747 2019 [tillflpt’fltll

2326 2059 2578 2112 custodire
2590 2058 2745 2125 legem
2762 2054 2927 2122 Moysi
2941 2055 3076 2121 (Act.
3096 2047 3269 2120 xv,5),
3282 2049 3422 2117 jltSslt
3437 2046 3749 2113 Spiritusstuuui

2327 2166 2431 2203 non
2449 2145 2756 2202 circumcidi
2773 2160 2835 2198 ex
2852 2144 3098 2213 grntibus
3112 2143 3406 2201 credentes,
3424 2151 3567 2204 neque
3578 2131 3751 2186 carnalith

2330 2244 2489 2296 ritum
2519 2256 2577 2294 se
2600 2240 2667 2306 ιιιὶ
2689 2280 2703 2303 ,
2734 2252 2889 2305 quem
2926 2238 3142 2305 Moyses
3165 2234 3364 2288 Jndreis
3388 2230 3587 2285 tradidit.
3608 2226 3749 2290 Script-

2333 2344 2454 2388 rnnt
2496 2348 2625 2401 ergo
2656 2331 2877 2399 apusto’i
2912 2331 2991 2381 liis
3017 2330 3103 2397 qui
3136 2342 3197 2380 ex
3234 2326 3472 2396 gentibus
3506 2328 3637 2383 erant,
3665 2317 3751 2367 hac:

2332 2424 2564 2489 Apostoli
2594 2432 2638 2476 et
2666 2421 2937 2490 presbyteri
2966 2419 3167 2488 fratres,
3194 2417 3258 2469 iis
3282 2416 3365 2485 qui
3384 2404 3752 2472 AntiochiauSyris

2330 2524 2379 2568 et
2405 2513 2598 2568 Cilicite
2619 2511 2863 2583 fratribus
2883 2513 2970 2579 qui
2998 2519 3116 2563 sunt
3147 2524 3206 2561 ex
3227 2509 3470 2577 gentibus,
3492 2504 3664 2556 salutent.
3683 2495 3755 2559 Ωιο·

2334 2606 2472 2658 niam
2499 2604 2806 2666 audivimus,
2840 2603 2972 2668 quod
3001 2617 3061 2654 ea:
3080 2599 3223 2652 nobis
3242 2599 3437 2667 quidam
3464 2598 3752 2647 turbamuntta

2335 2696 2494 2750 verbis
2533 2710 2645 2763 qua:
2681 2710 2780 2745 non
2812 2692 3168 2745 constituimus
3205 2705 3224 2743 :
3265 2692 3416 2742 risum
3449 2694 3509 2739 est
3551 2675 3754 2752 330W!

2337 2788 2649 2857 congregatis
2678 2787 2729 2838 in
2769 2786 3015 2851 idipsttm,
3052 2786 3251 2836 mittere
3291 2782 3355 2835 ad
3378 2797 3456 2833 vos
3476 2791 3570 2830 cum
3593 2766 3753 2825 rarissimi:

2338 2879 2521 2931 nostris
2552 2876 2791 2929 Barnaba
2815 2885 2862 2928 et
2897 2874 3080 2941 Paulo,
3123 2873 3409 2925 hominibus
3456 2869 3531 2939 qui
3572 2864 3755 2916 tradidit“

2340 2969 2538 3021 animas
2564 2982 2683 3019 suas
2715 2981 2808 3034 pro
2834 2965 3036 3017 nomine
3080 2963 3293 3016 Domini
3337 2961 3483 3013 nostri
3518 2956 3616 3008 Jesu
3644 2948 3756 3003 Christi.

2341 3058 2532 3113 ludam
2564 3068 2609 3111 et
2643 3057 2829 3121 Silam,
2869 3066 2914 3109 et
2940 3057 3075 3123 ipsos
3098 3073 3187 3124 per
3213 3056 3411 3109 verbum
3436 3047 3703 3103 auuuntiantu
3720 3055 3759 3088 tt-

2345 3152 2479 3204 dem.
2511 3149 2689 3202 Visum
2719 3159 2790 3201 est
2812 3149 2946 3201 enim
2971 3147 3189 3217 Spiritui
3219 3140 3390 3199 sancto
3412 3153 3453 3197 et
3475 3140 3589 3193 nobis
3611 3132 3694 3186 nihil
3707 3142 3759 3177 m-

2270 3271 2315 3333 Ο
2350 3240 2485 3307 plius
2511 3239 2705 3305 imponi
2732 3237 2870 3290 vobis
2897 3237 3083 3299 oneris,
3136 3246 3320 3302 printer
3357 3250 3413 3287 ea
3441 3246 3538 3300 qua:
3568 3236 3701 3280 necesse
3715 3226 3763 3273 ei.

2688 3332 2694 3333 ,
2903 3330 2912 3333 _
2960 3330 2969 3333 _
2997 3330 3005 3333 _
3052 3329 3060 3333 .
3126 3327 3136 3333 .
3218 3330 3226 3333 .
3540 3323 3548 3333 .
3650 3324 3660 3333 .
3686 3307 3761 3333 “IL

2349 3340 2403 3385 ut
2430 3332 2722 3385 abstineatis
2743 3346 2830 3382 vos
2860 3330 2923 3380 ab
2955 3327 3278 3397 idolothytis,
3310 3339 3355 3380 et
3391 3323 3611 3392 sanguine,
3630 3324 3660 3368 tl
3682 3307 3763 3370 itii“

2348 3434 2483 3488 cato,
2515 3436 2560 3475 et
2591 3423 2926 3493 fornicatione
2954 3435 2971 3472 :
3008 3436 3037 3472 a
3067 3421 3247 3489 quibus
3289 3419 3592 3471 custodientes
3613 3422 3683 3466 ros,
3708 3402 3763 3451 δίνη

2348 3515 2526 3583 agetis.
2560 3512 2733 3565 Valete
2762 3510 3000 3581 (Act.xv,
3023 3509 3265 3579 23-29).
3304 3510 3365 3562 Et
3388 3522 3495 3561 cum
3523 3501 3688 3570 Spiritus
3701 3502 3764 3542 stu-

2351 3616 2468 3657 ctus
2499 3604 2529 3656 b
2551 3624 2562 3653 l
2582 3619 2611 3657 c
2643 3603 3061 3672 promulgassct,
3094 3615 3283 3654 omnes
3323 3596 3552 3653 Ecclesia
3575 3584 3705 3645 Christi
3720 3586 3765 3631 (ιιι

2352 3696 2653 3750 stodierunt
2700 3695 2834 3748 haec.
2890 3694 2953 3747 Et
2991 3692 3340 3747 considerent
3376 3690 3488 3757 quia
3518 3668 3767 3738 nemittietﬁS

2352 3803 2471 3857 qua:
2492 3796 2670 3841 creata
2700 3796 2843 3853 sunt,
2870 3788 3040 3855 legem
3068 3784 3183 3840 orbi
3228 3796 3481 3840 terrarum
3520 3779 3621 3831 dare
3648 3773 3769 3821 citate?

2352 3895 2470 3933 sum
2498 3889 2600 3934 est.
2654 3878 2837 3948 Itaque
2878 3878 3119 3932 videntes
3162 3878 3418 3946 Spiritum
3464 3877 3654 3927 sanctum
3682 3861 3770 3922 itii“

2354 3970 2596 4033 dantem,
2628 3985 2732 4023 non
2768 3971 3159 4037 lilaspbement,
3190 3970 3449 4031 dicentes,
3473 3978 3575 4020 cum
3601 3967 3681 4012 esse
3697 3956 3771 4037 cf“:

2356 4070 2488 4124 tum,
2536 4076 2605 4131 qu
2646 4062 2785 4115 niam
2838 4062 3104 4131 pracipue
3155 4062 3410 4115 Dominus
3455 4061 3607 4111 contra
3645 4056 3704 4098 eos
3731 4032 3773 4102 ‘l‘ii

2357 4128 2729 4219 blaSphemant
2757 4151 2805 4205 in
2835 4128 2979 4217 eum,
3006 4128 3149 4205 dicit
3184 4168 3197 4203 :
3236 4152 3393 4205 Omne
3418 4154 3634 4218 peccatum
3658 4144 3688 4187 et
3707 4128 3773 4179 ill:

2358 4241 2558 4309 phemia
2587 4242 2868 4293 remittetur
2900 4240 3186 4293 hominibus
3208 4258 3226 4307 ,°
3253 4242 3341 4312 qui
3366 4251 3520 4292 autem
3545 4224 3775 4295 bluam

2361 4331 2429 4384 rit
2463 4331 2515 4383 in
2546 4330 2747 4401 Spiritu
2782 4339 2980 4394 sancto,
3019 4346 3119 4382 non
3149 4331 3427 4382 remittetur
3452 4325 3493 4378 ei
3518 4338 3534 4375 :
3556 4328 3592 4372 et
3614 4314 3775 4384 quali"

2362 4422 2550 4476 dixerit
2574 4420 2774 4474 verbum
2811 4422 2864 4473 in
2904 4419 3096 4473 Filium
3138 4421 3376 4485 hominis,
3413 4414 3645 4469 remittetur
3666 4402 3778 4454 eiii“

2367 4523 2538 4567 autem
2566 4514 2617 4566 in
2644 4513 2895 4581 Spiritum
2922 4524 3173 4577 sanctum,
3222 4529 3324 4564 non
3356 4508 3597 4561 remittetur
3611 4494 3679 4553 illi.
3698 4491 3780 4581 uti"

689 4625 838 4680 super
863 4624 952 4663 nos
980 4608 1149 4662 lumen
1179 4612 1346 4702 uultus
1376 4608 1472 4670 tui,
1505 4604 1719 4657 Domine
1758 4603 1934 4672 (Psal.
1955 4573 2040 4668 iv,
2069 4603 2148 4672 7).
2200 4600 2255 4655 In
2284 4640 2339 4702 υ
2364 4605 2419 4660 in
2442 4604 2539 4657 hoc
2566 4573 2779 4671 swculo,
2804 4621 2962 4673 neque
2990 4606 3039 4657 in
3072 4573 3246 4673 futuro
3296 4602 3502 4670 (Matth.
3530 4607 3607 4649 sn.
3627 4582 3703 4651 5|).
3726 4573 3783 4627 Non

1535 4696 1548 4702 -
1733 4694 1747 4702 .
1842 4695 1853 4702 .
1947 4696 1958 4702 -
2213 4693 2225 4702 .
2632 4697 2662 4702 --
2744 4696 2755 4702 -
2931 4698 2962 4702 --
3142 4697 3172 4702 _
3280 4697 3291 4702 -
3456 4691 3466 4702 .
3555 4701 3564 4702 ,
3600 4690 3679 4702 .....
3696 4672 3783 4702 nul.

689 4703 966 4771 trigesimo
990 4712 1118 4755 vero
1147 4708 1203 4754 et
1224 4699 1412 4768 quinto
1439 4696 1644 4767 psalmo
1677 4712 1689 4747 :
1723 4694 1789 4748 In
1835 4695 2024 4747 lumine
2060 4701 2149 4745 tuo
2177 4693 2256 4745 ci-

688 4794 920 4847 debimus
949 4792 1117 4846 lumen
1144 4788 1314 4860 (Psal.
1344 4804 1509 4850 xxxv.
1542 4785 1653 4855 10).
1707 4786 1766 4839 Ει
1793 4784 2083 4838 secundum
2107 4782 2258 4837 Salo-

690 4899 902 4940 monem
934 4884 986 4937 in
1019 4882 1321 4937 Proverbiis
1341 4881 1663 4933 scribentem
1690 4896 1702 4930 :
1736 4876 1848 4930 Lux
1875 4876 2078 4929 Domini
2099 4876 2260 4941 iri-pi-

690 4976 824 5027 ratio
853 4983 925 5026 est
940 4972 1224 5036 hominum,
1244 4985 1355 5040 qua!
1378 4977 1629 5023 scrutatur
1648 4969 1846 5023 interna
1864 4967 2050 5020 ventris
2073 4964 2257 5035 (Prov.

690 5064 915 5133 “,27).
947 5063 1009 5118 Et
1033 5060 1219 5117 lsaiitm
1247 5061 1509 5115 dicentem
1536 5078 1548 5112 :
1574 5058 1640 5112 Et
1656 5061 1750 5114 erit
1764 5057 1937 5113 lamin
1955 5057 2073 5111 huic
2090 5056 2257 5112 Israel

689 5156 744 5212 in
765 5158 921 5227 igne:
946 5164 994 5209 et
1021 5153 1353 5221 sancti/icabit
1380 5167 1493 5205 eum
1523 5154 1637 5223 igne
1654 5152 1853 5205 ardenti
1882 5149 2035 5222 (lsai.
2058 5166 2111 5214 ι,
2139 5151 2253 5219 17).

690 5249 839 5303 lianc
863 5257 914 5301 et
935 5246 1335 5316 inspirationem
1365 5244 1479 5299 Filii
1511 5244 1604 5299 Dei
1632 5258 1751 5298 esse
1770 5242 1963 5297 divina:
1985 5258 2082 5297 nos
2106 5242 2250 5297 Scri-

692 5347 860 5407 pturte
887 5336 1212 5400 docuerunt;
1240 5335 1528 5391 secundum
1558 5336 1896 5389 Salomonem
1920 5333 2131 5402 quidem
2170 5333 2255 5387 di-

660 5438 899 5514 ;centcm
918 5445 929 5479 :
953 5426 1068 5479 Lua:
1090 5425 1297 5479 Domini
1317 5426 1586 5493 inspiratio
1599 5433 1673 5478 est
1692 5424 1948 5475 hominum
1966 5422 2147 5493 (Prov.
2166 5439 2229 5477 sx
2243 5463 2258 5487 ,

690 5521 807 5587 27).
838 5519 1140 5574 Secundum
1168 5518 1400 5587 Moysem
1433 5531 1557 5569 vero
1587 5531 1603 5569 :
1648 5513 1711 5567 Et
1733 5514 1991 5581 inspiravit
2026 5513 2162 5566 Deus
2206 5516 2259 5567 in

696 5611 877 5677 {aciem
900 5610 1023 5664 Atla:
1044 5609 1351 5676 inspiramen
1378 5607 1514 5671 vilic,
1538 5614 1582 5658 et
1604 5604 1770 5673 factus
1793 5614 1863 5656 est
1888 5604 2035 5657 homo
2059 5604 2112 5657 in
2152 5605 2265 5657 ani-

699 5716 829 5752 mum
855 5702 1091 5754 virentem
1116 5698 1266 5769 (Gen.
1292 5715 1350 5760 ll,
1384 5698 1436 5766 7)
1469 5713 1484 5753 :
1516 5707 1570 5751 ct
1599 5694 2039 5762 quemadmodum
2072 5704 2255 5763 postea

698 5799 905 5849 Crestus
928 5801 1008 5846 est
1034 5793 1222 5855 Adam,
1254 5792 1520 5861 accipiens
1541 5788 1781 5859 Spiritum
1820 5788 1957 5853 vitre,
1991 5798 2041 5842 et
2076 5788 2247 5842 factus

2368 4704 2545 4750 autem
2574 4697 2697 4749 talia
2725 4696 2792 4750 de
2820 4712 2886 4749 en
2912 4698 3116 4751 diceret
3142 4697 3399 4750 Dominus
3428 4691 3467 4745 si
3494 4690 3681 4743 creatura
3696 4672 3784 4723 em-

2370 4786 2575 4842 Deinde
2604 4798 2655 4842 et
2687 4787 2738 4841 in
2777 4788 2913 4841 libro
2951 4789 3252 4858 Regnorum
3288 4786 3470 4841 scribit
3504 4800 3514 4833 :
3554 4777 3603 4832 Si
3623 4762 3787 4858 Ρείτξτίῖ²

2369 4879 2447 4931 υἱι-
2475 4879 2526 4931 in
2553 4879 2736 4943 virum,
2767 4881 2929 4931 orabit
2964 4896 3056 4949 pro
3082 4896 3140 4933 eo
3162 4879 3396 4934 sacerdos
3419 4890 3436 4929 :
3466 4873 3506 4926 si
3527 4881 3620 4922 vero
3639 4861 3676 4914 il
3693 4852 3788 4946 0"“:

2372 4986 2493 5023 num
2515 4941 2811 5042 peccaverit,
2830 4989 2891 5041 qn
2901 4972 2943 5024 is
2958 4941 3118 5025 orabit
3138 4987 3231 5041 pro
3257 4988 3314 5025 eo
3332 4968 3382 5041 (1
3405 4969 3519 5037 Reg.
3540 4978 3567 5015 n
3582 4950 3691 5042 35)?
3706 4941 3792 5042 Ellis

2373 5061 2564 5115 similia
2577 5061 2644 5115 de
2661 5040 2859 5131 Spiritu
2877 5075 3061 5117 sancto
3081 5062 3239 5116 etiam
3257 5040 3506 5113 Dominus
3518 5040 3792 5106 dixit,sicuté|l'

2373 5152 2550 5221 perius
2573 5124 2937 5221 probavimus:
2958 5154 3255 5221 Quicunque
3266 5150 3447 5205 dixerit
3461 5145 3626 5201 verbum
3638 5124 3795 5221 Mill"

2372 5242 2610 5307 hominis,
2653 5244 2930 5296 remitti-tur
2967 5245 3044 5308 ei;
3086 5245 3372 5313 quicunque
3403 5246 3555 5291 autem
3580 5233 3621 5284 in
3643 5216 3793 5291 Spifl‘“

2370 5348 2620 5401 sanctum,
2649 5354 2749 5390 non
2770 5338 3047 5391 remittetur
3070 5337 3135 5402 ei,
3166 5351 3327 5403 neque
3346 5335 3397 5386 in
3424 5332 3511 5382 hoc
3536 5319 3695 5379 seculo,
3715 5308 3799 5403 "(iul

2371 5429 2425 5483 in
2461 5432 2654 5499 futuro.
2692 5429 2836 5483 llanc
2879 5430 3035 5498 igitur
3062 5427 3497 5496 pertimescentes
3517 5392 3801 5499 sententiamifi

2376 5522 2652 5576 audientes
2668 5532 2859 5588 quanta
2877 5521 2943 5575 de
2958 5520 3159 5588 Spiritu
3176 5526 3360 5571 sancto
3376 5511 3630 5575 Scriptura:
3643 5488 3803 5588 dixerint:

2375 5616 2548 5682 qualia
2581 5613 2648 5667 de
2670 5614 2846 5675 Patre,
2878 5622 2930 5667 et
2950 5578 3100 5674 Filio,
3127 5610 3250 5664 talia
3278 5603 3516 5671 etiamde
3537 5578 3805 5682 SPl'i'Ps’mfo

2376 5709 2663 5774 sapiamus.
2689 5707 2950 5772 Quoniam
2980 5706 3117 5758 sicut
3142 5701 3413 5756 credimus
3442 5698 3487 5748 in
3515 5677 3803 5774 l'eiunl’tﬂf‘?

2370 5805 2421 5848 et
2452 5796 2499 5848 in
2528 5795 2716 5849 Filium
2741 5794 2856 5863 ejus
2883 5794 3233 5862 unigenitum,
3268 5790 3337 5841 ita
3367 5783 3605 5839 credimus
3628 5765 3719 5821 etin
3739 5762 3805 5815 51η·
