3938 6376
184 355 289 420 333

1266 361 1355 427 ps
1394 370 1689 430 UNlTATE
1730 364 2115 435 'l'lthlTATiS
2154 378 2374 435 LIBER.
3340 385 3439 448 τίη

188 475 345 529 ritum
368 481 607 529 sanctum
636 493 647 530 :
679 484 730 531 et
761 477 897 532 sicut
922 478 1169 544 bap'izati
1192 478 1240 532 in
1268 483 1483 535 nomine
1510 482 1681 535 Patris
1704 495 1757 538 ct
1786 490 1831 544 Α
1863 468 1931 538 ita
1960 489 2249 542 sentientes
2277 493 2342 541 de
2369 488 2650 549 Trinitate.
2684 505 2736 544 et
2765 494 3039 547 imitantes
3071 497 3440 555 adoratinnem

187 565 329 628 Filii,
358 567 427 618 ita
456 566 705 633 baptizati
748 583 931 623 sumus
982 570 1033 622 in
1069 570 1268 639 Spiritu
1312 584 1519 628 Sancto.
1571 575 1626 627 ln
1664 592 1756 626 no-

186 656 327 712 mine
357 656 477 721 lioc,
510 660 559 709 in
588 674 692 727 quo
731 660 868 712 sicut
895 661 1161 714 credimus
1190 672 1241 715 et
1264 663 1513 726 baptizati
1548 679 1753 727 sumne,

1867 576 2159 645 scraphim,
2201 579 2439 633 lia‘redrs
2470 583 2613 650 regni
2646 584 2905 637 cmlornm
2938 583 3077 639 efﬁci
3126 592 3443 655 poterimus.

1865 669 2053 719 Amen.

948 874 1614 990 VIGILH
1698 870 2693 997 τΔΡδΕΝειε

1103 1045 1421 1107 CONTRA
1467 1045 1956 1108 FELICIANUM
2001 1048 2101 1108 ET
2138 1049 2507 1113 ARIANUM

729 1172 969 1303 DE
1064 1178 1852 1307 UNITATE
1940 1186 2912 1321 TRINITATIS

1312 1374 1442 1447 AD
1471 1373 1959 1449 OPTATUM
1995 1376 2313 1457 LIBER.

700 1522 920 1578 CAPUT
953 1525 1237 1581 PRIMUM.

241 1644 405 1715 331
455 1644 736 1698 Extorsisti
768 1645 921 1712 mibi,
953 1645 1301 1701 dilectissime
1327 1648 1418 1713 ﬁli,
1460 1660 1515 1702 ut
1541 1648 1609 1704 de
1640 1652 1754 1703 uni-

173 1745 283 1790 tate
314 1738 608 1802 Trinitatis,
650 1753 766 1806 qua:
806 1738 1071 1805 perfectus
1103 1740 1239 1793 Deus
1269 1755 1485 1809 semper
1512 1757 1573 1795 ac
1605 1758 1757 1796 sum-
1791 1750 1837 1810 Β

172 1840 297 1880 mus
324 1835 434 1889 est,
475 1825 638 1879 ofﬁcii
680 1840 783 1880 non
826 1829 1103 1881 immemor
1130 1831 1473 1884 sacerdotalis
1502 1870 1517 1895 ,
1552 1832 1748 1901 aliquid

170 1916 456 1970 scriberem
490 1934 502 1967 :
534 1917 689 1984 idque
709 1932 738 1970 a
763 1933 863 1983 me,
892 1932 1012 1971 cuin
1038 1920 1248 1986 proprie
1270 1920 1591 1974 inﬁrmitatis
1614 1936 1745 1976 con-

171 2006 316 2059 scius
342 2006 535 2073 smpius
564 2018 897 2070 excusarem,
922 2008 1105 2062 multis
1127 2010 1299 2064 modis
1322 2011 1544 2079 exegisti
1568 2027 1583 2076 ς
1606 2026 1751 2066 asse-

171 2112 299 2151 rens
328 2099 624 2151 communis
655 2100 773 2152 ﬁdei
796 2100 1078 2167 rationem,
1104 2111 1157 2155 et
1180 2103 1458 2171 religiosos
1484 2105 1747 2171 accipere,

169 2200 224 2243 et
252 2192 554 2244 sacerdotes
584 2192 777 2245 debere
805 2192 1045 2247 fidelibus
1068 2208 1169 2247 non
1196 2209 1390 2262 negare
1416 2212 1427 2246 :
1458 2212 1523 2248 ne
1550 2205 1639 2249 aut
1672 2197 1747 2249 illi

174 2282 302 2334 dum
332 2296 435 2335 non
464 2281 749 2350 accipiunt,
785 2282 1039 2350 incipiant
1062 2283 1128 2337 ab
1152 2285 1454 2338 inﬁdelibus
1482 2286 1636 2341 facile
1658 2288 1750 2340 de-

168 2371 299 2439 cipi,
323 2381 415 2425 aut
442 2371 510 2425 ab
540 2372 621 2425 bis
662 2384 783 2425 eum
816 2372 1112 2426 desiderata
1144 2389 1249 2427 non
1280 2374 1553 2440 tribuunt,
1588 2376 1751 2429 cmle-

167 2465 270 2517 stis
312 2466 593 2518 thesaurus
629 2464 824 2519 Gbristi
854 2465 1106 2519 membris
1146 2480 1251 2519 non
1280 2466 1530 2530 expendi,
1564 2468 1658 2521 sed
1692 2470 1743 2521 in

176 2567 323 2609 terra
339 2556 729 2624 quodammodo
744 2555 941 2609 sterilis
962 2556 1163 2623 peritia:
1184 2556 1461 2610 videantur
1474 2556 1747 2611 abscondi.

182 2646 368 2709 Itaque
419 2644 614 2697 victum
669 2658 753 2697 me
800 2642 969 2698 fateor
1017 2645 1377 2712 probabilibus
1421 2648 1629 2713 causis,
1684 2663 1751 2702 ne

177 2734 419 2788 inermes
450 2734 657 2788 tradere
686 2733 865 2789 videar
895 2736 1273 2790 obsistentibus
1293 2738 1469 2803 malis,
1502 2738 1627 2793 dum
1658 2739 1752 2794 ad-

173 2837 367 2877 versus
398 2824 640 2878 inlideles
665 2839 769 2877 non
794 2826 1127 2879 instruuntur
1156 2827 1449 2882 munimine
1483 2829 1739 2883 veritatis.

182 2912 375 2966 Verum
406 2914 527 2982 quia
570 2914 619 2966 in
658 2913 916 2982 ejusmodi
958 2916 1341 2983 qumstionibus
1377 2918 1617 2987 quaedam
1652 2919 1747 2973 ob-

168 3005 399 3058 scuritas
426 3006 675 3059 continua
704 3006 942 3061 oratione
973 3005 1277 3076 frequenter
1305 3007 1617 3074 incurritur,
1655 3010 1735 3064 id-

1859 1534 1980 1601 quia
2011 1531 2364 1601 eloquentiam
2399 1541 2598 1607 pariter
2626 1558 2744 1596 cuin
2778 1546 2999 1602 scientia
3030 1552 3147 1606 ﬁdei
3176 1557 3268 1609 tibi
3291 1558 3443 1613 video

1861 1636 1970 1675 non
1993 1622 2198 1678 deesse.

1934 1713 2067 1767 Tum
2098 1729 2219 1784 ego,
2252 1716 2385 1773 Num
2419 1736 2583 1789 usque
2609 1722 2766 1787 adeo,
2801 1727 3036 1795 inquam,
3069 1731 3188 1786 duci
3223 1752 3309 1790 me
3338 1753 3438 1808 pu-

1866 1813 1948 1859 tas
1976 1804 2222 1861 laudibus
2248 1812 2402 1875 meis,
2436 1822 2490 1864 ut
2513 1813 2756 1882 injuriatn
2790 1819 2974 1873 l'aciain
3008 1804 3438 1889 praecedentibus

1852 1895 2074 1959 sanctis,
2108 1912 2207 1952 nec
2234 1914 2551 1967 prarsumam
2585 1921 2813 1975 unquam
2842 1911 2893 1961 in
2919 1913 3172 1981 sapientia
3194 1918 3348 1984 verbi,
3381 1936 3440 1975 ut

1851 2000 2121 2041 evacuelur
2140 2007 2266 2044 crux
2296 1993 2483 2047 Christi
2521 1994 2575 2067 (1
2607 1997 2726 2052 Cor.
2783 2015 2821 2066 I,
2858 2002 2978 2071 l7);
3011 2007 3107 2060 sed
3140 2008 3438 2076 Scriptura-

1853 2090 1971 2131 rum
2019 2081 2342 2137 auctoritate
2371 2096 2679 2153 conte..tus,
2711 2092 3039 2159 simplicitati
3081 2098 3306 2155 obedire
3339 2117 3439 2170 po.

1855 2168 1957 2223 tius
1986 2172 2179 2228 studeo
2230 2192 2387 2242 quam
2432 2181 2648 2235 tumori.
2697 2182 2803 2237 Sed
2852 2188 3059 2250 melius,
3095 2193 3298 2259 inquis,
3341 2168 3437 2247 ἠς

1854 2260 1999 2315 tione
2043 2264 2160 2331 quis
2205 2280 2361 2334 quam
2412 2270 2728 2326 testimoniis
2755 2274 3031 2330 edocetur.
3081 2283 3215 2345 Quid
3264 2286 3436 2353 ergo?

1852 2366 2012 2417 quam
2039 2354 2296 2409 rationem
2322 2357 2510 2413 aﬁ‘erre
2542 2372 2709 2429 potes,
2734 2366 2777 2418 si
2805 2378 3008 2432 partum
3040 2373 3298 2438 prmdicas
3326 2379 3433 2430 vir-

1852 2442 2007 2510 ginis,
2040 2446 2082 2497 si
2110 2446 2345 2500 redditos
2370 2452 2552 2506 oculos
2597 2469 2701 2506 non
2734 2472 2895 2525 negas
2923 2462 3100 2530 caecis,
3128 2464 3175 2518 si
3201 2468 3435 2534 sepultos

1853 2532 2058 2586 redisse
2089 2537 2328 2590 ostendis
2357 2552 2385 2590 a
2416 2545 2676 2597 mortuis?
2709 2546 2766 2599 Si
2794 2563 2920 2617 ergo
2946 2550 3134 2606 horum
3152 2564 3204 2608 et
3232 2532 3435 2611 incom-

1853 2625 2226 2691 prehensibilis
2254 2630 2388 2683 rati»
2418 2644 2469 2685 et
2498 2638 2691 2689 veritas
2718 2651 2961 2710 prompta
2994 2652 3097 2709 est,
3130 2648 3336 2703 facilius
3372 2654 3425 2704 in

1854 2714 2080 2783 negotiis
2112 2718 2231 2772 ﬁdei
2274 2722 2589 2778 testimoniis
2619 2728 2875 2796 creditur,
2919 2748 3077 2801 quam
3114 2740 3249 2791 ratio
3282 2740 3434 2797 inve-

1850 2804 2092 2873 stigatur.
2132 2807 2321 2863 Verum
2350 2813 2469 2880 quia
2504 2830 2607 2868 non
2644 2817 2800 2871 nimis
2844 2820 3295 2895 inconscqnenter
3326 2830 3431 2884 dro

1849 2890 1947 2946 ista
1977 2894 2257 2963 discernis,
2289 2914 2407 2955 cum
2441 2905 2645 2960 ratione
2674 2912 2969 2977 praemissa,
2996 2917 3155 2970 etiam
3190 2920 3424 2976 testimo-

1848 2982 1931 3037 nia
1963 2999 2066 3038 non
2105 2989 2343 3047 omittis:
2378 2992 2574 3047 idcfrco
2616 2998 2667 3050 in
2712 2999 2811 3054 hac
2846 3000 3207 3071 disputatione
3256 3011 3304 3064 id
3342 3028 3426 3067 me

161 3098 308 3150 circo
337 3095 388 3150 id
413 3098 543 3150 mibi
574 3100 741 3151 visum
772 3107 881 3161 est,
914 3108 971 3153 ut
998 3114 1118 3153 eum
1143 3114 1445 3155 sermonem
1477 3102 1571 3170 qui
1602 3102 1730 3158 inter

1852 3070 2015 3127 fateor
2044 3088 2367 3145 secuturum,
2401 3099 2467 3149 qu
2492 3084 2537 3137 id
2572 3085 2684 3155 ipse
2714 3070 3041 3157 probaveris.

161 3202 253 3243 me
285 3198 336 3242 et
366 3188 693 3243 Felicianum
718 3205 886 3259 nuper
910 3200 994 3245 est
1018 3190 1248 3259 habitus,
1275 3196 1584 3262 praenotatis
1615 3210 1740 3263 pro-

160 3285 282 3346 pter
326 3294 672 3347 personarum
721 3281 1096 3337 discretionem
1147 3285 1527 3354 principalibus
1557 3291 1733 3342 nomi-

157 3379 288 3417 num
343 3365 573 3432 litteris,
632 3370 912 3436 prazsentis
969 3371 1135 3425 libelli
1194 3372 1452 3427 brevitate
1501 3377 1737 3444 comple-

156 3462 355 3507 cterer.

782 3525 1005 3583 CAPUT
1046 3529 1110 3584 ll.

226 3641 359 3696 Nam
390 3658 509 3698 cum
555 3656 678 3701 ante
726 3646 823 3701 bos
866 3648 981 3703 dies
1009 3652 1207 3719 pariter
1253 3653 1586 3720 sederemus,
1623 3666 1733 3712 tum

153 3734 249 3790 ille
279 3754 290 3787 :
324 3736 462 3792 Inter
492 3740 617 3805 alia,
647 3740 838 3809 inquit,
871 3759 988 3813 qua:
1015 3760 1099 3799 me
1126 3748 1179 3800 in
1209 3748 1399 3803 vestris
1421 3751 1737 3819 disputatio-

150 3828 313 3881 nibus
340 3826 643 3898 frequenter
671 3832 970 3900 offendunt,
998 3836 1130 3890 nihil
1160 3837 1396 3893 deterius
1420 3853 1545 3909 puto
1574 3860 1731 3913 quam

148 3920 296 3986 quod
333 3922 411 3977 sic
446 3934 709 3993 praacepta
741 3926 861 3982 ﬁdei
904 3931 1123 3985 rudibus
1172 3934 1400 4003 traditis,
1442 3945 1499 3991 ut
1530 3955 1633 3993 non
1664 3941 1732 3995 de

147 4012 616 4082 intetligendarum
648 4033 824 4071 rerum
867 4020 1097 4089 ratione,
1140 4022 1299 4093 332
1336 4025 1428 4079 sed
1462 4030 1636 4094 pntius
1665 4032 1732 4086 de

144 4101 379 4170 quadam
426 4104 843 4159 testimoniorum
889 4112 1243 4166 ostentatione
1287 4115 1722 4185 colloquentibus

144 4191 531 4256 prmscribatis.
578 4194 728 4258 Quod
772 4203 826 4248 ut
876 4212 979 4249 non
1024 4198 1194 4252 dicam
1244 4201 1473 4266 vafrum,
1514 4206 1727 4262 interim

143 4293 312 4347 quam
344 4285 595 4334 rusticum
625 4285 725 4348 sit,
759 4286 933 4338 nullus
979 4288 1204 4355 ignorat.
1236 4290 1472 4346 Primum
1513 4298 1652 4365 quod
1684 4301 1729 4354 si

140 4370 188 4422 is
217 4371 309 4438 qui
339 4369 590 4425 educetur
620 4372 766 4427 libris
802 4375 911 4444 jam
953 4378 1201 4446 credidit,
1232 4382 1570 4452 olnernperat
1601 4389 1723 4456 iste,

2451 3221 2677 3279 CAPUT
2711 3226 2796 3280 ΙΙΙ.

1913 3346 2027 3403 Fel.
2062 3352 2208 3405 dixit.
2244 3355 2401 3425 Ergo,
2437 3357 2625 3428 inquit,
2656 3364 2907 3430 quoniam
2940 3368 3097 3421 otiosi
3127 3386 3335 3441 sumus,
3354 3374 3421 3427 ad

1839 3438 2100 3495 liomousii
2142 3448 2300 3498 vestri
2343 3459 2721 3517 quaestionem,
2755 3452 2821 3507 de
2854 3471 2959 3524 quo
3000 3474 3105 3512 non
3148 3459 3289 3515 inter
3320 3478 3419 3517 nos

1841 3541 2067 3597 tantum,
2110 3537 2204 3589 sed
2229 3541 2386 3593 etiam
2430 3540 2569 3595 inter
2601 3544 2831 3611 majores
2866 3557 3076 3602 nostros
3107 3553 3422 3623 plerumque

1840 3630 2119 3677 tractatum
2152 3638 2253 3690 est,
2284 3631 2582 3687 veniamus.
2614 3634 2773 3705 333
2807 3637 2873 3690 Et
2904 3654 2969 3692 ne
3004 3640 3210 3710 longius
3231 3658 3424 3715 euge-

1839 3722 1923 3765 tnr
1948 3717 2140 3779 Oratio,
2173 3718 2435 3787 ipsejam,
2469 3722 2708 3788 utsoles,
2744 3741 3023 3795 personam
3071 3735 3423 3802 pl‘oponellﬁs

1835 3822 2066 3872 assume,
2096 3818 2152 3863 et
2188 3827 2215 3862 a
2250 3813 2402 3866 nobis
2444 3815 2707 3871 rationem
2756 3830 2953 3876 nostrrc
2984 3823 3103 3878 ﬁdei
3135 3828 3421 3894 qumrenti-

1834 3897 1951 3962 bus,
1984 3898 2215 3955 vicissim
2245 3904 2551 3959 redditurus
2578 3906 2809 3977 inquire.

1904 3990 2036 4041 'l‘utn
2067 4005 2186 4058 ego,
2214 3993 2303 4045 Dic
2331 3995 2479 4057 milii,
2510 3996 2748 4064 inquam,
2783 4015 3039 4056 verumne
3060 4004 3147 4067 sit,
3182 4007 3325 4075 quod
3360 4018 3413 4063 te

1832 4079 1991 4131 audio
2021 4079 2221 4145 dicere,
2251 4083 2390 4136 Patri
2436 4083 2748 4139 homousion
2783 4104 2888 4143 non
2914 4105 3034 4146 esse
3078 4098 3289 4161 penitus
3322 4096 3412 4151 Fi-

1835 4169 2004 4220 lium?

1909 4267 2021 4320 Fet.
2073 4270 2219 4321 dixit.
2258 4271 2450 4326 Verum
2480 4283 2583 4338 est,
2616 4290 2713 4329 nec
2741 4280 3050 4347 persuaderi
3082 4283 3207 4338 mihi
3239 4295 3416 4355 potest

1834 4358 1883 4411 id
1920 4360 2211 4428 ingenitum
2241 4378 2357 4417 esse
2384 4367 2524 4433 qttod
2556 4370 2817 4436 genitum,
2841 4388 2905 4426 ne
2927 4376 3173 4431 eumdem
3200 4379 3409 4436 Patrem

140 4474 250 4513 non
285 4472 546 4529 repugnat
582 4480 593 4515 :
623 4465 856 4533 alioquin
893 4484 997 4522 non
1029 4470 1194 4539 magis
1225 4473 1318 4525 tibi
1346 4448 1500 4542 quam
1532 4448 1720 4535 iisdem
1752 4474 1802 4534 D
1834 4448 2016 4503 videar
2045 4452 2335 4519 pmdicare
2363 4472 2518 4525 quem
2542 4459 2756 4515 Filium“

142 4550 466 4603 testimoniis
511 4568 627 4620 qua:
674 4570 768 4620 pro
810 4556 1073 4612 afﬁrmate
1114 4561 1445 4630 ingeruntur,
1498 4582 1718 4625 necesse

140 4652 223 4694 est
252 4643 599 4697 ciiiitradicat.
649 4645 715 4699 Et.
761 4647 879 4701 ideo
910 4650 1098 4704 melior
1141 4653 1270 4707 mihi
1312 4655 1375 4708 ad
1415 4656 1715 4716 docendum

140 4734 353 4787 videtur
397 4735 509 4790 liam
538 4740 642 4804 via,
684 4755 787 4808 qua
817 4742 1043 4809 primum
1080 4744 1194 4799 ﬁdei
1240 4749 1376 4801 ratio
1415 4749 1532 4805 sine
1571 4756 1718 4808 testi-

141 4826 337 4878 mi-niis
386 4830 671 4883 redditur:
717 4844 831 4899 post
880 4836 1084 4889 ratione
1129 4841 1395 4906 convicto,
1444 4842 1544 4897 itur
1586 4846 1714 4899 illud

139 4913 294 4983 Scrip
321 4918 429 4970 uris
475 4920 917 4987 respondentibus
960 4926 1246 4993 expolitur.
1296 4930 1360 4983 Et
1393 4947 1496 4985 non
1530 4934 1714 4990 imme-

139 5010 258 5060 rito.
291 5006 348 5061 Si
384 5009 523 5063 enim
553 5016 850 5066 testimonia
877 5016 989 5069 li.cc
1016 5032 1081 5071 eo
1112 5021 1426 5088 probantur,
1457 5026 1597 5091 quod
1630 5044 1714 5079 ra-

139 5098 279 5151 tione
329 5112 434 5151 non
465 5114 709 5167 careant,
742 5115 913 5171 potest
944 5120 1036 5174 per
1065 5122 1123 5162 se
1166 5109 1254 5163 illa
1286 5112 1563 5180 sufﬁcere,
1596 5134 1715 5184 qua:

136 5186 298 5239 etiam
332 5186 447 5241 haec
491 5204 593 5242 non
624 5191 723 5243 nisi
766 5207 861 5261 per
898 5208 957 5249 se
996 5195 1166 5264 ipsam
1200 5200 1406 5255 videtur
1448 5212 1708 5263 astruere.

137 5278 228 5327 Sin
276 5289 463 5329 contra
496 5296 509 5329 :
541 5281 658 5348 quis
703 5292 875 5349 potest
920 5287 1312 5344 irrationalibus
1362 5296 1706 5363 testimoniis,

137 5364 257 5418 licet
288 5365 376 5419 illa
397 5366 571 5420 divina
602 5372 881 5440 ﬁngantur,
915 5379 1243 5434 rationabilis
1267 5382 1388 5437 ﬁdei
1419 5387 1557 5441 colla
1582 5391 1711 5444 Sub-

136 5456 385 5509 miuere?
408 5458 473 5510 Et
502 5459 645 5513 illam
670 5464 883 5531 quidem
914 5467 1215 5536 disputandi
1247 5478 1407 5543 viam,
1436 5475 1626 5545 lateor,
1651 5482 1704 5535 in

134 5544 248 5597 aliis
290 5547 593 5613 tolerarem,
626 5568 759 5617 quos
791 5555 1070 5624 imperitia:
1100 5565 1415 5635 necessitas,
1450 5570 1572 5635 quia
1604 5586 1706 5639 per

134 5649 189 5689 se
218 5646 363 5691 stare
405 5652 507 5693 non
535 5652 757 5709 queunt,
787 5649 925 5714 cogit
957 5647 1022 5701 ad
1066 5650 1239 5707 aliena
1266 5652 1553 5726 conlugcre
1583 5677 1597 5712 :
1642 5660 1697 5717 In

134 5734 182 5778 te
222 5740 351 5780 vero
382 5726 581 5784 idcirco
610 5732 756 5787 nullo
803 5750 1017 5804 prorsus
1063 5740 1220 5794 modo
1252 5745 1345 5797 ista
1393 5751 1682 5818 perpetior,

1897 4550 2029 4621 Aug.
2064 4552 2214 4605 dixit.
2243 4554 2355 4608 Non
2381 4566 2460 4610 est
2488 4561 2554 4611 ita
2584 4578 2596 4612 :
2625 4577 2743 4615 nam
2772 4578 2839 4618 ne
2867 4564 2995 4619 mihi
3022 4568 3235 4636 quidem
3269 4572 3407 4628 istud

1824 4641 1878 4695 in
1911 4644 2091 4697 animo
2114 4654 2214 4711 est,
2234 4649 2480 4704 eumdem
2512 4652 2801 4720 ingenitum
2824 4672 2943 4713 esse
2964 4674 3120 4728 quem
3142 4665 3405 4733 genitum,

1819 4735 1914 4789 sed
1947 4735 1998 4789 id
2028 4739 2201 4805 potius
2234 4740 2525 4809 ingenitum
2555 4760 2676 4799 esse
2707 4749 2845 4815 quod
2877 4752 3136 4819 genitum.

1895 4835 2008 4891 Fel.
2055 4839 2205 4895 dirit.
2248 4842 2309 4894 Et
2346 4845 2619 4912 quomodo
2666 4862 2770 4901 non
2810 4851 3055 4907 eumdem
3108 4856 3402 4926 ingenitum

1818 4924 1950 4978 dicis
1991 4942 2111 4980 esse
2140 4944 2297 4997 quem
2344 4936 2579 5001 genitun
2604 4979 2618 5003 ,
2650 4938 2693 4991 si
2728 4948 3013 5012 utrumque
3054 4924 3215 5002 unum
3247 4958 3405 5018 putas

1818 5030 1959 5080 esse,
1996 5031 2098 5069 non
2126 5019 2390 5074 alterum?

1890 5115 2021 5184 Aug.
2049 5118 2201 5171 dixit.
2229 5122 2609 5178 Animadverto
2635 5128 2739 5181 vim
2772 5138 2823 5183 te
2856 5134 3067 5199 penitus
3092 5150 3196 5189 non
3226 5147 3403 5191 atten-

1816 5204 1960 5258 disse
2005 5208 2331 5264 verborum:
2368 5229 2487 5267 nam
2535 5216 2659 5270 dum
2713 5230 2997 5290 utrumque
3046 5240 3208 5279 unum
3256 5227 3400 5293 dico,

1816 5297 2162 5353 substantiam
2206 5304 2317 5358 veri
2349 5305 2519 5360 Patris
2560 5324 2619 5362 ac
2643 5314 2749 5364 veri
2784 5312 2902 5366 Filii
2927 5330 2991 5367 ex
3035 5324 3145 5369 toto
3176 5332 3279 5370 non
3309 5332 3397 5372 se-

1818 5406 1964 5459 paro.
2020 5393 2083 5447 Et
2128 5398 2252 5450 dum
2297 5414 2401 5452 non
2451 5404 2698 5456 eumdem
2751 5405 2959 5458 Patrem
2989 5421 3147 5475 quem
3203 5408 3396 5463 Filium

1814 5483 2071 5550 praedico,
2105 5488 2383 5556 utriusque
2413 5505 2693 5557 personam
2737 5502 2946 5547 servata
2976 5495 3398 5568 uniu~cujusqtte

1814 5575 2137 5642 proprietate
2168 5577 2433 5633 discerno.
2468 5582 2649 5651 itaque
2695 5585 2739 5636 si
2788 5583 3139 5639 substantiam
3171 5590 3391 5657 qttmris,

1813 5664 1922 5732 ip~a
1954 5664 2186 5721 Trinitas
2213 5685 2349 5723 unus
2378 5682 2459 5725 est
2491 5674 2629 5728 Deus
2667 5691 2680 5726 :
2723 5676 2765 5726 si
2796 5686 3077 5741 personam
3103 5716 3118 5742 ,
3150 5681 3285 5736 alter
3312 5691 3396 5739 est

1814 5755 1998 5809 Filius.
