3938 6376
534 399 634 461 535
1844 389 2071 447 VlGlLll
2098 388 2125 451 ,έ

2236 384 2478 442 'SENSIS
3321 384 3335 391 ’
3672 387 3770 445 558

610 517 720 573 Fel.
774 517 840 572 Et
870 513 1135 587 quomodo
1160 520 1215 569 et
1257 510 1394 566 idem
1431 522 1549 565 esse
1587 506 1751 575 dicis,
1798 516 1851 562 et
1880 507 2103 561 alterum
2132 540 2184 597 Α
2212 513 2451 571 tempore
2491 502 2653 570 cmpit
2682 514 2801 555 esse
2844 498 3033 556 Filius.
3082 499 3211 555 Nam
3254 501 3298 557 si
3341 503 3628 571 paternitas
3674 521 3766 561 non

537 611 764 668 Filium?
2133 593 2184 597 ”
2210 596 2373 665 ειερίι
2404 595 2594 660 Patris,
2640 593 2846 647 initium
2878 594 3100 648 inveniri
3143 608 3246 649 non
3278 604 3454 664 potest
3494 597 3677 665 prolis.
3716 600 3767 655 Si

607 704 739 770 Aug.
763 700 927 764 Idem,
954 700 1186 766 inquam,
1219 695 1590 750 communione
1621 692 1949 757 substantim,
1980 692 2106 746 alte-
2212 689 2415 742 initium
2446 686 2601 740 datur
2623 686 2805 755 prolis,
2837 699 2942 738 non
2966 695 3162 739 aeterna
3188 688 3477 754 paternitas
3498 687 3766 743 docebitur

539 808 655 849 rum
687 791 1009 861 proprietate
1040 800 1303 856 personae.
2213 778 2403 833 Patris.
2431 778 2493 832 Et
2520 778 2788 847 quomodo
2815 778 2994 842 stabit,
3029 778 3153 847 quia
3176 787 3342 832 totum
3367 779 3417 833 in
3449 780 3607 833 Patre
3630 780 3771 837 doce-

611 880 725 935 Fel.
776 880 965 934 Nescio
996 892 1103 947 quo
1131 884 1282 945 pacto
1322 889 1420 928 una
1451 874 1689 928 creditur
1713 887 1834 927 esse
1862 871 2112 927 substan-
2217 873 2284 925 tis
2315 871 2628 941 ingenitum,
2668 871 2757 939 qui
2801 870 2967 938 ipsius
2998 872 3328 938 paternitatis
3358 886 3549 925 nomen
3588 872 3770 927 habere

539 975 630 1039 lia,
657 988 776 1026 cum
802 986 904 1024 non
938 985 1034 1022 nni
1058 967 1269 1038 dicatur
1298 980 1417 1020 esse
1443 978 1695 1033 persona.
2215 963 2409 1032 putatis
2454 961 2681 1023 initium,
2714 976 2834 1015 cum
2876 962 3102 1028 cuipisse
3127 975 3189 1013 ex
3224 969 3463 1029 tempore
3487 960 3669 1015 dicitis
3698 960 3772 1014 Fi-

610 1066 739 1135 Aug.
766 1061 876 1116 Non
908 1070 1007 1120 est.
1041 1059 1278 1127 inquam,
1308 1073 1407 1109 una
1438 1068 1682 1121 persona,
1716 1052 1836 1121 quia
1866 1065 1970 1104 una
2010 1066 2113 1119 ge-
2218 1054 2368 1116 lium,
2403 1067 2559 1118 quem
2598 1051 2835 1105 nondum
2858 1059 3103 1106 exstante
3138 1051 3295 1105 Patre
3333 1051 3435 1105 dici
3463 1066 3569 1105 non
3620 1062 3772 1120 potest

542 1156 741 1218 nuisse,
772 1163 825 1208 et
850 1152 1014 1205 altera
1044 1150 1242 1203 dicitur
1269 1147 1443 1217 genita
1478 1162 1492 1199 :
1523 1154 1577 1199 et
1605 1153 1689 1199 est
1719 1153 1894 1197 tamen
1928 1143 2035 1195 nati
2062 1151 2116 1196 et
2211 1146 2544 1217 vocitatum?

540 1245 801 1316 gignentis
828 1258 931 1297 non
958 1242 1166 1295 diversa
1193 1238 1509 1303 substantia,
1550 1236 1673 1304 quia
1705 1248 1807 1287 non
1832 1231 2118 1287 dissimilis
2293 1236 2405 1292 Fet.
2457 1236 2571 1291 Non
2622 1250 2738 1291 sum
2784 1245 2891 1292 tam
2932 1236 3127 1290 stultus
3164 1243 3221 1289 ut
3262 1244 3470 1304 tempus
3511 1235 3773 1303 prmferatn

541 1335 813 1407 generanti
835 1334 1060 1388 docetur
1090 1338 1295 1385 exorta.
2224 1328 2377 1391 Filio,
2410 1328 2502 1381 sed
2536 1328 2741 1381 initium
2770 1327 2885 1381 dari
2916 1327 3074 1397 335
3104 1335 3311 1380 certum
3340 1335 3423 1380 est
3451 1327 3664 1395 genito.

613 1427 726 1480 Fel.
744 1424 938 1489 Velim,
966 1436 1170 1491 quasso,
1192 1419 1436 1488 exemplo
1455 1417 1580 1472 mihi
1612 1416 1850 1472 faciliore
1873 1416 2013 1470 dicta
2037 1415 2118 1470 di-
2291 1416 2422 1487 Aug.
2455 1416 2590 1482 Quid
2618 1415 2785 1486 ergo?
2812 1416 2953 1471 inter
2982 1418 3193 1471 Patrem
3219 1427 3271 1471 et
3298 1416 3486 1470 Filium
3518 1416 3656 1470 dicis
3686 1432 3773 1472 me-

542 1519 765 1575 lucides.
2220 1507 2365 1562 dium
2392 1507 2520 1559 nihil
2548 1506 2749 1560 fuisse?

614 1613 746 1680 Aug.
772 1607 825 1662 ln
864 1606 1023 1660 rebus
1044 1602 1259 1673 quidem
1286 1598 1917 1669 incomprehensibilibus
1941 1612 2121 1651 exem-
2295 1597 2409 1652 Fel.
2440 1598 2513 1652 lta
2542 1612 2776 1667 prorsus.

543 1704 629 1773 pla
680 1716 783 1755 non
827 1702 1116 1766 suppetunt
1152 1693 1484 1762 disputanti;
1536 1703 1713 1744 tamen
1748 1691 1813 1769 .in
1865 1696 2119 1757 quantum
2843 1710 3066 1766 CAPUT
3108 1711 3170 1765 v-

543 1794 657 1848 ﬁeri
684 1800 877 1861 potest,
909 1790 1067 1841 etiam
1098 1786 1148 1839 in
1176 1785 1273 1839 hac
1305 1792 1453 1887 parte
1494 1799 1600 1895 non
1634 1782 1818 1895 dee'ro.
1855 1780 1993 1835 Ecce
2021 1780 2121 1849 igi-
2296 1824 2429 1895 Aug.
2462 1823 2740 1891 Quomodo
2780 1823 2935 1892 igitur
2965 1837 3127 1891 negas
3164 1820 3356 1877 ﬁlium
3390 1823 3536 1878 mm
3568 1837 3771 1879 comm.

545 1895 633 1939 tur
654 1885 813 1937 homo
841 1890 989 1950 pater
1016 1879 1175 1932 habet
1203 1877 1470 1931 hominem
1497 1876 1681 1928 ﬁlium.
1721 1875 2116 1983 Esthmtnun'e
2148 1904 2195 1963 Β
2221 1875 2690 1983 ηυῶζδᾴυἶὶἧέθῖ
2718 1875 2927 1968 hac“;
2966 1875 3244 1968 ᾖιῶῐῆ
3281 1875 3773 1970 ,θῖεήέέὺἐθῖῶη

546 1977 822 2045 utriusque
862 1974 999 2043 quoi
1033 1972 1191 2024 homo
1222 1979 1345 2035 est,
1378 1969 1465 2023 uni
1497 1978 1671 2022 tamen
1703 1967 1843 2036 quod
1878 1968 2017 2020 ﬁlius
2044 1967 2120 2021 al-

548 2070 650 2123 teri
684 2067 955 2135 proprium
1006 2062 1215 2116 videtur
1243 2075 1363 2116 esse
1408 2060 1546 2128 quod
1574 2068 1726 2127 pater
1767 2067 1868 2112 est.
1906 2057 2037 2112 Nam
2068 2057 2119 2111 in

548 2168 771 2227 utroque
798 2157 875 2211 sic
905 2167 1129 2223 persona
1159 2152 1498 2215 disc-~rn'tur,
1524 2160 1579 2203 ut
1602 2149 1901 2204 communis
1925 2149 2120 2203 buma-

548 2249 688 2303 nitas
714 2262 819 2301 non
861 2254 1111 2314 negetur;
1140 2243 1264 2297 dum
1300 2255 1437 2295 unus
1464 2241 1649 2311 gignit,
1680 2239 1815 2295 alius
1837 2240 2069 2309 gignitur
2104 2258 2116 2291 :

2224 2006 2481 2071 medium,
2530 2020 2596 2060 ne
2643 2005 2868 2073 idipsum
2918 2020 3024 2058 non
3072 2006 3302 2059 medium
3346 2014 3551 2060 tantum
3596 2017 3773 2061 constet

2224 2113 2344 2152 esse
2374 2112 2532 2167 quam
2561 2096 2811 2151 tertium?

2297 2188 2413 2242 Fel.
2441 2188 2702 2254 Quoniam
2751 2203 2837 2243 me
2887 2188 3190 2257 disputandi
3236 2199 3351 2245 arte
3394 2190 3696 2256 concludis,
3737 2192 3774 2243 id

2226 2283 2363 2350 quod
2392 2298 2421 2336 a
2454 2281 2744 2351 majoribus
2776 2283 2972 2335 nostris
3000 2283 3197 2336 dictum
3227 2293 3329 2349 est,
3367 2282 3611 2337 breviter
3634 2286 3773 2351 expri-

2227 2374 2382 2427 Cabo.
2418 2373 2579 2426 Aiunt
2618 2372 2782 2435 ettim,
2832 2371 3039 2440 quoties
3082 2371 3148 2424 de
3192 2370 3344 2425 initio
3386 2371 3506 2424 Filii
3547 2383 3605 2426 et
3637 2374 3773 2426 Patris

2227 2464 2525 2517 mternitate
2556 2471 2809 2517 tractatur
2837 2485 2849 2519 :
2878 2465 3002 2516 Erat
3022 2463 3231 2533 quando
3255 2476 3362 2517 non
3402 2473 3541 2529 erat,
3572 2476 3628 2518 et
3651 2472 3771 2517 auts-

2228 2571 2386 2625 quam
2421 2564 2730 2609 nasceretur
2753 2570 2856 2608 non
2880 2565 3016 2608 erat.

2300 2646 2434 2716 Aug.
2458 2645 2718 2711 Quantum
2747 2644 2985 2701 adverto.
3015 2652 3261 2698 manente
3293 2645 3445 2698 mala:
3474 2644 3773 2699 credulitatis

2230 2751 2434 2803 errore,
2464 2738 2577 2790 sola
2601 2735 2759 2789 verba
2787 2746 2988 2790 mutata
3012 2744 3150 2789 sunt.
3181 2736 3369 2791 Dixisti
3401 2753 3653 2806 namque,
3680 2740 3774 2791 Erat

2230 2827 2441 2898 quando
2463 2842 2568 2881 non
2591 2836 2725 2881 erat.
2756 2825 2885 2879 Erat
2913 2826 3049 2880 istud
3087 2827 3151 2880 ad
3192 2834 3364 2881 :evum’
3398 2829 3669 2895 pertinere
3692 2832 3775 2879 vn?-

2234 2925 2317 2986 tis,
2347 2937 2415 2976 an
2444 2921 2509 2975 ad
2539 2921 2762 2975 Filium?
2787 2921 2843 2976 Si
2874 2920 2940 2975 ad
2970 2936 3161 2987 aevum,
3190 2920 3242 2974 id
3272 2930 3354 2975 est
3382 2922 3530 2975 velut
3550 2922 3619 2976 ad
3640 2920 3774 2990 quod-

2232 3015 2353 3070 dam
2380 3024 2513 3069 ante
2536 3014 2652 3068 Filii
2686 3014 3016 3068 nativitatem
3048 3015 3359 3087 mternitatis
3390 3015 3649 3082 spatium,
3680 3027 3775 3067 ecce

518 2351 700 2406 atque
741 2345 914 2389 autem
961 2334 1120 2387 homo
1155 2342 1203 2385 et
1243 2334 1331 2402 qui
1363 2332 1545 2401 genuit
1578 2332 1791 2395 dicitur,
1826 2342 1877 2386 et
1907 2330 1994 2386 ille
2034 2330 2122 2401 qui

530 2470 537 2482 .
547 2427 799 2498 gignitur.

1159 2516 1381 2572 CAPUT
1423 2517 1508 2570 IV.

620 2651 739 2705 Fel.
775 2650 907 2706 Illud
955 2661 1101 2704 certe
1138 2650 1285 2704 dicas
1326 2652 1510 2715 velim,
1563 2650 1769 2718 genitus
1798 2651 1863 2705 ab
1892 2648 2127 2720 ingenito

548 2752 732 2799 utrum
760 2742 920 2816 334
944 2744 1093 2796 initio
1123 2753 1421 2810 separetur,
1450 2759 1516 2796 an
1550 2743 1695 2795 nun?

627 2837 764 2905 Aug.
798 2834 873 2887 Ne
909 2833 958 2887 id
992 2832 1201 2900 quidem
1233 2832 1486 2902 spiritalis
1516 2834 1877 2903 intelligentim
1910 2834 2131 2887 veritate

552 2926 827 2993 recipitur,
856 2934 912 2977 ut
944 2923 1099 2978 Pater
1127 2938 1155 2976 a
1186 2923 1319 2978 Filio
1346 2923 1672 2990 interventu,
1714 2940 1817 2978 non
1846 2924 1967 2978 dico
1997 2934 2131 2977 tem-

555 3015 724 3085 poris,
750 3015 889 3084 quod
918 3014 1105 3068 diebus
1126 3024 1337 3067 cons1at
1359 3028 1419 3067 ac
1442 3013 1703 3079 noctibus,
1728 3016 1820 3069 sed
1847 3002 2131 3082 cujuslibet

554 3105 653 3159 arvi
687 3105 771 3158 vel
793 3105 962 3157 aetatis
992 3104 1164 3172 spatio
1198 3112 1498 3172 separetur.
2234 3108 2298 3158 ad
2346 3106 2677 3172 superiorem
2733 3104 3112 3173 blasphemiam
3161 3106 3484 3159 necessitate
3534 3106 3773 3165 dilaberis.

626 3194 743 3249 Fel.
793 3196 902 3248 Hoc
931 3197 973 3249 si
1016 3197 1087 3249 ita
1118 3204 1221 3260 est,
1249 3194 1354 3249 duo
1382 3194 1565 3249 fateris
1608 3196 1860 3265 ingenita.
1897 3196 1961 3250 Et
2000 3209 2127 3264 quo-
2235 3210 2355 3250 cum
2384 3196 2521 3251 inter
2545 3196 2753 3250 Patrem
2771 3208 2823 3250 et
2839 3195 3050 3260 Filium,
3078 3197 3289 3249 tertium
3314 3196 3575 3264 quiddam
3602 3209 3776 3265 tempus

534 3291 715 3345 .modo
736 3292 901 3344 altera
933 3289 1133 3355 Patris,
1155 3272 1317 3344 altera
1344 3288 1460 3343 Filii
1494 3298 1707 3358 putatur
1734 3302 1853 3344 esse
1878 3303 2125 3357 persona,
2155 3269 2200 3330 C
2236 3287 2511 3350 immittis;
2545 3286 2786 3356 dicisque
2814 3288 2935 3355 quia
2964 3297 3079 3340 erat
3116 3295 3239 3340 ante
3269 3287 3461 3341 Filium
3498 3289 3635 3344 Deus
3652 3288 3776 3341 Patet

552 3397 675 3437 cum
723 3397 815 3453 per
845 3379 1281 3450 signiﬁcationem
1314 3380 1615 3436 communis
1655 3380 1875 3451 ingeniti
1907 3392 2132 3451 utraque
2236 3387 2291 3434 et
2318 3387 2546 3446 tempus.
2569 3376 2693 3431 Post
2719 3377 2832 3432 tunc
2858 3377 2965 3431 duo
2998 3376 3183 3431 Filius.
3218 3376 3344 3431 Post
3386 3380 3491 3432 tria
3520 3379 3621 3433 ista
3646 3392 3777 3448 quare

553 3473 795 3528 videatur
823 3485 945 3526 esse
974 3471 1233 3526 confusa?
2237 3481 2320 3526 tus
2341 3468 2749 3540 Spiritus.Quod
2767 3466 2812 3523 si
2830 3468 3177 3538 admittimus,
3194 3476 3249 3522 ut
3265 3468 3380 3524 sine
3401 3477 3645 3539 tempore
3666 3466 3778 3539 gigni

622 3566 756 3633 Aug.
790 3565 844 3618 In
890 3564 991 3618 hoc
1019 3564 1234 3633 quidem
1266 3579 1294 3616 a
1338 3563 1629 3632 majoribus
1655 3564 1845 3619 vestris
1887 3579 1989 3618 non
2022 3580 2132 3618 me-
2238 3578 2345 3617 non
2366 3564 2595 3627 potuerit
2630 3562 2789 3615 Filius
2822 3578 2835 3613 :
2872 3560 2985 3614 side
3003 3576 3159 3629 quam
3189 3561 3292 3615 late
3308 3571 3531 3630 pateant
3564 3564 3659 3616 ista
3685 3575 3778 3627 quae

552 3658 751 3712 diocris
798 3656 1077 3708 calumniae
1126 3654 1392 3723 SOphisma
1445 3657 1770 3720 contexitur,
1826 3664 2002 3711 tamen
2039 3672 2132 3725 per
2234 3654 2684 3709 dicimus.l\'amsi
2705 3653 2936 3706 nousine
2957 3663 3196 3720 tempore
3224 3661 3304 3706 est
3324 3651 3514 3718 Filius,
3535 3664 3678 3709 certe
3705 3664 3779 3704 nec

552 3748 701 3801 auxit
726 3762 811 3799 um
837 3746 1004 3813 ipsius
1034 3745 1306 3798 Trinitatis
1338 3746 1599 3799 catholica
1634 3760 1856 3801 necesse
1897 3757 1979 3799 est
2012 3747 2133 3799 sim-
2236 3746 2337 3799 nisi
2366 3746 2418 3798 in
2452 3745 2569 3798 loco
2595 3743 2851 3798 dicendus
2890 3751 2970 3796 est
2996 3744 3224 3811 genitus.
3260 3742 3369 3797 Hoc
3394 3745 3655 3808 admisso,
3683 3750 3777 3794 ante

557 3838 796 3906 plicitate
824 3837 1081 3890 S'-lV.tlUl'.
1112 3836 1318 3888 Patrem
1346 3851 1572 3906 namque
1599 3836 1913 3905 ingenitum,
1940 3838 2130 3891 Filium
2236 3837 2424 3891 Filium
2446 3847 2498 3892 et
2528 3837 2807 3905 Spiritum,
2832 3850 3067 3889 coaevnm
3092 3836 3486 3904 quodammodo
3509 3833 3652 3889 Patri
3673 3846 3778 3888 tetu-

555 3930 791 3998 genitum
822 3928 959 3991 dico,
995 3942 1089 3980 nec
1119 3926 1238 3980 ideo
1271 3936 1446 3980 tamen
1471 3929 1704 3997 genitum
1734 3927 1968 3996 ingenito
1994 3942 2133 3981 coae-
2237 3947 2332 3998 pus
2360 3929 2579 3983 ducetur
2600 3940 2653 3983 et
2684 3930 2849 3984 locus.
2885 3927 3035 3993 Quod
3066 3928 3110 3981 si
3141 3930 3208 3981 ita
3236 3936 3339 3993 est,
3372 3935 3432 3981 ut
3457 3930 3579 3983 sine
3614 3932 3716 3979 ‘oco
3740 3937 3777 3977 et

556 4034 763 4077 ternum
792 4036 910 4076 esse
944 4035 1049 4074 non
1076 4019 1334 4087 praedico;
1363 4034 1428 4075 eo
1457 4030 1657 4073 tantum
1692 4020 1889 4074 docens
1924 4021 2129 4089 ingeni-
2236 4034 2476 4090 tempore
2518 4025 2659 4075 nasci
2690 4036 2791 4074 non
2826 4020 3056 4088 potuerit
3086 4020 3272 4085 Filius,
3318 4021 3366 4073 in
3410 4037 3522 4088 quo
3553 4023 3685 4082 Inc",
3712 4028 3779 4071 aut

553 4125 665 4167 tum
700 4114 930 4178 Patrem,
976 4111 1096 4180 quia
1130 4127 1231 4165 non
1267 4113 1527 4179 processit
1553 4127 1616 4166 ex
1647 4111 1848 4173 altern;
1882 4126 1945 4165 eo
1985 4112 2133 4179 geni-
2236 4117 2287 4169 in
2316 4129 2420 4183 quo
2448 4124 2688 4179 tempore
2718 4114 2912 4166 factum
2937 4112 3108 4166 locum
3150 4112 3283 4166 dicis
3314 4123 3368 4166 et
3398 4114 3647 4181 tempus?
3671 4111 3716 4165 Si
3742 4114 3778 4161 in

550 4214 661 4258 tum
695 4204 908 4269 Filium,
940 4205 1061 4272 quia
1090 4219 1193 4256 non
1222 4203 1425 4257 exstitit
1452 4219 1479 4256 a
1504 4202 1699 4271 seipso.
1733 4203 1846 4256 Non
1877 4202 2019 4256 enim
2052 4212 2133 4255 est
2236 4205 2401 4270 nullo,
2445 4218 2569 4257 ecce
2594 4204 2708 4257 sine
2740 4211 2979 4271 tempore
3009 4212 3063 4256 et
3092 4203 3209 4256 loco
3247 4202 3358 4256 ﬁeri
3391 4206 3571 4271 potuit
3600 4214 3779 4270 tempus

553 4312 839 4349 commune
870 4297 1080 4363 utrique
1123 4296 1304 4359 nasci,
1334 4311 1438 4348 non
1479 4303 1561 4349 est
1602 4310 1884 4348 commune
1920 4310 2023 4348 non
2055 4295 2131 4361 εἰ·
2234 4309 2289 4352 et
2317 4301 2482 4353 locus.
2514 4296 2566 4352 Si
2597 4299 2647 4351 iit
2676 4298 2872 4366 aliquo,
2908 4296 2959 4351 id
2988 4299 3154 4364 ipsum
3188 4308 3396 4368 tempus
3424 4300 3637 4354 tidetur
3655 4313 3699 4354 et
3723 4300 3780 4350 lu-

554 4387 644 4457 gni
677 4396 770 4440 :et
790 4401 1073 4439 commune
1102 4395 1277 4439 tamen
1309 4395 1391 4439 est
1418 4387 1638 4440 alterum
1673 4386 1738 4439 ab
1769 4387 1939 4439 altero
1970 4388 2132 4439 iuter-
2234 4404 2348 4454 cus,
2386 4390 2434 4441 in
2464 4390 2611 4455 cujus
2654 4389 2860 4457 origine
2888 4389 3130 4443 similiter
3159 4400 3210 4444 et
3253 4391 3399 4443 locns
3446 4396 3721 4461 reanritur
3744 4398 3779 4441 ει

555 4488 716 4533 ventu
742 4478 900 4531 medii
931 4476 1181 4544 temporis
1207 4491 1310 4529 non
1343 4476 1545 4530 divelli.
1582 4477 1758 4545 Itaque
1782 4479 1825 4529 si
1857 4478 2129 4545 proprium
2236 4488 2465 4547 tempus.
2490 4479 2637 4543 Quod
2666 4480 2708 4533 si
2737 4495 2901 4548 usque
2923 4481 3055 4550 adeo
3081 4482 3194 4534 sine
3222 4494 3460 4550 tempore
3476 4493 3529 4537 et
3555 4487 3667 4537 loco
3692 4482 3779 4534 ﬁeri

556 4566 729 4620 Patris
756 4565 1061 4635 quccrimus,
1095 4564 1294 4618 sufﬁcit
1336 4565 1457 4632 quia
1497 4565 1644 4618 solus
1676 4582 1780 4619 non
1827 4567 1985 4620 habet
2036 4567 2131 4619 Pa-
2237 4569 2429 4636 aliquid
2461 4570 2647 4638 putuit,
2679 4580 2731 4622 ut
2758 4585 2856 4623 nec
2898 4548 3091 4623 inloco
3122 4548 3451 4634 locum,nec
3483 4573 3535 4627 in
3570 4585 3781 4639 tempore

555 4665 727 4719 trem;
761 4657 804 4710 si
828 4655 964 4718 Filii,
990 4656 1117 4709 satis
1134 4655 1368 4724 estquod
1394 4671 1499 4709 non
1526 4657 1681 4709 habet
1704 4658 1940 4723 prolem;
1973 4672 2127 4712 unam
2166 4644 2213 4703 Ῑ)
2238 4660 2433 4713 factum
2478 4660 2671 4714 doceas
2716 4671 2920 4725 tempus
2954 4678 2967 4713 :
3002 4662 3178 4715 nescio
3219 4676 3318 4730 qua
3354 4665 3655 4717 temeritate
3681 4679 3783 4714 rate

556 4757 733 4801 autem
757 4754 809 4801 et
824 4758 1142 4800 comternam
1168 4746 1338 4800 Patris
1370 4756 1419 4799 et
1452 4745 1572 4800 Filii
1605 4746 1830 4819 dichus
1853 4746 2125 4803 deitatem.

628 4844 747 4897 Fel.
782 4845 1044 4909 Quantum
1077 4845 1140 4897 ad
1179 4860 1264 4898 me
1299 4846 1510 4909 attinet,
1546 4858 1650 4897 non
1683 4844 1842 4898 video
1873 4845 1997 4914 quid
2032 4847 2130 4899 ista

554 4952 696 4993 nunc
722 4937 957 5005 colligas.
994 4936 1121 4988 Nam
1149 4940 1386 5003 quamvis
1414 4936 1751 4989 Aristotelica
1779 4951 1982 4989 mecum
2007 4937 2131 4990 sub-

557 5028 746 5082 tilitate
789 5026 1119 5090 coxitendas,
1174 5025 1289 5079 ﬁeri
1336 5035 1509 5080 tamen
1545 5042 1649 5080 non
1696 5035 1871 5093 potest
1912 5035 1965 5079 nt
2006 5041 2125 5080 cum

552 5118 642 5188 qui
668 5118 877 5187 genitus
909 5126 1010 5185 est,
1040 5117 1106 5169 ab
1134 5131 1198 5169 eo
1237 5116 1324 5185 qui
1352 5118 1562 5184 genuit,
1591 5118 1735 5171 nulla
1764 5116 1861 5170 aevi
1904 5117 2126 5171 interce-

552 5210 729 5265 dentis
759 5209 1073 5277 antiquitate
1098 5207 1394 5261 disceruas.

624 5313 761 5383 Aug.
782 5311 904 5367 Scio
922 5312 1189 5379 equidem,
1216 5319 1269 5364 ut
1296 5309 1386 5364 ille
1408 5310 1501 5376 ait,
1526 5324 1683 5379 quam
1708 5311 1758 5364 in
1782 5308 1985 5364 difﬁcili
2010 5311 2037 5363 l-
2061 5325 2126 5364 co

552 5414 797 5460 versetur
817 5406 986 5458 oratio
1017 5422 1030 5458 :
1065 5415 1239 5458 tamen
1263 5402 1550 5456 verendum
1576 5402 1730 5455 nobis
1756 5400 1885 5454 nihil
1910 5410 2009 5468 est,
2038 5402 2127 5470 qni

554 5511 650 5564 per
700 5496 1016 5565 adjutorium
1048 5495 1213 5546 sancti
1245 5492 1474 5561 Spiritus
1502 5490 1865 5545 testimonium
1899 5490 2125 5544 dicimus

556 5585 685 5639 Deo.
717 5586 849 5650 Quid
880 5599 1008 5651 ergo
1029 5583 1305 5636 dicemus?
1337 5582 1497 5634 Estne
1514 5580 1708 5649 aliquid
1740 5580 1789 5633 in
1813 5580 1967 5634 Pazre
1986 5581 2125 5649 quod

557 5684 779 5742 negetur
806 5674 1116 5743 ingenitum,
1146 5688 1212 5725 an
1241 5671 1379 5725 non?
1410 5670 1463 5725 Si
1495 5680 1598 5738 est,
1646 5685 1749 5723 non
1776 5666 1834 5724 in
1867 5680 1997 5732 toto.
2032 5670 2124 5724 sed

559 5764 611 5819 in
646 5773 790 5832 parte
833 5766 1005 5833 potius
1052 5764 1258 5817 dicatur
1288 5762 1579 5832 ingenitus;
1631 5762 1863 5830 alioquin
1912 5776 2015 5813 non
2060 5777 2123 5814 ex

2240 4754 2442 4817 lendas,
2479 4758 2617 4822 quod
2650 4755 2761 4807 sine
2795 4756 2875 4807 liis
2918 4758 3061 4807 nasci
3093 4769 3194 4807 non
3240 4764 3382 4823 potnt
3404 4757 3472 4809 rit
3501 4756 3683 4816 Filitts,
3714 4754 3783 4821 qui

2235 4857 2489 4914 quantum
2518 4846 2581 4897 ad
2610 4861 2790 4897 sanam
2836 4846 2990 4898 fidem
3024 4848 3268 4914 pertinet,
3299 4857 3354 4900 et
3398 4848 3569 4900 locum
3619 4848 3787 4900 fecisse

2235 4937 2458 4990 docetur
2485 4946 2535 4991 et
2578 4946 2802 5005 tempus.
2837 4938 2939 4991 Sed
2973 4940 3038 4990 de
3082 4938 3179 4993 hoc
3220 4939 3371 4991 satis.
3415 4939 3564 4994 Nunc
3607 4939 3739 5009 quod
3764 4952 3787 4989 ε

2236 5031 2525 5099 majoribus
2547 5030 2735 5085 vestris
2764 5032 2960 5085 dictum
2992 5032 3269 5100 prrrdicas.
3291 5042 3623 5094 regautamus.
3662 5034 3787 5089 Erat.

2236 5124 2441 5193 inquis,
2474 5123 2686 5193 quando
2719 5140 2822 5177 non
2850 5132 2983 5177 erat.
3014 5124 3065 5179 Si
3098 5135 3204 5176 erat
3234 5124 3371 5177 istud
3395 5125 3460 5178 ad
3490 5134 3696 5187 tempus
3720 5141 3742 5176 r
3770 5150 3789 5161 -

2236 5217 2396 5279 feras,
2423 5230 2547 5269 ecce
2578 5225 2699 5267 ante
2735 5215 2921 5267 Filium
2972 5223 3178 5281 tempus
3205 5230 3219 5279 ;
3249 5214 3290 5267 si
3322 5216 3389 5267 ad
3425 5214 3640 5278 Filium,
3676 5229 3791 5267 nun-

2234 5322 2389 5376 quam
2424 5321 2527 5359 non
2560 5316 2671 5357 erat
2702 5304 2866 5358 Filius
2896 5322 2907 5357 :
2940 5313 3054 5357 erat
3090 5306 3231 5356 enim
3256 5305 3367 5371 iam
3403 5304 3564 5358 Filius
3597 5304 3792 5372 quando

2237 5412 2343 5449 non
2375 5404 2488 5449 erat
2520 5404 2749 5465 tempus,
2781 5410 2809 5448 a
2837 5410 2942 5463 quo
2960 5395 3119 5464 336
3144 5393 3334 5447 laetum
3362 5394 3551 5448 dicitur
3574 5404 3792 5459 tempus.

2237 5487 2341 5541 Sed
2389 5497 2669 5555 antequam
2718 5495 3043 5554 nasceretur,
3090 5487 3288 5554 inquis,
3338 5502 3441 5539 non
3492 5486 3607 5538 fuit.
3659 5485 3791 5549 Quian

2234 5593 2438 5647 qll‘JESO,
2490 5593 2593 5631 non
2645 5577 2741 5631 fuit
2784 5588 3064 5646 antequam
3118 5579 3459 5631 nasceretur?
3504 5575 3556 5628 Si
3613 5574 3796 5629 Filius;

2233 5685 2357 5725 ecce
2406 5671 2520 5739 ipso
2566 5670 2835 5723 intellectu
2866 5678 2987 5723 ante
3031 5666 3219 5723 Filium
3263 5668 3422 5721 fuisse
3448 5668 3643 5720 dcitur
3684 5674 3798 5716 teni-

2236 5776 2369 5829 pus.
2403 5760 2458 5815 Si
2482 5771 2658 5814 autem
2689 5771 2968 5827 antequam
3004 5768 3311 5813 nasceretur
3343 5758 3527 5823 Filius,
3560 5770 3671 5809 non
3700 5758 3798 5810 emt
