3938 6376
159 354 254 412 537

1230 352 1314 406 DE
1362 352 1657 407 UNITATE
1696 351 2080 409 TRINITA'I‘IS
2118 351 2335 407 LIBER.

3301 356 3403 412 5'58

157 477 380 535 tempus,
428 464 668 534 sequitur
695 472 747 518 ιιι
788 464 997 520 dicatur
1028 466 1167 519 Patri
1202 465 1367 519 Filius
1398 475 1714 529 comternus,
1746 466 1799 525 Α
1825 475 2047 520 terrere.
2081 466 2214 532 Quid
2249 466 2407 535 igitur
2431 464 2601 519 dicis?
2631 479 2693 519 ex
2719 463 3012 521 substantia
3040 469 3201 524 credo
3228 470 3402 525 Patris

160 561 295 614 inter
319 573 475 627 quem
506 568 560 613 et
584 559 789 613 Patrem
820 557 1018 612 nullum
1054 558 1211 611 fuisse
1243 559 1437 612 dicitur
1464 566 1672 625 tempus
1704 576 1715 611 :

158 650 385 703 maxime
410 664 528 703 cum
560 650 698 703 inter
726 658 917 705 czetera
946 650 1288 718 evangelislis
1316 649 1715 713 attestantibus,

157 741 313 796 etiam
348 748 556 809 tempus
585 740 777 795 fecisse
795 740 998 795 dicatur
1021 740 1204 795 Filius.
1234 739 1341 795 Sed
1365 740 1498 793 forte
1525 739 1591 794 de
1619 738 1721 792 Pa-

158 840 237 884 tre
264 830 462 884 dictum
494 831 684 899 aliquis
712 840 856 900 putet
890 849 901 883 :
934 832 1076 896 Erat,
1109 831 1323 901 quando
1349 846 1454 885 non
1482 843 1594 885 erat
1626 830 1717 885 Fi-

156 921 279 976 lius.
308 922 402 977 Cui
428 922 704 977 sententia:
742 924 1013 994 sequentia
1057 939 1158 977 nou
1191 924 1497 987 concinunt,
1529 923 1720 993 quibus

156 1014 346 1069 dicitur
377 1032 388 1066 :
425 1015 492 1068 Et
518 1023 798 1083 antequam
839 1025 1147 1070 nasceretur
1185 1032 1289 1069 non
1322 1016 1436 1069 fuit.
1466 1015 1595 1069 Nam
1626 1030 1721 1083 per

154 1120 208 1158 se
243 1105 400 1159 Pater
425 1120 637 1173 semper
666 1107 920 1173 existens,
946 1109 1103 1161 etiam
1126 1122 1153 1161 a
1184 1108 1335 1161 vobis
1360 1107 1464 1162 diei
1492 1123 1592 1161 non
1622 1122 1721 1176 po-

155 1202 257 1248 test
285 1205 472 1259 natus;
504 1196 590 1262 qui
630 1210 733 1249 non
764 1196 831 1250 ab
872 1196 1023 1250 initio
1051 1197 1270 1252 docetur
1309 1206 1553 1263 exortus,
1587 1206 1640 1251 et
1668 1197 1719 1250 in

153 1286 363 1339 Patrem
404 1287 598 1341 cadere
643 1302 745 1341 non
788 1297 959 1357 potest
991 1307 1002 1340 :
1040 1288 1187 1358 Erat,
1232 1289 1442 1358 quando
1472 1304 1575 1343 non
1608 1298 1723 1342 erat

152 1380 382 1447 genitus.

765 1470 992 1527 CAPUT
1037 1471 1120 1524 Vl.

220 1578 343 1635 Fel.
376 1582 635 1648 Quoniam
669 1598 753 1638 me
787 1582 981 1648 verbis,
1018 1592 1071 1635 ut
1102 1596 1217 1636 mea
1250 1581 1348 1635 fert
1375 1582 1573 1650 Opinio,
1606 1581 1721 1634 ino-

152 1672 329 1742 pinata
369 1675 658 1729 subtilitate
702 1676 1029 1730 certantibus
1058 1691 1161 1729 non
1214 1675 1548 1729 mediocriter
1575 1674 1723 1730 defa-

152 1762 308 1830 tigas,
342 1763 393 1817 id
429 1765 539 1819 irco
570 1780 749 1833 quaeso
792 1774 863 1829 ut,
900 1765 943 1819 si
977 1766 1087 1819 fieri
1118 1774 1324 1833 potest,
1354 1765 1601 1832 exemplo
1629 1778 1722 1818 cu-

149 1852 359 1920 juslibet
401 1856 498 1917 rei,
534 1857 787 1925 possibile
819 1857 869 1911 id
915 1872 1035 1912 esse
1065 1858 1203 1926 quod
1250 1858 1441 1911 docere
1486 1858 1719 1936 conaris,

149 1945 422 2000 ostendas.
464 1946 643 2015 Neque
672 1948 810 2001 enim
857 1947 1010 2001 aliter
1049 1948 1268 2003 credere
1310 1962 1556 2017 possum,
1600 1948 1723 2003 licet

150 2036 197 2089 vi
222 2039 482 2093 orationis
514 2053 821 2108 oppressus,
850 2050 1174 2093 cumternum
1203 2054 1321 2093 esse
1347 2039 1580 2109 genitum
1626 2039 1721 2094 Pa-

150 2131 237 2195 tri,
271 2132 373 2185 nisi
394 2142 485 2187 aut
505 2142 785 2203 utrumque
805 2133 1061 2203 genitum,
1086 2140 1176 2186 aut
1199 2140 1479 2201 utrumque
1505 2130 1717 2186 Patrem

149 2219 348 2276 dixeris
376 2222 499 2277 sibi.

218 2313 351 2383 Aug.
415 2314 676 2379 Quoniam
733 2329 818 2369 me
873 2314 937 2367 ad
994 2312 1484 2383 incomparabilium
1538 2328 1719 2367 rerum

147 2406 392 2473 exempla
423 2406 724 2473 compellis,
755 2405 953 2459 idcirco
977 2420 1093 2474 qua
1124 2404 1194 2458 sit
1218 2404 1353 2473 ignis
1383 2403 1614 2471 potentia
1642 2404 1721 2456 vi-

145 2494 389 2560 deamus,
426 2511 493 2548 ex
517 2510 623 2563 quo
643 2510 854 2564 semper
882 2504 965 2549 est
994 2494 1266 2563 splendor,
1298 2508 1508 2562 semper
1529 2502 1611 2547 est
1634 2508 1725 2546 va-

144 2602 266 2655 por.
303 2586 594 2656 Utrumque
620 2587 687 2642 de
713 2602 779 2641 eo
806 2587 1067 2654 nascitur,
1095 2600 1193 2640 nec
1232 2586 1351 2639 ideo
1382 2594 1556 2638 tamen
1588 2585 1722 2653 ignis

145 2676 267 2729 sine
295 2676 479 2729 horum
510 2675 1103 2745 quolibetaliquatenus
1134 2674 1423 2730 invenitur.
1462 2675 1583 2728 Haec
1623 2675 1720 2729 tria

143 2779 253 2817 non
279 2779 337 2818 se
366 2766 587 2819 invicem
628 2766 870 2835 gignunt,
903 2766 1023 2833 quia
1049 2779 1155 2820 non
1181 2764 1247 2819 de
1276 2764 1560 2832 splendore
1586 2764 1722 2832 ignis

143 2862 201 2907 et
233 2869 417 2921 vapor,
448 2864 537 2908 aut
578 2855 642 2910 de
688 2870 881 2925 iapore
926 2854 1062 2923 ignis
1104 2864 1156 2908 et
1199 2854 1472 2923 splendor,
1517 2855 1611 2909 sed
1653 2855 1720 2910 de

142 2945 267 3013 igne
292 2944 544 3011 Splendor
572 2954 626 3001 et
650 2960 815 3013 vapor
845 2959 1058 3013 semper
1079 2952 1161 2999 est
1188 2944 1415 3013 genitus.
1446 2944 1574 3009 Qua:
1596 2958 1717 2999 cum

144 3035 218 3087 ita
247 3038 377 3100 sint,
409 3036 627 3091 videsne
655 3038 813 3091 etiam
847 3037 895 3089 in
919 3036 1179 3090 creaturis
1210 3049 1365 3105 posse
1393 3036 1587 3105 aliquid
1620 3050 1716 3089 na-

141 3131 242 3194 sci.
269 3146 366 3185 nec
387 3133 595 3187 ostendi
622 3143 797 3192 tamen
834 3142 1044 3201 tempus
1072 3132 1212 3200 quod
1242 3132 1291 3186 id
1321 3132 1389 3186 de
1409 3148 1512 3201 quo
1536 3144 1714 3187 natum

1824 558 1967 610 nasci
1994 557 2180 611 Filium
2215 558 2548 627 nequivisse;
2576 572 2642 612 ne
2674 558 2963 627 ingenitum
3002 558 3234 625 Patrem,
3279 561 3397 614 Filii

1823 648 2096 701 videamur
2116 649 2461 716 generatione
2490 648 2747 703 dividere.
2778 649 2926 716 Quod
2956 650 2999 703 si
3030 650 3101 704 ita
3129 658 3230 710 est.
3262 652 3401 706 male

1822 737 2054 791 creditur
2080 738 2246 792 Filius
2275 740 2362 809 qui
2412 756 2515 793 non
2548 756 2608 795 ex
2640 741 2817 807 Patre,
2853 742 2902 794 id
2948 750 3028 795 est
3068 756 3174 796 non
3213 757 3277 797 ex
3310 756 3401 797 eo—

1821 828 1941 881 dem
1966 828 2078 897 ipso
2126 832 2357 898 genitus,
2419 832 2511 885 sed
2558 833 2886 888 extrinsecus
2924 832 3091 886 factus
3133 834 3269 887 inter
3295 834 3396 886 alia

1822 919 2156 988 prmdicatur.
2187 920 2334 986 Quod
2365 929 2421 975 ut
2448 922 2518 976 sit
2562 922 2831 978 intellectu
2873 922 3107 993 facilius,
3142 922 3191 976 id
3224 923 3397 989 ipsum

1822 1024 1918 1078 pro
1948 1024 2103 1078 posse
2124 1011 2422 1079 explicabo.
2456 1012 2711 1067 Filiorum
2745 1030 2975 1083 namque
3004 1013 3244 1079 adoptivi
3284 1014 3397 1079 alii,

1824 1100 2090 1153 naturales
2120 1100 2208 1153 alii
2237 1109 2379 1153 sunt.
2405 1099 2443 1152 Ii
2472 1101 2561 1170 qui
2586 1102 2769 1170 geniti,
2800 1103 2866 1156 ab
2898 1103 3045 1155 initio
3070 1103 3159 1157 lilii
3188 1118 3398 1172 semper

1822 1204 1883 1244 ac
1913 1191 2110 1260 proprii
2140 1209 2152 1243 :
2186 1190 2256 1244 illi
2281 1190 2452 1258 primo
2480 1192 2661 1258 alieni,
2700 1203 2818 1262 post
2847 1194 2964 1259 lilii,
2994 1209 3114 1247 cum
3147 1209 3241 1263 per
3266 1194 3398 1249 ado-

1825 1284 2054 1351 ptionem
2112 1284 2162 1337 in
2210 1283 2463 1338 familiam
2495 1286 2740 1340 videntur
2784 1288 2992 1341 asci~ci.
3022 1288 3223 1355 Quibus
3269 1304 3399 1359 ergo

1822 1375 2210 1441 comparandus
2233 1384 2312 1429 est
2345 1374 2513 1429 Filius
2543 1375 2676 1428 Dei?
2719 1374 2775 1431 Si
2806 1377 3096 1445 adeptivis,
3128 1377 3230 1432 erit
3256 1378 3398 1447 apud

1826 1464 2039 1518 Patrem
2070 1465 2259 1518 similis
2285 1465 2457 1518 nobis.
2490 1466 2543 1519 Si
2572 1466 2820 1533 propriis,
2846 1483 2910 1519 ex
2942 1466 3237 1521 substantia
3273 1468 3398 1522 sub-

1821 1554 2021 1607 stitisse
2046 1554 2299 1608 dicendus
2330 1564 2411 1607 est
2456 1555 2732 1623 genitoris.
2784 1555 2886 1608 Sed
2922 1557 2972 1609 in
3027 1557 3153 1623 duo,
3198 1558 3397 1627 inquis.

1824 1648 2116 1700 substantia
2144 1656 2355 1714 paterna
2384 1647 2653 1708 dividitur,
2679 1646 2721 1700 si
2752 1662 2811 1701 ex
2838 1647 2953 1701 solo
2979 1648 3130 1701 Patre
3154 1650 3398 1704 substan-

1824 1736 2019 1790 tialiter
2071 1736 2235 1791 Filius
2288 1748 2586 1804 generatur.
2643 1737 2752 1792 lloc
2808 1752 2966 1807 quam
3030 1740 3244 1792 stultum
3304 1740 3396 1805 sit,

1753 1830 1797 1889 Β
1824 1827 1985 1880 etiam
2023 1828 2249 1881 visibilia
2298 1829 2410 1896 ipsa
2450 1844 2547 1882 nos
2589 1827 2802 1883 docent.
2845 1829 2973 1894 Quis
2999 1830 3137 1882 enim
3168 1846 3396 1899 unquam

1828 1915 1910 1969 vel
1941 1916 2231 1970 carnalium
2266 1928 2470 1985 patrum
2499 1917 2762 1987 gignendo
2788 1918 2987 1971 divisus
3015 1919 3130 1973 est?
3162 1920 3310 1984 Quod
3342 1923 3399 1990 si

1826 2024 1923 2063 nec
1954 2010 2004 2064 in
2036 2010 2393 2064 conditionem
2427 2012 2664 2079 corporis
2719 2011 2862 2065 cadit
2917 2011 3026 2079 ipsa
3079 2010 3289 2074 divisio,
3344 2022 3399 2065 et

1824 2114 1981 2154 nemo
2008 2102 2087 2155 sic
2112 2104 2291 2170 genuit
2322 2102 2483 2154 lilium
2517 2110 2572 2154 ut
2598 2116 2655 2156 se
2688 2102 2931 2170 perderet
2959 2103 3223 2165 medium;
3248 2103 3401 2157 salva

1824 2189 2124 2260 integritate
2157 2192 2325 2246 Patris
2350 2207 2453 2245 non
2500 2191 2735 2261 potuisse
2764 2193 2907 2245 nasci
2956 2193 3129 2247 dicitis
3160 2194 3397 2247 Filium?

1822 2280 1925 2335 Sed
1949 2282 2072 2350 quid
2118 2283 2301 2349 plura?
2333 2283 2671 2337 Nativitatem
2721 2282 2835 2336 Filii
2874 2284 2989 2347 Dei,
3015 2294 3295 2354 ortumque
3320 2286 3394 2340 ri-

1824 2373 2109 2435 mantibus,
2136 2372 2269 2435 lure,
2297 2374 2349 2427 ni
2378 2374 2548 2438 fallor,
2581 2383 2897 2438 occurrunt;
2926 2374 2974 2427 id
3004 2385 3107 2439 est,
3140 2384 3195 2429 ut
3219 2385 3309 2430 aut
3329 2392 3396 2431 ex

1826 2462 1979 2517 Patre
2008 2464 2096 2529 sit,
2128 2474 2219 2519 aut
2248 2481 2310 2517 ex
2343 2465 2524 2532 nihilo,
2555 2476 2643 2518 aut
2681 2482 2745 2519 ex
2772 2466 2957 2530 altero,
2996 2477 3168 2521 autex
3195 2472 3393 2537 seipso.

1826 2552 2023 2606 Ilorum
2052 2570 2234 2623 quieso
2257 2556 2689 2623 consequent'am
2738 2555 3025 2609 videamus.
3058 2558 3218 2628 338
3245 2559 3298 2614 Si
3329 2575 3398 2614 ex

1823 2645 2030 2711 seipso;
2064 2660 2167 2697 nou
2196 2654 2337 2697 recte
2375 2644 2535 2698 Filius
2574 2643 2785 2705 dicitur,
2815 2646 2903 2711 qui
2937 2660 3043 2699 non
3076 2656 3250 2711 natus,
3300 2650 3395 2702 sed

1824 2736 2090 2803 ingenitus
2140 2737 2476 2804 pra‘dicalur.
2531 2735 2585 2791 Si
2645 2752 2708 2790 ex
2743 2736 2937 2802 uiliilo;
2982 2748 3220 2791 creatura
3276 2754 3396 2793 cum

1821 2830 2047 2893 caeteris,
2074 2847 2177 2883 nun
2206 2842 2463 2884 creaturae
2484 2841 2668 2885 auctor
2689 2833 3005 2889 ostenditur.
3036 2833 3089 2887 Si
3108 2850 3171 2887 ex
3193 2836 3393 2899 altero;

1822 2937 1925 2975 non
1956 2923 2071 2991 ejus
2100 2923 2183 2975 cui
2232 2923 2532 2987 credimus,
2582 2924 2675 2977 sed
2719 2924 2898 2978 rescio
2939 2925 3091 2993 cujus
3144 2928 3395 2995 incogniti

1823 3014 1987 3079 patris
2019 3014 2159 3067 filius
2185 3014 2521 3081 prmdicatur.
2548 3014 2698 3081 Quod
2723 3016 2765 3067 si
2798 3026 2991 3084 prmter
3012 3025 3241 3083 quatuor
3259 3018 3392 3082 hinc,

1824 3104 2045 3159 inveniri
2079 3122 2181 3158 non
2214 3114 2384 3172 pote-t
2405 3106 2679 3177 quintum;
2715 3122 2811 3162 nec
2841 3109 2907 3162 de
2937 3109 3015 3163 liis
3043 3120 3258 3187 propter
3284 3110 3396 3166 evi~

141 3232 224 3275 es,
255 3224 371 3276 sine
397 3225 577 3293 genitu
611 3224 843 3294 pomeri,
880 3196 1136 3278 ingenui?
1162 3221 1217 3277 Si
1259 3237 1387 3292 ergo
1417 3196 1715 3276 “amnibus
1746 3196 1789 3258 C
1822 3196 2035 3251 dentem
2066 3198 2443 3294 blasphemiam
2469 3200 2565 3252 tria
2588 3200 2863 3294 prae—d‘cari
2893 3201 3101 3294 penitus
3130 3210 3391 3294 possunt:

140 3315 407 3382 exemplis
432 3315 530 3368 ista
565 3316 933 3384 perspicimus,
962 3330 1057 3370 cur
1087 3329 1191 3370 non
1218 3314 1283 3369 de
1306 3314 1460 3369 Patre
1485 3324 1537 3367 et
1557 3314 1709 3381 Filio,

139 3403 222 3455 vel
250 3414 435 3457 sancto
462 3405 684 3472 Spiritu,
714 3416 968 3475 quantum
993 3405 1057 3459 ad
1092 3420 1425 3460 communem
1455 3404 1714 3458 duntaxat

138 3505 301 3564 atque
352 3495 742 3551 indiderentcm
790 3498 1164 3561 aeternitatem,
1214 3496 1406 3550 similia
1460 3496 1712 3563 praedice-

139 3588 301 3642 mus?
331 3588 508 3658 Neque
532 3590 674 3643 enim
707 3589 826 3644 ideo
849 3604 1068 3644 necesse
1098 3598 1179 3644 est
1204 3588 1413 3641 Patrem
1443 3596 1495 3641 et
1523 3587 1712 3641 Filium

137 3687 194 3731 et
224 3678 481 3747 Spiritum
516 3691 754 3734 sanctum
786 3695 937 3751 aeque
964 3679 1205 3734 dicamus
1245 3680 1561 3747 ingenitum,
1590 3680 1711 3747 quia

136 3768 345 3823 nullum
388 3770 454 3824 ab
484 3770 655 3825 aliero
683 3786 797 3825 mvo
828 3771 1217 3847 interveniente
1244 3770 1468 3825 dicimus
1495 3783 1715 3838 separa-

136 3867 249 3912 tum
287 3876 301 3913 :
348 3876 466 3915 cum
510 3864 666 3917 etiam
701 3863 858 3933 337
888 3879 952 3918 ex
990 3863 1107 3917 aliis
1148 3862 1303 3917 rebus
1334 3862 1575 3933 quaedam
1622 3878 1711 3932 ge-

133 3950 271 4015 ni'a,
304 3967 400 4006 nec
430 3952 549 4005 ideo
581 3961 754 4008 tamen
783 3962 873 4007 aut.
898 3969 1046 4023 :rquc
1067 3955 1354 4023 gignentia,
1378 3962 1467 4006 aut
1489 3954 1603 4008 sine
1634 3958 1711 4007 in-

132 4041 309 4095 vicem
341 4043 599 4097 ducentur
627 4047 909 4099 exstantia.
953 4044 1059 4101 Sed
1106 4045 1229 4115 quid
1271 4046 1491 4114 prodest
1523 4046 1710 4100 horum

129 4135 305 4187 tnulta
333 4135 604 4203 colligere,
635 4151 752 4189 cum
780 4151 1064 4205 paucorum
1089 4137 1407 4192 testimoniis
1426 4137 1585 4190 etiam
1610 4152 1711 4191 cm-

129 4233 253 4277 tera
278 4223 430 4277 liceat
464 4227 753 4281 mstimare.

207 4312 329 4367 Fel.
382 4314 641 4382 Quoniam
694 4318 1013 4373 sententiam
1056 4333 1248 4384 meam,
1300 4318 1711 4388 pra‘cedentiuin

126 4404 354 4459 Patrum
385 4408 702 4462 auctoritate
754 4408 1049 4475 fundatam,
1092 4425 1232 4465 nova
1263 4411 1568 4478 disputandi
1599 4420 1713 4467 arte

128 4498 425 4553 conturbas
456 4516 468 4550 :
504 4498 700 4553 idcirco
731 4501 889 4554 velim
935 4502 1061 4555 milii
1093 4502 1239 4557 dicas
1267 4503 1332 4557 de
1372 4514 1556 4555 natura
1586 4503 1709 4556 Filii

129 4586 252 4654 Dei,
286 4587 333 4641 id
364 4598 444 4642 est
470 4589 761 4643 substantia
807 4592 919 4659 ipsa
947 4592 1071 4661 quid
1096 4595 1310 4647 sentias.
1346 4594 1400 4649 Si
1435 4594 1596 4659 enim,
1650 4606 1706 4647 ut

130 4680 315 4735 dicere
347 4696 439 4734 vos
479 4683 685 4749 soletis,
722 4684 1034 4739 liomousion
1082 4694 1163 4739 est
1205 4685 1370 4751 Patri,
1418 4686 1469 4752 ip
1501 4702 1530 4739 e
1577 4700 1707 4752 quo-

134 4773 425 4825 dammodo
466 4773 623 4826 Pater
652 4783 733 4826 est
778 4772 911 4837 sibi;
960 4775 1193 4843 alioquin
1238 4775 1706 4829 consubstantialis

132 4878 240 4915 nun
276 4870 453 4930 potest
480 4877 600 4917 esse
625 4864 873 4931 genitori.
922 4863 1050 4917 Nam
1084 4868 1295 4934 quidam
1328 4876 1565 4919 nostrum
1596 4866 1704 4919 ilo-

131 4952 324 5005 mnusii
355 4953 657 5020 Opinionem
690 4953 866 5008 ridere
886 4954 963 5008 sic
990 4954 1221 5019 solebat,
1254 4956 1437 5011 dicens
1470 4974 1481 5009 :
1509 4958 1562 5010 Si
1600 4972 1705 5011 non

131 5044 489 5105 extrinsecus,
524 5044 618 5098 sed
664 5060 725 5099 ex
758 5045 945 5099 eodem
976 5045 1094 5113 ipso
1133 5046 1370 5114 prolatus
1401 5056 1482 5099 est
1521 5046 1704 5111 Filius,

132 5132 185 5186 in
232 5134 371 5187 duos
411 5135 803 5202 quodauunudn
832 5135 1033 5190 divisus
1060 5145 1145 5190 est
1172 5152 1332 5199 unus,
1373 5137 1707 5205 quandoqui-

132 5222 251 5279 dem
283 5240 389 5281 non
418 5226 557 5280 aliud
584 5228 807 5296 gignens
836 5227 1029 5281 dicitur
1049 5242 1169 5283 esse
1194 5242 1353 5298 quam
1379 5231 1608 5299 genitus.

729 5368 953 5425 CAPUT
996 5371 1103 5427 VII.

202 5494 334 5560 Aug.
380 5490 510 5544 Dum
561 5505 660 5545 nos
691 5491 825 5546 dicis
856 5493 1193 5549 Aristotelica
1224 5507 1338 5549 arte
1368 5497 1712 5559 contendere,

134 5582 248 5645 ipse
278 5582 344 5633 ad
376 5580 778 5635 dialecticorum
808 5582 1027 5650 laqueus
1047 5586 1244 5641 videris
1263 5587 1586 5657 confugisse.
1609 5586 1723 5641 Sed

139 5686 237 5725 nos
278 5671 399 5724 fidei
433 5671 654 5726 veritate
683 5672 917 5728 conﬁsos
968 5691 1298 5743 nequaquam
1342 5691 1558 5736 possunt
1616 5681 1713 5733 ista

1819 3297 1982 3342 restat
2012 3298 2067 3342 ut
2113 3290 2533 3344 substantialiter
2573 3290 2638 3345 de
2676 3291 2831 3344 Patre
2867 3292 2937 3345 sit
2962 3293 3167 3360 genitus
3201 3310 3214 3345 :
3245 3292 3393 3359 quia,

1818 3390 1872 3433 ut
1904 3380 2157 3443 diximus,
2185 3396 2281 3435 nec
2305 3380 2531 3433 inveniri
2557 3382 2794 3449 quintus,
2821 3396 2918 3436 nec
2941 3391 3133 3449 printer
3157 3382 3393 3450 primum

1816 3468 1881 3522 de
1915 3470 1995 3523 liis
2022 3471 2196 3523 doceri
2232 3484 2263 3535 p
2285 3480 2403 3523 vtest
2433 3472 2626 3539 aliquis
2658 3471 2843 3525 modus
2870 3488 2882 3523 :
2913 3480 2970 3525 ut
2997 3481 3118 3540 pote
3148 3486 3267 3527 cum
3293 3489 3389 3527 nec

1816 3568 2079 3623 creatura,
2132 3574 2227 3612 nec
2271 3560 2488 3613 alterius
2516 3563 2678 3628 patris
2710 3561 2865 3623 filius,
2919 3577 3014 3615 nec
3043 3573 3097 3616 ut
3130 3562 3281 3617 Pater
3307 3564 3389 3617 di-

1815 3662 1963 3705 catur
1991 3651 2273 3719 ingenitus.

2397 3774 2623 3830 CAPUT
2666 3776 2797 3829 VIII.

1888 3919 2001 3974 Fel.
2043 3921 2119 3988 Qu
2158 3922 2200 3974 si
2228 3937 2351 3975 vero
2386 3937 2485 3990 ego
2511 3931 2597 3975 aut
2641 3933 2832 3991 praeter
2864 3923 2975 3975 haec
3001 3926 3264 3993 quintum,
3298 3938 3384 3980 aut

1814 4012 1879 4066 de
1911 4014 1992 4064 liis
2032 4014 2200 4065 tribus
2250 4014 2446 4081 aliquid
2504 4014 2834 4079 praedicarim
2868 4031 2879 4062 :
2930 4014 3018 4081 qui
3063 4016 3140 4067 sic
3176 4030 3281 4068 non
3319 4031 3393 4069 ex

1814 4105 2108 4156 substant‘a
2144 4103 2310 4157 Patris
2337 4104 2603 4157 exstitisse
2631 4103 2751 4156 dico
2782 4102 2969 4165 tilium,
3003 4112 3060 4156 ut
3103 4113 3277 4159 tamen
3320 4121 3386 4161 ex

1814 4194 1929 4261 ejus
1954 4194 2226 4247 voluntate
2258 4209 2362 4248 non
2389 4208 2577 4262 negem
2609 4194 2865 4262 genitum.

1888 4295 2015 4361 Aug.
2058 4295 2111 4346 In
2134 4308 2293 4345 unum
2317 4293 2383 4346 de
2409 4293 2727 4360 supradictis
2753 4295 3129 4362 consequentia
3160 4296 3270 4363 ipsa
3295 4297 3386 4352 dc-

1818 4384 2067 4437 truderis.
2095 4384 2227 4437 Cum
2255 4383 2394 4437 enim
2443 4383 2509 4437 de
2554 4382 2669 4437 Filii
2702 4382 2995 4437 substantia
3046 4388 3386 4454 requirimus,

1816 4490 1972 4543 quem
2008 4485 2060 4528 tu
2090 4490 2157 4529 ex
2183 4474 2337 4529 Patre
2362 4474 2776 4529 substantialiter
2796 4475 3029 4544 genitum
3054 4492 3158 4529 non
3185 4477 3386 4544 fateris,

1745 4566 1791 4623 Ι)
1818 4567 1934 4619 siue
1963 4564 2125 4619 dubiu
2166 4567 2301 4619 inter
2326 4564 2428 4619 alia
2459 4580 2521 4619 ex
2566 4566 2734 4619 nihilo
2768 4565 2959 4619 factum
3007 4581 3125 4621 esse
3169 4578 3388 4623 conten-

1812 4657 1893 4712 dis
1921 4673 1933 4708 :
1968 4656 2397 4725 quandoquidem
2425 4671 2521 4711 uec
2548 4657 2919 4725 corruptibiles
2944 4660 3159 4727 quidem
3181 4671 3389 4716 creatu-

1813 4763 1899 4801 ras
1930 4748 2157 4801 dicimus
2187 4747 2344 4801 aliter
2387 4748 2711 4807 substitisse,
2760 4748 2858 4800 nisi
2892 4759 2949 4803 ut
3002 4748 3095 4803 has
3133 4750 3293 4805 Deum
3338 4764 3391 4807 et

1813 4840 2048 4895 vo'ui‘se
2080 4853 2168 4906 per
2200 4837 2522 4892 ineffabilem
2554 4838 3035 4905 dispensationem,
3069 4850 3119 4894 et
3154 4843 3391 4909 potuisse

1810 4945 1908 4998 per
1937 4930 2260 4998 singularem
2307 4930 2595 4997 potentiam
2630 4929 2869 4983 dicamus
2904 4930 3140 4994 efficere,
3183 4932 3307 4987 dum
3340 4943 3393 4987 et

1817 5021 2143 5077 voluntatem
2182 5020 2347 5075 fuisse
2388 5020 2652 5083 novimus,
2685 5038 2785 5089 qua
2819 5024 3013 5089 placuit
3044 5024 3173 5087 Deo,
3204 5034 3259 5079 et
3300 5040 3393 5092 po-

1820 5122 2084 5176 testatem,
2118 5129 2217 5181 qua
2247 5126 2401 5179 pos~e
2430 5114 2665 5181 sulijacet
2692 5114 2933 5169 Domino.

1894 5212 2007 5265 Fel.
2054 5212 2191 5281 Ergo
2214 5212 2276 5265 ad
2307 5213 2623 5266 exstantium
2652 5212 2765 5267 Filii
2792 5224 3026 5283 potestas
3048 5222 3262 5282 paterna
3289 5227 3393 5265 non

1819 5304 2049 5357 sufﬁcit?

1891 5405 2021 5472 Aug.
2061 5403 2224 5471 Quasi
2245 5417 2344 5473 ego
2374 5404 2440 5459 de
2469 5414 2730 5475 potestate
2762 5405 2953 5467 Patris,
2978 5413 3030 5458 et
3060 5420 3162 5456 nun
3186 5404 3252 5455 de.
3282 5404 3391 5470 ipsa

1820 5496 2152 5561 pateruitatis
2186 5497 2411 5550 veritate
2439 5496 2775 5550 contendam.
2810 5497 2887 5548 Au
2918 5496 2963 5547 ci
2992 5510 3047 5545 se
3074 5493 3176 5545 dici
3208 5495 3348 5546 malu
3375 5505 3391 5553 ι

1824 5589 2051 5649 Patrem,
2092 5572 2247 5654 quem
2302 5603 2406 5642 nou
2456 5588 2579 5654 sibi,
2638 5586 2729 5640 sed
2774 5585 3037 5639 ci'ealuris
3067 5584 3232 5638 voluit
3272 5602 3392 5641 esse

1821 5677 2186 5732 eunrimilem?
2217 5677 2279 5731 Et
2302 5677 2420 5733 ideo
2449 5678 2719 5731 latendum
2752 5675 2842 5729 tibi
2875 5682 2978 5735 est,
3010 5691 3069 5728 ex
3101 5677 3391 5733 substantia
