3938 6376
496 592 517 689 ξ.

581 326 683 377 55⁸)

1899 311 2123 365 VIGILII
2161 304 2529 363 TAPSENSIS

3660 299 3785 360 ω’

584 438 753 490 I'at-is
782 414 1049 487 exstitisse
1078 434 1290 495 Filium,
1322 431 1361 485 si
1393 437 1445 484 et
1479 436 1629 481 natus
1658 437 1708 479 ct
1740 428 1781 479 D
1802 441 1876 477 -us
1908 434 1991 478 est
2017 444 2029 477 :
2058 432 2149 476 aut
2179 429 2230 487 Α
2259 415 2422 486 340
2452 411 2705 483 loquendi
2735 409 2914 477 πιοδο,
2959 420 3014 465 ει
3039 417 3242 464 Μυκη·ῐὲ
3267 408 3394 480 lege,
3424 410 3551 479 ῐιτῖοτ
3570 412 3738 483 gignens

586 527 777 582 Filium
818 526 1012 594 pariter
1057 534 1111 578 et
1164 526 1327 577 Deum
1367 536 1593 589 negare,
1638 520 1814 571 sinon
1844 532 1908 570 ex
1938 527 2157 583 paterna

583 620 904 683 substantia,
923 620 1014 671 sed
1039 632 1102 671 cx
1132 617 1293 677 nulla,
1314 620 1568 683 operante
1589 621 1812 673 tantum,
1841 609 1977 664 sicut
1994 610 2157 663 etiam

586 712 636 764 in
664 711 783 763 aliis
812 708 1088 775 creaturis,
1122 706 1293 759 Patris
1323 705 1592 759 voluntate
1622 710 1675 757 ει
1710 710 1972 770 potestate
2009 714 2158 755 crea-

587 815 671 856 ttls
702 812 802 856 est.

660 912 770 964 Fel.
813 912 1071 977 Quoniam
1120 924 1205 962 me
1248 909 1313 961 ad
1343 906 1607 976 ejusmodi
1648 903 2037 959 confessionem
2071 918 2163 956 ne-

585 1005 834 1057 cessitate
857 1001 1152 1070 compellis,
1186 1000 1235 1053 id
1266 1000 1405 1069 quod
1432 1014 1461 1051 a
1507 996 1801 1065 majoribus
1830 995 2026 1049 nostris
2055 992 2161 1047 dici

586 1094 803 1158 assolet,
834 1109 935 1147 non
968 1092 1173 1145 tacebo.
1206 1091 1370 1145 Aiunt
1397 1091 1561 1149 enim.
1596 1098 1895 1142 creaturam
1918 1100 2039 1140 esse
2070 1084 2162 1139 Fi-

589 1186 733 1243 lium,
757 1184 849 1237 sed
884 1181 1196 1252 perfectam,
1226 1191 1279 1236 et
1303 1196 1419 1251 qua:
1446 1177 1709 1233 dominari
1732 1177 1896 1245 possit
1915 1174 2162 1230 omnibus

586 1277 864 1330 creaturis.

659 1395 788 1459 Aug.
832 1389 1047 1443 Gaudeo
1077 1387 1292 1457 quidem
1322 1386 1463 1456 quod
1484 1386 1795 1453 irreligiosa:
1824 1382 2161 1452 praedicatio-

587 1482 670 1534 n’s
697 1481 940 1533 intimum
974 1466 1117 1532 virus
1146 1477 1424 1530 manifesta
1464 1475 1799 1528 confessione
1826 1470 2159 1541 prodideris:

588 1570 715 1625 nihil
742 1580 916 1624 tamen
947 1568 1085 1638 quod
1118 1566 1428 1622 credulitate
1456 1565 1617 1634 339
1644 1563 1862 1632 dignum
1894 1561 2159 1629 videatur,

588 1666 831 1736 opponis.
858 1665 1113 1719 Creatura
1141 1676 1367 1730 namque
1392 1669 1497 1722 est,
1528 1675 1592 1713 ex
1620 1673 1687 1712 eo
1711 1656 1852 1725 quod
1877 1663 1969 1709 aut
1990 1653 2164 1708 adhuc

589 1771 694 1810 non
726 1765 827 1819 est,
871 1762 963 1807 aut
1007 1750 1289 1821 aliquando
1318 1765 1424 1803 non
1475 1749 1587 1814 luit,
1620 1748 1695 1802 rei
1727 1746 2011 1815 cujuslibet
2038 1758 2160 1797 cor-

590 1846 872 1913 ruptibilis,
902 1853 1154 1912 quantum
1208 1843 1261 1894 in
1298 1857 1353 1894 sc
1382 1850 1484 1906 est,
1531 1854 1624 1907 per
1661 1835 2041 1905 omnipotentis
2068 1833 2163 1887 Dei

592 1936 918 1989 Voluntatem
951 1934 1083 1988 facta
1131 1931 1441 1987 substantia.
1478 1930 1598 1983 llazc
1638 1928 1877 1983 deﬁnitio
1906 1935 2081 1980 utrum
2111 1924 2162 1977 in

593 2027 684 2080 Dei
726 2028 878 2080 cadat
909 2025 1096 2079 Filiqu
1139 2025 1430 2078 videamus.
1464 2021 1593 2076 Nam
1630 2021 1797 2076 Elius
1842 2020 1893 2073 in
1921 2033 1987 2074 eo
2027 2014 2165 2086 quod

594 2126 695 2179 est,
730 2116 1078 2172 indifferentis
1111 2125 1313 2170 natura:
1340 2115 1565 2169 veritate
1608 2112 1844 2182 prolatus
1887 2119 1965 2165 est
2000 2126 2013 2161 :
2045 2106 2166 2176 quia

595 2221 661 2261 ex
686 2222 752 2262 eo
777 2208 865 2277 qui
893 2218 994 2274 est,
1027 2207 1074 2259 id
1120 2218 1199 2261 est
1230 2222 1292 2262 ex
1323 2208 1595 2277 gignente,
1646 2220 1753 2258 non
1781 2201 2055 2255 dissimilis
2077 2215 2169 2252 na-

597 2307 682 2353 tus
701 2307 821 2352 est:
862 2307 915 2353 et
954 2298 1072 2351 ideo
1115 2299 1251 2352 inter
1293 2299 1484 2353 Filium
1508 2305 1561 2351 et
1586 2304 1890 2349 creaturam
1918 2292 2165 2357 trimum,

596 2386 695 2440 nisi
724 2386 896 2447 fallor.
928 2386 1024 2439 ista
1057 2387 1311 2441 discretio
1339 2397 1444 2451 est,
1476 2387 1598 2455 quia
1636 2385 1722 2439 ille
1752 2399 1816 2437 ex
1851 2383 2011 2436 Putre
2043 2383 2169 2436 sub-

594 2478 915 2532 stantialiter
943 2479 1207 2548 gignitur;
1250 2488 1492 2533 creatura
1537 2492 1643 2531 non
1672 2492 1734 2530 ex
1766 2475 2060 2530 substantia
2093 2472 2170 2527 fa-

595 2569 808 2637 cientis,
836 2570 929 2624 sed
959 2586 1024 2623 ex
1060 2570 1175 2625 sola
1200 2572 1469 2625 voluntate
1492 2585 1554 2623 ac
1585 2575 1845 2638 potestate
1876 2565 2165 2636 perficitur.

596 2658 701 2712 Ista
726 2658 1095 2728 corruptibilis
1121 2674 1216 2728 per
1243 2670 1509 2728 naturam,
1534 2658 1636 2711 nisi
1660 2656 1814 2711 fuerit
1843 2663 2049 2710 servata
2078 2667 2172 2722 per

596 2751 840 2821 gratiam.
875 2751 970 2805 Ille
1005 2750 1423 2821 incorruptibilis
1450 2792 1465 2814 ,
1512 2750 1599 2818 qui
1644 2747 1909 2802 nascendo
1939 2746 2173 2799 incorru-

599 2841 834 2909 ptlbilem
858 2857 920 2895 ex
953 2842 1339 2910 incorruptibili
1388 2842 1545 2896 Patre
1572 2841 1781 2893 videtur
1824 2837 2018 2891 habere
2048 2837 2172 2891 sub-

599 2934 869 2984 stantiam.
904 2930 1068 2991 Filius
1100 2947 1192 3000 per
1217 2932 1398 2984 omnia
1450 2930 1638 2983 similis
1686 2929 1845 2993 Patri,
1898 2927 2173 2983 dlS>itltiiiS

600 3033 841 3076 creatura
888 3023 1095 3083 facturi.
1140 3023 1234 3077 llle
1267 3038 1370 3077 non
1394 3037 1457 3078 ex
1489 3036 1553 3076 eo
1583 3022 1720 3091 quod
1753 3037 1856 3073 non
1886 3030 1987 3089 est,
2042 3021 2091 3073 in
2120 3020 2171 3075 id

2264 509 2508 563 videatur
2537 521 2657 562 esse
2684 519 2840 574 quam
2870 506 3097 572 genitus.

2886 596 3111 651 CAPUT
3153 596 3219 650 Χ.

2336 693 2466 759 Aug.
2528 688 2582 740 Si
2640 694 2840 740 natura:
2894 694 3169 739 auctorem
3228 696 3558 741 creaturarum
3592 686 3739 758 Iegibu

2264 780 2614 843 aestimamus,
2646 776 2770 829 dum
2802 775 3123 828 anteriorem
3150 788 3267 828 esse
3302 775 3493 829 Patrem
3516 774 3629 829 Filio
3650 792 3741 843 pra-

2263 869 2503 924 dicamus
2532 886 2546 933 ;
2575 883 2670 922 cur
2698 882 2802 920 non
2825 863 3013 919 eadem
3045 875 3245 918 naturze
3273 864 3401 929 lege,
3432 865 3655 920 fortiorem
3677 867 3741 920 Pa-

2266 968 2347 1011 tre
2377 956 2565 1010 Filium
2598 969 2692 1023 per
2715 966 2987 1008 accessum
3011 954 3261 1022 temporis
3284 953 3521 1007 dicimus:
3552 956 3651 1008 dum
3676 970 3741 1009 nec

2264 1045 2387 1101 huic
2430 1046 2621 1115 desunt
2675 1046 3003 1098 incrementa
3050 1042 3311 1105 nascenti,
3358 1050 3409 1096 et
3452 1042 3743 1097 imbecillitatis

2264 1135 2509 1203 injuriam
2536 1142 2783 1188 senectus
2814 1131 3006 1201 ingerit
3035 1130 3214 1185 Patri?
3265 1130 3407 1198 Quod
3452 1131 3493 1185 si
3534 1131 3617 1184 hoc
3651 1132 3742 1183 ratio

2263 1223 2376 1291 ipsa
2404 1238 2507 1275 non
2541 1222 2749 1291 recipit,
2775 1222 3082 1275 omittamus
3109 1220 3161 1275 in
3187 1220 3295 1275 Deo
3320 1221 3583 1289 corporalis
3606 1222 3742 1275 intellio

2262 1310 2454 1380 gentia:
2480 1310 2676 1380 legem,
2706 1325 2773 1365 ne
2799 1310 3048 1379 operibus
3077 1310 3187 1363 suis
3208 1311 3427 1364 similem
3447 1312 3648 1364 dicamus
3664 1326 3742 1366 esse

2265 1404 2559 1468 factorem;
2589 1402 2819 1457 maxime
2846 1417 2964 1456 cum
2988 1417 3053 1455 ex
3082 1417 3147 1456 eo
3167 1401 3306 1470 quod
3336 1403 3464 1471 apud
3490 1417 3572 1455 nos
3592 1402 3743 1455 evidens

2264 1502 2367 1555 est,
2388 1490 2620 1545 etiamid
2645 1490 2784 1560 quod
2812 1491 2867 1544 in
2893 1491 3104 1545 occulto
3126 1498 3209 1545 est
3236 1492 3489 1560 possimus
3514 1490 3741 1544 ostendere.

2264 1579 2412 1634 Sit-ut
2462 1582 2605 1635 enim
2655 1580 2771 1634 sine
2821 1580 3069 1648 exemplo
3121 1591 3293 1634 mater
3337 1581 3505 1649 genuit
3549 1588 3742 1633 auctorem

2264 1682 2417 1722 suum
2452 1684 2465 1719 :
2491 1667 2568 1721 sic
2608 1666 2948 1721 inelTabiliter
2978 1665 3137 1721 Pater
3163 1668 3408 1736 genuisse
3432 1666 3676 1722 credendus
3693 1676 3743 1719 est

2269 1755 2459 1809 Filium
2488 1764 2835 1810 coaeternum.
2880 1756 2955 1813 De
2984 1764 3152 1811 matre
3179 1765 3335 1810 natus
3363 1766 3441 1810 est
3466 1758 3543 1826 qui
3567 1756 3743 1823 antejam

2269 1844 2370 1899 fuit
2403 1862 2416 1898 :
2463 1846 2529 1898 de
2573 1846 2723 1900 Patre
2751 1847 2838 1915 qui
2871 1845 3155 1914 aliquando
3186 1861 3292 1900 non
3340 1846 3513 1900 defuit.
3552 1845 3640 1899 Hoc
3660 1843 3745 1897 ﬁdes

2264 1935 2467 2000 Credat,
2493 1934 2835 2004 intelligentia
2861 1950 2961 1987 non
2994 1934 3231 2004 requirat
3261 1951 3276 1988 :
3310 1949 3375 1989 ne
3402 1943 3486 1987 aut
3513 1948 3599 1987 non
3619 1933 3743 1985 inreu-

2266 2036 2376 2082 tum
2412 2036 2562 2098 patet
2597 2026 2931 2091 incredibile,
2959 2036 3052 2080 aut
3080 2036 3349 2096 repertum
3385 2041 3481 2079 non
3508 2024 3653 2078 credat
3673 2023 3743 2075 sin-

2266 2123 2467 2193 gulare.
2503 2122 2638 2177 Ecce
2667 2121 2807 2175 enim
2839 2120 2907 2176 de
2935 2131 3104 2178 matre
3134 2130 3291 2173 natus
3332 2130 3411 2173 est
3440 2117 3655 2179 Christus,
3686 2126 3745 2167 nec

2270 2212 2390 2267 ideo
2420 2222 2593 2267 tamen
2625 2228 2716 2279 per
2743 2218 3044 2266 contactum
3075 2211 3178 2265 viri
3206 2211 3391 2265 matris
3435 2208 3584 2278 pudor
3605 2215 3664 2261 est
3685 2208 3745 2257 im-

2268 2302 2520 2357 minutus.
2546 2300 2707 2370 Virgo
2734 2301 2957 2369 peperit,
2988 2300 3113 2369 quia
3141 2300 3293 2367 virgo
3320 2298 3583 2366 concepit:
3614 2304 3654 2350 et
3679 2308 3746 2348 non

2268 2399 2487 2445 serVato
2528 2404 2707 2445 rerum
2734 2390 2945 2456 ordine,
2976 2403 3041 2443 ex
3067 2389 3279 2458 integro
3318 2390 3492 2443 matris
3510 2384 3745 2454 corporeit-

2270 2488 2473 2549 tegrum
2501 2493 2693 2548 corpus
2720 2478 2965 2532 Christus
2991 2478 3303 2547 assumpsit.
3337 2478 3392 2534 Si
3418 2492 3532 2545 ergo
3552 2488 3658 2529 noro
3674 2487 3745 2526 mo-

2271 2585 2331 2626 re
2351 2611 2365 2634 ,
2403 2570 2551 2623 nullo
2577 2568 2842 2637 exemplo,
2884 2567 3176 2623 secundum
3209 2582 3422 2622 carnem
3449 2575 3583 2620 natus
3601 2564 3745 2616 docetur

2271 2673 2339 2713 ex
2369 2673 2596 2727 corpore
2628 2675 2642 2711 :
2668 2657 2793 2727 quid
2818 2657 3009 2711 mirum
3040 2658 3084 2713 si
3116 2672 3223 2714 non
3248 2657 3529 2713 secundum
3551 2662 3746 2709 consuetu-

2271 2748 2449 2803 dinem
2482 2748 2699 2802 humani
2741 2750 2924 2816 pa'rtus
2947 2748 3206 2817 processit
3226 2762 3296 2802 ex
3319 2748 3501 2803 Patre?
3518 2743 3611 2798 Non
3628 2739 3746 2794 minuit

2273 2836 2629 2891 subsmutiam
2658 2837 2865 2903 matris,
2911 2852 2981 2892 ex
3030 2837 3142 2892 sola
3190 2823 3403 2907 genitus
3450 2834 3587 2897 ﬁlius,
3623 2840 3661 2884 et
3679 2826 3747 2879 sine

2273 2924 2471 2979 damno
2496 2926 2740 2994 corporis
2773 2927 3050 2995 parientis,
3101 2935 3287 2981 natum
3330 2926 3418 2980 ﬁlii
3459 2923 3658 2979 novimus
3678 2930 3748 2969 cor-

2276 3029 2406 3084 pus:
2447 3024 2501 3069 et
2545 3016 2802 3071 minuisse
2855 3017 3245 3085 incorporalem
3300 3018 3467 3073 Patris
3500 3007 3747 3069 substantiam

603 3114 743 3182 quod
790 3122 901 3185 est,
948 3121 1004 3167 et
1055 3124 1332 3181 propterea
1375 3127 1641 3182 nunquam
1694 3113 1745 3167 in
1796 3112 1846 3166 id
1897 3112 2038 3181 quod
2068 3127 2173 3167 non
2198 3144 2245 3207 ο
2276 3105 2533 3164 creditur.
2567 3121 2686 3160 cum
2719 3121 2783 3161 ex
2828 3106 3016 3161 eodem
3064 3107 3177 3176 ipso
3225 3104 3615 3161 substantialiter
3652 3108 3750 3164 atque

605 3214 709 3269 est,
739 3219 804 3257 ex
834 3218 898 3257 eo
928 3203 1068 3271 quod
1099 3213 1201 3258 est.
1248 3203 1336 3257 Illa
1364 3219 1430 3257 ex
1465 3218 1530 3259 eo
1560 3203 1699 3272 quod
1754 3218 1857 3255 non
1900 3212 2002 3268 est,
2034 3202 2085 3256 in
2118 3202 2171 3257 id

605 3294 744 3365 quod
766 3306 845 3352 est
877 3312 889 3346 :
931 3304 983 3350 et
1015 3307 1291 3364 propterea
1320 3306 1574 3363 quantum
1604 3292 1669 3347 ad
1696 3308 1754 3347 se
1792 3293 1979 3347 attinet
2016 3307 2082 3347 ex
2111 3307 2178 3349 eo

606 3388 742 3456 quod
774 3396 877 3451 est,
900 3387 951 3441 in
979 3386 1028 3441 id
1056 3386 1329 3456 quodnon
1358 3394 1458 3452 est,
1491 3384 1572 3441 sui
1600 3383 2072 3444 ortusconditione
2094 3398 2179 3440 re-

607 3480 751 3533 νιετιί·
766 3496 844 3533 ur.

1206 3569 1431 3625 C\PUT
1482 3569 1571 3623 IX.

684 3704 807 3771 Fel.
862 3708 973 3760 Non
1005 3725 1031 3758 ν
1059 3707 1158 3759 deo
1183 3706 1305 3774 quid
1337 3708 1390 3759 in
1430 3719 1626 3758 arcano
1653 3704 1811 3772 hujus
1836 3702 2179 3757 obscuritatis

612 3797 933 3850 involveris.:
964 3807 1017 3850 et
1057 3796 1177 3851 ideo
1218 3806 1363 3850 recte
1408 3795 1592 3859 facies,
1623 3796 1665 3848 si
1697 3795 1747 3849 id
1776 3795 1918 3864 quod
1961 3811 1991 3847 a
2023 3805 2093 3862 te,
2125 3804 2182 3849 ut

614 3901 738 3945 mea
789 3886 893 3948 fert
943 3887 1144 3954 Opinio,
1185 3885 1798 3951 incomprehensibiliter
1843 3884 2053 3939 dictum
2084 3892 2175 3949 est~

615 3979 999 4048 intelligibilius
1040 3979 1412 4047 eXpIicaveris.

681 4096 815 4164 Aug.
861 4096 975 4149 Dixi
1008 4097 1219 4165 inquam
1248 4095 1314 4150 de
1342 4094 1497 4159 Filio,
1545 4109 1666 4149 cum
1704 4109 1825 4148 eum
1865 4109 1893 4147 a
1924 4102 2193 4149 creaturae.

612 4187 920 4243 definitione
952 4188 1307 4243 discernerent
1343 4208 1354 4241 :
1381 4189 1630 4258 quoniam
1663 4188 1705 4241 is
1736 4202 1839 4241 non
1864 4202 1929 4242 ex
1953 4202 2017 4250 eo
2042 4186 2182 4257 quod

615 4292 720 4327 nun
744 4286 844 4337 est.
877 4279 928 4329 in
951 4280 1000 4330 id
1034 4280 1173 4346 quod
1203 4290 1285 4332 est
1317 4298 1327 4329 :
1360 4281 1500 4349 quod
1534 4281 1635 4333 tale
1662 4286 1745 4333 est
1773 4294 1835 4334 ac
1860 4280 1902 4331 si
1924 4277 2182 4344 dicerem,

618 4379 725 4414 nun
746 4379 810 4417 ex
840 4364 928 4428 nili
954 4365 1003 4417 ιι»
1033 4365 1201 4420 factus
1227 4378 1327 4419 est.
1358 4368 1421 4419 Et
1448 4378 1727 4436 propterea
1758 4382 2026 4437 nunquam
2059 4368 2109 4421 in
2135 4369 2184 4423 id

617 4453 755 4518 quod
815 4469 916 4509 non
958 4465 1060 4519 νει,
1092 4470 1158 4508 ex
1189 4470 1253 4509 eo
1301 4456 1441 4524 quod
1471 4468 1549 4510 est
1583 4474 1599 4510 :
1650 4458 1700 4510 id
1732 4466 2102 4524 estuunquam
2132 4460 2184 4512 in

620 4544 849 4605 nihilum
872 4560 935 4598 ex
967 4561 1031 4599 eo
1062 4547 1176 4614 ipso
1203 4551 1343 4616 quod
1369 4559 1472 4615 est,
1498 4560 1697 4604 naturae
1724 4564 1836 4604 suae
1864 4552 2185 4617 proprietate

621 4634 910 4690 solvendus
938 4646 1037 4693 est.
1073 4640 1322 4694 Creatura
1358 4657 1505 4707 vero,
1535 4657 1602 4696 ex
1649 4657 1714 4696 eo
1741 4641 1879 4710 quod
1931 4656 2034 4695 non
2081 4652 2184 4708 est,

621 4724 749 4779 inid
797 4727 936 4795 quod
966 4738 1067 4783 est.
1104 4732 1220 4795 Quo
1248 4732 1565 4798 ostenditur,
1601 4734 1729 4802 quia
1753 4748 1819 4787 ex
1865 4732 2031 4785 nihilo
2069 4750 2187 4800 pro-

622 4821 727 4872 lata
752 4828 852 4875 est.
882 4820 950 4875 Et
976 4833 1252 4893 propterea
1281 4828 1637 4894 quantumad.
1678 4841 1737 4880 se
1769 4828 1973 4888 attinet,
2017 4842 2083 4881 ex
2124 4844 2189 4883 eo

623 4911 759 4977 quod
790 4920 891 4978 est,
926 4914 976 4967 in
999 4913 1051 4966 id
1078 4915 1215 4981 quod
1254 4932 1358 4971 non
1388 4926 1489 4983 est,
1520 4916 1577 4971 id
1600 4920 1754 4971 estin
1796 4918 2036 4987 nihilum,
2089 4923 2191 4977 nisi

624 5015 876 5071 perpetua
918 5008 1099 5074 gratia
1144 5005 1347 5071 fecerit,
1390 5019 1589 5063 natura:
1628 5024 1739 5063 suae
1778 5011 2033 5078 qualitate
2074 5028 2195 5067 ver-

624 5096 779 5149 tenda
806 5107 905 5150 est.
943 5099 1080 5167 Ergo
1107 5115 1373 5168 nunquam
1424 5117 1527 5155 non
1553 5104 1656 5157 erit
1700 5103 1885 5167 Filius,
1928 5105 2017 5173 qui
2067 5106 2197 5158 sub-

622 5187 939 5241 stantialiter
968 5189 1190 5243 docetur
1220 5204 1343 5244 esse
1369 5203 1647 5258 perpetuu
1672 5209 1686 5255 ;
1737 5205 1789 5247 et
1840 5195 1940 5250 hoc
1986 5204 2044 5247 ut
2073 5206 2198 5263 pote

624 5277 858 5345 preprio,
889 5292 916 5329 a
944 5278 1248 5333 conditione
1277 5281 1512 5334 omnium
1545 5290 1908 5335 creaturarum
1952 5298 2071 5349 qua:
2100 5298 2194 5350 per

622 5365 790 5433 ipsum
825 5366 976 5421 facta:
1003 5377 1144 5427 sunt.
1177 5384 1278 5423 non
1306 5370 1494 5438 injuria
1526 5371 1763 5423 noscitur
1791 5371 2141 5437 separandos.

697 5454 808 5510 Fel.
847 5456 990 5510 Licet
1018 5457 1415 5527 intelligentiam
1449 5474 1618 5513 meant
1652 5474 1784 5511 nova
1816 5475 1992 5514 rerum
2028 5460 2197 5514 subti-

626 5550 769 5604 litate
816 5552 1163 5622 [.erstringas,
1197 5554 1377 5606 nescio
1433 5561 1610 5605 tamen
1660 5566 1765 5620 quo
1821 5562 1974 5620 pacto
2006 5554 2151 5608 dicas
2179 5595 2193 5617 ,

627 5642 763 5700 quod
800 5622 1093 5699 cozei'ernus
1126 5642 1268 5705 Patri
1322 5644 1390 5697 sit
1421 5642 1587 5699 Filius
1619 5660 1630 5695 :
1674 5656 1795 5698 cum
1841 5654 1894 5703 et
1925 5648 2194 5702 communi

2210 4509 2264 4570 D

2278 3196 2688 3266 incorporaliter
2716 3196 2977 3267 prolatus,
3005 3197 3201 3253 dicitur
3222 3198 3472 3269 genitus?
3510 3196 3621 3263 Ergo
3639 3189 3669 3244 ti
3695 3201 3748 3237 na-

2280 3288 2451 3340 turam
2481 3301 2656 3339 rerum
2688 3285 3038 3357 intelligentia
3069 3286 3203 3342 duce
3223 3287 3608 3357 perpendimus;
3629 3280 3749 3333 demus

2278 3375 2512 3443 initium,
2537 3378 2581 3430 si
2617 3362 2721 3431 non
2754 3391 3008 3447 negamus
3026 3391 3307 3431 occasum.
3342 3374 3568 3443 AliOqttin
3602 3370 3685 3422 ideo
3701 3363 3749 3417 l'i‘

2280 3463 2408 3518 lium
2443 3478 2546 3518 non
2578 3464 2776 3521 habere
2801 3466 3041 3520 dicamus
3068 3466 3305 3531 initium,
3332 3468 3447 3536 quia
3481 3479 3570 3517 non
3595 3467 3751 3527 peri”

2282 3551 2431 3617 tiam,
2465 3552 2559 3607 sed
2590 3568 2683 3621 per
2710 3562 2948 3608 naturam
2990 3554 3221 3609 fatemur
3246 3571 3369 3610 esse
3414 3559 3684 3623 perpetuum.
3704 3540 3749 3593 Ad

2282 3652 2568 3706 summam,
2592 3642 2763 3710 major
2790 3650 2849 3697 et
2869 3642 3063 3706 minor,
3090 3643 3260 3697 tribus
3301 3643 3471 3697 mo'dis
3497 3639 3585 3693 diri
3609 3638 3750 3704 potest:

2285 3728 2339 3783 id
2370 3737 2474 3793 est,
2513 3738 2693 3796 astate,
2727 3729 2917 3791 forma.
2952 3734 3208 3799 petentia.
3241 3732 3422 3789 A'Jtate
3448 3730 3601 3785 senior
3622 3732 3750 3792 puero:

2285 3815 2455 3871 forma
2503 3818 2708 3888 longior
2758 3834 2920 3887 parvo
2952 3836 2977 3887 ;;
3022 3822 3258 3887 potentia
3338 3821 3514 3877 fortior
3554 3807 3751 3871 illlbr'fino.

2287 3903 2571 3961 Videamus
2613 3913 2787 3961 utrum
2832 3908 3028 3977 aliquid
3078 3907 3266 3963 horum
3300 3909 3497 3964 aec'dat
3533 3895 3752 3965 Filium

2286 4008 2385 4051 nec
2421 4004 2575 4049 astate
2605 3997 2781 4051 minor
2806 4005 2907 4063 est,
2949 4012 3105 4065 quem
3135 3996 3212 4053 de
3259 3997 3514 4067 principio
3538 3994 3658 4048 Patre
3675 3997 3752 4040 um-

2284 4095 2392 4143 stat
2416 4088 2685 4143 exstitisse
2714 4088 3029 4157 principium
3059 4107 3070 4141 :
3119 4105 3219 4144 nec
3268 4089 3426 4161 341
3468 4087 3626 4147 forma,
3656 4086 3753 4144 αυαη

2289 4194 2395 4234 non
2418 4180 2560 4233 aliud
2590 4180 2666 4233 fas
2692 4189 2774 4235 est
2803 4181 3093 4249 praedicare
3132 4197 3293 4251 quam
3329 4183 3513 4245 Deum,
3538 4191 3617 4232 nec
3639 4179 3755 4241 ρθιαι·

2289 4268 2383 4336 tia,
2415 4281 2445 4322 a
2470 4283 2576 4337 quo
2608 4277 2778 4323 totum
2810 4270 3053 4325 novimus
3088 4285 3210 4324 esse
3240 4271 3545 4340 perfectum.

2896 4367 3122 4441 cspur
3162 4368 3255 4422 XI.

2367 4468 2481 4523 Fel.
2521 4469 2670 4526 Scire
2706 4470 2862 4537 cupio
2898 4484 3003 4538 quo
3044 4479 3197 4537 pacto
3226 4471 3293 4524 ad
3323 4470 3506 4526 Filium
3549 4460 3691 4521 transit
3712 4453 3757 4506 di-

2296 4560 2469 4630 gnitas
2511 4560 2706 4625 Patris,
2747 4569 2802 4615 et
2842 4560 2907 4614 ad
2946 4560 3159 4615 Patrem
3193 4576 3300 4615 non
3345 4559 3553 4616 recurrit
3579 4547 3760 4611 humili“l

2294 4655 2477 4723 prolis.

2369 4746 2501 4813 Aug.
2540 4742 2652 4796 Non
2683 4741 2972 4797 secundum
3006 4752 3249 4796 naturam
3281 4744 3380 4797 isra
3411 4755 3539 4796 nunc
3560 4734 3659 4801 dici,
3680 4738 3762 4795 quo-

2296 4835 2495 4891 tidiana
2524 4849 2703 4889 rerum
2734 4833 2976 4901 exempla
3008 4848 3103 4888 nos
3133 4833 3347 4891 docent.
3385 4835 3514 4888 Ecce
3534 4829 3648 4885 enim
3672 4827 3764 4888 im"

2300 4941 2419 4980 mus
2462 4924 2692 4994 aliquem
2735 4938 2914 4992 regem
2955 4938 3017 4977 ac
3046 4925 3188 4995 regis
3224 4925 3388 4980 [ilium
3424 4919 3645 4994 depositis
3666 4907 3765 4976 regit
3860 4907 3861 4955 i

2300 5017 2599 5086 majestatis
2630 5016 3181 5087 insignibus,subjecti
3208 5019 3392 5074 militis
3417 5016 3672 5072 indumenta
3693 5012 3767 5054 σηε·
3860 5046 3861 5057 ς

2298 5110 2505 5178 cipere,
2549 5118 2602 5163 ει
2656 5117 2873 5176 preptcr
2901 5118 3099 5163 certam
3131 5112 3295 5177 patris
3333 5104 3713 5179 dispensationem
3732 5100 3768 5140 π

2298 5201 2567 5254 sociorum
2596 5199 2847 5263 salutem,
2880 5201 3158 5255 rebellinum
3188 5201 3530 5256 contumelias
3550 5190 3767 5250 sustinere:

2299 5290 2536 5357 nunquid
2578 5290 2700 5358 quia
2744 5289 2807 5342 ad
2852 5289 2990 5345 hunc
3031 5292 3363 5361 participium
3396 5290 3542 5358 regite
3579 5270 3769 5361 potestatis

2296 5391 2505 5437 certum
2535 5390 2619 5433 est
2653 5381 2929 5436 nativitate
2969 5359 3269 5448 decurrere,
3300 5383 3493 5437 idcirco
3513 5378 3570 5431 ad
3604 5384 3695 5426 cum
3717 5359 3771 5428 αυί

2298 5472 2505 5541 genuit,
2553 5471 2803 5539 injuriam
2850 5473 2940 5526 lilii
2984 5488 3086 5527 non
3127 5472 3479 5540 compatieudi
3520 5466 3688 5522 amictu.
3714 5448 3771 5507 sed

2298 5560 2412 5627 ipsa
2440 5562 2506 5626 pa
2520 5561 2718 5613 ssionis
2741 5562 3066 5629 proprietate
3085 5574 3289 5617 certum
3313 5570 3396 5618 est
3418 5541 3773 5631 pervenireldon

2265 5704 2279 5716 .
2302 5651 2374 5713 ita
2404 5660 2507 5719 εει,
2540 5653 2664 5722 quia
2693 5667 2797 5713 non
2829 5668 2898 5709 ea
2929 5652 3036 5711 tilio
3064 5664 3286 5735 patrem,
3318 5655 3415 5718 sed
3429 5669 3487 5711 es
3517 5659 3641 5719 patre
3661 5638 3773 5695 ﬁlium
