3938 6376
131 316 221 370 Sol

1208 311 1293 366 DE
1336 308 1630 367 UNTATE
1670 308 2058 366 TRINITATIS
2094 309 2312 365 LIBER.

3285 308 3388 366 ιη

130 439 328 483 certum
355 437 439 484 est
467 436 644 483 natum
666 432 806 483 esse.
838 426 901 481 Et
932 432 1213 495 propterea
1239 432 1406 477 totum
1434 422 1571 476 inter
1600 421 1700 475 hos
1728 429 1782 488 Ἀ
1810 425 2089 480 mortalem
2129 424 2413 494 praedicem
2458 421 2731 477 deitatem.
2779 420 2895 476 Non
2931 434 3146 492 separo,
3180 439 3248 481 ne
3292 426 3388 480 Dei

130 521 297 575 aimde
335 520 560 575 dicimus
598 518 739 588 quod
778 516 1010 589 pertinet
1037 515 1101 569 ad
1128 515 1563 569 communionem
1602 528 1700 567 na-

132 622 293 677 turae;
321 612 451 667 illud
478 611 747 681 proprium
775 609 920 681 quod
946 624 1041 679 per
1070 607 1319 663 accidens
1347 606 1437 662 uni
1462 605 1705 659 noscitur

131 703 374 758 evenisse
404 717 665 773 personze.
689 701 861 756 Habet
887 714 1015 771 ergo
1042 697 1314 754 nascendo
1340 705 1506 751 totum
1536 694 1706 750 Filius

132 809 247 848 cum
282 793 440 849 Patre
466 794 608 864 quod
642 794 795 849 Pater
834 801 957 857 est,
994 791 1090 847 sed
1118 790 1318 845 nonde
1347 788 1484 845 l‘tlio
1525 788 1702 843 Pater.

132 883 396 953 Quidquid
416 884 717 950 specialiter
735 885 849 953 ipse
863 897 1150 955 perpessus
1169 892 1274 951 est,
1299 882 1540 951 utrisque
1557 895 1708 935 com-

133 990 292 1031 mune
315 990 422 1030 non
444 984 544 1029 est.
573 974 724 1042 Quod
751 990 817 1031 ex
840 975 1055 1031 homine
1079 984 1234 1030 natus
1256 983 1339 1029 est
1360 975 1371 1023 I
1394 986 1541 1036 omo,
1568 972 1709 1027 acci-

131 1070 263 1121 dens
297 1064 529 1134 speciale
556 1075 658 1121 est.
702 1064 855 1133 Quod
898 1066 1215 1135 plerumque
1253 1065 1372 1119 sine
1398 1062 1708 1134 prejudicio

130 1155 433 1209 communis
465 1165 672 1210 natura:
712 1165 903 1211 neuter
941 1155 1142 1211 habere
1176 1158 1400 1211 docetur
1429 1155 1482 1209 in
1513 1155 1703 1209 altero.

135 1244 240 1301 Una
265 1255 353 1301 est
381 1247 552 1303 Patris
576 1248 895 1313 substantia,
922 1263 1023 1303 una
1053 1262 1300 1318 persona.
1326 1247 1449 1303 Haec
1476 1262 1597 1301 cum
1618 1262 1711 1317 ge-

132 1336 265 1401 nuit,
300 1352 370 1393 ex
400 1338 500 1393 hac
538 1338 656 1395 sine
691 1338 855 1395 dubio
891 1354 995 1393 non
1026 1338 1234 1395 diversa
1266 1339 1504 1393 noscitur
1540 1338 1708 1393 exsti-

132 1428 286 1492 tisse,
326 1429 423 1484 sed
451 1429 654 1497 altera;
686 1446 806 1502 qua:
834 1447 939 1486 nun
967 1430 1112 1486 aliud
1141 1431 1363 1487 docetur
1388 1445 1509 1486 esse
1549 1445 1709 1500 quam

131 1521 335 1589 prima,
366 1521 492 1577 dum
523 1530 578 1577 et
612 1524 915 1579 communis
942 1523 1166 1579 docetur
1195 1533 1244 1579 et
1280 1524 1515 1593 propria.
1549 1525 1711 1577 Com-

128 1615 330 1680 munis,
362 1616 600 1687 inquam,
644 1616 847 1671 unitate
876 1616 1214 1681 substantiae,
1258 1616 1469 1687 propria
1499 1615 1710 1671 discre-

130 1708 274 1761 tione
305 1720 569 1776 personae.
603 1707 736 1763 Cum
775 1722 903 1777 ergo
933 1708 986 1763 in
1017 1723 1077 1764 se
1115 1716 1287 1763 exstet
1316 1708 1403 1763 illa
1438 1722 1558 1779 qum
1588 1714 1711 1761 nata

1808 515 1984 570 Patris
2006 530 2167 571 unam
2192 513 2485 571 secundum
2507 528 2747 580 carnem,
2775 524 2828 569 et
2847 514 3069 570 alteram
3090 516 3387 571 secundum

1807 607 2144 675 majt-statem
2190 606 2531 663 introducere
2570 604 2753 661 videar
2796 605 3001 675 prolem
3036 621 3051 659 :
3095 607 3215 675 quia
3248 605 3388 661 idem

1809 698 1901 753 Dei
1927 698 2099 753 Filius
2125 706 2181 753 et
2207 700 2323 753 sine
2352 698 2505 752 initio
2533 696 2796 767 proeessit
2823 712 2890 751 ex
2916 696 3093 760 Patre,
3116 703 3171 751 et
3199 710 3391 751 secun-

1806 792 1933 846 dum
1964 798 2178 859 tempus
2200 792 2345 845 nasci
2375 801 2457 847 est
2486 791 2735 861 dignatus
2764 806 2831 846 ex
2862 790 3098 861 Virgine.
3137 790 3391 859 Impassi-

1810 883 1930 938 bilis
1957 883 2010 938 iu
2036 896 2157 950 suo,
2183 897 2370 952 passus
2393 884 2445 937 in
2473 894 2657 939 nostro
2682 926 2697 949 ,
2724 884 2850 937 dum
2883 881 3392 951 incomprehensibi-

1810 976 1915 1032 lem
1944 977 2280 1045 majestatem
2309 974 2469 1046 353
2501 976 2650 1033 velut
2676 975 2906 1045 quodam
2938 974 3251 1029 indumento
3274 988 3393 1028 car-

1810 1070 1894 1125 nis
1920 1067 2120 1123 vestire
2150 1065 2399 1137 dignatus
2434 1075 2538 1121 est.
2588 1066 2664 1122 Ex
2695 1076 2923 1137 utroque
2952 1080 3055 1119 una
3085 1062 3394 1118 mediatoris

1810 1174 2062 1230 persona,
2105 1171 2210 1213 non
2254 1172 2358 1210 una
2398 1156 2721 1211 substantia.
2750 1155 2868 1213 Una
2893 1156 3107 1227 inquam
3140 1169 3390 1221 persona.

1812 1269 1879 1309 ne
1920 1253 1991 1309 sit
2020 1268 2126 1307 non
2163 1264 2303 1305 unus
2344 1248 2621 1314 Christus;
2676 1250 2779 1302 non
2822 1265 2926 1304 una
2970 1247 3289 1313 substantia,
3329 1263 3395 1301 ne

1813 1344 2124 1401 mediatoris
2144 1342 2545 1407 dispensatione
2566 1342 2836 1407 submota,
2859 1352 2948 1396 aut
2974 1342 3065 1397 Dei
3089 1350 3293 1395 tantum
3315 1339 3397 1395 dic

1811 1446 1984 1506 catur,
2014 1446 2101 1489 aut
2134 1435 2367 1490 hominis
2390 1434 2577 1488 Filius.
2610 1434 2726 1488 Non
2748 1448 2877 1502 ergo
2906 1434 2959 1488 in
2981 1435 3198 1490 Christo
3224 1447 3398 1489 susce.

1814 1537 1956 1600 ptam
1993 1542 2209 1582 carnem
2256 1526 2613 1597 perpetuitate
2655 1525 2852 1581 divina:
2896 1528 3258 1595 generationis
3300 1542 3399 1581 ex-

1814 1620 1977 1676 tendo
2001 1639 2013 1673 :
2042 1634 2140 1675 nec
2164 1619 2477 1673 immensam
2502 1618 2758 1673 deitatem
2789 1620 3034 1688 corporei
3059 1630 3211 1675 ortus
3241 1628 3400 1675 :etata

1814 1713 2111 1780 concludo;
2142 1714 2263 1784 quia
2295 1712 2436 1768 idem
2464 1713 2517 1767 in
2549 1712 2828 1768 divinitate
2854 1722 3042 1767 auctor
3068 1722 3152 1768 est
3195 1729 3397 1779 rerum,

127 1810 224 1865 est,
254 1814 365 1854 non
388 1800 642 1871 quidquid
666 1801 788 1855 huic
811 1800 1087 1869 acciderit,
1107 1801 1171 1854 ad
1194 1801 1496 1871 gignentem
1522 1813 1710 1855 neces-
1739 1804 1789 1866 Β
1813 1808 1901 1879 qui
1935 1808 1989 1863 in
2015 1822 2181 1863 carne
2208 1805 2535 1875 Redemptor
2562 1813 2645 1861 est
2683 1804 2959 1860 hominum
2984 1819 3000 1860 ι
3032 1804 3170 1859 idem
3204 1804 3401 1874 imp“-

127 1893 267 1947 Sario
300 1895 527 1957 transit;
560 1895 695 1948 sicut
720 1894 787 1948 ad
819 1903 1125 1950 nascentem
1155 1894 1409 1965 quidquid
1436 1893 1707 1961 proprium

128 2000 187 2037 ac
209 1985 568 2040 substantiale
592 1986 858 2057 gignentis
885 1996 1095 2041 constat
1121 2000 1259 2050 c-se,
1298 1985 1559 2055 pervenit.
1591 1986 1714 2040 Non

128 2076 267 2129 enim
298 2077 437 2129 sicut
461 2076 595 2130 Pilio
616 2079 726 2147 ipsa
758 2078 1102 2148 generatione
1132 2078 1323 2132 collata
1355 2085 1436 2131 est
1464 2076 1710 2130 divinitas

128 2163 327 2230 Patris,
358 2170 433 2220 sic
463 2168 527 2219 ad
558 2166 770 2223 Patrem
815 2170 1049 2223 refertur
1077 2169 1368 2239 a-gritudo,
1406 2180 1709 2237 paupertas,

130 2274 295 2325 mors,
321 2260 597 2315 humilitas
623 2263 810 2331 prolis.
828 2263 979 2330 Quod
1005 2263 1125 2318 ideo
1148 2278 1252 2317 non
1286 2263 1361 2327 tit,
1382 2264 1502 2332 quia
1526 2278 1713 2329 quam-

126 2356 205 2406 v's
234 2351 306 2405 de
336 2369 459 2417 una,
489 2354 539 2405 id
572 2364 654 2408 est
683 2355 850 2423 patris
881 2356 1175 2424 substantia
1210 2354 1374 2410 fuerit
1402 2354 1592 2408 similis
1617 2368 1712 2423 ge-

126 2443 236 2496 nita
284 2460 295 2495 :
342 2453 517 2496 tamen
550 2445 669 2513 quia
698 2446 807 2514 jam
842 2446 894 2499 in
936 2445 1031 2509 sci,
1056 2460 1111 2500 sa
1141 2454 1351 2509 exstat,
1384 2459 1716 2514 quacunque

127 2535 255 2588 huic
282 2534 606 2589 intrinsecus
636 2538 967 2605 ingeruntur,
1000 2552 1103 2589 non
1133 2538 1435 2591 communia
1465 2536 1717 2590 dicuntur

124 2641 275 2691 esse,
307 2628 402 2681 sed
434 2627 668 2697 prepria.
709 2628 764 2683 Si
796 2645 925 2697 ergo
968 2629 1185 2683 humani
1216 2628 1427 2699 generis
1460 2629 1558 2683 ista
1589 2642 1717 2683 con-

123 2717 263 2771 ditio
303 2728 405 2785 est,
438 2734 557 2772 cum
588 2718 747 2791 342
788 2736 891 2775 non
933 2736 1099 2791 usque
1136 2721 1271 2775 adeo
1313 2721 1402 2774 lilii
1442 2722 1508 2773 ah
1536 2734 1601 2774 eo
1627 2720 1715 2791 qui

125 2808 316 2877 genuit
340 2810 390 2863 in
414 2810 558 2864 aliud
587 2827 818 2880 unquam
846 2822 1045 2866 mutata
1075 2813 1365 2866 substantia
1397 2822 1497 2877 est,
1526 2824 1580 2866 ut
1610 2826 1716 2866 non

128 2902 322 2955 eadem
356 2902 523 2969 pOSsit
551 2916 691 2967 esse,
723 2901 816 2956 sed
850 2918 876 2955 a
906 2913 1014 2955 tera
1044 2920 1058 2963 ;
1090 2902 1214 2956 dum
1245 2903 1578 2957 extrinsecus
1608 2901 1717 2955 lilio

128 2991 497 3046 accidentibus
527 2994 731 3059 multis,
764 3006 941 3048 manet
967 2994 1318 3049 nihilominus
1343 3003 1533 3047 natura
1563 3008 1715 3048 com-

128 3090 341 3152 munis;
367 3089 497 3156 quid
522 3104 618 3143 nos
646 3090 712 3145 de
738 3091 845 3145 Deo
870 3101 1032 3160 atque
1073 3090 1187 3160 ejus
1219 3090 1357 3145 Filio
1384 3090 1600 3159 dignum
1632 3098 1714 3143 est

128 3179 370 3245 credere,
402 3181 536 3250 quid
558 3179 712 3236 decet
737 3182 1064 3249 praedicare?
1090 3182 1329 3248 Quorum
1359 3181 1601 3252 quamvis
1628 3196 1714 3236 se-
1738 3154 1786 3217 Ο

128 3271 363 3325 cundum
395 3272 634 3327 indivisa:
680 3272 972 3343 majestatis
1004 3274 1299 3341 simplicem
1340 3273 1567 3343 gloriam
1605 3288 1712 3326 non

129 3365 189 3419 sit
219 3376 407 3419 natura
433 3366 728 3432 dissimilis,
754 3367 1061 3437 specialiter
1084 3382 1111 3419 a
1139 3367 1273 3422 Filio
1296 3382 1487 3437 corpus
1509 3381 1718 3421 assum-

130 3466 279 3526 ptum
300 3468 401 3523 est,
419 3472 474 3514 ut
495 3460 865 3515 lmmiliaretur
890 3461 943 3515 in
971 3459 1283 3515 infirmitate
1303 3461 1477 3515 carnis
1496 3470 1715 3523 nostrae,

130 3551 217 3619 qui
266 3552 371 3618 pati
416 3553 546 3607 nihil
592 3563 801 3621 poterat
844 3554 896 3607 in
937 3556 1239 3609 communis
1277 3552 1557 3608 divinitate
1592 3552 1719 3608 sub-

130 3644 364 3698 stantite.
406 3644 517 3699 Non
549 3649 834 3712 assumpsit
872 3646 1032 3700 homo
1060 3646 1291 3699 hominis
1323 3646 1464 3699 illius
1494 3647 1717 3701 alteram

132 3742 400 3787 naturam.
424 3735 488 3791 Et
516 3752 635 3791 cum
668 3738 717 3790 in
740 3737 926 3792 eadem
950 3753 1070 3808 qua:
1092 3755 1211 3791 cum
1242 3739 1397 3793 Patre
1420 3739 1721 3793 communis

132 3833 215 3878 est
245 3826 509 3893 patiatur,
556 3828 619 3881 ad
651 3827 860 3882 Patrem
896 3839 1071 3884 tamen
1103 3846 1205 3883 non
1237 3831 1545 3884 transmittit
1576 3830 1718 3894 inju-

133 3914 267 3969 riam
299 3933 311 3968 :
337 3932 436 3972 nec
466 3918 774 3973 humiliatus
806 3920 855 3975 in
890 3921 1024 3975 Filio
1052 3921 1190 3976 Deus
1214 3919 1369 3975 Pater
1398 3921 1721 3991 passiliiliter

130 4006 396 4073 creditur,
425 4024 546 4063 cum
578 4026 681 4063 non
714 4012 764 4064 in
798 4014 984 4067 eadem
1016 4015 1129 4082 ipsa
1160 4029 1276 4083 qua:
1308 4017 1547 4081 utrisque
1573 4029 1718 4067 com-

129 4097 315 4149 munis
345 4105 449 4163 est,
473 4099 565 4151 sed
596 4101 646 4152 itt
682 4112 860 4155 nostra
893 4103 1068 4171 potius
1094 4119 1251 4173 quant
1281 4107 1424 4157 solus
1457 4106 1572 4172 ipse
1603 4118 1722 4157 sus-

129 4187 301 4253 cepit,
344 4186 648 4242 Judaaorutu
698 4192 935 4247 creditur
978 4196 1260 4261 pertulisse
1309 4195 1605 4263 perlidiam.
1646 4195 1724 4248 Ad

131 4292 444 4343 summam,
482 4280 605 4348 quid
645 4284 835 4349 p'recor
872 4292 955 4337 est
982 4284 1121 4353 quod
1158 4285 1418 4350 pendebat
1447 4287 1496 4337 in
1529 4285 1728 4339 cruce?

96 4353 276 4447 1,Quid
313 4377 395 4421 est
427 4371 566 4438 quod
604 4371 785 4425 lancea
830 4373 1023 4427 dicitur
1054 4375 1403 4429 vulnerasse?
1446 4373 1584 4431 Caro
1612 4391 1643 4443 p
1678 4390 1730 4429 s-

111 4444 331 4524 isihilis,
356 4474 422 4513 an
446 4462 744 4515 substantia
769 4464 1015 4518 deitatis"
1040 4466 1093 4521 Si
1122 4469 1451 4535 majestatcm
1478 4467 1729 4537 profanus

137 4553 443 4619 incorporei
499 4554 697 4620 [ιι-τεαέ
735 4564 818 4608 tor
868 4560 1264 4626 assumpseris,
1323 4559 1725 4629 corruptibilem

140 4642 308 4697 Deum
332 4642 532 4698 videris
559 4647 800 4700 ct‘etlct‘e.
829 4649 883 4703 Si
914 4650 1217 4717 passibilrm
1246 4667 1483 4716 carnem,
1517 4668 1620 4705 non
1644 4663 1727 4708 est

142 4738 442 4792 communis
472 4739 569 4792 ista
601 4756 721 4794 cum
773 4740 927 4796 Patre
954 4782 969 4806 ,
1015 4750 1071 4797 ut
1102 4758 1197 4813 per
1229 4744 1363 4798 hanc
1406 4762 1525 4800 eum
1560 4747 1728 4814 pos:it

144 4846 272 4886 crux
302 4831 385 4885 illa
415 4834 749 4904 contingere.

751 4926 973 4982 CAPUT
1016 4927 1131 4981 XII.

218 5016 334 5073 Fel.
383 5018 514 5071 Dum
542 5019 790 5073 torrentis
815 5018 973 5072 modo
999 5018 1174 5073 omnia
1207 5034 1324 5089 qua:
1350 5035 1379 5073 a
1403 5019 1554 5075 nobis
1579 5029 1721 5087 sunt,

146 5107 280 5162 dicta
307 5107 632 5177 prtecipitas,
664 5107 798 5163 duos
826 5108 1111 5163 admodum
1141 5107 1406 5176 Christus,
1431 5125 1534 5163 non
1560 5126 1723 5164 unum

148 5202 424 5270 praedicas.
460 5198 526 5254 Et
556 5218 658 5254 non
691 5200 986 5265 immerito;
1022 5216 1144 5254 nam
1170 5202 1214 5255 si
1244 5200 1297 5255 in
1325 5216 1391 5256 e0
1417 5201 1547 5255 nihil
1578 5202 1725 5270 peni-

145 5301 227 5345 tus
256 5290 510 5345 divinitas
551 5292 797 5361 pertulit,
844 5290 1137 5345 secundum
1186 5290 1456 5345 hominem
1485 5290 1727 5346 Christus

146 5382 277 5437 alius
304 5382 433 5447 fuit;
480 5382 714 5449 alioquin
744 5397 839 5450 per
864 5381 1112 5436 allectum
1155 5381 1455 5435 communis
1493 5380 1727 5447 deitatis,

148 5473 303 5527 etiam
332 5471 403 5527 ad
430 5472 639 5528 Patrem
667 5472 844 5540 passio
869 5474 979 5542 ipsa
1014 5472 1275 5540 pervenit.

216 5568 348 5636 Aug.
393 5564 507 5619 Non
542 5566 612 5620 ita
643 5574 745 5621 est.
793 5566 903 5635 Ego
940 5566 1081 5621 enim
1114 5566 1447 5624 Salvatorem
1490 5575 1732 5621 nostrum

153 5672 249 5711 n-tu
279 5656 573 5720 εειιιιιιηάο,
602 5671 705 5711 non
732 5657 927 5711 divido.
962 5658 1074 5715 Non
1108 5658 1401 5725 confundo,
1436 5674 1503 5715 ne
1532 5669 1623 5714 aut
1656 5661 1733 5714 itt-

152 5762 485 5815 curpuream,
507 5757 561 5801 et
589 5748 952 5815 imaginariam
984 5763 1199 5803 carnem
1228 5765 1240 5815 ;
1267 5757 1356 5803 aut
1377 5750 1646 5805 carnalem
1680 5762 1732 5806 et

1814 1899 1989 1956 sibilis
2016 1900 2068 1954 in
2090 1913 2169 1962 se.
2195 1898 2286 1969 qui
2310 1911 2498 1966 passus
2519 1898 2570 1950 in
2595 1911 2819 1966 corpore
2843 1913 2857 1961 ;
2882 1895 3006 1949 dum
3028 1897 3105 1949 sic
3127 1896 3402 1967 utriusque

1817 2001 2023 2048 natura:
2050 1990 2433 2061 proprietatem
2460 2002 2584 2042 vere
2604 2002 2668 2043 ex
2694 1997 2919 2056 utraque
2951 1988 3185 2056 gignenti
3213 1987 3402 2043 similis

1818 2094 1975 2141 natus
2000 2082 2300 2149 expressit,
2336 2089 2393 2135 ut
2422 2088 2473 2135 et
2502 2094 2681 2133 veram
2713 2094 2926 2133 carnem
2950 2078 3250 2146 suscepisse
3280 2092 3403 2132 eum

1816 2184 2029 2232 constet
2056 2190 2121 2231 ex
2151 2184 2347 2238 matre,
2386 2182 2443 2228 et
2478 2171 2868 2227 indifferentem
2910 2169 3163 2226 deitatem
3204 2169 3404 2226 habere

1817 2278 2028 2326 constet
2061 2285 2126 2323 ex
2156 2268 2333 2323 Patre.
2382 2266 2586 2334 Quibus
2618 2267 2669 2321 in
2702 2281 2860 2320 unam
2890 2280 3171 2334 personam
3204 2264 3405 2318 incont-

1822 2360 2171 2431 prehensibili
2196 2360 2506 2415 mediatoris
2529 2359 2930 2427 dispensatione
2952 2357 3273 2425 conjunctis,
3292 2371 3405 2411 ser-

1821 2451 1965 2505 vavit
1994 2451 2218 2520 singulis
2250 2449 2488 2520 propria,
2522 2449 2613 2503 sed
2642 2448 2921 2516 conjunxit
2950 2450 3180 2516 propriis
3209 2448 3278 2501 a’i
3315 2463 3404 2501 na.

1820 2543 2066 2596 Servat-it
2090 2541 2323 2609 propria,
2352 2542 2477 2591 dum
2509 2555 2612 2593 non
2638 2539 2815 2592 amisit
2842 2538 3253 2591 imtttensitatcm
3276 2537 3407 2591 di\i-

1823 2635 2028 2695 nitntis,
2058 2644 2105 2688 et
2138 2634 2504 2687 inﬁrmitatem
2539 2648 2643 2685 non
2672 2631 2877 2699 respuit
2896 2632 3093 2685 carnis.
3118 2627 3408 2699 Conjunxit

1826 2728 2057 2797 propriis
2088 2727 2260 2779 aliena
2290 2766 2303 2789 ,
2337 2728 2460 2778 dum
2492 2723 2633 2777 idem
2668 2733 2823 2793 atque
2856 2720 3226 2792 inseparabilis
3255 2721 3407 2775 Chri-

1821 2832 1957 2882 stus.
1992 2826 2046 2872 ct
2073 2817 2288 2887 prOprio
2323 2816 2499 2871 carnis
2542 2814 2820 2881 occiditur,
2862 2822 2914 2869 et
2955 2812 3171 2883 proprio
3198 2812 3408 2867 deitatis

1820 2909 1959 2979 apud
1986 2909 2073 2963 inl‘.
2098 2923 2185 2962 ros
2211 2923 2313 2961 non
2347 2915 2577 2960 tenetur.
2604 2904 2826 2974 Proprie
2847 2903 3025 2959 carnis
3048 2903 3277 2972 gustavit
3301 2902 3350 2955 ri
3377 2920 3408 2956 ει

1822 3013 2081 3056 mortem:
2111 3011 2162 3054 et
2186 3000 2403 3072 proprio
2431 3000 2670 3063 deilalis,
2695 3008 3007 3068 perpetuam
3042 2996 3270 3051 reddidit
3291 3013 3407 3051 car-

1788 3114 1793 3117 '
1819 3110 1964 3147 nem.
2000 3093 2111 3147 Non
2137 3108 2267 3160 ergo
2308 3103 2456 3146 recte
2492 3091 2689 3145 dicitur
2720 3091 2769 3142 in
2801 3076 2935 3143 Filio
2961 3088 3117 3142 Pater
3144 3103 3264 3142 esse
3288 3101 3407 3154 pas-

1818 3202 1927 3251 sus,
1956 3186 2205 3254 quoniam
2254 3186 2306 3239 in
2350 3200 2510 3238 carne
2557 3198 2676 3252 qum.
2716 3182 2767 3236 ei
2818 3197 2923 3235 non
2970 3190 3046 3237 est
3090 3196 3211 3235 cum
3253 3180 3408 3234 Patre

1818 3280 2138 3340 (etnmunis,
2186 3292 2374 3349 passus
2418 3288 2496 3333 est
2542 3276 2729 3331 Filius.
2766 3275 2949 3343 itaque
2986 3274 3282 3344 glorilicata
3324 3283 3409 3325 est

1819 3388 1944 3427 caro
1987 3373 2295 3442 majestate,
2340 3371 2465 3425 dum
2499 3367 2753 3436 maiestas
2782 3366 3058 3421 humiliata
3096 3366 3319 3419 docetur
3351 3364 3403 3415 iu

1820 3480 1999 3521 carne.
2034 3464 2137 3519 Sed
2170 3473 2458 3533 utrumque
2490 3477 2596 3516 non
2623 3460 2688 3514 de
2720 3458 2926 3513 duobus
2952 3458 3180 3511 Christis
3208 3496 3221 3518 ,
3270 3456 3421 3508 sicut-

1823 3568 1999 3626 putas.
2033 3554 2125 3608 sed
2157 3553 2224 3608 de
2254 3569 2361 3607 uno
2389 3562 2545 3622 atque
2572 3550 2759 3606 eodem
2792 3550 2929 3616 ipsn,
2958 3563 3113 3616 quem
3148 3556 3263 3615 pust
3288 3561 3409 3603 uar-

1822 3657 1933 3702 tuut
1964 3644 2190 3716 Virg'nis
2216 3644 2380 3697 Deum
2410 3652 2461 3696 et
2488 3641 2756 3695 hominem
2789 3638 3050 3699 novimus,
3084 3651 3179 3689 nus
3201 3643 3409 3689 certum

1822 3748 1901 3796 est
1925 3738 2232 3809 praedicare.

2411 3823 2635 3880 CAPUT
2676 3821 2812 3878 Xlll.

1899 3920 2016 3976 Fel.
2058 3920 2115 3974 Si
2146 3934 2273 3989 ergo
2301 3933 2365 3972 ex
2396 3916 2611 3987 Virgine
2652 3924 2809 3968 natus
2851 3921 2932 3967 est
2975 3911 3242 3977 Christus,
3280 3925 3411 3981 quo-

1825 4015 1984 4071 modo
2012 4014 2122 4068 Deo
2150 4012 2288 4066 Patri
2320 4010 2512 4064 dicitur
2542 4006 2876 4063 comternus?

1901 4106 2033 4176 Aug.
2078 4104 2154 4158 De
2196 4103 2297 4156 hoc
2332 4101 2546 4170 quidem
2587 4096 2744 4151 nobis
2786 4097 2949 4149 etiam
2994 4092 3252 4146 adversus
3278 4092 3414 4146 alios

1828 4202 2042 4255 diversa
2065 4197 2337 4251 contentio
2368 4204 2487 4249 est:
2517 4204 2567 4247 et
2600 4192 2721 4246 ideo
2749 4204 2821 4244 ne
2845 4187 3113 4243 difﬁcilior
3141 4191 3213 4241 sit
3231 4187 3414 4255 etpla-

1831 4291 1974 4344 natio
2004 4285 2271 4349 vitritatis,
2302 4297 2516 4338 causam
2550 4280 2781 4349 primum
2808 4289 3160 4345 proponamus
3193 4274 3408 4329 err0ris.

1831 4378 1962 4434 Nam
1997 4376 2065 4429 ab
2092 4392 2200 4429 uno
2230 4376 2380 4429 malae
2404 4370 2738 4426 credulitatis
2768 4368 2877 4421 orsi
2913 4364 3195 4435 principio,
3227 4366 3277 4418 in
3309 4365 3419 4419 duo

1834 4467 2229 4537 quodammodo
2299 4456 2663 4532 intelligentia:
2722 4459 2775 4511 di
2808 4456 3002 4511 similis
3058 4456 3412 4510 deliramenta

1836 4559 2147 4614 funduntur.
2202 4556 2297 4610 Est
2348 4570 2577 4621 namque
2622 4550 2859 4617 utrisque
2907 4562 3208 4613 commune,
3256 4563 3415 4601 unam

1835 4649 2057 4705 Christi.
2088 4648 2441 4707 nativitatem,
2489 4659 2593 4697 non
2641 4642 2773 4696 duas
2818 4640 3128 4709 prmdicare.
3178 4637 3282 4693 Sed
3328 4639 3418 4692 alii

1836 4744 1981 4799 illam
2016 4741 2360 4810 principalem
2403 4752 2507 4807 qua
2548 4750 2672 4789 an'e
2700 4734 2875 4786 omnia
2910 4747 2971 4786 ex
3004 4732 3113 4785 Deo
3153 4742 3308 4785 natus
3337 4742 3421 4785 est

1840 4833 2001 4897 Deus,
2043 4832 2126 4885 alii
2162 4831 2298 4883 hanc
2329 4836 2531 4882 tantunt
2560 4842 2662 4896 qua
2703 4842 2765 4879 ex
2799 4824 3014 4893 Virgine
3046 4826 3305 4892 proccs~it
3335 4823 3420 4878 hic

1834 4922 1998 4995 344
2012 4924 2284 4983 Dominus.
2305 4921 2501 4991 proprii
2521 4920 2781 4991 dogmatis
2801 4918 3114 4972 deﬁnitione
3132 4918 3414 4985 recipiunt;

1837 5017 1925 5082 qui
1959 5030 2054 5083 per
2082 5013 2520 5083 consequentiam
2551 5012 2686 5065 male
2714 5010 2841 5079 jacti
2872 5010 3113 5071 seminis,
3148 5010 3197 5063 iu
3231 5009 3427 5063 similis

1837 5106 2181 5173 blasphemia:
2212 5107 2521 5161 barathrum
2550 5106 2879 5161 ceciderunt.
2906 5104 3040 5159 Ecce
3068 5104 3209 5157 enim
3240 5104 3326 5168 qtti
3352 5117 3417 5155 ex

1836 5196 2054 5266 Vitgine
2094 5212 2201 5251 non
2239 5197 2463 5253 credunt
2509 5206 2710 5259 natum,
2745 5212 2957 5250 omnem
3008 5186 3417 5264 lit'angcliorntn

1840 5288 2019 5355 tidem,
2066 5304 2279 5344 omnem
2314 5290 2646 5360 baptismatis
2685 5292 2989 5353 utilitatem,
3034 5303 3248 5341 omnum
3290 5302 3415 5354 upo-

1837 5382 2100 5437 stolorum
2157 5384 2613 5452 praedicationem,
2647 5394 2701 5438 et
2751 5383 2813 5436 ad
2862 5396 3149 5441 summam,
3197 5394 3421 5435 omnem

1839 5474 1973 5529 Novi
1998 5477 2325 5531 Testamenti
2348 5478 2743 5544 auctoritatem,
2764 5486 2907 5529 vetnt
2928 5474 3153 5541 quadam
3184 5472 3419 5528 .ludaicaa

1839 5564 2227 5623 incredulitatis
2257 5571 2497 5624 czeci'atc
2526 5570 2860 5624 sulwertunt.
2906 5567 2971 5620 Et
2997 5564 3116 5617 ideo
3159 5581 3222 5617 ne
3249 5566 3417 5633 ipsam

1840 5659 2171 5729 maiestatem
2214 5663 2428 5733 quidem
2463 5664 2514 5717 in
2545 5664 2633 5715 Dei
2679 5660 2811 5714 Filio
2842 5659 3157 5728 cognovisse
3200 5660 3431 5724 lutandi

1839 5765 1981 5813 sunt.
2014 5755 2133 5824 quia
2167 5762 2559 5810 sacramentum
2593 5753 2900 5808 mediatoris
2925 5794 2936 5816 ,
2968 5766 3072 5819 quo
3103 5768 3221 5805 t‘tttll
3266 5754 3443 5812 ἱιιιιυοι
