3938 6376
510 5226 531 5239 ’⁸
602 5223 886 5288 Complevit
936 5242 946 5275 :

586 283 688 337 5i3

1892 280 2115 336 VlClLli
2155 280 2519 341 TAPSENSZS
3650 302 3724 356 διι

585 408 794 457 tescere
823 394 976 449 Pater
997 394 1245 463 gentibus
1270 394 1456 456 voluit,
1486 392 1813 460 abjecerunt.
1848 393 1917 446 At
1943 408 2069 447 vero
2098 392 2151 446 hi
2182 397 2233 453 Α
2261 396 2627 464 plenissimam
2673 400 2947 456 deitatem.
2986 400 3102 457 Non
3143 403 3401 461 dissimilis
3425 409 3611 477 genitori
3637 429 3721 469 cum

583 486 673 551 qui
695 501 801 539 non
830 501 897 539 ex
931 485 1088 539 l‘atre
1114 494 1237 545 ante
1265 498 1422 537 omne
1446 482 1677 548 initium,
1711 481 1802 537 sed
1829 497 1895 536 ex
1920 492 2157 551 tempore

585 574 819 644 Virginis
843 586 1196 645 partu-natum
1220 588 1337 629 esse
1358 572 1714 636 contendunt;
1739 588 1842 626 non
1864 588 1986 626 eum
2010 588 2158 626 crea-

586 678 756 720 torent
785 667 1044 728 omnium,
1075 679 1180 718 non
1210 662 1485 716 Dominum
1512 662 1897 730 omnipotentia
1925 662 2065 715 Patri
2096 677 2158 715 ac

587 760 868 825 majestate
893 757 1227 811 consimilem
1254 755 1573 809 didicerunt.
1605 753 1887 820 Quomodo
1913 754 2053 808 enim
2084 754 2161 807 fe-

584 852 662 904 c‘s
693 865 722 903 e
754 850 1024 919 potabitur
1050 854 1262 909 cuncta,
1294 855 1418 900 ante
1444 846 1600 913 cujus
1628 853 1801 899 ortum
1846 846 2011 900 fuisse
2036 859 2157 900 cer-

588 949 699 995 tum
747 951 830 995 est
873 938 1163 994 universa?
1207 940 1309 991 Aut
1341 937 1608 1006 quomodo
1644 936 1759 1004 ejus
1797 936 2050 990 divinitas
2078 945 2162 990 est

584 1060 597 1087 l
624 1030 905 1093 rolitenda,
960 1043 1067 1097 quo
1108 1028 1333 1082 necdum
1384 1035 1513 1080 nato
1563 1028 1695 1080 facta
1741 1034 1866 1079 sunt
1912 1023 2160 1093 singula?

593 1122 687 1176 Vel
733 1120 999 1190 quomodo
1048 1119 1163 1188 ejus
1213 1117 1465 1171 divinitas
1514 1116 1750 1170 creditur
1798 1129 1915 1169 esse
1964 1129 2155 1184 perpe-

587 1224 696 1283 tua,
724 1226 842 1264 cum
870 1226 975 1264 non
1006 1224 1216 1277 semper
1245 1218 1301 1262 ut
1330 1208 1521 1271 Patris,
1546 1205 1641 1261 sed
1663 1221 1725 1260 ex
1751 1215 1988 1275 tempore
2018 1221 2158 1275 pra:-

583 1304 789 1356 dicatur
846 1303 1073 1357 ell'ecta?
1130 1301 1336 1371 Negant
1389 1299 1547 1369 igitur
1595 1300 1754 1354 etiam
1804 1300 1854 1352 hi
1903 1298 2161 1367 quodam-

588 1398 745 1449 modo
786 1394 1093 1450 mediatoris
1136 1394 1576 1461 consequentium
1619 1408 1795 1446 rerum
1841 1391 2157 1445 necessitate

587 1489 936 1558 myStcrium;
990 1487 1111 1555 quia
1159 1500 1261 1539 non
1310 1484 1474 1539 Deum
1522 1493 1574 1537 et
1616 1484 1917 1547 hominem;
1961 1497 2063 1535 non
2094 1496 2159 1535 ex

584 1579 905 1643 aeternitate,
947 1578 1039 1631 sed
1081 1592 1147 1630 ex
1189 1585 1427 1644 tempore
1452 1590 1467 1638 ;
1496 1590 1603 1627 non
1628 1589 1689 1626 ex
1722 1574 1940 1638 virtute,
1972 1572 2065 1627 sed
2092 1588 2159 1626 ex

585 1667 931 1731 inﬁrmitate;
962 1683 1067 1720 non
1098 1682 1160 1720 ex
1208 1666 1363 1719 Patre
1390 1673 1513 1719 ante
1543 1664 1721 1717 omnia
1766 1664 1903 1717 l‘atri
1929 1662 2157 1716 similem

2262 502 2578 545 nasceretur
2608 508 2671 546 ex
2703 503 2904 547 aeterno
2936 503 3253 562 perpetuus:
3284 514 3381 552 non
3407 499 3632 558 dissimilis
3653 509 3721 561 ho-

2262 579 2410 645 mini,
2443 595 2562 634 cum
2592 598 2659 636 ex
2695 594 2864 639 matre
2895 587 3441 644 nasciturvmoriturus.
3463 590 3581 646 Itletit
3598 604 3723 652 tamen

2261 679 2315 723 et
2340 679 2571 724 aeternus
2596 672 2648 725 in
2666 687 2784 737 suo,
2799 682 2852 727 et
2880 676 3166 729 moriturus
3182 676 3233 732 in
3256 688 3444 741 nostro,
3457 679 3561 733 dum
3580 693 3723 737 atrum-

2261 774 2366 827 que
2390 760 2628 815 continet
2658 777 2725 815 ex
2747 762 2946 830 seipse,
2979 774 3034 818 et
3061 774 3301 818 neutrum
3334 768 3491 835 perdit
3512 784 3568 823 ex
3592 770 3723 826 altero.

2261 849 2456 919 Sicque
2494 866 2556 904 ex
2590 851 2701 905 Deo
2740 862 2794 905 et
2821 852 3043 907 homine
3084 870 3190 908 non
3239 856 3563 925 imperfectus,
3606 860 3673 913 sed
3691 864 3726 914 in

2261 938 2468 995 diversa
2511 941 2839 1008 proprietate
2876 943 3215 1009 plenissimus
3255 956 3401 1000 natus
3427 958 3500 1001 est
3522 948 3723 1014 Christus;

2260 1031 2396 1085 sicut
2422 1046 2488 1085 ex
2512 1031 2687 1083 anima
2716 1041 2769 1084 et
2797 1047 3022 1100 corpore
3049 1035 3401 1106 unusquisque
3428 1039 3651 1094 hominum
3666 1045 3725 1095 do-

2261 1130 2415 1175 cetur
2444 1134 2563 1175 esse
2596 1119 2883 1188 perlectus.
2925 1121 3038 1176 Non
3080 1123 3217 1178 alius
3245 1129 3399 1179 homo
3425 1142 3615 1195 corpus,
3639 1131 3727 1186 alios

2261 1211 2494 1275 animus,
2533 1211 2773 1277 quamvis
2802 1211 2943 1264 aliud
2986 1214 3212 1277 animus,
3248 1215 3383 1268 aliud
3417 1231 3605 1285 corpus;
3640 1234 3728 1273 unrs

2261 1311 2438 1356 tamen
2460 1310 2620 1371 atque
2641 1300 2779 1355 idem
2804 1302 2983 1363 homo,
3002 1312 3054 1357 et
3075 1318 3269 1372 corpus
3289 1305 3494 1359 docetur
3512 1318 3557 1361 et
3568 1310 3727 1363 animus.

2265 1394 2494 1448 Rursum
2531 1407 2634 1445 non
2664 1408 2827 1445 unum
2858 1402 3015 1461 atque
3043 1394 3271 1463 idipsum
3297 1410 3479 1464 corpus
3502 1409 3547 1451 et
3568 1400 3727 1463 animus,

2260 1484 2383 1553 quia
2414 1499 2479 1538 ex
2504 1494 2729 1549 utroque
2761 1483 2919 1536 homo
2943 1484 3115 1539 factus
3139 1495 3219 1539 est
3242 1502 3389 1540 unus.
3406 1487 3453 1539 Nl
3478 1504 3509 1539 ιι
3529 1491 3638 1541 enim
3658 1489 3728 1543 hac

2260 1584 2352 1629 aut
2378 1574 2726 1629 substantiam
2759 1572 3090 1627 confundunt
3112 1575 3163 1628 in
3195 1577 3415 1629 veritate
3440 1591 3654 1644 persona),
3676 1590 3728 1631 aut

2262 1678 2549 1732 personam
2599 1662 2871 1731 geminant
2912 1663 3228 1717 diversitate
3277 1662 3433 1734 356
3473 1668 3729 1727 substantia;

585 1757 803 1822 Filium,
838 1756 931 1810 sed
974 1772 1036 1809 ex
1067 1764 1236 1809 matre
1265 1756 1399 1808 inter
1442 1752 1640 1819 omnia,
1688 1769 1795 1806 non
1828 1769 2035 1819 verum,
2067 1754 2159 1809 sed
2192 1749 2238 1808 Β
2265 1754 2690 1823 quandoqu'dem
2719 1768 2853 1807 unus
2884 1768 2947 1807 ex
2984 1754 3063 1805 his
3091 1753 3252 1807 homo
3282 1756 3505 1808 noscitur
3528 1758 3729 1810 exstitisse.

585 1847 955 1916 imaginarium
998 1848 1229 1901 hominis
1260 1846 1449 1909 ﬁlium,
1480 1845 1531 1899 iu
1563 1845 1871 1907 manifesto,
1918 1863 1962 1899 ιιι
1989 1863 2023 1899 ιι
2063 1862 2159 1915 per

586 1938 696 1991 veri
728 1937 1125 1992 similitudinem
1170 1947 1348 1993 natum
1390 1936 1683 2006 prmdicant
1710 1936 1999 1990 Christum.
2043 1938 2159 2003 Quo

590 2034 670 2092 lit,
716 2040 773 2083 ut
797 2046 860 2083 ne
889 2035 939 2084 in
971 2045 1128 2085 carne
1159 2030 1367 2099 quidem
1400 2045 1559 2083 nose
1587 2029 1804 2098 putandi
1832 2031 1939 2083 sint
1968 2029 2155 2093 Deum,

589 2136 745 2180 .,nem
772 2132 896 2177 ante
923 2122 1339 2192 assumptionem
1367 2122 1546 2176 carnis
1574 2121 1640 2176 de
1664 2121 1820 2176 Patre
1843 2136 1946 2174 non
1976 2130 2161 2191 putant

588 2214 843 2281 genitum.

1173 2282 1396 2338 CAPUT
1439 2281 1574 2337 XIV.

675 2394 828 2452 Vides
858 2397 1017 2467 igitur
1040 2412 1147 2467 quo
1178 2408 1333 2465 pacto
1364 2398 1503 2455 inter
1533 2397 1665 2467 hos,
1694 2396 1817 2451 licet
1853 2395 2160 2463 discrepan-

590 2489 731 2543 tibus
765 2489 975 2553 mediis,
1020 2487 1161 2545 idem
1194 2498 1371 2542 tamen
1416 2489 1657 2553 initium,
1693 2487 1831 2541 idem
1861 2486 2039 2541 exitus
2064 2485 2161 2540 do-

587 2591 740 2635 cetur
777 2580 1014 2637 erroris?
1057 2580 1163 2635 Nos
1191 2590 1375 2636 contra
1405 2582 1483 2636 sic
1524 2581 1852 2634 nativitatem
1883 2588 2161 2647 utramque

588 2672 927 2727 ueiendimus
948 2713 963 2737 ,
996 2680 1054 2725 ut
1091 2681 1332 2726 neutram
1365 2672 1587 2727 alterius
1618 2670 1974 2726 afﬁrmatione
2006 2670 2161 2723 tolla-

590 2777 731 2816 mus.
758 2762 894 2815 Nam
922 2776 1021 2823 nec
1046 2762 1395 2831 temporalem
1425 2763 1607 2830 prima:
1640 2762 1779 2816 illius
1810 2758 2162 2829 perpetuitate

591 2855 931 2915 damnamus,
958 2867 1055 2906 nec
1088 2862 1343 2907 mternam
1382 2852 1539 2921 hujus
1563 2851 1867 2921 temporalis
1900 2850 2163 2905 brevitate

590 2943 957 2999 concludimus
988 2960 1000 2996 :
1029 2944 1262 2998 scientes
1306 2944 1417 2998 veri
1458 2943 1549 2997 Dei
1599 2942 2006 3011 inseparabilem
2040 2955 2163 3010 pro-

592 3038 718 3103 lem,
751 3045 805 3091 et
832 3036 990 3103 hujus
1009 3052 1150 3091 verm
1175 3036 1340 3106 prolis
1363 3044 1542 3105 postea
1566 3035 1900 3089 verissimam
1923 3048 2159 3087 carnem.

2262 1847 2377 1902 Non
2408 1849 2635 1915 perdunt
2665 1847 2874 1915 prepria
2904 1887 2916 1911 ,
2945 1846 3035 1900 sed
3064 1847 3185 1915 quia
3229 1847 3281 1899 in
3312 1863 3465 1901 unum
3492 1857 3619 1915 atque
3642 1849 3731 1901 inse-

2262 1940 2492 2010 parabile
2512 1949 2897 2002 conveuerunt,
2922 1954 2985 1992 ex
3012 1938 3241 2007 propriis
3269 1940 3505 1995 videntur
3523 1940 3629 1993 facta
3644 1953 3732 1993 com-

2262 2032 2465 2087 munia.
2497 2031 2737 2086 Afﬁcitnr
2764 2032 2818 2085 in
2840 2045 3063 2098 corpore
3089 2045 3239 2085 mens
3267 2031 3526 2085 doloribus
3548 2031 3731 2099 corporis,

2262 2124 2510 2192 fatigatur
2534 2136 2729 2191 corpus
2769 2120 3180 2190 cogitationibus
3208 2121 3430 2184 mentis;
3468 2131 3516 2175 et
3547 2135 3669 2175 unum
3689 2129 3732 2173 ta-

2263 2231 2385 2271 men
2418 2215 2609 2269 horum
2646 2213 2916 2283 proprium
2949 2220 3031 2266 est
3061 2212 3330 2280 corporis,
3360 2211 3564 2267 alterum
3590 2210 3729 2264 mentis.

2262 2306 2411 2372 Quod
2442 2306 2563 2359 dum
2588 2306 2677 2359 uni
2701 2305 2899 2358 homini
2923 2303 3265 2367 acciderit,et
3293 2306 3518 2372 corporis
3536 2315 3734 2356 commuto

2262 2396 2565 2462 videtur,et
2592 2395 2909 2448 mentis.Sic
2938 2403 3055 2462 post
3087 2405 3295 2462 partum
3323 2394 3537 2463 Virginis
3554 2391 3733 2446 uonalius

2265 2488 2379 2552 Dei,
2406 2498 2457 2541 et
2487 2487 2623 2541 alius
2651 2486 2902 2550 hominis,
2936 2486 3029 2539 sed
3072 2486 3209 2539 idem
3241 2486 3483 2540 Christus
3508 2484 3582 2539 Dei
3606 2494 3645 2537 et
3674 2482 3734 2535 ho-

2264 2583 2423 2637 minis
2450 2582 2619 2636 Filius
2645 2581 2765 2635 fuit.
2807 2580 2874 2635 Et
2910 2580 3044 2634 sicut
3074 2580 3125 2633 in
3172 2595 3280 2633 uno
3312 2580 3512 2634 homine
3536 2576 3645 2631 aliud
3662 2574 3733 2626 ani-

2265 2672 2557 2735 mus,aliud
2576 2686 2770 2740 corpus
2798 2688 2809 2723 :
2833 2672 2911 2724 sic
2939 2672 2989 2723 in
3015 2670 3314 2725 mediatnre
3340 2671 3430 2725 Dei
3456 2679 3507 2725 et
3526 2668 3735 2723 hominum.

2263 2764 2405 2818 aliud
2440 2764 2531 2817 Dei
2564 2763 2748 2837 Filius,
2781 2762 2921 2817 aliud
2964 2762 3198 2816 hominis
3238 2762 3360 2827 fuit,
3404 2775 3527 2815 unus
3551 2763 3735 2812 tamenet

2266 2865 2494 2923 utroque
2525 2854 2769 2909 Christus
2801 2854 3056 2907 Dominus
3089 2853 3207 2907 fuit.
3242 2853 3398 2907 Aliud
3418 2894 3433 2917 ,
3462 2852 3658 2919 inquam,
3680 2859 3739 2914 pro

2265 2949 2588 3006 discretione
2609 2948 2942 3009 substantia,
2960 2962 3062 3001 non
3085 2947 3220 3002 alius
3241 2947 3539 3014 prounitate
3559 2953 3735 3011 persona.

2850 3037 3075 3095 CAPUT
3129 3038 3243 3091 XV.

596 3128 709 3189 Non
744 3140 868 3185 tunc
914 3128 1143 3187 fatentes
1170 3128 1370 3184 Christi
1399 3128 1729 3183 divinitatem
1773 3125 2005 3195 cmpisse
2042 3140 2160 3178 cum
2189 3112 2234 3173 C
2337 3131 2455 3187 Fel.
2502 3130 2556 3185 In
2606 3131 2971 3199 superioribus
3019 3130 3229 3199 quidem
3283 3145 3369 3183 me
3407 3127 3468 3183 ad
3513 3121 3741 3179 credendam

593 3219 753 3288 Virgo
782 3234 985 3288 concep
1013 3230 1066 3283 t;
1094 3234 1192 3275 nec
1222 3230 1347 3273 tunc
1377 3219 1606 3287 cmpisse
1635 3232 1850 3271 carnem
1878 3232 1997 3269 cum
2030 3215 2162 3269 inel-

594 3311 737 3364 tztbili
770 3310 997 3381 quodam
1041 3319 1192 3379 partu
1220 3324 1407 3364 monas
1434 3308 1591 3379 345
1625 3308 1708 3362 illa
1731 3348 1745 3373 ,
1792 3310 1907 3361 sine
1937 3308 2164 3360 interca-

592 3403 785 3471 pedine
830 3403 989 3457 medii
1022 3403 1297 3471 temporis,
1340 3402 1390 3455 in
1430 3402 1572 3455 nullo
1602 3400 1935 3455 dili'erentem
1981 3414 2167 3453 mona-

592 3495 737 3558 ilem,
772 3493 872 3549 nisi
903 3494 1043 3562 quod
1079 3508 1261 3547 monas
1287 3497 1531 3558 docetur,
1567 3493 1765 3561 genuit.
1798 3489 1909 3543 Non
1942 3489 2167 3542 inﬁrmi-

592 3594 751 3640 tatem
784 3586 1133 3640 voluntariam
1164 3585 1357 3639 Christi
1399 3587 1735 3649 omnipotens
1772 3582 1885 3651 ejus
1915 3581 2166 3650 majestas

594 3678 894 3740 exhorruit,
932 3695 1036 3731 non
1072 3680 1511 3747 omnipotentiatn
1554 3678 1836 3731 inﬁrmitas
1872 3678 2166 3744 eurporalis

596 3769 878 3823 exstinxit.
924 3769 1046 3822 Scio
1090 3770 1153 3821 ad
1195 3769 1391 3821 inferos
1429 3769 1763 3822 divinitatem
1799 3767 1854 3819 Fi
1882 3768 1914 3819 ii
1951 3767 2039 3820 Dei
2076 3766 2167 3820 de-

596 3861 868 3921 scendisse
911 3863 1235 3931 proprietate
1274 3863 1469 3929 carnis,
1502 3862 1615 3917 scio
1645 3863 1708 3917 ad
1740 3862 1934 3917 caelum
1974 3876 2164 3916 ascen-

597 3954 739 4007 disse
764 3966 978 4007 carnem
1007 3953 1199 4007 merito
1225 3952 1456 4007 deitatis.
1496 3951 1612 4006 Non
1652 3961 1733 4005 est
1766 3952 1853 4005 Dei
1897 3952 2166 4020 proprium

593 4042 739 4109 quod
758 4042 949 4098 [amem
971 4043 1138 4098 sensit
1163 4061 1173 4094 :
1198 4044 1293 4097 sed
1316 4043 1406 4098 Dei
1432 4043 1701 4111 proprium
1727 4050 1808 4097 est
1834 4042 1970 4111 quod
1991 4043 2171 4111 paucis

598 4134 823 4193 panibus
860 4146 938 4190 tot
977 4136 1142 4190 millia
1186 4135 1455 4190 hominum
1497 4136 1731 4195 satiavit,
1767 4134 1880 4189 Non
1927 4145 2007 4190 est
2051 4152 2171 4204 pro-

595 4224 767 4288 prium
796 4226 973 4279 carnis
1001 4224 1142 4295 quod
1188 4240 1348 4295 super
1379 4224 1665 4283 frementes
1703 4224 1870 4278 undas
1898 4224 2052 4279 siccis
2082 4241 2173 4294 pe-

597 4314 751 4369 dibus
772 4315 1081 4379 ambulavit,
1108 4316 1201 4369 sed
1228 4326 1307 4369 cst
1337 4316 1513 4370 carnis
1537 4316 1809 4385 proprium
1833 4315 1971 4385 quod
1994 4326 2169 4383 sputa,

599 4404 820 4473 palmas,
864 4407 1067 4473 ﬂagella
1106 4407 1377 4461 sustinuit.
1421 4409 1568 4463 Unus
1612 4418 1786 4461 tamen
1828 4417 1986 4477 atque
2027 4406 2168 4460 idem

2263 3224 2465 3279 Christi
2494 3238 2561 3279 ex
2578 3233 2747 3277 matre
2778 3223 3106 3275 nativitatem
3136 3220 3287 3274 salva
3323 3218 3632 3289 perpetuitate
3650 3226 3740 3266 cont-

2268 3315 2477 3384 pulcras
2503 3330 2514 3365 :
2540 3312 2633 3368 sed
2659 3312 2778 3381 quia
2806 3321 2987 3366 contra
3016 3311 3280 3364 rationem
3308 3309 3357 3362 vi
3386 3306 3607 3363 orationis
3625 3308 3741 3357 exorta

2268 3421 2374 3461 non
2405 3406 2456 3461 in
2486 3405 2639 3459 nobis
2669 3414 2889 3469 possunt
2915 3419 3034 3458 esse
3062 3404 3315 3457 continua
3346 3418 3361 3456 :
3395 3401 3575 3455 ideirco
3591 3408 3685 3448 eum
3704 3389 3745 3441 ad

2270 3496 2684 3567 propositionem
2705 3512 2872 3551 meam
2897 3496 3120 3549 sollicita
3148 3496 3445 3549 intentione
3461 3489 3743 3559 'eSpicie,nec-

2268 3588 2391 3643 dum
2422 3588 2550 3641 mihi
2582 3588 2763 3641 videor
2794 3586 2844 3639 in
2877 3587 2953 3639 his
2978 3602 3095 3655 qua":
3126 3600 3153 3637 a
3184 3596 3231 3639 te
3262 3586 3404 3639 dicta
3430 3592 3542 3637 sunt
3564 3575 3745 3633 invenisse

2269 3678 2408 3748 quod
2439 3692 2639 3746 quaero.
2678 3676 2867 3729 Nescio
2891 3676 3032 3728 enim
3076 3690 3147 3743 qu
3170 3675 3351 3727 'modo
3389 3684 3554 3726 natum
3590 3661 3747 3720 doceatis

2268 3785 2332 3823 ex
2361 3780 2789 3836 tempore,quem
2816 3775 3138 3819 coaeternum
3165 3764 3312 3819 Patri
3343 3763 3510 3817 dicitis
3526 3761 3612 3827 jam
3628 3754 3744 3806 fuisse.

2269 3859 2426 3914 Nasci
2448 3860 2585 3913 enim
2618 3868 2699 3913 est
2726 3858 2868 3912 velut
2897 3857 3107 3926 quidam
3143 3866 3323 3909 mutus
3353 3858 3427 3909 rei
3455 3870 3547 3907 non
3574 3841 3749 3902 exsantis

2270 3960 2552 4018 antequam
2582 3956 2849 4012 nascatur,
2881 3949 2929 4001 id
2962 3962 3123 4017 agens
3156 3947 3421 4001 beneﬁcio
3451 3938 3696 3996 nativitatis,
3715 3938 3749 3981 πί

2272 4042 2361 4095 sit.
2403 4042 2517 4106 Quo
2558 4041 2825 4105 colligitur
2852 4040 3123 4093 Christum
3156 4039 3241 4105 qui
3289 4049 3406 4093 erat
3435 4034 3567 4090 nasci
3596 4036 3672 4083 non
3693 4032 3749 4092 ro-

2275 4134 2465 4196 tuisse;
2497 4132 2539 4185 si
2569 4131 2711 4185 nasci
2743 4132 2933 4199 potuit,
2959 4147 3065 4183 non
3098 4130 3281 4183 fuisse.

2344 4230 2476 4293 Aug.
2518 4225 2596 4277 Ad
2643 4224 3037 4293 inquisitittnem
3082 4238 3177 4275 nos
3227 4208 3751 4288 incomprehensibililtm

2276 4331 2481 4380 rerum,
2524 4330 2657 4368 nova
2697 4313 3056 4381 interrogandi
3093 4312 3409 4366 curiositate
3449 4302 3752 4373 compellant

2278 4406 2402 4461 ideo
2446 4421 2547 4458 non
2596 4404 2698 4457 nisi
2746 4403 3061 4473 quibusdam
3101 4403 3469 4469 exemplorum
3512 4382 3754 4449 lineamentis

600 4496 843 4553 Christus
864 4506 968 4562 est,
997 4499 1084 4567 qui
1108 4510 1159 4553 et
1190 4499 1411 4567 injurias
1441 4501 1601 4555 toties
1624 4501 1858 4568 pertulit,
1882 4510 2099 4555 etartus
2122 4500 2173 4553 in
2208 4484 2254 4543 υ
2281 4494 2467 4566 poteris
2506 4493 2755 4561 explicati
2793 4493 2929 4561 quod
2964 4494 3177 4560 quaeris.
3227 4491 3422 4544 Patere
3454 4490 3593 4557 igitur
3621 4484 3756 4540 ωερτυ

605 4587 865 4653 profundo
897 4604 998 4642 non
1032 4590 1235 4645 mersit.
1272 4592 1335 4645 Et
1371 4591 1471 4645 hoc
1500 4601 1652 4660 pacto
1680 4592 1730 4645 in
1759 4592 2049 4646 mediatore
2080 4592 2171 4647 Dei

602 4687 657 4731 et
686 4679 962 4735 hominum
997 4682 1186 4750 injuria
1215 4684 1296 4741 sui
1327 4686 1568 4752 corporis
1597 4683 1837 4737 affectam
1866 4682 2034 4737 fateor
2064 4683 2173 4736 dei-

605 4779 766 4824 tatem
786 4811 804 4835 ,
834 4773 969 4829 sicut
999 4774 1275 4843 majestate
1303 4777 1517 4830 deitatis
1554 4776 1899 4845 gloriﬁcatam
1934 4777 2176 4831 novimus

603 4874 839 4913 carnem.
885 4850 1025 4929 Ergo
1065 4864 1309 4919 Christus
1348 4875 1588 4919 mortuus
1625 4874 1726 4922 est.
1765 4867 1853 4934 qui
1899 4875 1954 4920 et
1999 4881 2177 4919 resur-

605 4950 743 5001 rexit
770 4967 780 5001 :
815 4966 911 5003 nec
939 4951 1059 5006 ideo
1088 4962 1259 5007 tamen
1292 4964 1576 5024 utrumque
1598 4973 1659 5009 ex
1689 4972 1816 5020 uno,
1850 4955 1940 5009 sed
1974 4972 2037 5008 ex
2067 4971 2092 5007 s
2118 4973 2175 5008 n-

604 5041 739 5111 gnlis
769 5043 994 5111 singula.
1043 5043 1099 5097 In
1128 5055 1351 5114 utroque
1384 5056 1557 5099 tamen
1587 5046 1854 5115 perlectus
1888 5046 1999 5110 ipse
2029 5061 2176 5098 com-

604 5133 785 5202 plevit,
831 5133 954 5187 dum
1006 5148 1141 5208 unus
1192 5144 1351 5203 atque
1398 5135 1762 5204 inseparabilis
1814 5145 1917 5189 tam
1966 5134 2175 5187 diversa

996 5241 1101 5280 uno
1151 5236 1374 5279 mortem
1427 5227 1673 5295 gustavit,
1715 5226 1889 5280 altero
1936 5236 2177 5279 mortuos

602 5311 896 5367 suscitavit.
943 5314 1135 5384 Sicque
1174 5332 1231 5370 se
1270 5316 1432 5370 Deum
1482 5324 1535 5370 et
1582 5315 1849 5371 hominem
1902 5315 2177 5383 utriusque

604 5414 761 5455 verus
786 5401 1067 5469 mediator,
1098 5419 1195 5457 nec
1223 5406 1487 5472 geminata
1521 5418 1770 5473 persona,
1804 5418 1899 5455 nec
1928 5403 2093 5456 subsu
2118 5420 2175 5461 n-

604 5496 670 5545 tia
703 5496 920 5547 confusa
952 5495 1575 5565 monstravitJngressus
1603 5504 1683 5549 est
1705 5494 1931 5561 Virginis
1962 5502 2175 5548 uterum

607 5582 699 5634 Dei
725 5582 907 5647 Filius,
938 5595 993 5638 ut
1023 5587 1213 5639 iterum
1240 5594 1546 5639 nasceretur
1572 5596 1696 5638 ante
1718 5584 1821 5652 jam
1854 5584 2061 5653 genitus
2086 5598 2099 5636 :
2123 5593 2177 5636 et

608 5672 834 5744 Susrepit
882 5681 1046 5733 totum
1088 5674 1381 5739 hominem,
1427 5674 1511 5742 qui
1550 5673 1658 5745 jam
1692 5672 1914 5727 lribebat
1960 5688 1985 5724 a
2017 5671 2173 5730 l‘atre

2276 4590 2539 4642 atﬁrmato
2561 4587 2749 4640 atl‘erre
2777 4602 2886 4639 rem
2921 4586 3136 4639 alterius
3165 4581 3479 4651 quaestionis
3522 4596 3534 4630 :
3570 4573 3663 4643 quia
3686 4576 3758 4619 cum

2277 4696 2393 4734 eam
2429 4696 2532 4731 non
2582 4694 2673 4743 pro
2721 4677 2821 4730 ﬁde
2860 4678 2964 4741 sui,
3010 4676 3101 4729 sed
3151 4692 3245 4743 pro
3289 4673 3507 4727 altetius
3541 4660 3759 4743 ostensione

2279 4785 2421 4823 nunc
2449 4767 2688 4836 profero,
2735 4781 2836 4818 non
2866 4766 2918 4817 in
2950 4781 3009 4818 ea
3035 4780 3118 4818 me
3144 4763 3403 4831 c0njicias
3429 4740 3761 4827 ettplicareflund

2277 4860 2470 4924 credo;
2501 4861 2590 4911 sed
2626 4859 2693 4910 ita
2732 4873 2815 4911 me
2842 4859 3061 4910 credere
3082 4856 3146 4909 ad
3180 4872 3417 4923 pratseus
3445 4859 3637 4921 puta,ut
3661 4836 3762 4893 intel-

2282 4952 2445 5021 ligere
2479 4949 2681 5002 facilius
2708 4949 2877 5016 possis
2900 4948 2995 5001 ista
3024 4963 3141 5016 qtae
3170 4948 3376 4999 dixero.
3404 4945 3655 5010 Fingamus
3670 4942 3766 4996 crs“.

2284 5042 2417 5094 sicut
2454 5040 2694 5107 plerique
2727 5039 2928 5102 volunt,
2981 5053 3097 5093 esse
3130 5038 3179 5090 in
3215 5037 3414 5092 mundo
3443 5034 3644 5088 animam
3668 5034 3767 5091 ειτηε-

2284 5134 2471 5199 ralem,
2506 5148 2622 5198 quae
2662 5131 2739 5183 sic
2770 5129 3019 5183 inell‘abili
3049 5139 3192 5182 motu
3223 5131 3427 5181 semina
3470 5129 3636 5179 cuncta
3660 5108 3769 5165 viviﬁ‘

2283 5229 2388 5283 cet,
2425 5231 2480 5275 ut
2511 5237 2613 5273 non
2653 5221 2718 5273 sit
2749 5229 2995 5274 concreta
3022 5234 3141 5272 cum
3172 5219 3386 5287 genitis,
3414 5219 3503 5269 sed
3534 5214 3663 5264 vitam
3685 5217 3770 5269 pri"

2282 5318 2384 5362 stet
2416 5310 2527 5376 ipsa
2560 5309 2857 5376 gignendis.
2884 5309 3083 5375 Nempe
3110 5323 3226 5360 cum
3262 5308 3376 5365 haee
3405 5305 3455 5357 in
3480 5311 3677 5357 uterum,
3698 5300 3773 5357 pas‘

2282 5390 2487 5453 sibilent
2514 5399 2789 5453 materiam
2821 5398 2884 5450 ad
2919 5414 3043 5450 usus
3070 5412 3194 5450 suos
3219 5396 3503 5449 formalura
3527 5377 3772 5457 pervenerit,

2282 5487 2438 5558 347
2464 5504 2620 5542 unam
2656 5489 2779 5542 facit
2801 5503 2979 5541 secum
3008 5502 3124 5539 esse
3149 5498 3427 5553 personam
3451 5482 3558 5547 ejus
3579 5472 3775 5535 reiiﬁu’m

2281 5595 2383 5631 nun
2416 5580 2659 5633 eamdem
2690 5589 2898 5633 constat
2928 5580 3120 5631 habere
3153 5574 3497 5630 substantiam
3523 5587 3534 5622 :
3562 5575 3611 5619 et
3636 5565 3674 5614 ﬁt
3694 5569 3778 5652 σνς’

2280 5680 2427 5731 route
2450 5672 2622 5725 anima
2645 5682 2694 5725 et
2716 5670 2951 5735 patiente
2977 5669 3215 5730 materia,
3232 5681 3292 5720 ex
3322 5663 3521 5718 duabus
3542 5654 3778 5713 substantia
