3938 6376
187 310 289 364 διδ

1289 303 1373 358 DE
1418 303 1717 359 UNITATE
1756 303 2145 367 TRINITATIS
2176 308 2401 364 LIBER.

3332 314 3433 370 546

186 438 319 479 unus
350 422 508 476 homo
540 438 553 473 :
584 434 703 475 cum
733 418 874 473 aliud
904 418 1079 472 anima
1110 417 1387 482 doceatur,
1416 419 1558 471 aliud
1589 434 1713 473 caro
1741 434 1755 470 :
1787 422 1831 476 A
1864 425 2123 491 originem
2155 427 2248 481 Dei
2280 427 2458 483 Verbi.
2488 425 2606 481 Noli
2638 426 2703 481 de
2735 426 2949 496 Virgine
2973 428 3208 497 genitum
3236 444 3434 499 corpus

181 522 367 584 sicque
395 513 624 566 animam
649 510 789 563 nasci
815 508 1040 562 fatemur
1067 524 1130 561 ex
1162 517 1333 574 utero,
1360 523 1515 576 quam
1541 507 1606 561 ad
1639 518 1753 563 ute-

184 624 302 661 rum
344 604 640 659 venientem
688 604 847 655 vitam
886 600 1111 654 dicimus
1144 600 1434 655 contulisse
1472 611 1751 669 concepto.

183 699 361 761 Nasci,
401 697 636 762 inquam,
675 707 739 746 ex
788 688 956 747 mitre
1000 691 1216 756 dicitur,
1244 692 1366 761 quia
1407 706 1470 745 ex
1517 692 1613 744 hac
1650 691 1753 745 sibi

182 802 380 855 corpus
407 782 624 849 aptavit,
658 782 708 834 in
737 796 841 849 quo
871 778 1015 832 nasci
1046 790 1223 847 posset
1257 798 1268 831 :
1314 794 1419 833 non
1447 781 1568 848 quia
1598 789 1753 834 aute-

182 892 340 945 quam
373 881 678 927 nasceretur
700 911 715 933 ,
746 878 999 938 quantum
1026 872 1090 921 ad
1122 883 1179 923 se
1204 869 1389 923 attinet
1415 908 1432 933 ,
1461 868 1572 936 ipsa
1606 870 1752 937 peni-

182 980 269 1022 tus
301 982 404 1020 non
441 964 647 1018 fuisset.
681 962 745 1015 Et
775 960 857 1014 hic
887 961 930 1013 si
963 960 1243 1014 verborum
1273 961 1377 1012 vim
1400 1004 1414 1026 ,
1462 959 1753 1028 quotidiani

178 1057 448 1113 sermonis
486 1053 871 1122 contemplator
907 1051 1169 1113 attendas.
1202 1051 1464 1105 contraria
1496 1050 1752 1120 proponi-

184 1168 327 1215 mus,
344 1149 693 1219 oppugnantia
716 1145 1091 1214 prcedicamus;
1115 1146 1241 1198 etin
1265 1144 1346 1197 his
1370 1155 1544 1197 tamen
1568 1158 1753 1197 verum

180 1248 396 1294 constat
416 1253 534 1291 esse
561 1236 699 1305 quod
730 1235 974 1288 dicimus.
1002 1233 1079 1287 Ex
1102 1235 1287 1286 matris
1311 1242 1461 1287 utero
1489 1247 1611 1285 cum
1636 1247 1758 1286 cor-

182 1347 314 1401 pore
340 1331 538 1385 scimus
566 1329 793 1380 animam
828 1326 995 1391 nasci,
1020 1325 1112 1378 sed
1141 1324 1299 1377 etiam
1325 1331 1494 1376 matre
1522 1322 1755 1391 priorem

181 1422 425 1476 videmus
462 1419 693 1472 animam
736 1414 1031 1484 prtedicari.
1080 1413 1135 1466 In
1170 1413 1276 1466 filio
1320 1420 1488 1465 mater
1517 1412 1755 1464 animum

177 1516 381 1583 g’gnit,
428 1511 517 1565 sed
552 1519 725 1563 tamen
757 1505 914 1560 etiam
949 1505 1001 1559 iu
1034 1505 1144 1573 ipsa
1176 1511 1343 1557 matre
1372 1516 1478 1554 non
1508 1500 1607 1553 nisi
1636 1500 1755 1553 ani-

179 1619 303 1658 mus
326 1602 476 1667 vivit,
502 1601 617 1653 sine
642 1613 741 1667 qua
776 1612 871 1649 nec
902 1596 1014 1662 ipsa
1043 1594 1255 1663 quidem
1290 1599 1461 1662 potest
1488 1606 1604 1646 esse
1636 1606 1754 1661 qua:

174 1697 384 1765 genuit.
420 1695 594 1758 Itaque
620 1689 663 1742 si
695 1688 950 1756 originem
985 1686 1267 1739 animantis
1292 1687 1541 1754 potentia:
1570 1682 1751 1752 requi-

1855 526 2177 570 comternum
2223 520 2403 573 dicere
2426 519 2641 584 deitati;
2674 518 2795 587 quia
2835 520 3081 572 mediator
3124 520 3215 573 Dei
3251 531 3299 574 et
3331 522 3430 574 ho-

1856 611 2048 662 minum
2076 612 2230 665 honto
2260 614 2490 668 Christus
2517 614 2666 668 Jews
2697 610 2747 682 (I
2776 612 2906 669 Tim.
2937 630 2995 678 tt,
3023 612 3077 682 5)
3102 613 3266 680 prima
3293 615 3433 667 nati-

1856 698 2020 767 vitate
2040 712 2340 758 eoa-tertius
2363 715 2443 758 est
2466 705 2629 769 Patri,
2661 706 2890 759 secunda
2920 705 3185 773 particeps
3218 713 3424 774 tempo-

1856 790 1930 843 ris
1960 791 2126 844 nostri
2153 809 2165 845 :
2193 793 2243 847 in
2273 794 2363 848 illa
2409 808 2597 850 auctor
2621 799 2893 865 temporis,
2927 796 2977 850 in
3020 797 3118 852 ista
3169 797 3431 866 particeps

1854 894 1937 938 est
1957 884 2150 938 tralatis.

2405 956 2633 1012 CAPUT
2672 957 2827 1013 XV'I.

1926 1065 2041 1122 Fet.
2074 1067 2332 1132 Quoniam
2370 1068 2437 1123 de
2486 1073 2741 1139 mysterio
2788 1073 3094 1126 mediatoris
3148 1074 3426 1140 perspicua

1856 1158 2148 1222 ratione-,ct
2168 1160 2231 1213 ad
2254 1160 2575 1213 credi-udum
2602 1163 2707 1214 Cllll
2724 1163 2767 1216 is
2793 1163 3120 1218 sufﬁcienter
3146 1163 3382 1217 tractasti
3408 1180 3422 1215 :

1857 1251 2054 1307 idcirco
2083 1268 2262 1321 qumso
2287 1263 2340 1304 ut
2371 1253 2497 1306 mihi
2532 1253 2653 1321 quid
2686 1256 2845 1307 etiam
2890 1257 2956 1309 de
2998 1258 3171 1309 anima
3225 1254 3425 1309 Christi

1856 1342 2188 1397 sentiendum
2212 1344 2279 1395 sit
2303 1344 2491 1411 jubeas
2513 1344 2789 1410 explicari.
2820 1344 2891 1397 Ita
2921 1348 3061 1399 enim
3087 1362 3112 1397 a
3142 1346 3428 1413 majoribus

1857 1434 2056 1488 nostris
2080 1450 2291 1502 semper
2310 1444 2391 1489 est
2418 1434 2689 1495 traditum,
2722 1435 2859 1503 quod
2891 1434 3087 1490 Christi
3129 1452 3322 1504 corpus
3363 1436 3427 1490 ad

1858 1525 2025 1579 vicem
2052 1526 2242 1579 anima:
2272 1526 2590 1585 communis.
2613 1525 2774 1589 ipsius
2810 1526 2928 1578 Filii
2957 1527 3047 1580 Dei
3079 1527 3286 1580 habitus
3312 1526 3426 1579 ani-

1856 1618 2041 1671 marit:
2072 1632 2172 1671 nec
2206 1619 2514 1671 accessione
2534 1616 2711 1669 vitalis
2742 1617 2959 1684 spiritus
2982 1617 3222 1686 indigens
3248 1616 3425 1681 fuerit,

1854 1710 1936 1764 eui
1970 1708 2269 1762 inhabitans
2303 1707 2420 1761 fons
2445 1709 2563 1761 vita:
2598 1709 2766 1775 potuit
2795 1707 3045 1761 Conferre
3074 1708 3211 1772 quod
3240 1709 3389 1761 vixit.

178 1802 386 1851 ramus,
419 1786 563 1854 prior
585 1792 666 1837 est
693 1792 881 1849 matre,
907 1789 960 1833 et
982 1794 1044 1833 ex
1070 1780 1166 1831 hac
1192 1793 1372 1831 rursus
1400 1785 1518 1829 nata
1542 1776 1752 1830 videtur
1780 1780 1827 1841 Β
1924 1801 2058 1869 Aug.
2088 1799 2369 1853 possemus
2398 1798 2621 1867 quidem
2646 1797 2693 1851 id
2726 1798 2865 1866 (“md
2916 1797 2966 1850 in
3001 1798 3096 1851 hac
3126 1799 3424 1862 τιυπςιέοηθ

175 1892 299 1932 esse
342 1892 460 1929 cum
500 1873 703 1927 sobole.
748 1871 918 1934 Prior,
951 1871 1184 1938 inquam,
1216 1869 1415 1932 anima,
1460 1883 1551 1935 per
1592 1883 1751 1937 quam

175 1978 351 2023 mater
376 1977 454 2022 est
474 1969 705 2019 animata
732 1981 742 2015 :
773 1963 914 2029 prior
937 1970 1103 2016 mater
1128 1976 1389 2029 perquam
1417 1960 1467 2012 in
1494 1960 1602 2012 filio
1628 1967 1749 2013 nata

172 2059 389 2115 videtur
417 2070 470 2112 et
496 2058 694 2111 anima.
722 2054 827 2110 Sed
857 2068 960 2107 non
990 2063 1158 2107 mater
1190 2054 1239 2106 in
1272 2067 1484 2106 carnem
1516 2052 1749 2105 animam

170 2151 356 2213 vertit,
389 2164 487 2205 nec
515 2162 728 2203 carnem
758 2145 813 2201 in
844 2146 1071 2199 animam
1106 2144 1476 2210 commu‘avit,
1508 2144 1601 2199 sed
1633 2142 1747 2197 ani-

171 2250 377 2297 matam
434 2253 644 2294 carnem
703 2236 769 2292 de
817 2244 968 2290 utero
1014 2235 1236 2298 matris,
1283 2234 1422 2288 idem
1473 2234 1650 2287 carnis
1696 2240 1751 2287 et

167 2330 391 2395 animm,
408 2338 461 2383 et
484 2328 643 2382 totius
668 2326 898 2380 hominis
912 2334 1122 2379 creator
1140 2322 1399 2389 exhibuit,
1413 2324 1500 2392 qui
1525 2338 1619 2390 per
1639 2322 1745 2377 d's-

167 2421 544 2491 pensationem
568 2418 819 2486 analogia:
841 2416 1046 2469 diversa
1071 2415 1363 2483 jungentis,
1396 2413 1448 2466 in
1468 2427 1574 2465 uno
1594 2420 1751 2479 atque

165 2512 368 2565 eodem
412 2509 655 2572 homine,
690 2514 743 2559 et
773 2514 1053 2571 utrumque
1079 2503 1347 2557 insolubili
1381 2501 1583 2554 unitate
1620 2514 1750 2553 con-

169 2599 372 2668 junxit,
396 2606 449 2652 et
477 2606 717 2652 neutrum
738 2611 803 2648 ex
822 2595 1042 2648 alterius
1062 2592 1464 2662 participatione
1491 2589 1747 2646 confudit.

766 2687 991 2743 CAPUT
1032 2686 1171 2741 XVI.

252 2783 341 2839 Sic
380 2796 545 2851 ergo,
590 2780 693 2834 imo
736 2778 904 2832 multo
949 2776 1540 2847 iucomprehensibilius
1589 2782 1751 2844 atque

168 2875 461 2931 sublimius
493 2883 646 2926 natus
674 2881 753 2926 est
776 2872 1116 2938 susceptione
1154 2868 1372 2937 perfecti
1414 2864 1646 2921 hominis
1682 2865 1748 2919 de

170 2978 349 3025 matre
372 2966 537 3021 Filius
566 2966 681 3029 Dei,
713 2966 799 3031 qui
833 2972 916 3017 est
941 2979 1035 3031 pir
1083 2960 1526 3028 omnipotentiam
1560 2959 1747 3026 singu-

165 3064 341 3121 larem
370 3056 563 3128 genitis
591 3056 836 3110 omnibus
876 3069 978 3108 non
1037 3053 1262 3106 facultas
1293 3059 1495 3103 tantum
1517 3088 1532 3111 ,
1563 3048 1657 3102 sed
1694 3056 1748 3101 et

152 3167 332 3219 causa
370 3148 639 3203 nascendi.
697 3148 999 3201 Secundum
1043 3144 1353 3209 hominem,
1402 3142 1637 3211 inquam,
1677 3139 1747 3195 de
1772 3147 1818 3207 C

171 3243 393 3312 Virgine
415 3250 569 3296 natus
599 3249 681 3295 est
711 3240 872 3303 Deus,
903 3253 968 3294 eo
1003 3248 1157 3309 pacto
1203 3254 1307 3306 quo
1349 3252 1470 3291 cum
1521 3250 1745 3303 corpore

167 3335 322 3398 nasci
351 3335 570 3388 docetur
613 3342 665 3386 et
703 3332 949 3385 animus:
995 3347 1099 3385 non
1146 3332 1267 3400 quia
1316 3330 1594 3399 utriusque
1642 3342 1745 3381 una

166 3428 470 3484 substantia
500 3434 601 3486 est.
632 3424 722 3478 sed
754 3424 872 3493 quia
901 3432 1221 3492 exjutraque
1263 3421 1322 3474 fit
1360 3434 1460 3472 una
1490 3432 1745 3489 persona.

168 3521 291 3575 Non
316 3519 451 3572 alius
489 3516 647 3569 homo
698 3530 913 3583 corpus,
943 3522 998 3567 et
1040 3512 1178 3567 alius
1219 3511 1446 3575 animus,
1497 3508 1587 3562 sed
1613 3520 1749 3560 unus

170 3613 341 3671 homo
370 3623 561 3676 corpus
590 3616 643 3659 et
669 3605 899 3661 animus.
954 3604 1043 3657 Sic
1072 3611 1195 3671 post
1244 3610 1453 3669 partum
1494 3598 1745 3667 Virginis,

168 3718 282 3760 non
313 3703 448 3755 alius
474 3700 565 3753 Dei
592 3699 754 3755 Filius
785 3708 833 3751 et
866 3696 1002 3749 alius
1026 3695 1278 3757 hominis,
1304 3693 1396 3747 sed
1428 3693 1566 3746 idem
1597 3690 1750 3743 Chri-

168 3807 292 3850 stus
321 3795 412 3853 Dei
441 3802 495 3847 et
547 3792 774 3846 hominis
808 3786 1009 3844 Filius.’
1035 3789 1097 3843 Et
1138 3788 1273 3841 sicut
1329 3785 1491 3857 348
1538 3786 1589 3839 in
1643 3798 1748 3837 uno

168 3886 393 3941 homine
445 3884 585 3936 aliud
638 3896 830 3949 corpus
875 3890 928 3935 et
967 3880 1108 3933 aliud
1143 3880 1377 3941 animus;
1414 3878 1490 3931 sic
1540 3876 1591 3930 in
1640 3868 1747 3929 uno

168 3978 470 4034 mediatore
496 3976 639 4028 aliud
670 3975 785 4038 Dei,
820 3973 958 4026 aliud
985 3972 1215 4025 hominis
1248 3971 1412 4024 Filius
1439 3988 1449 4021 ε
1484 3968 1577 4022 sed
1608 3968 1747 4022 idem

168 4082 357 4122 tamen
390 4075 443 4119 et
469 4081 571 4117 non
599 4064 797 4117 aliusD
835 4064 850 4115 i
878 4079 1032 4131 quam
1073 4062 1305 4116 hominis
1329 4062 1492 4115 Filius
1526 4078 1537 4110 :
1565 4075 1748 4127 quam—

166 4160 256 4209 vis
284 4164 495 4223 propter
525 4154 662 4205 aliud
684 4153 797 4216 Dei,
824 4163 876 4206 et
903 4161 1116 4220 propter
1138 4152 1280 4204 aliud
1306 4150 1535 4203 hominis
1558 4150 1745 4203 Filius.

174 4247 303 4302 Non
333 4245 399 4297 ab
423 4244 571 4296 initio
593 4245 765 4295 carnis
798 4246 1027 4309 coepisse
1056 4244 1280 4295 dicimus
1313 4242 1500 4295 Filium
1535 4241 1659 4303 Dei,
1684 4255 1751 4293 ne

166 4336 525 4406 temporalem
557 4334 735 4387 credat
770 4334 963 4401 aliquis
1002 4334 1279 4387 deitatem.
1310 4332 1421 4385 Non
1453 4332 1518 4383 ab
1549 4339 1750 4383 interno

168 4428 297 4483 Filii
333 4426 425 4479 Dei
457 4426 699 4478 novimus
722 4440 957 4490 carnem,
992 4439 1057 4477 ne
1087 4439 1189 4476 non
1221 4424 1496 4477 veritatem
1532 4420 1747 4474 humani

1854 1875 2132 1946 catholica:
2159 1890 2491 1945 auctoritatis
2529 1889 2839 1943 definitione
2874 1890 3258 1955 pra-scribitur,
3292 1888 3425 1941 divi-

1854 1998 2042 2037 norum
2101 1982 2429 2035 voluminum
2484 1981 2802 2034 teSIimoniis
2850 1982 3077 2035 edocere
3120 1998 3128 2030 :
3166 1979 3258 2033 5rd
3307 1979 3427 2046 quia

1852 2089 1991 2130 nunc
2019 2089 2121 2127 non
2150 2074 2404 2127 librorum
2448 2072 2666 2135 iudicio,
2699 2072 2792 2125 sed
2821 2072 2931 2125 sola
2973 2072 3180 2125 ratione
3233 2069 3428 2135 placuit

1851 2174 2046 2223 cuncta
2071 2165 2340 2221 discutere
2367 2183 2380 2219 :
2416 2164 2613 2218 idcirco
2642 2165 2692 2217 iu
2724 2162 2866 2216 aliud
2896 2174 3101 2231 tempus
3131 2162 3427 2226 Scriptura-

1851 2273 1968 2311 rum
2001 2266 2339 2310 monumenta
2376 2264 2736 2319 reservantes,
2770 2254 2908 2307 sicut
2956 2253 3199 2321 superius
3231 2251 3427 2306 factum

1852 2358 1955 2412 est,
1988 2346 2148 2417 349
2175 2346 2252 2400 sic
2276 2347 2433 2400 etiam
2465 2345 2531 2398 de
2562 2346 2753 2398 aninne
2804 2343 3145 2411 inquisitione
3177 2342 3426 2396 tractabi-

1854 2452 1992 2491 mus.
2021 2434 2170 2501 Quod
2204 2444 2258 2487 ut
2286 2434 2396 2487 tieri
2430 2434 2636 2485 facilius
2662 2434 2849 2502 possit,
2884 2449 3000 2501 qua:
3031 2433 3295 2486 Salvatori
3327 2446 3426 2485 no-

1855 2535 1966 2580 stro
1995 2523 2317 2592 suscipiendi
2362 2524 2591 2575 hominis
2623 2538 2779 2576 causa
2840 2523 3016 2584 fuerit,
3070 2540 3171 2574 una
3226 2532 3425 2575 tantum

1855 2620 2093 2687 Apostuli
2124 2619 2353 2672 lectione
2380 2619 2545 2683 subjet
2568 2629 2615 2671 ta
2647 2618 2866 2673 breviter
2926 2619 3253 2688 inquiramus
3281 2637 3292 2669 :
3325 2632 3427 2686 qua

1853 2710 2087 2773 inventa,
2117 2710 2232 2763 sine
2259 2710 2429 2777 aliqua
2479 2709 2791 2763 difﬁcultate
2821 2710 2981 2764 etiam
3030 2705 3106 2763 ad'
3151 2709 3261 2762 [nec
3292 2725 3414 2778 qua:

1854 2802 2010 2869 hujus
2057 2802 2404 2870 praecedentis
2451 2812 2576 2855 sunt
2621 2811 2905 2856 consecuta
2940 2802 3302 2856 transibimus.
3346 2802 3427 2855 Ab

1851 2890 2002 2945 initio
2026 2893 2183 2960 igitur
2203 2910 2263 2947 ex
2295 2909 2518 2963 corpore
2540 2903 2593 2947 et
2614 2895 2787 2947 anima
2816 2894 2953 2950 Deus
2974 2895 3240 2949 hominem
3265 2894 3386 2949 fecit
3408 2910 3425 2960 ;

1851 2984 1938 3050 qui
1970 2983 2098 3049 legis
2130 2998 2221 3051 pra
2240 2993 2391 3050 cepta
2445 2995 2829 3053 transgressus,
2864 2996 2982 3052 post
3027 2985 3424 3052 usurpationem

1852 3074 2148 3128 interdicta:
2196 3075 2423 3135 arboris.
2472 3078 2791 3130 sententiam
2834 3078 3227 3145 quodammodo
3258 3093 3428 3146 pcenze

1850 3165 2094 3233 capitalis
2125 3167 2354 3234 excepit.
2408 3166 2501 3219 llic
2550 3167 2613 3219 ad
2657 3183 2778 3220 eum
2811 3176 3007 3221 statum
3059 3183 3087 3219 a
3118 3182 3221 3236 quo
3251 3168 3428 3236 lapsus

1850 3265 1948 3312 est.
1986 3271 2087 3308 non
2120 3257 2217 3309 nisi
2251 3259 2487 3309 auctoris
2534 3258 2612 3309 sui
2642 3258 2808 3325 gratia
2864 3258 3211 3320 reformatus,
3245 3260 3427 3327 postli-

1850 3346 1998 3399 minii
2028 3347 2420 3409 quodammodo
2446 3348 2567 3415 jure
2595 3350 2761 3411 totuit
2790 3365 3061 3402 remeare:
3091 3350 3228 3403 sicut
3257 3351 3343 3415 qui
3370 3365 3428 3403 se

1828 3435 1917 3489 'de
1946 3435 2158 3489 excelso
2206 3438 2254 3488 in
2316 3452 2553 3505 pruzceps
2586 3441 2858 3491 voluntate
2896 3440 3189 3504 demiserit,
3244 3440 3294 3493 in
3334 3454 3427 3492 sua

1851 3527 2066 3596 quidem
2099 3527 2281 3580 habuit
2310 3538 2571 3595 potestate
2600 3530 2738 3596 quod
2774 3530 2917 3592 fecit,
2948 3531 3041 3584 sed
3071 3531 3179 3596 jam
3213 3544 3312 3582 suo
3343 3546 3429 3581 ar-

1853 3619 2011 3672 bitrio
2032 3628 2237 3671 certum
2271 3627 2353 3671 cst
2394 3634 2499 3671 nou
2527 3619 2804 3687 subjacere
2858 3620 2997 3686 quod
3048 3620 3207 3674 cadit.
3250 3620 3429 3689 Surgit

1853 3710 2029 3779 itaque
2054 3710 2309 3763 beneficio
2331 3712 2527 3777 alieno,
2556 3712 2644 3780 qui
2671 3713 2862 3766 cecidit
2901 3713 3136 3781 prOprio.
3167 3713 3272 3768 Nec
3302 3714 3425 3767 ideo

1852 3814 1957 3852 non
1987 3813 2083 3851 suo
2106 3798 2361 3853 dicendus
2388 3810 2469 3853 est
2510 3800 2770 3856 cecidisse
2800 3821 2811 3855 :
2840 3804 2961 3871 quia
2984 3804 3162 3857 alieno
3192 3804 3427 3857 noscitur

1850 3905 2101 3960 surgere;
2146 3906 2244 3946 nec
2292 3903 2574 3961 prepterea
2635 3910 2732 3949 suo
2788 3896 3106 3963 surrexisse,
3154 3898 3274 3961 quia
3321 3914 3426 3953 non

1851 3982 2024 4035 alieno
2058 3992 2260 4036 certum
2288 3992 2371 4036 est
2394 3984 2671 4039 cecidisse.
2733 3986 2836 4038 Sed
2879 3986 2946 4040 tle
2976 3988 3075 4040 hoc
3107 3988 3256 4052 alias,
3289 4004 3427 4043 nunc

1851 4074 1916 4127 ad
1941 4090 2073 4143 prop
2094 4075 2271 4127 ‘situm
2300 4074 2603 4128 redeamus.

2389 4164 2613 4218 CAPUT
2654 4166 2837 4220 XVIII.

1928 4252 2069 4305 Dicit
2093 4266 2220 4320 ergo
2248 4254 2566 4307 venerabilis
2601 4256 2811 4317 Paulus,
2845 4256 3088 4323 quoniam
3120 4256 3313 4310 idcirco
3338 4273 3423 4310 se-

1853 4342 2085 4396 cundum
2128 4356 2342 4395 carnem
2393 4332 2547 4397 natus
2598 4355 2681 4400 est
2726 4345 3013 4400 Christus:
3053 4346 3118 4400 Ut
3163 4350 3292 4399 sicut
3337 4365 3424 4415 per

1857 4449 2013 4485 unum
2040 4432 2293 4485 hominem
2323 4443 2581 4503 peccatum
2620 4438 2671 4489 in
2700 4437 2831 4490 hunc
2859 4437 3102 4489 mundum
3126 4438 3348 4504 intrat-it,
3379 4448 3424 4491 et

164 4515 417 4584 corporis
440 4556 455 4581 ,
499 4514 590 4568 sed
641 4514 921 4582 quamdam
967 4530 1087 4569 eum
1142 4515 1439 4582 suscepisse
1491 4522 1741 4580 putemus
1769 4512 1822 4571 D
1846 4540 1935 4591 per
1962 4534 2221 4591 peccatum
2246 4539 2379 4575 mors
2404 4540 2420 4575 :
2442 4534 2487 4576 et
2522 4526 2590 4578 ita
2624 4527 2673 4578 in
2702 4544 2869 4580 omnes
2904 4526 3130 4579 homines
3155 4537 3416 4593 pertrans-

165 4607 483 4675 imaginem.
504 4604 687 4672 Neque
716 4606 857 4659 enim
880 4606 1146 4659 consumit
1172 4606 1499 4673 tnujestalem
1518 4605 1633 4659 Filii
1654 4604 1741 4657 Dei

166 4714 185 4747 \
202 4698 370 4750 eritas
392 4694 567 4748 carnis
584 4710 595 4755 ;
614 4703 702 4747 aut
720 4696 993 4748 veritatem
1013 4696 1208 4753 carnis.
1227 4696 1557 4749 immensitas
1575 4695 1744 4748 deita-

164 4789 239 4841 tis
266 4786 594 4852 ;dumunum
615 4785 782 4839 radiat
808 4786 1088 4840 virtutibus
1112 4787 1398 4849 suis,aliud
1423 4788 1645 4841 docetur
1664 4789 1743 4840 in-

166 4878 515 4933 firmitatibus
540 4881 756 4931 nostris.
793 4878 939 4931 Unus
962 4888 1135 4933 autem
1168 4889 1323 4946 atque
1373 4881 1741 4947 inseparabilis

165 4969 423 5021 Christus
468 4982 520 5021 et
554 4967 866 5021 humiliatur
901 4970 1206 5038 assumptis,
1243 4980 1295 5024 et
1324 4972 1649 5035 glorificatur
1693 4972 1744 5023 in

166 5057 568 5129 propriis;cum
593 5057 729 5111 affici
751 5073 853 5111 non
884 5058 1201 5127 ded'gnatur
1225 5060 1449 5127 injuriis,
1470 5072 1520 5114 et
1538 5061 1749 5130 aequali—

166 5159 335 5204 tatem
360 5149 590 5203 custodit
611 5151 885 5217 genitoris.
926 5152 1121 5205 Geuuit
1140 5167 1265 5219 ergo
1285 5152 1442 5205 Maria
1459 5163 1507 5205 et
1527 5170 1628 5206 non
1660 5169 1746 5221 ge-

166 5241 292 5293 nuit
328 5238 517 5294 Filium
567 5240 682 5293 Dei.
718 5238 932 5305 Genuit,
963 5242 1175 5310 quando
1222 5258 1283 5295 ex
1316 5242 1426 5310 ipsa
1452 5242 1743 5297 secundum

168 5344 389 5383 carnem
410 5339 650 5383 natusest
670 5330 942 5383 Christus:
963 5347 1062 5385 non
1080 5333 1277 5400 genuit,
1291 5332 1502 5401 quando
1519 5333 1581 5385 tIe
1596 5331 1749 5387 Patre

168 5422 289 5473 sine
307 5418 456 5473 initio
468 5421 669 5474 exstitit
688 5420 868 5475 Filius.
887 5421 1101 5487 Geuuit,
1118 5423 1326 5491 quando
1338 5439 1397 5477 ex
1421 5423 1515 5476 hac
1529 5422 1747 5478 Verbum

168 5525 295 5563 cara
318 5509 641 5577 processitut
669 5510 914 5565 habitaret
932 5514 983 5564 in
1009 5512 1152 5567 nobis
1174 5530 1189 5565 :
1209 5530 1311 5566 non
1333 5516 1514 5581 genuit
1537 5514 1747 5584 quando

168 5601 229 5652 in’
251 5599 500 5667 principio
530 5609 635 5651 erat
666 5599 801 5653 Deus
842 5600 1080 5669 Verbum,
1133 5604 1271 5673 quod
1301 5605 1559 5673 originem
1609 5620 1746 5674 prie-

170 5692 306 5746 Slilil
336 5691 616 5746 universis.
648 5691 761 5747 Noli
792 5707 919 5763 ergo
948 5702 1099 5762 partu
1127 5694 1355 5766 Virginis
1383 5696 1744 5753 determinarc

1852 4615 1933 4677 iit,
1968 4616 2021 4665 in
2047 4630 2143 4680 quo
2169 4630 2337 4665 omnes
2371 4626 2694 4681 peccat-erunt
2728 4617 2900 4685 (Rom.
2935 4633 2984 4680 v,
3018 4614 3122 4684 12).
3173 4618 3235 4670 Et
3268 4620 3423 4681 paulo

1851 4715 2002 4774 post:
2034 4704 2140 4758 Sed
2185 4722 2282 4757 non
2319 4706 2449 4757 sicut
2491 4706 2750 4767 delictum,
2780 4709 2850 4759 ita
2881 4718 2927 4759 et
2968 4707 3151 4775 gratia.
3197 4708 3257 4760 Si
3290 4709 3421 4760 enim

1850 4798 1998 4849 unius
2032 4797 2216 4849 delicto
2239 4798 2383 4848 multi
2411 4798 2596 4848 mortui
2618 4807 2754 4859 sunt,
2778 4798 2934 4848 multo
2958 4797 3114 4864 magis
3142 4799 3305 4867 gratia
3332 4798 3424 4850 Dei

1848 4897 1891 4939 et
1920 4888 2135 4951 donum,
2170 4888 2218 4937 in
2244 4888 2407 4957 gratia
2440 4886 2588 4937 unius
2618 4885 2833 4937 hominis
2862 4884 2984 4938 Jesu
3016 4884 3199 4937 Christi
3220 4888 3268 4937 in
3302 4888 3416 4951 plu-

1848 4991 1929 5026 res
1982 4975 2278 5027 abundarit.
2318 4973 2381 5025 Et
2408 4991 2506 5026 non
2538 4974 2665 5026 sicut
2694 4991 2781 5045 per
2797 4992 2949 5027 unum
2974 4985 3249 5041 precatum,
3274 4977 3341 5026 ita
3373 4986 3421 5026 et

1856 5064 2063 5117 dottotio
2098 5080 2114 5115 :
2155 5080 2271 5116 nam
2316 5065 2571 5134 judicium
2616 5081 2677 5118 ex
2721 5082 2818 5117 uno
2849 5068 2898 5117 in
2931 5068 3415 5131 condemnationem,

1851 5158 2021 5225 gratia
2049 5168 2213 5208 autem
2244 5172 2305 5208 ea:
2354 5159 2522 5209 multis
2550 5157 2765 5224 delictis,
2798 5159 2848 5209 in
2879 5156 3316 5229 justiﬁcationem.
3358 5153 3423 5206 Si

1852 5247 1983 5301 enim
2007 5248 2155 5300 tutius
2178 5249 2358 5301 delicto
2381 5265 2514 5302 mors
2536 5251 2758 5317 regnavit
2773 5268 2859 5317 per
2882 5266 3057 5307 unum,
3082 5248 3238 5299 multo
3261 5247 3419 5315 magis

1859 5336 2224 5388 abundantiam
2246 5338 2441 5407 gratia’,
2465 5348 2510 5391 et
2551 5339 2740 5392 donum
2762 5340 2979 5407 justitia:
3023 5337 3339 5403 accipientes,
3367 5337 3416 5387 in

1856 5426 2011 5477 vitam
2054 5427 2374 5496 reguabimus
2425 5442 2514 5495 per
2558 5442 2711 5478 unum
2740 5426 2915 5479 Jesum
2947 5424 3218 5477 Christum.
3250 5420 3411 5490 Igitur

1853 5519 1980 5568 sicut
2008 5532 2093 5584 per
2118 5518 2267 5568 unius
2297 5517 2561 5579 delictum,
2583 5518 2634 5567 in
2661 5532 2830 5568 omnes
2857 5515 3078 5565 homines
3098 5512 3151 5562 in
3179 5513 3389 5564 condent

1854 5611 2141 5669 nationem;
2185 5608 2257 5659 sic
2285 5618 2329 5660 et
2360 5623 2450 5676 per
2481 5608 2632 5659 unius
2651 5605 2927 5673 jutttitiam,
2958 5603 3011 5653 in
3046 5615 3215 5653 omnes
3246 5602 3416 5654 homi-

1853 5714 1937 5752 nes
1978 5699 2028 5752 in
2048 5700 2471 5767 justificationent
2498 5700 2627 5752 ritw.
2658 5695 2803 5751 Sicut
2848 5695 2974 5748 enim
3013 5709 3100 5762 per
3121 5694 3410 5751 inobcdicn-
