3938 6376
564 320 667 379 547

1951 304 2172 361 vn:th
2212 301 2590 358 'l'APSENSlS
3641 311 3713 367 δη

566 434 689 486 tiam
714 431 866 484 unius
911 427 1133 482 hominis
1171 434 1457 494 peccatores
1485 422 1746 476 constituti
1800 429 1919 473 sunt
1964 417 2149 481 multi;
2178 424 2228 485 Α
2262 415 2522 482 (ςιιεῐιείγίι.
2557 413 2652 467 llic
2697 414 2739 466 si
2785 412 3043 482 oringem
3096 414 3359 483 utriusque
3399 430 3564 486 gnarus
3594 433 3720 477 rerum

562 521 635 575 ita
654 529 702 574 et
723 536 814 590 per
834 518 983 571 unius
1014 516 1388 570 of‘auditionem
1407 514 1539 584 justi
1569 511 1948 564 constituuntur
1974 508 2140 562 multi.

636 609 791 665 Venit
823 623 953 678 ergo
1006 607 1253 660 Christus
1289 604 1494 660 salvum
1528 604 1702 657 lacere
1730 600 1875 672 quod
1913 601 2148 668 perierat

562 702 715 773 (Luc.
743 716 853 767 ιιι,
884 698 995 769 10).
1050 698 1205 753 Prius
1233 711 1364 766 ergo
1407 696 1685 751 videamus
1722 694 1848 764 quid
1889 693 2019 747 illud
2065 701 2151 747 est

562 794 702 866 quod
731 792 1042 864 protoplasti
1071 789 1497 861 transgressione
1516 788 1679 861 350
1709 787 1948 857 perierit,
1967 784 2146 841 ethoc

564 889 721 944 facile
770 887 910 941 scire
950 884 1264 955 poterimus,
1307 883 1436 952 quid
1469 882 1728 937 Dominus
1749 880 2012 937 veniendo
2042 880 2149 934 salo

567 995 696 1034 vare
740 978 987 1045 potuerit.
1041 975 1437 1046 Bequirendum
1487 972 1646 1042 igitur
1687 973 1842 1027 nobis
1871 982 1954 1026 est
1994 970 2145 1041 quis-

565 1084 689 1125 nam
720 1069 887 1138 legem
911 1066 1182 1121 Creatoris
1207 1063 1493 1133 acceperit.
1522 1064 1615 1118 lllc
1644 1063 1787 1118 enim
1828 1062 1945 1115 sine
1980 1061 2143 1115 dubio

564 1159 823 1229 pet-cavit,
869 1158 993 1226 quia
1049 1164 1314 1225 praecepta
1345 1155 1671 1223 contempsit
1712 1173 1725 1208 :
1762 1152 1850 1207 ille
1882 1162 2145 1222 prsrcepta

563 1251 904 1317 contempsit,
959 1248 1049 1317 qui
1090 1246 1231 1316 quod
1281 1246 1664 1316 prohibebatur
1716 1244 1953 1298 admisit.
2011 1242 2148 1297 Dicit

562 1351 739 1394 autem
776 1342 1045 1411 Scriptura
1074 1359 1087 1395 :
1123 1341 1375 1407 Prwcepit
1393 1338 1643 1394 Dominus
1671 1339 1797 1394 Adit:
1824 1338 2036 1392 dicens:
2060 1335 2146 1391 Ea:

562 1432 698 1484 omni
720 1431 859 1502 ligno
884 1433 1021 1501 quod
1051 1443 1124 1487 est
1151 1433 1204 1487 in
1229 1433 1470 1505 paradiso
1498 1432 1889 1496 manducabitic,
1912 1430 1975 1484 de
2004 1428 2145 1501 ligno

562 1533 733 1578 autem
775 1528 998 1580 scientiae
1047 1527 1165 1580 boni
1195 1538 1243 1582 et
1273 1528 1398 1581 mali
1421 1543 1523 1581 non
1556 1526 1931 1580 manducabitis
1970 1523 2033 1576 de
2061 1539 2136 1577 eo.

565 1614 680 1680 Qua
705 1624 876 1668 autem
898 1616 979 1669 die
1003 1617 1453 1683 manducavcritis,
1486 1626 1645 1672 morte
1671 1615 1958 1670 moriemini
1987 1611 2141 1684 (Gen.

562 1720 618 1771 ll,
650 1705 761 1777 l6).
786 1707 1101 1774 Qumramns
1122 1723 1250 1779 ergo
1273 1724 1412 1763 nunc
1440 1720 1616 1763 utrnm
1648 1708 1785 1762 hanc
1807 1708 1977 1778 legem
2000 1714 2143 1761 totus

2253 505 2646 572 contemplator
2670 505 2937 571 attendas,
2959 505 3243 575 pretiosior
3267 513 3343 560 cst
3364 506 3530 562 anima:
3546 509 3722 565 substan-

2256 592 2364 652 tia:
2407 598 2453 652 si
2502 598 2946 667 transgressionis
2981 599 3214 667 culpam,
3266 609 3465 667 propter
3501 599 3721 670 intelligen-

2253 691 2402 752 tiam,
2431 690 2583 758 pejor
2612 698 2696 744 est
2725 704 2906 745 causa.
2939 689 3051 759 Ego
3080 700 3257 744 autem
3283 689 3526 746 Christum
3543 703 3585 747 et
3603 695 3721 761 perle-

2250 791 2396 837 ctum
2423 782 2682 851 sapientia
2713 783 2845 844 scio,
2870 790 2924 835 et
2953 782 3249 850 piissimum
3278 797 3391 837 esse
3435 798 3525 837 non
3565 784 3721 837 dubito:

2250 886 2477 944 quorum
2502 875 2675 942 primo
2724 873 3002 927 meliorem
3033 883 3084 927 et
3120 874 3406 942 prudentiae
3430 889 3634 942 capacem
3654 892 3721 927 non

2251 963 2527 1034 despexit;
2560 965 2797 1018 secundo
2824 978 2943 1019 eam
2988 979 3105 1033 qua:
3150 966 3316 1031 magis
3342 964 3498 1019 fuerat
3526 966 3722 1018 vulnerata

2249 1056 2506 1127 sust-epit.
2560 1055 2744 1125 Neque
2798 1056 2941 1110 enim
2987 1065 3080 1109 aut
3129 1055 3398 1125 sapienti:
3424 1056 3646 1121 convenit,
3683 1058 3723 1111 dt

2249 1148 2458 1204 duobus
2488 1163 2639 1218 mque
2664 1149 2800 1213 suis,
2832 1148 3325 1218 insipientissimam
3351 1148 3458 1216 plus
3480 1161 3648 1211 amare;
3668 1159 3725 1200 tut

2251 1241 2503 1313 perfecta
2527 1242 2728 1311 pietati,
2764 1242 2933 1310 magis
2967 1241 3298 1309 indigentem
3323 1256 3419 1295 non
3435 1241 3619 1310 iuvisse.

2842 1330 3067 1387 CAPUT
3108 1330 3225 1386 XX.

2322 1423 2441 1480 Fel.
2479 1424 2672 1478 Omnia
2702 1424 2917 1495 quidem
2963 1439 3083 1493 qua:
3135 1438 3164 1476 a
3219 1434 3271 1477 te
3299 1438 3396 1477 non
3441 1422 3726 1477 rationabiliter

2252 1524 2476 1581 tantum,
2524 1516 2618 1570 sed
2650 1515 2810 1569 etiam
2845 1515 3114 1569 veraciter
3142 1514 3282 1568 dicta
3325 1521 3459 1579 sunt,
3506 1521 3552 1568 et
3589 1512 3727 1567 i..lc||t.~

2251 1607 2402 1663 xisse
2428 1622 2513 1662 me
2543 1607 2596 1661 in
2631 1605 3063 1679 praecedentibus
3095 1605 3287 1671 fateor,
3317 1613 3369 1658 et
3418 1603 3627 1672 probasse
3663 1615 3727 1652 non

2250 1717 2422 1768 nego:
2450 1699 2656 1755 Christi
2696 1711 2875 1754 antem
2925 1697 3190 1753 divinitati
3246 1712 3353 1767 quo
3394 1704 3530 1764 pacto
3570 1704 3725 1745 mortem

562 1796 725 1851 homo
752 1798 1058 1868 acceperit?
1084 1800 1136 1855 Si
1169 1801 1311 1855 enim
1342 1807 1403 1855 ut
1427 1803 1477 1854 in
1508 1801 1643 1856 libro
1664 1802 1940 1857 Geneseos
1970 1798 2142 1853 conti-
2173 1807 2223 1869 Β
2248 1793 2481 1850 sensisse
2506 1793 2735 1858 dicatur,
2763 1793 2974 1861 ignoro.
3033 1790 3110 1847 De
3157 1805 3263 1859 quo
3292 1800 3455 1843 utrum
3496 1795 3547 1841 tu
3568 1786 3725 1839 obscure

563 1896 740 1951 netnr,
771 1904 839 1943 ex
870 1904 1098 1959 corpore
1145 1902 1198 1945 et
1246 1893 1422 1946 anima
1442 1893 1552 1961 jam
1605 1892 1870 1963 perlectus
1916 1890 2144 1959 accepit,

565 1988 713 2032 totus
765 1979 926 2036 homo
972 1983 1413 2051 transgrediendo
1468 1983 1761 2053 peccavit:
1800 1990 1854 2036 et
1907 1980 1954 2035 si
2007 1988 2150 2034 totus

565 2070 1008 2138 transgrediendo
1039 2075 1298 2141 peccwit,
1333 2083 1478 2128 totus
1510 2073 1717 2144 peccati
1750 2072 1832 2127 sui
1871 2071 2001 2131 vitio
2026 2079 2151 2124 tunc

565 2164 743 2233 periit.
769 2166 822 2219 Si
863 2176 1037 2221 autem
1070 2176 1211 2221 t0tus
1238 2168 1416 2238 periit,
1443 2178 1584 2223 totus
1614 2167 1877 2224 beneﬁcio
1903 2165 2151 2221 Salvato-

565 2256 639 2309 ris
669 2255 911 2326 indiguit.
947 2257 1080 2333 Ειβί
1113 2268 1256 2315 totus
1282 2262 1542 2317 beneficio
1571 2261 1867 2318 Salvatoris
1900 2259 2149 2328 indiguit,

568 2352 738 2400 totum
770 2347 1015 2403 Chrisltts
1048 2351 1309 2405 veniendo
1340 2353 1565 2407 salvavit
1607 2370 1620 2405 :
1668 2363 1722 2407 et
1755 2352 1798 2405 si
1850 2360 2021 2405 totum
2061 2365 2147 2403 ve-

566 2435 761 2489 niendo
800 2438 1044 2506 salvavit,
1078 2455 1182 2494 non
1213 2456 1410 2511 corpus
1433 2444 1634 2511 absque
1664 2444 1867 2509 anima,
1907 2442 2000 2497 sed
2032 2456 2153 2495 cor-

564 2544 661 2598 pus
692 2540 745 2585 et
766 2532 996 2587 animam
1028 2550 1128 2603 qna
1160 2545 1409 2591 constare
1438 2548 1578 2592 totus
1606 2538 1790 2603 homo,
1816 2545 1870 2591 et
1900 2547 2153 2605 peccasse

563 2635 720 2679 antea
767 2628 977 2681 videtur
1004 2631 1316 2698 assumpsit.
1359 2631 1490 2686 Nam
1537 2632 1579 2687 si
1616 2641 1726 2686 toto
1775 2629 1994 2684 homine
2026 2628 2151 2698 pec-

564 2728 739 2781 caute,
768 2718 937 2789 solam
964 2720 1080 2789 ejus
1111 2736 1326 2776 carnem
1358 2722 1604 2779 Christus
1632 2723 1942 2792 assumpsit,
1972 2724 2150 2776 anima

568 2822 742 2876 poma:
799 2809 982 2877 prima:
1012 2811 1154 2865 illius
1184 2815 1626 2884 transgressionis
1658 2815 1777 2869 sine
1827 2815 2004 2884 aliqua
2056 2829 2152 2881 spe

565 2897 724 2952 ctiam
752 2915 891 2954 nunc
917 2901 1125 2956 addicta
1156 2905 1469 2972 permansit.
1494 2906 1645 2973 Quod
1672 2906 1714 2960 si
1746 2909 1815 2960 ita
1836 2916 1941 2971 est,
1970 2905 2153 2960 nescio

566 2989 692 3056 quid
726 2991 879 3046 nobis
911 2992 1219 3047 mediatoris
1268 3010 1492 3063 persona
1542 2996 1854 3061 contulerit,
1884 3010 2004 3065 quae
2035 3010 2151 3049 me-

567 3080 670 3134 lius
701 3091 941 3136 nostrum
972 3098 1035 3137 ex
1067 3094 1177 3137 toto
1226 3100 1331 3139 non
1379 3086 1674 3148 redimens,
1715 3087 1925 3139 brutam
1961 3101 2054 3154 per
2094 3101 2151 3137 se

2253 1888 2453 1959 aliquid
2479 1888 2702 1951 dixeris,
2736 1904 2800 1941 an
2833 1902 2932 1958 ego
2961 1886 3295 1941 sufﬁcienter
3319 1885 3447 1938 dicta
3488 1881 3642 1950 ingenii
3663 1890 3726 1931 tar-

2252 1980 2420 2035 ditate
2447 1980 2659 2050 assequi
2714 1994 2821 2033 non
2868 1978 3169 2044 patuerim,
3228 1976 3427 2032 nescio.
3472 1975 3619 2040 Neque
3639 1974 3727 2025 enim

2253 2072 2479 2125 credere
2499 2071 2692 2136 ausim,
2717 2070 2865 2139 quod
2889 2068 3005 2123 fons
3028 2069 3117 2122 ille
3152 2068 3297 2134 vitae,
3317 2084 3343 2121 a
3367 2081 3464 2136 quo
3484 2065 3640 2119 habent
3658 2061 3728 2113 uui-

2258 2175 2410 2215 versa
2441 2160 2581 2230 quod
2633 2160 2839 2222 vivunt,
2896 2175 2991 2229 per
3040 2158 3275 2213 triduum
3328 2155 3531 2223 quodin
3563 2152 3727 2219 sepulcro

2255 2266 2453 2319 corpus
2476 2252 2664 2321 jacuit,
2700 2266 2869 2322 usque
2914 2266 2979 2307 eo
3027 2265 3059 2305 a
3116 2259 3322 2305 natura:
3364 2264 3466 2304 sum
3501 2245 3727 2315 proprietate

2254 2345 2539 2407 deciderit,
2573 2356 2626 2397 nt
2654 2346 2696 2398 si
2724 2345 2827 2398 dici
2856 2344 2934 2399 las
2964 2353 3067 2411 est,
3101 2345 3326 2413 sepultis
3353 2342 3570 2398 sensibus
3591 2351 3727 2391 omrem

2254 2435 2565 2489 substantiae
2592 2437 2766 2490 vitalis
2813 2446 3014 2488 motum
3066 2436 3376 2497 amitteret;
3405 2444 3455 2487 ct
3496 2442 3727 2503 prnp'erre-

2256 2526 2621 2595 demptionem
2664 2527 2881 2580 humani
2928 2526 3162 2595 generis,
3215 2542 3325 2579 non
3365 2525 3553 2579 Patrem
3582 2528 3727 2577 tantum.

2240 2618 2350 2694 sed
2376 2627 2430 2671 et
2452 2619 2631 2672 omnia
2658 2618 2865 2686 Spirital
2892 2633 2917 2671 s
2947 2618 3129 2687 gloria:
3158 2626 3467 2671 ornamenta
3503 2616 3709 2667 deserere!-

2328 2711 2463 2780 Aug.
2498 2711 2670 2773 Absit,
2706 2711 2846 2764 absit
2888 2726 2916 2764 a
2957 2710 3203 2765 lidelibus
3242 2711 3343 2764 ista
3387 2708 3606 2776 suspicio,
3632 2703 3729 2753 ttlsit

2256 2801 2497 2856 Christus
2527 2801 2755 2855 senserit
2778 2812 3003 2856 mortem
3035 2812 3301 2868 nostram,
3330 2810 3383 2854 ut
3410 2808 3624 2869 (Illaullllll
3651 2792 3729 2844 inse

2255 2905 2339 2947 est
2368 2894 2495 2959 vita,
2528 2894 2776 2962 perderet
2806 2894 2989 2946 vitam.
3022 2893 3153 2947 Nam
3182 2894 3228 2947 si
3278 2893 3379 2947 hoc
3411 2894 3471 2945 ita
3502 2896 3628 2943 esset.
3650 2900 3732 2953 th-
3816 2921 3821 2931 -

2258 2984 2416 3039 modo
2448 2985 2538 3038 illo
2570 2984 2750 3039 triduo
2780 2985 3015 3053 potuisse
3064 2984 3296 3037 dicimus
3326 2981 3510 3046 aliquid
3540 2978 3683 3031 vivere.
3707 2972 3730 3021 si

2256 3077 2381 3130 vitm
2415 3076 2613 3130 fontem
2646 3076 2923 3130 credimus
2962 3076 3217 3129 aruisse?
3271 3074 3447 3130 Sensit
3472 3071 3604 3142 352
3637 3065 3732 3134 igitur
3780 3118 3783 3119 ν

567 3183 819 3238 carnem.
867 3183 922 3227 et
952 3189 1071 3242 qua:
1102 3174 1219 3229 sine
1260 3175 1435 3232 anima
1470 3194 1536 3232 ne
1569 3178 1887 3232 benelicinm
1936 3177 2149 3245 quidem
2181 3183 2227 3247 (ς
2261 3178 2483 3224 mortem
2509 3169 2759 3224 divinitus
2788 3168 3008 3235 Christi,
3032 3169 3439 3236 participatione
3470 3160 3641 3218 humani
3656 3154 3731 3210 air

567 3262 687 3333 ejus
716 3275 897 3334 posset
925 3269 1145 3333 sentire,
1179 3271 1434 3338 suscepit.

1158 3358 1384 3414 CAPUT
1426 3360 1570 3416 XIX.

640 3445 842 3501 Vellem
879 3459 1053 3503 tamen
1086 3449 1152 3503 ab
1181 3449 1487 3519 hujusmodi
1522 3450 1963 3521 praedicatoribus
2005 3463 2153 3517 quae-

568 3550 689 3590 rere
718 3550 815 3591 cur
837 3548 1052 3608 accepta
1082 3555 1245 3595 carne
1275 3541 1506 3595 animam
1534 3541 1866 3611 dispensatio
1889 3540 2155 3594 mediato-

569 3627 644 3681 ris
671 3629 931 3682 omiserit.
977 3630 1086 3684 Nisi
1141 3631 1276 3687 forte
1299 3642 1392 3687 aut
1429 3634 1704 3687 innoxiam
1760 3632 1960 3696 sciens,
1983 3630 2153 3685 medi-

569 3719 706 3771 cinte
733 3717 1056 3787 indigentem
1078 3736 1201 3775 esse
1225 3737 1331 3775 non
1345 3724 1654 3789 crediderit,
1673 3732 1761 3777 aut
1784 3738 1813 3775 a
1840 3736 1899 3777 se
1924 3722 2150 3774 alienam

572 3817 784 3877 putans,
813 3811 1199 3877 redemptionis
1230 3812 1494 3866 beneﬁcio
1523 3829 1628 3867 non
1674 3812 1883 3867 dOIlal'il
1911 3828 1925 3875 ;
1956 3819 2048 3863 aut
2087 3827 2150 3864 ex

572 3907 682 3952 toto
740 3899 1088 3955 insanabilem
1133 3902 1401 3971 judicans,
1436 3919 1627 3958 curare
1678 3904 2019 3972 nequiverit;
2060 3911 2153 3955 aut

570 3990 730 4047 vilem
758 4002 812 4048 ct
837 4008 956 4063 qua:
986 3995 1145 4050 nullis
1177 3996 1360 4050 usibus
1390 4005 1509 4065 apta
1542 3996 1835 4061 videretur,
1868 3997 2147 4064 abiecerit.

566 4081 765 4137 llorum
795 4084 901 4139 duo
923 4086 978 4140 in
1009 4088 1181 4155 ipsum
1217 4089 1381 4143 totius
1425 4087 1659 4144 hominis
1694 4099 1990 4144 creatorem
2021 4089 2154 4143 blas-

565 4172 746 4244 phemi
799 4177 1020 4247 spiritus
1065 4179 1442 4236 incredulitate
1495 4182 1782 4251 desipiunt.
1818 4182 1947 4236 Nam
1979 4183 2152 4251 primo

565 4269 977 4338 impossibilem,
1009 4275 1247 4330 secundo
1271 4292 1375 4329 non
1402 4277 1640 4330 omnium
1687 4277 1850 4330 Deum
1902 4275 2152 4330 credide-

566 4367 710 4412 runt.
740 4361 1021 4425 Quomodo
1048 4365 1188 4418 enim
1227 4366 1451 4421 docetur
1476 4368 1838 4436 omnipotens,
1885 4370 1927 4423 si
1959 4383 2151 4422 Curare

566 4464 673 4504 non
700 4453 869 4520 potuit
899 4452 1280 4522 desperatam?
1310 4458 1415 4510 Aut
1439 4459 1705 4526 quomodo
1725 4461 1964 4514 omnium
1985 4459 2147 4522 Deus,

2260 3272 2377 3318 ClIlS
2403 3277 2563 3331 quem
2594 3272 2786 3329 sponte
2821 3276 2918 3314 Sila
2957 3268 3298 3329 susceperat,
3342 3274 3444 3312 non
3488 3262 3649 3309 natura:
3667 3259 3731 3301 δυντ

2263 3355 2555 3424 potentiam
2582 3354 2809 3424 perdidit
2836 3369 2931 3423 per
2970 3369 3128 3423 quam
3159 3364 3353 3407 cuncta
3396 3336 3732 3404 viviticnt.$iciﬂ

2260 3447 2505 3515 sepuicro
2534 3461 2751 3501 carnem
2789 3461 2938 3500 suam
2989 3445 3395 3500 commoriendo
3430 3457 3523 3498 non
3560 3432 3733 3493 deseruil.

2258 3539 2398 3592 sicut
2432 3541 2481 3592 in
2506 3548 2661 3592 utero
2703 3538 2935 3608 Virginis
2963 3538 3348 3591 connascendo
3372 3533 3608 3589 formavit.
3635 3527 3734 3579 Ειειε

2260 3628 2312 3683 in
2346 3637 2571 3698 utroque
2600 3640 2651 3682 et
2684 3629 2828 3683 nasci
2861 3639 2913 3682 et
2950 3628 3110 3692 mori,
3149 3642 3252 3680 non
3306 3635 3512 3681 coactus
3537 3621 3590 3674 ab
3611 3616 3734 3671 altera

2260 3722 2353 3775 sed
2379 3733 2571 3789 sponte
2600 3721 2864 3775 Dominus
2892 3720 3082 3783 Voluit,
3114 3726 3171 3773 u't
3202 3718 3309 3774 hoc
3330 3735 3446 3773 eum
3476 3719 3645 3769 consul
3667 3718 3737 3772 P9"

2260 3813 2444 3867 tulisse
2472 3813 2612 3883 quod
2641 3812 2800 3867 fecit:
2833 3827 2931 3867 nec
2960 3812 3080 3866 ideo
3103 3828 3208 3865 non
3233 3812 3534 3881 patientem.
3560 3804 3650 3873 quia
3670 3798 3737 3863 illse

2260 3905 2514 3970 iaciebat;
2560 3921 2658 3960 nec
2700 3904 2824 3960 ideo
2880 3921 2983 3959 non
3040 3905 3353 3970 facientem,
3385 3903 3499 3973 quia
3543 3911 3623 3951 non
3654 3890 3737 3943 alio;

2260 3995 2542 4051 toleiabal.
2576 3997 2705 4050 Nam
2736 3997 2781 4051 si
2809 3996 3093 4050 dominicae
3116 3994 3497 4050 incarnationis
3522 3980 3737 4058 mySterium

2258 4088 2404 4141 salva
2431 4087 2718 4143 individua:
2760 4088 3041 4142 'I‘tinitatis
3078 4090 3458 4158 cooperatione
3503 4075 3737 4138 considere,

2260 4181 2400 4235 idem
2426 4181 2527 4235 sibi
2559 4183 2609 4235 in
2639 4184 2737 4236 hac
2758 4182 3055 4236 humilitate
3086 4192 3275 4235 auctor
3307 4190 3362 4233 et
3393 4192 3517 4248 opus
3536 4180 3630 4227 est:
3651 4162 3738 4219 idem
3782 4210 3787 4243 Ἡ

2257 4281 2465 4338 auctor,
2505 4275 2626 4342 quia
2676 4284 2869 4342 sponte
2914 4275 3169 4336 nascitur,
3202 4283 3398 4339 sponte
3426 4270 3624 4341 patitur:
3654 4255 3737 4310 i'dem

2257 4381 2414 4436 opus,
2443 4368 2564 4436 quia
2594 4379 2881 4435 utrumque
2930 4367 3055 4421 licet
3098 4383 3203 4421 non
3250 4366 3360 4420 alio
3399 4368 3614 4432 cogente,
3652 4348 3741 4444 solm

2261 4466 2436 4513 tamen
2468 4458 2582 4527 ipse
2615 4459 2926 4527 perpetitur.
2965 4458 3109 4511 Fecit
3132 4473 3354 4512 carnem
3387 4457 3435 4509 in
3458 4450 3741 4506 utetotnalrtsy

564 4543 609 4595 si
648 4558 757 4597 non
811 4543 926 4611 ipse
973 4544 1100 4599 fecit
1154 4548 1389 4602 animum
1440 4553 1716 4604 nostram?
1752 4551 1966 4603 Duobus
2020 4566 2151 4604 vero
2183 4555 2234 4614 ι)
2262 4550 2712 4606 habesauctorem
2733 4552 2939 4618 operis:
2969 4552 3148 4620 ipsein
3170 4551 3268 4605 hac
3300 4536 3739 4613 nascidignatuse‘l.

566 4634 705 4701 aliis,
736 4649 841 4687 uno
867 4636 1058 4691 anima:
1083 4655 1239 4693 causa
1273 4639 1528 4705 nescitur,
1562 4640 1732 4693 altero
1759 4642 2003 4693 meritum
2039 4656 2072 4692 n
2100 4656 2143 4691 .n

566 4725 977 4796 351videtnr.
1034 4730 1113 4783 An
1167 4730 1468 4801 intelligere
1499 4746 1711 4786 causam
1756 4732 2022 4800 putandus
2066 4740 2149 4783 est

566 4819 778 4885 animae,
808 4820 899 4891 qui
922 4838 1038 4877 eam
1071 4823 1135 4877 ad
1157 4825 1520 4893 accipiendam
1553 4826 1746 4894 legem,
1774 4825 1954 4879 habitu
1978 4822 2150 4877 insitae

565 4912 790 4968 rationis
820 4914 1156 4979 instructam,
1186 4931 1215 4970 a
1245 4928 1465 4987 peccato
1496 4918 1813 4973 voluntariae
1844 4927 2149 4988 transgres-

565 5004 737 5059 sionis
765 5006 951 5060 nititur
979 5008 1264 5075 separare?
1296 5010 1399 5063 Aut
1428 5011 1693 5079 quomodo
1724 5011 1841 5082 ejus
1872 5012 2149 5080 generosi-

566 5106 729 5152 tatem
759 5098 928 5163 novit,
955 5100 1043 5168 qni
1071 5099 1420 5168 ignobilitatis
1451 5104 1580 5156 vitio
1627 5103 1755 5157 dicit
1800 5120 1921 5159 esse
1951 5106 2150 5173 deSpe—

563 5197 735 5245 ctam:
766 5191 981 5259 przelata
1034 5206 1193 5245 carne
1224 5209 1381 5260 quam
1431 5210 1533 5248 non
1583 5193 1711 5248 flatu
1742 5196 1832 5250 Dei
1866 5196 2001 5249 sicut
2030 5198 2147 5248 ani-

563 5296 727 5345 mam,
760 5283 852 5336 sed
874 5282 941 5336 de
966 5283 1091 5336 limo
1123 5292 1279 5337 terra:
1308 5293 1516 5338 constat
1547 5300 1668 5339 esse
1701 5286 2057 5355 plasmatum?
2090 5286 2147 5341 Si

562 5381 740 5427 autem
773 5373 902 5428 nihil
936 5374 1125 5428 horum
1153 5374 1221 5429 de
1246 5376 1423 5429 anima
1450 5386 1598 5430 recte
1651 5378 1902 5441 sentitur,
1953 5377 2143 5430 ereda-

564 5480 685 5521 mus
712 5469 831 5537 quia
867 5469 1105 5539 suscepit
1138 5468 1466 5539 Redemptor
1523 5480 1712 5525 noster
1739 5468 2011 5525 hominem
2065 5480 2144 5525 to-

567 5566 714 5622 tum;
747 5574 812 5615 ne
838 5561 1159 5617 intercidere
1187 5561 1583 5631 quodammodo
1620 5560 1811 5616 anima:
1846 5574 2045 5617 nostra:
2073 5563 2148 5617 vi-

570 5648 793 5704 deamur
822 5653 1136 5708 beneﬁcium
1162 5654 1566 5723 sempiternum.
1621 5652 1758 5709 Proh
1790 5654 1983 5709 dolor!
2018 5655 2149 5709 Car-

572 5752 715 5803 nem,
744 5742 930 5813 inquit,
962 5745 1129 5802 solam
1153 5747 1398 5807 Christus
1426 5748 1747 5816 assumpsit,
1780 5747 2010 5802 animant
2038 5765 2142 5803 non

2259 4641 2420 4696 habes
2451 4658 2583 4711 Opus
2604 4645 2841 4696 auctoris
2877 4660 2890 4696 :
2928 4658 3030 4697 una
3084 4654 3263 4697 tamen
3301 4653 3518 4709 persona
3544 4642 3627 4691 est.
3651 4623 3741 4677 51'"

2260 4734 2530 4801 utriusque
2556 4736 2881 4802 pr0prietate
2904 4733 3240 4795 substantia;
3274 4744 3326 4787 et
3356 4728 3573 4785 auctoris
3597 4729 3635 4773 et
3659 4724 3740 4777 οῐδῖ·

2261 4822 2354 4877 ris.
2388 4823 2478 4878 Sic
2502 4840 2637 4894 ergo
2660 4836 2900 4879 mortuus
2931 4835 3013 4879 est
3046 4840 3151 4877 non
3184 4824 3492 4878 discedente
3520 4817 3626 4871 vita,
3660 4806 3746 4899 sicut

2261 4931 2451 4985 passus
2480 4927 2560 4971 est
2584 4934 2685 4971 non
2720 4929 2977 4982 peremta
3000 4917 3259 4986 potentia.
3306 4916 3472 4969 Nemo
3500 4906 3639 4962 aulerl
3674 4907 3746 4994 il":

2260 5022 2399 5061 mam
2423 5007 2539 5077 ejus
2568 5008 2637 5063 ab
2661 5023 2745 5072 eo,
2788 5010 2913 5078 quia
2950 5018 3269 5077 potestatem
3320 5006 3477 5060 habet
3518 4987 3749 5083 pomunli“cl

2260 5111 2573 5171 potestatem
2598 5103 2901 5157 assumendi
2933 5118 3061 5157 eam
3080 5101 3259 5173 (Joan.
3300 5117 3355 5166 ι,
3390 5098 3496 5166 18).
3535 5077 3748 5177 llabttsllic

2257 5201 2529 5248 auctorem
2582 5195 2785 5263 operis.
2834 5193 2991 5247 Ponit
3037 5195 3269 5248 animant
3331 5205 3426 5260 pro
3473 5181 3633 5239 amicis
3655 5178 3748 5226 snsi

2259 5284 2422 5339 habes
2453 5300 2586 5353 opus
2638 5284 2894 5339 anetoris.
2941 5284 3090 5351 Quod
3143 5296 3197 5339 ut
3242 5279 3474 5353 generali
3514 5266 3750 5329 deﬁnitione

2256 5376 2591 5441 concludam,
2610 5379 2818 5447 quoties
2848 5380 2898 5431 in
2927 5393 3087 5432 carne
3116 5377 3361 5432 Christus
3391 5367 3573 5441 aliquid
3598 5357 3751 5431 patitur,

2258 5483 2390 5537 opus
2420 5471 2655 5526 auctoris
2686 5480 2786 5523 est.
2832 5468 2936 5524 Sed
2977 5471 3097 5539 quia
3130 5468 3357 5536 idipsum
3403 5477 3495 5517 sua
3538 5450 3752 5548 ροιθεξιίθι

2260 5575 2365 5614 non
2392 5559 2498 5615 alio
2520 5568 2745 5629 cogente
2770 5560 3086 5629 perpetitur,
3116 5560 3227 5628 ipse
3249 5565 3434 5611 auctor
3458 5559 3530 5607 est
3552 5550 3708 5615 operis-

2852 5650 3077 5707 CAPUT
3119 5649 3259 5705 XXI.

2333 5750 2446 5803 Non
2482 5767 2610 5816 ergo
2636 5749 2709 5803 ad
2735 5752 2949 5805 Mariam
2993 5750 3142 5803 loculi
3185 5754 3327 5801 ntoltt
3373 5740 3601 5798 ιΙίνὶιιὶιειδ
3636 5721 3757 5781 παίει
