3938 6376
148 353 246 406 589

1216 338 1299 393 DE
1342 336 1637 393 UNITA'I'E
1675 336 2063 394 TlilNl'l’ATlS
2094 339 2317 395 ιτιιειι.

3275 339 3383 392 5530

148 464 237 521 sed
274 456 524 514 ineﬂabili
554 456 802 525 potenti-.e
831 468 939 508 suze
965 452 1406 517 manifestatioue,
1425 461 1479 506 et
1503 461 1569 504 uti
1592 465 1707 504 rum
1738 453 1781 509 Α
1814 453 2047 519 privatus
2071 453 2387 520 excusserit,
2415 468 2599 525 nnmcs
2621 468 2805 504 eorum
2831 451 3104 503 machinas
3129 449 3265 501 ε’.ιείιί
3296 466 3385 501 ru-

149 552 458 625 gignendus,
496 549 752 617 implevit,
795 556 848 600 et
889 555 1057 599 totum
1092 543 1231 611 quod
1278 554 1359 597 est
1392 541 1715 596 subsmutize'

150 663 254 702 sua:
284 642 609 714 plenitudine
658 656 762 693 non
821 638 1061 706 privavit.
1112 634 1225 688 Non
1256 634 1458 687 dimisit
1498 632 1712 689 Patrem

150 749 264 793 cum
292 735 440 789 venit
467 734 533 791 ad
564 730 848 799 Virginem.
880 727 1080 796 Ubique
1110 732 1269 788 totus,
1306 724 1500 793 ubique
1533 720 1712 790 perle-

147 837 301 888 ctus;
350 824 473 891 quia
520 836 619 876 nec
660 820 976 874 divisionem
1022 818 1333 886 incorporea
1394 815 1715 881 simplicitas

151 917 357 984 recipit,
381 924 434 970 et
460 923 635 983 partes
658 909 930 981 plenitudo
961 923 1065 963 non
1100 908 1263 961 novit.
1295 907 1419 960 Erat
1448 920 1575 975 ergo
1602 918 1715 958 uno

148 1021 305 1079 atque
332 1007 521 1063 eodem
547 1016 781 1073 tempore
812 1012 951 1056 tatus
980 1002 1141 1056 etiam
1176 1001 1225 1053 in
1249 999 1479 1060 inferno.
1506 998 1714 1052 totusin

146 1103 304 1157 calo.
327 1098 438 1173 Illic
461 1098 666 1163 patiens
687 1094 934 1163 injuriam
958 1093 1157 1155 carnis,
1180 1091 1263 1144 hic
1287 1106 1391 1144 non
1408 1089 1741 1157 relinquens.

147 1192 370 1260 gloriam
401 1188 632 1244 deitatis.
670 1189 791 1240 Erat
820 1184 956 1252 apud
991 1184 1188 1236 inferos
1219 1180 1545 1234 resurrectio
1575 1194 1718 1232 moro

149 1292 381 1343 tuorum,
409 1287 524 1332 crat
544 1292 705 1345 super
731 1274 895 1329 (celos
924 1274 1026 1326 vita
1059 1273 1369 1325 viventium.
1411 1270 1545 1324 \‘ere
1571 1284 1718 1323 mor-

146 1382 289 1434 tuus,
320 1384 444 1422 vere
473 1368 651 1429 vivus;
682 1367 732 1419 in
762 1379 868 1435 quo
896 1376 948 1418 et
977 1373 1200 1417 mortem
1233 1362 1501 1429 susceptio
1526 1368 1718 1414 morta-

147 1464 313 1518 litatis
351 1462 581 1529 excepit,
614 1471 669 1513 et
695 1459 857 1513 vitam
884 1458 1135 1511 divinitas
1166 1466 1377 1510 servata
1412 1456 1570 1527 353
1612 1471 1755 1535 non.

147 1554 397 1625 perdidit.
425 1552 857 1619 Quotiescunque
884 1564 1010 1619 ergo
1040 1548 1152 1601 lucc
1175 1562 1293 1616 quae
1321 1563 1348 1599 a
1381 1545 1593 1615 Christo
1618 1546 1718 1599 hu-

146 1646 341 1698 militer
382 1652 504 1695 sunt
556 1642 797 1702 tolerata,
829 1638 1174 1703 consideras,
1226 1636 1397 1704 ipsum
1446 1645 1717 1690 auctorem

144 1734 461 1787 voluntariae
487 1730 748 1800 passionis
772 1742 1052 1796 agnoscas.
1098 1728 1168 1779 Ita
1217 1726 1307 1780 fiet
1349 1734 1427 1789 ut,
1463 1725 1589 1779 dum
1622 1725 1722 1779 bu-

1818 547 1960 599 tiune
1987 546 2285 600 confundit.
2319 546 2474 613 Ergo,
2507 555 2562 598 ut
2600 544 2785 598 dicere
2821 558 3178 611 Ctepcratuus,
3210 544 3389 596 anima

1816 652 1921 690 non
1950 636 2107 691 aliter
2130 653 2287 704 quam
2323 638 2402 691 sol
2428 637 2587 689 vitam
2620 636 2800 707 tribuit
2826 635 2973 689 carni
3007 650 3126 687 eum
3162 635 3381 699 venerit,

1817 735 2041 781 mortem
2068 727 2233 781 efﬁcit
2260 742 2382 781 cum
2410 728 2631 782 recedit.
2654 727 2824 794 Quam
2850 742 2915 781 ne
2938 726 3057 795 quis
3102 735 3248 794 putet
3274 742 3390 779 eur-

1819 817 1962 885 poris
1983 824 2157 870 morte
2184 818 2445 882 consumi,
2475 818 2655 871 audiat
2676 818 2799 886 quid
2830 817 2897 871 de
2930 816 3029 869 hoc
3056 815 3312 868 Dominus
3340 816 3391 869 in

1820 906 2125 977 Evangeliis
2145 907 2380 976 generali
2406 910 2723 961 auctoritate
2765 905 2979 959 deliniat
3014 924 3027 960 :
3064 903 3255 967 Nolite,
3314 906 3393 958 in-

1818 1000 1952 1070 quit,
1985 1003 2156 1052 timere
2182 1015 2263 1053 eos
2292 1001 2380 1069 qui
2417 1016 2601 1066 corpus
2649 1000 2904 1064 occidunt,
2956 997 3177 1050 animam
3228 1004 3397 1049 autent

1820 1106 1918 1142 non
1942 1097 2151 1157 possunt
2178 1088 2403 1142 occidere
2430 1104 2447 1142 :
2474 1090 2563 1141 sed
2597 1090 2764 1141 timete
2785 1105 2896 1141 eum
2938 1089 3103 1155 potius
3150 1086 3235 1152 qui
3284 1086 3397 1139 ani-

1820 1199 1952 1235 mant
1986 1191 2032 1235 et
2048 1198 2228 1251 corpus
2248 1191 2403 1250 potest
2419 1181 2645 1233 occidere
2667 1182 2717 1232 in
2735 1181 3013 1248 gehennam
3034 1181 3164 1249 ignis
3179 1184 3192 1249 (
3206 1178 3395 1231 .b'attlt.

1824 1289 1872 1335 x,
1920 1272 2035 1340 28).
2068 1273 2206 1341 Ergo
2223 1270 2505 1339 superstite
2526 1270 2699 1323 anima
2723 1285 2915 1338 corpus
2958 1280 3158 1324 constat
3190 1269 3395 1335 occidi;

1821 1372 1876 1417 et
1892 1372 2165 1432 pr0pterea
2188 1376 2521 1431 consequens
2551 1376 2609 1413 ac
2634 1363 2993 1415 necessarium
3012 1376 3113 1414 neu
3140 1372 3243 1426 est,
3278 1360 3399 1414 ani-

1822 1470 1959 1521 mas,
1988 1470 2270 1523 corporum
2298 1455 2661 1508 internecione
2682 1453 2949 1511 consumi.
2980 1453 3088 1507 Hoc
3114 1454 3158 1507 si
3188 1455 3256 1508 ita
3286 1464 3400 1521 est,

1822 1548 1982 1601 etiam
2031 1556 2145 1615 post
2192 1556 2416 1601 mortem
2445 1545 2687 1615 corporis
2740 1546 3082 1599 nihilominus
3137 1547 3399 1602 mentibus

1822 1641 2035 1693 vivitur.
2065 1637 2215 1703 Quod
2236 1637 2279 1691 si
2307 1636 2357 1690 id
2390 1636 2457 1691 de
2484 1650 2802 1705 unoquoque
2838 1644 3075 1690 nostrum
3108 1647 3252 1692 recte
3281 1652 3402 1692 sena

1826 1730 1968 1793 titur,
1994 1727 2260 1799 quomodo
2288 1729 2401 1781 fons
2424 1727 2543 1781 vitze
2576 1736 2787 1795 propter
2811 1725 3270 1793 participationem
3299 1726 3403 1780 bu-

144 1823 340 1878 miltas
372 1820 612 1889 patienti,
637 1817 851 1873 facienti
876 1819 1043 1871 virtus
1059 1817 1360 1879 ascribitur,
1396 1817 1533 1871 idem
1566 1816 1719 1871 Cbri-
1747 1819 1795 1879 Β
1824 1835 1992 1875 mana).
2021 1820 2233 1881 mentis,
2292 1817 2589 1872 vivilicandi
2648 1816 2936 1886 potentiam
2986 1816 3279 1884 perdidisse
3322 1816 3402 1886 ja-

142 1922 254 1966 stus
286 1927 397 1965 uno
422 1912 782 1981 atqueeodem
807 1920 1045 1979 tempore
1065 1925 1182 1963 cum
1208 1910 1420 1978 patitur,
1447 1909 1710 1976 infirmus,

143 2019 261 2058 cum
298 2004 448 2070 facit,
488 2002 833 2071 omnipotens
862 2003 1135 2056 doceatur.
1193 2001 1296 2056 Sed
1342 2016 1405 2053 ne
1452 2000 1625 2053 adhuc
1664 1999 1716 2053 in

143 2105 317 2148 morte
350 2093 469 2146 Filii
496 2092 587 2146 Dei
615 2094 848 2162 aliquam
880 2092 1343 2148 insensibilitatem
1369 2106 1465 2145 nos
1482 2091 1715 2145 credatis

140 2187 408 2255 accipere,
443 2187 811 2257 importunum
839 2200 941 2239 non
974 2194 1056 2239 est
1083 2199 1203 2253 qua:
1245 2183 1311 2238 de
1353 2192 1522 2237 morte
1560 2195 1717 2236 sensa

142 2279 247 2330 sint
285 2280 547 2346 vestigare
595 2296 610 2332 :
646 2282 699 2332 in
727 2293 831 2346 qua
886 2276 1003 2330 sine
1043 2276 1205 2329 dubio
1254 2274 1496 2329 destituit
1524 2288 1720 2342 corpus

142 2368 249 2422 vita
281 2378 480 2433 nostra,
508 2383 611 2422 non
627 2369 789 2437 perit;
817 2367 943 2421 dum
966 2366 1246 2420 discedens
1273 2367 1447 2418 anima
1472 2380 1576 2416 non
1609 2362 1719 2416 vim

140 2473 295 2511 suam
326 2458 519 2526 perdit,
560 2462 652 2512 sed
680 2460 821 2527 quod
870 2460 1228 2510 vivilicaverat
1259 2458 1359 2510 hoc
1390 2454 1638 2509 dimittit:
1668 2464 1723 2509 et

139 2564 406 2619 quantum
433 2551 485 2603 in
516 2566 573 2603 se
604 2561 702 2614 est,
735 2550 954 2603 alterius
1009 2557 1231 2602 mortem
1280 2549 1402 2600 facit
1450 2549 1585 2615 ipsa,
1616 2560 1720 2600 non

141 2641 359 2709 recipit.
396 2640 560 2704 Facit,
589 2642 823 2709 inquam,
857 2654 958 2692 non
984 2637 1299 2692 viviliCando
1319 2637 1456 2707 quod
1484 2636 1720 2691 deserit:

141 2749 251 2785 non
286 2734 581 2788 amittendo
607 2734 747 2801 quod
776 2734 925 2787 vivit.
954 2734 1131 2801 Itaque
1163 2731 1393 2785 hominis
1423 2744 1567 2783 mors
1590 2728 1722 2782 nihil

141 2822 289 2876 aliud
321 2838 480 2891 quam
513 2823 691 2877 carnis
717 2838 939 2877 occasus
961 2830 1080 2874 est:
1110 2836 1137 2872 a
1170 2836 1270 2888 qua
1320 2833 1441 2873 cum
1499 2818 1576 2871 vis
1620 2831 1719 2886 po-

142 2911 326 2965 tentia:
375 2911 695 2967 vivificantis
758 2910 1102 2975 abscesserit,
1144 2908 1195 2963 iu
1244 2916 1442 2963 terram
1490 2906 1558 2962 de
1614 2921 1719 2976 qua

141 3009 356 3069 sumpta
388 3012 489 3067 est,
546 3002 755 3056 amissis
787 3017 920 3071 quos
961 3018 1065 3055 non
1114 3017 1209 3071 per
1249 3004 1482 3071 seipsatu
1537 3002 1721 3055 habuit

141 3095 410 3159 sensibus,
429 3096 587 3149 redit.

761 3187 985 3244 CAPUT
1017 3187 1177 3241 XXII.

208 3279 373 3347 Atqui
402 3279 687 3343 contraria,
722 3278 918 3348 inquis,
942 3280 1059 3333 vit-L-
1078 3294 1221 3333 mors
1246 3288 1349 3333 est.
1379 3276 1597 3344 Fateor;
1617 3277 1713 3333 sed

139 3384 244 3423 non
273 3385 340 3423 ex
371 3384 436 3423 eo
460 3386 656 3439 genere
685 3372 1095 3434 contrariorum,
1128 3386 1241 3440 quae
1266 3372 1544 3425 existentis
1585 3371 1717 3424 sub-

138 3461 355 3512 stau.i-.e
377 3460 714 3527 Oppositione
740 3473 799 3515 se
824 3460 1121 3528 perimunt;
1165 3460 1259 3513 sed
1299 3475 1363 3513 ex
1408 3474 1592 3513 eorum
1623 3474 1716 3528 po-

140 3552 243 3604 tius
266 3565 387 3618 qua:
416 3551 541 3603 dum
581 3549 796 3603 cuilibet
846 3550 1113 3611 accidunt,
1154 3548 1311 3601 simul
1353 3549 1565 3614 quidem
1598 3564 1717 3602 esse

137 3659 244 3696 non
270 3654 513 3711 possunt,
545 3643 638 3696 sed
663 3644 820 3695 unius
852 3650 1051 3695 tantum
1080 3640 1388 3695 substantia:
1423 3639 1604 3691 habitu
1655 3653 1718 3693 ac

135 3735 437 3803 privatione
466 3736 772 3803 gignuntur.
809 3715 956 3787 Sicut
985 3731 1131 3785 verbi
1182 3734 1349 3800 gratia
1392 3740 1599 3783 noctein
1622 3729 1718 3782 do-

134 3839 324 3878 cemus
352 3835 405 3878 et
432 3824 592 3877 diem.
627 3822 756 3875 Nam
788 3831 841 3876 et
870 3823 983 3875 haec
1006 3820 1243 3889 ejusdem
1273 3819 1483 3887 generis
1513 3819 1714 3873 docen-

135 3925 223 3969 tur
245 3930 367 3968 esse
392 3915 676 3979 contraria,
702 3928 823 3967 cum
848 3928 950 3966 non
980 3913 1279 3979 utriusque,
1308 3910 1398 3965 sed
1424 3912 1575 3963 unius
1601 3920 1717 3964 tan-

132 4016 244 4061 tum
280 4006 521 4061 videatur
569 4020 687 4060 esse
736 4005 1054 4059 substantia.
1117 4005 1252 4058 Ecce
1291 4006 1430 4058 enim
1487 4004 1715 4059 dicimus

128 4097 279 4151 diem
301 4111 421 4150 esse
448 4112 567 4149 cum
592 4096 671 4149 sol
723 4106 805 4149 est
845 4111 1002 4161 super
1052 4105 1247 4150 terram
1285 4113 1296 4146 :
1328 4097 1494 4149 solem
1538 4105 1713 4151 autem

128 4193 351 4239 constat
380 4199 499 4238 esse
545 4185 918 4240 substantiam.
976 4186 1070 4239 llic
1114 4202 1233 4239 cum
1279 4197 1492 4254 peracto
1540 4188 1716 4241 diurni

132 4275 401 4343 temporis
426 4290 584 4329 cursu
613 4276 680 4329 ab
709 4275 924 4327 humani
954 4276 1097 4328 visus
1127 4276 1575 4344 contemplatione
1608 4277 1718 4331 dis-

128 4370 392 4428 cesserit.
451 4376 657 4421 noctem
690 4366 1015 4421 discedendo
1060 4382 1181 4419 mox
1234 4367 1376 4420 facit.
1427 4367 1592 4431 Facit,
1637 4368 1717 4421 iu2

129 4475 316 4531 quam,
340 4457 705 4512 subtrahendo
728 4458 935 4526 copiam
961 4458 1205 4519 luminis,
1250 4473 1359 4521 non
1410 4460 1460 4512 in
1493 4474 1553 4513 se
1580 4461 1717 4513 reci;

1821 1913 2034 1966 ctatur?
2064 1911 2167 1966 Sed
2214 1920 2406 1978 potest,
2443 1912 2634 1979 inquis,
2668 1915 2842 1963 anima
2889 1918 2942 1964 et
2997 1925 3190 1979 corpus
3233 1911 3403 1967 occidi

1824 2001 1873 2054 in
1898 2002 2193 2071 gehennam
2221 2003 2375 2072 ignis.
2403 2001 2553 2068 Quod
2584 2003 2864 2055 adversum
2919 2015 3016 2055 nos
3061 2001 3287 2068 primum
3319 2002 3401 2056 id-

1820 2091 1963 2145 circo
1986 2109 2087 2146 non
2109 2092 2256 2157 facit,
2282 2095 2402 2163 quia
2428 2108 2571 2147 mors
2594 2093 2691 2147 ista
2729 2108 2835 2147 non
2857 2093 3174 2149 conditionis
3197 2093 3404 2149 videtur

1821 2196 1962 2249 esse,
1997 2183 2089 2237 sed
2117 2184 2375 2238 criminis.
2405 2182 2535 2237 Nam
2560 2191 2764 2237 remota
2792 2183 2945 2251 culpa
2965 2183 3213 2251 jubcmur
3233 2183 3403 2237 homi-

1824 2288 1919 2327 nes
1946 2288 2049 2327 non
2085 2273 2299 2340 timere,
2332 2275 2420 2341 qui
2450 2289 2569 2328 cum
2594 2276 2800 2343 possint
2825 2289 3041 2343 corpus,
3072 2275 3301 2328 animum
3327 2284 3404 2329 ta-

1823 2379 1944 2418 men
1975 2376 2235 2433 negantur
2282 2368 2551 2422 occidere.
2601 2367 2824 2434 Dehinc,
2849 2370 3095 2437 quoniam
3156 2368 3255 2423 hoc
3292 2369 3404 2424 Deo

1827 2465 2027 2508 tantum
2049 2456 2244 2510 dicitur
2268 2471 2391 2512 esse
2421 2458 2693 2526 possibile,
2754 2458 2820 2512 de
2858 2474 2963 2527 quo
3014 2458 3203 2512 Filium
3248 2474 3403 2514 suum

1827 2544 2159 2611 unigenitum
2184 2556 2238 2599 et
2260 2547 2636 2601 communione
2660 2557 2886 2614 naturae,
2919 2558 2972 2601 et
2992 2550 3293 2617 (qulilate
3312 2564 3405 2617 po-

1826 2632 2005 2685 tentia:
2034 2650 2137 2689 non
2170 2636 2270 2689 hoc
2324 2635 2589 2690 credimus
2640 2636 2922 2691 meruisse.
2982 2637 3227 2704 Suscepit
3275 2651 3405 2706 ergo

1824 2722 2070 2779 Salvator
2084 2725 2441 2780 condi-iouem
2458 2726 2643 2780 mortis
2657 2734 2875 2789 nostrae,
2893 2726 2983 2779 sed
3018 2740 3121 2779 non
3148 2725 3217 2777 ita
3232 2733 3289 2777 ut
3311 2724 3405 2779 de-

1824 2819 2074 2874 teriorem
2094 2820 2310 2883 faceret,
2330 2834 2450 2874 cum
2470 2830 2663 2888 praeter
2682 2820 3118 2874 consuetudinem
3142 2816 3404 2873 dominati

1822 2922 1941 2962 eam
1967 2908 2529 2978 pt-rmittebataninue,
2550 2907 2641 2963 sed
2669 2909 2839 2977 potius
2856 2909 3050 2963 utnihil
3069 2909 3202 2962 hanc
3214 2908 3404 2963 obesse

1821 3001 2011 3054 anima:
2038 3000 2518 3070 pariterjustnrum
2561 3002 2797 3055 omnium
2856 3002 3131 3071 probasset
3175 3009 3227 3055 et
3257 3000 3395 3054 vitae.

2392 3090 2615 3144 CAPUT
2650 3090 2835 3144 XXIII.

1742 3178 1789 3243 C
1890 3183 1992 3238 Sed
2026 3182 2302 3252 ﬁngamus,
2337 3184 2455 3237 licet
2480 3183 2775 3251 Evangeliis
2826 3183 3255 3247 reclamantibus,
3278 3182 3394 3237 ani-

1818 3289 1932 3329 mas
1963 3273 2202 3328 interire.
2235 3273 2422 3328 Nonne
2482 3275 2531 3325 in
2581 3274 2860 3327 Salvatore
2906 3284 3107 3338 nostro,
3174 3273 3295 3328 licet
3344 3272 3398 3328 in

1819 3362 1902 3417 his
1925 3374 2151 3417 mortem
2186 3381 2288 3419 non
2321 3363 2610 3431 repellente
2636 3404 2649 3426 ,
2675 3364 3074 3421 tertiumtameu
3098 3374 3257 3433 atque
3284 3377 3402 3432 spe—

1818 3454 1954 3509 ciale
1980 3452 2231 3521 majestas
2254 3464 2357 3518 est,
2414 3468 2570 3521 quam
2613 3468 2716 3505 non
2775 3453 2945 3521 potuit
2982 3467 3128 3505 mors
3172 3453 3401 3507 humana

1817 3543 2164 3611 contingere?
2193 3543 2272 3596 Ad
2303 3557 2562 3595 summam
2586 3543 2881 3605 videamus,
2919 3543 2969 3595 in
3000 3556 3158 3596 cruce
3197 3542 3401 3611 positus

1820 3635 1946 3703 quid
1982 3634 2261 3702 promisit?
2292 3634 2483 3693 Hodie.
2503 3634 2694 3701 inquit,
2720 3650 2919 3687 merum
2952 3634 3050 3687 eris
3083 3634 3134 3685 in
3164 3633 3401 3701 paradiso

1819 3729 1973 3798 (Luc.
1994 3745 2142 3793 unt,
2161 3730 2272 3795 45).
2290 3728 2450 3800 355
2470 3728 2656 3795 Hodie,
2677 3728 2866 3798 inquit,
2884 3744 2985 3781 non
3008 3736 3123 3796 post
3142 3727 3399 3788 triduum.

1818 3835 1937 3875 cum
1955 3834 2169 3874 carnem
2194 3834 2367 3873 meam
2384 3819 2451 3873 de
2467 3820 2697 3889 sepulcri
2721 3817 2903 3884 requie
2920 3818 3273 3878 suscitat-ero,
3293 3830 3400 3869 non

1816 3928 1937 3968 cum
1958 3913 2009 3966 in
2038 3929 2125 3967 me
2154 3912 2412 3980 primitias
2445 3912 2634 3966 futura:
2665 3908 3395 3966 resurrectionisostendero.

1816 4004 1982 4073 Cujus
2009 4010 2253 4073 putamus
2283 4006 2396 4061 haec
2424 4020 2523 4060 vox
2549 4005 2663 4058 est?
2692 4005 3006 4064 maiestatis,
3063 4003 3277 4065 mentis,
3329 4015 3398 4054 an

1817 4096 2092 4164 corporis?
2118 4096 2327 4161 Corpus
2354 4102 2529 4146 autem
2562 4094 2613 4146 in
2640 4094 2836 4161 επιειωο
2868 4093 3027 4144 luisse
3058 4091 3229 4143 nullus
3254 4091 3402 4159 igno-

1819 4194 1919 4239 rat.
1948 4185 2132 4237 Restat
2162 4195 2217 4237 ut
2240 4182 2523 4246 divinitati,
2553 4184 2633 4235 vel
2654 4182 2815 4235 menti
2842 4197 2946 4233 vox
2969 4182 3067 4232 ista
3094 4180 3396 4233 conveniat.

1822 4275 1928 4333 Sed
1960 4274 2089 4327 dicit
2116 4275 2306 4344 aliquis
2340 4292 2352 4326 :
2381 4273 2676 4327 Divinitatis
2708 4273 2862 4341 hanc,
2893 4287 2997 4327 non
3026 4273 3216 4325 anima:
3246 4270 3403 4326 Chri-

1819 4374 1884 4426 sti
1908 4362 2177 4427 credimus
2205 4388 2412 4426 vocem.
2442 4372 2508 4425 Et
2537 4371 2662 4442 quid
2696 4373 2745 4424 in
2775 4386 2838 4426 eo
2863 4371 2945 4423 cui
2994 4368 3402 4438 promittebatur

1818 4464 2145 4532 accipimus?
2173 4463 2361 4528 Ilodie,
2394 4464 2564 4533 inquit
2594 4462 2809 4529 Iatroui,
2848 4476 3053 4516 mecum
3084 4462 3192 4515 eris
3224 4462 3273 4513 in
3300 4476 3398 4529 pa-

131 4551 329 4620 piendo
350 4550 699 4604 substantiam
727 4550 916 4603 noctis.
952 4550 1130 4617 Itaque
1160 4566 1257 4603 uua
1291 4550 1419 4604 lucis
1465 4553 1716 4605 substau-
1743 4536 1793 4596 Ῑ)
1820 4555 1999 4609 radiso
2030 4573 2042 4606 :
2070 4555 2221 4622 cujus
2248 4568 2442 4623 corpus
2479 4569 2645 4623 usque
2669 4553 2733 4607 ad
2766 4555 2994 4606 futuram
3046 4552 3396 4606 resurrectio-

134 4644 202 4695 tia
230 4652 441 4695 noctem
471 4640 645 4695 facere
662 4632 873 4695 videtur
895 4650 947 4695 et
968 4642 1106 4695 diem
1127 4658 1141 4705 ;
1165 4634 1256 4695 sed
1288 4659 1389 4695 non
1410 4659 1513 4696 uno
1533 4642 1711 4698 modo.

133 4733 261 4787 Nam
296 4733 433 4785 diem
452 4748 571 4785 cum
593 4733 759 4796 venit,
776 4743 984 4786 noctem
1001 4732 1163 4785 efficit
1187 4748 1305 4786 cum
1322 4734 1540 4788 recedit.
1562 4733 1711 4789 Unde

134 4834 187 4878 et
241 4824 650 4877 Hanicltteorum
698 4838 802 4877 non
853 4823 1199 4892 irreligiosam
1251 4834 1472 4888 tantum,
1524 4841 1709 4880 verum

133 4916 291 4968 etiam
318 4915 534 4967 stultam
567 4914 906 4981 divisionem,
934 4930 1035 4984 qua
1087 4916 1220 4969 bona
1269 4933 1296 4969 a
1357 4917 1511 4971 malis
1558 4932 1709 4987 teque

133 5004 464 5059 exstantibus
485 5008 725 5060 nituntur
752 5020 1000 5073 separare
1029 5005 1362 5071 substantiis,
1394 5008 1708 5077 plerumque

133 5096 507 5151 conlundimus
526 5115 537 5150 :
554 5097 893 5153 ostendentes
904 5095 981 5152 eis
998 5097 1254 5151 luminare
1267 5097 1457 5165 majus,
1475 5113 1580 5167 quo
1596 5099 1709 5155 lieri

134 5192 379 5245 novimus
404 5191 573 5254 diem;
603 5200 655 5244 et
685 5200 934 5261 cogentes
985 5200 1041 5245 ut
1076 5200 1129 5245 et
1176 5190 1274 5259 ipsi
1333 5191 1579 5245 similiter
1612 5206 1710 5246 nos

134 5283 408 5343 docerent,
431 5281 571 5350 quod
601 5291 761 5347 esset,
792 5282 835 5333 si
862 5282 1004 5334 dictu
1033 5282 1108 5334 las
1145 5290 1247 5345 est,
1296 5279 1565 5333 tenebrale
1596 5295 1709 5333 ma-

132 5372 230 5441 jus,
252 5372 420 5445 354
443 5389 547 5441 quo
574 5374 989 5430 substantialiter
1008 5373 1123 5428 fieri
1152 5372 1493 5428 crederemus
1534 5383 1585 5427 et
1611 5389 1707 5428 no-.

135 5474 289 5521 ctem.
323 5466 433 5520 Sed
456 5467 523 5520 de
554 5466 636 5521 bis
661 5468 814 5531 alias,
842 5467 931 5535 qui
965 5482 1055 5536 per
1094 5466 1371 5520 stultitiam
1408 5465 1703 5532 bIaSphemi

134 5557 415 5628 dogmatis,
438 5568 526 5613 aut
548 5575 643 5629 pro
664 5560 991 5614 exstantibus
1023 5574 1126 5613 non
1157 5558 1440 5621 exstantia,
1473 5567 1565 5613 aut
1603 5572 1701 5628 pro

136 5650 509 5721 princip-libus
546 5660 850 5718 consecuta,
873 5659 968 5707 aut
993 5666 1086 5721 pro
1125 5651 1407 5707 contrariis
1454 5651 1697 5707 videntur

138 5742 400 5800 affirmare
434 5750 756 5801 communia.
801 5746 929 5811 QILC
974 5747 1016 5799 si
1058 5746 1175 5815 quis
1216 5744 1336 5807 fidei
1386 5745 1551 5807 oculis
1588 5761 1696 5807 non

1819 4664 1937 4700 nem
1963 4662 2106 4699 mors
2139 4646 2439 4701 communis
2480 4646 2713 4701 inclusit.
2746 4646 2930 4698 Anima
2977 4646 3135 4711 igitur
3180 4652 3278 4717 est.
3309 4643 3395 4697 cui

1819 4740 2073 4794 Dominus
2101 4740 2199 4793 hoc
2221 4740 2466 4808 promisit
2488 4748 2541 4793 et
2572 4738 2833 4807 prmstitit.
2893 4738 2948 4792 Si
3008 4738 3162 4806 igitur
3184 4745 3396 4790 mortuo

1813 4846 2061 4899 corpore,
2090 4830 2153 4883 ad
2178 4831 2480 4899 paradisum
2529 4831 2704 4883 anima
2756 4844 2880 4881 mox
2937 4838 3174 4892 vocatur,
3207 4842 3397 4896 quem-

1812 4937 2045 4993 quamne
2073 4921 2246 4975 adhuc
2276 4930 2379 4975 tam
2405 4922 2620 4989 impium
2644 4919 2931 4985 credimus,
2966 4919 3052 4988 qui
3096 4920 3273 4973 dicere
3297 4935 3397 4971 au-

1811 5012 1956 5080 deat,
2013 5010 2263 5080 quoniam
2300 5012 2472 5064 anima
2514 5010 2802 5065 Salvatoris
2838 5010 3003 5063 nostri
3074 5009 3246 5063 triduo
3301 5008 3393 5062 illo

1811 5117 2081 5170 corporea:
2112 5103 2320 5165 mortis,
2350 5102 2488 5169 apud
2515 5100 2711 5154 inferos
2739 5102 2993 5154 custodiae
3018 5100 3344 5167 mancipatur
3364 5096 3390 5150 ?

1812 5193 1877 5247 Et
1906 5193 2042 5257 quis,
2088 5193 2283 5261 inquis,
2314 5202 2395 5245 est
2416 5191 2548 5244 alius
2578 5192 2664 5261 qui
2697 5192 2926 5245 instante
2968 5192 3212 5259 passiOne
3233 5186 3390 5241 Citri-

1810 5282 1877 5337 sti
1904 5282 2181 5351 ingemuit,
2206 5280 2390 5336 dicens
2416 5298 2430 5335 :
2458 5281 2637 5334 Tristis
2668 5290 2739 5333 est
2766 5282 2938 5332 anima
2992 5295 3100 5329 nica
3134 5292 3287 5346 usque
3315 5275 3385 5327 ad

1811 5387 2018 5431 mortem
2046 5376 2261 5445 (Matth.
2292 5392 2435 5440 xxvi,
2464 5376 2552 5443 38)
2574 5377 2589 5427 ?
2611 5374 2798 5429 Tristis
2849 5387 3012 5440 usque
3038 5371 3103 5424 ad
3134 5377 3383 5433 mortem,

1809 5477 2025 5537 propter
2052 5467 2296 5521 alI‘eetum
2323 5475 2585 5535 susceptm
2621 5465 2817 5527 carnis,
2848 5478 2950 5515 non
2982 5470 3101 5529 post
3128 5467 3380 5527 mortem,

1808 5575 1927 5615 cum
1958 5560 2336 5615 beatitudinem
2370 5558 2598 5628 spondet
2625 5557 2855 5609 societas
2882 5552 3111 5606 deitatis.
3136 5550 3247 5604 Non
3282 5549 3383 5605 ini-

1806 5657 1933 5708 tium
1953 5654 2196 5710 tnteroris
2227 5667 2370 5708 mors
2396 5652 2525 5713 ista,
2558 5647 2650 5702 sed
2670 5646 2786 5699 linis
2810 5651 2912 5698 est.
2969 5641 3077 5696 Nec
3125 5640 3381 5713 incipiunt

1804 5753 1920 5813 post
1950 5745 2081 5801 hanc
2100 5748 2362 5812 justorum
2399 5739 2623 5807 ﬂagella,
2647 5735 2737 5790 sed
2761 5734 3030 5799 desinunt,
3062 5749 3180 5789 cum
3208 5747 3252 5790 et
3283 5736 3386 5788 im-
