3938 6376
602 324 700 380 551

1860 338 2080 394 \‘lGlLll
2112 339 2182 392 TA

2266 339 2477 396 servsrs
3680 356 3749 413 δερ,

598 437 906 503 pedimenta
935 441 1174 497 materiae
1196 444 1495 501 lluctuantis
1518 458 1810 518 exponunt,
1836 460 2174 505 etauetorem
2203 454 2257 511 Α
2280 461 2373 504 cut
2400 452 2490 521 qui
2519 452 2715 522 ubique
2750 468 2854 509 non
2883 452 3070 511 deluit.
3101 456 3317 512 Jacebat
3342 467 3565 528 quantum
3592 462 3640 516 ad
3674 480 3750 520 car.

594 542 748 581 suum
803 532 1055 597 plenioris
1125 533 1488 605 intelligentia:
1553 542 1995 610 contemplatione
2063 541 2172 611 jam

544 652 547 657 -
596 630 833 687 eripiunt.

1164 718 1389 773 CAPUT
1420 721 1606 775 XXIV.

667 826 824 894 Ergo,
858 828 1053 899 inquis,
1098 844 1321 888 mortem
1352 835 1443 888 Dei
1483 834 1647 887 Filius
1680 843 1735 890 et
1772 835 1824 888 in
1857 835 2032 889 anima
2066 851 2170 890 non

596 918 833 987 pertulit,
866 928 920 974 et
949 922 1000 975 in
1032 926 1307 992 majestate
1330 940 1434 978 non
1458 925 1655 978 sensit?
1686 924 1823 991 Quid
1854 941 1980 995 ergo
2022 927 2171 981 dice-

526 1027 540 1043 ι
592 1006 687 1060 bas
710 996 827 1064 esse
850 1014 988 1080 quod
1014 1016 1271 1083 pertulit?
1293 1016 1471 1071 Sensit
1497 1031 1714 1085 prorsus
1737 1028 1789 1071 et
1816 1017 2047 1085 pertulit,
2077 1017 2172 1073 sed

592 1098 997 1167 participatione
1022 1106 1192 1159 morbi
1224 1106 1403 1170 alieni,
1430 1120 1534 1159 non
1564 1107 1886 1174 proprietate
1938 1106 2171 1162 vulneris

589 1188 689 1241 sui.
723 1189 895 1244 Sensit
924 1194 1060 1247 sicut
1089 1210 1276 1250 omnes
1300 1197 1557 1261 sentiunt,
1603 1197 1692 1266 qui
1724 1200 1981 1252 moriente
2010 1214 2170 1255 carne

588 1282 853 1335 mentibus
883 1284 1067 1339 vivunt
1103 1303 1247 1341 :non
1296 1288 1434 1342 sicut
1483 1289 1649 1358 impii,
1698 1292 1786 1359 qui
1840 1290 1892 1344 in
1947 1301 2173 1359 utraque

588 1386 617 1433 ι)
640 1380 756 1437 tne,
788 1372 939 1427 sicut
958 1375 1097 1437 idem
1128 1378 1224 1443 ait,
1260 1378 1517 1447 gehennaz
1570 1379 1777 1449 ignibus
1828 1381 2166 1435 occiduntur.

585 1462 807 1525 Quidam
842 1480 970 1520 sane
998 1482 1335 1523 communem
1374 1479 1598 1524 mortem
1652 1472 1810 1525 etiam
1857 1470 1958 1525 hoc
2013 1479 2167 1541 pacto

586 1551 870 1621 t'eliniunt;
896 1557 1135 1614 dicentes
1164 1560 1293 1614 nihil
1322 1561 1466 1615 aliud
1522 1562 1657 1615 lrarrc
1682 1578 1800 1617 esse
1840 1578 1998 1631 quam
2046 1579 2164 1617 cum

587 1644 917 1700 diversarum
943 1665 1121 1703 rerum
1153 1666 1414 1706 consensu
1444 1652 1601 1707 vitam
1656 1654 1980 1719 facientium,
2022 1656 2165 1710 velut

588 1752 680 1803 per
702 1737 981 1793 diss'dium
1004 1743 1265 1809 quoddam
1289 1743 1355 1797 ab
1381 1744 1603 1799 iuvit-em
1634 1744 1788 1798 fuerit
1809 1744 1941 1799 facta
1965 1745 2166 1800 di5ces-

582 1832 679 1882 sin.
714 1830 835 1883 llaec
867 1834 910 1885 si
940 1834 1167 1888 hominis
1201 1852 1345 1891 mors
1374 1847 1459 1891 est
1485 1854 1600 1906 quae
1629 1854 1731 1891 non
1756 1838 2159 1907 corrsumitjun-

583 1929 684 1981 cta,
714 1922 806 1973 sed
837 1922 1045 1991 dividit,
1075 1926 1197 1979 dum
1230 1927 1418 1997 origini
1442 1945 1550 1982 sum
1582 1938 1864 1998 utrumque
1896 1930 2157 1998 restituit,

586 2010 711 2078 quid
738 2012 804 2067 de
829 2002 1119 2072 Salvatnris
1140 2035 1279 2072 nunc
1306 2021 1479 2073 anima
1507 2020 1764 2085 dicemus,
1802 2037 1918 2090 qua:
1949 2030 2006 2075 ut
2053 2037 2156 2075 non

581 2102 753 2156 dicam
779 2115 993 2174 propter
1031 2109 1417 2166 inhabitantem
1472 2113 1828 2178 divinitatem,
1877 2115 2039 2185 356
2105 2124 2158 2170 et

581 2199 1073 2264 propterjustitiam
1104 2202 1622 2271 singularem,certe
1669 2214 1884 2273 propter
1915 2220 2151 2259 cominu-

582 2302 703 2340 nem
729 2290 987 2346 moriendi
1013 2302 1239 2364 sortem,
1270 2310 1464 2365 corpus
1506 2298 1595 2351 illo
1649 2297 1823 2351 triduo
1860 2298 1937 2352 sic
1991 2298 2159 2368 potuit

586 2377 858 2447 deserere,
890 2394 946 2439 ut
978 2385 1088 2453 ipsa
1122 2401 1224 2440 non
1256 2398 1439 2456 posset
1468 2390 1678 2458 penitus
1712 2389 1973 2445 interire?

646 2471 759 2527 Non
824 2490 973 2546 ergo,
1036 2478 1241 2546 inquis,
1286 2481 1423 2551 apud
1471 2482 1670 2536 inferos
1711 2468 1910 2537 Christi
1949 2484 2156 2549 anima,

580 2575 681 2615 non
723 2564 972 2621 divinitas
998 2567 1131 2623 l'u't?
1157 2569 1310 2640 Fuit,
1346 2572 1581 2641 inquam.
1631 2573 1813 2642 Neque
1838 2574 1977 2628 enirn
2003 2576 2159 2630 aliter

578 2669 694 2708 rum
724 2657 879 2711 video
911 2661 1145 2727 potuisse
1169 2664 1487 2719 resuscitare
1511 2680 1726 2719 carnem
1755 2682 1929 2731 suam,
1955 2667 1997 2721 si
2023 2671 2159 2735 apud

579 2748 775 2802 inferos
806 2750 1087 2817 pra-dicem
1122 2754 1265 2806 velut
1306 2755 1544 2810 absentis
1591 2755 1681 2809 Dei
1724 2771 1827 2809 non
1861 2756 2024 2811 fuisse
2067 2772 2159 2825 p0'

580 2854 661 2892 reri
690 2838 816 2891 iam.
851 2841 957 2896 Nec
984 2853 1159 2897 tamen
1196 2845 1311 2898 ideo
1341 2846 1563 2899 locaiem
1595 2861 1689 2900 nos
1722 2846 1813 2901 Dei
1842 2847 2026 2903 credat
2061 2849 2156 2902 ali-

581 2944 604 2997 ῃ
630 2930 692 2983 iis
718 2933 1007 2999 praedicare
1032 2938 1401 3003 praesentiam;
1426 2937 1492 2992 de
1526 2953 1631 3007 quo
1677 2938 1774 2992 ista
1807 2950 2023 3013 propter
2045 2956 2157 2993 ma-

2282 561 2402 598 nem
2440 557 2684 601 mortuus
2710 549 2759 600 in
2822 551 3090 617 sepulcro,
3146 562 3375 607 mortuos
3420 558 3682 613 resuscilaus
3716 563 3748 616 in

2279 633 2511 701 inferno,
2548 638 2704 689 vitam
2731 637 2975 693 tribuens
2997 641 3262 695 universis
3290 643 3338 695 in
3363 643 3488 697 cmlo
3518 659 3631 697 :non
3652 662 3749 701 mun-

2278 726 2403 779 dum
2427 728 2710 782 dimittens
2740 730 2805 782 ad
2836 732 3030 784 crelum
3058 733 3319 799 ascendit,
3350 750 3439 789 nec.
3464 735 3625 789 cmlum
3646 736 3749 797 dese-

2274 831 2400 872 rens
2430 818 2494 871 ad
2521 827 2715 872 terram
2747 820 2924 883 venit;
2958 821 3049 874 sed
3080 836 3185 874 uno
3215 832 3367 891 atque
3390 824 3556 877 eodem
3582 832 3748 891 tempore

2278 914 2443 958 totum
2471 916 2615 961 totus
2649 908 2909 976 implevit,
2937 912 3027 978 qui
3059 911 3251 964 alicubi
3282 914 3653 967 manifestatione
3669 929 3748 983 ope-

2276 1011 2391 1049 rum
2426 998 2542 1065 plus
2570 1013 2784 1067 parens,
2812 1002 3140 1069 agnitionem
3158 1005 3448 1072 praesentire
3474 1020 3567 1059 suae
3592 1005 3748 1073 indignis

2274 1088 2534 1156 negavit,
2567 1105 2674 1143 non
2728 1092 3004 1146 immensae
3066 1092 3277 1149 deitatis
3331 1095 3590 1151 absentiam
3624 1111 3747 1165 procn-

2276 1188 2438 1232 raivit.

2864 1250 3095 1307 CAPUT
3126 1252 3292 1307 XXV.

2344 1316 2437 1373 Vis
2478 1334 2637 1375 nosse
2658 1321 2726 1375 de
2753 1320 2852 1375 hac
2894 1323 3201 1377 mediatoris
3233 1333 3399 1378 morte
3429 1324 3541 1392 quid
3567 1330 3745 1385 sentiam?

2270 1405 2515 1461 Omnium
2547 1424 2665 1477 quae
2693 1424 2721 1462 a
2752 1425 2836 1463 me
2859 1410 2909 1463 iu
2928 1411 3292 1478 superioribus
3321 1411 3629 1467 incidentium
3651 1434 3744 1485 que-

2236 1481 2501 1550 °stiouum
2534 1499 2855 1553 necessitate
2884 1500 3126 1565 dispersi
3166 1510 3315 1564 sunt,
3350 1518 3548 1569 prorsus
3574 1505 3650 1558 ista
3671 1523 3743 1561 seu.

2270 1585 2441 1639 tentia
2462 1596 2575 1641 est:
2601 1604 2701 1656 qua
2734 1589 2897 1643 credo
2932 1602 3201 1645 mortuum
3233 1608 3353 1647 esse
3382 1594 3551 1647 Filium
3576 1596 3662 1661 Dei,
3682 1614 3744 1653 non

2268 1676 2567 1730 secundum
2599 1692 2808 1746 prauam
2834 1679 3107 1747 iujustitire
3135 1697 3293 1753 quam
3344 1698 3407 1738 ex
3460 1694 3555 1739 toto
3590 1702 3668 1741 non
3696 1689 3745 1741 ln-

2272 1764 2405 1832 buit,
2435 1767 2528 1820 sed
2552 1768 2842 1821 secunduu
2878 1769 3046 1837 legem
3079 1780 3283 1824 naturae
3321 1788 3471 1840 quam
3505 1791 3582 1839 pro
3601 1777 3743 1830 humani

2264 1856 2478 1922 generis
2509 1856 2878 1924 redemptione
2907 1860 3143 1927 suscepit
3176 1878 3187 1911 :
3222 1862 3311 1914 illa
3342 1874 3502 1917 morte
3528 1866 3580 1917 de
3605 1881 3678 1934 qua
3699 1867 3743 1920 di

2261 1946 2399 1999 citur
2432 1964 2445 2000 :
2483 1947 2612 2013 Quis
2642 1959 2714 2002 est
2744 1949 2893 2002 homo
2920 1952 3006 2019 qui
3034 1951 3177 2015 vivet,
3207 1962 3252 2006 et
3275 1970 3371 2007 non
3406 1956 3567 2007 ridebit
3603 1968 3741 2010 mortem

2263 2033 2436 2103 (Paul.
2464 2053 2722 2103 Lxxxrru,
2756 2038 2845 2106 49)
2875 2040 2897 2092 ?
2924 2055 3027 2092 non
3060 2040 3149 2094 illa
3184 2041 3252 2097 de
3303 2059 3401 2111 qua
3453 2044 3592 2097 Isaias
3633 2044 3741 2098 dcit:

2262 2121 2453 2177 Mortui
2496 2138 2663 2179 autem
2713 2130 2866 2181 vitam
2923 2147 3024 2184 non
3072 2131 3311 2186 videbunt
3350 2132 3494 2203 (Isai.
3531 2150 3641 2197 xxvi,
3678 2134 3741 2199 ll).

2266 2214 2357 2268 Illa
2390 2231 2507 2285 quae
2532 2218 2827 2271 secundum
2889 2230 3133 2274 naturam
3183 2223 3447 2291 generalis
3482 2233 3554 2276 est
3593 2223 3741 2281 cunctis.

2268 2324 2373 2363 non
2405 2309 2493 2363 illa
2526 2327 2642 2380 qua:
2668 2313 2913 2383 specialis
2938 2322 3020 2368 est
3050 2313 3223 2366 malis.
3275 2313 3518 2367 Putemus
3546 2328 3642 2381 ergo
3662 2312 3742 2365 hanc

2267 2414 2385 2455 esse
2416 2403 2809 2467 quodammodo
2841 2405 2942 2458 vim
2969 2418 3031 2457 ac
3060 2403 3357 2472 potentiam
3398 2403 3607 2461 seminis,
3628 2408 3742 2469 quaet

2267 2490 2441 2542 anima
2464 2491 2667 2544 animas
2717 2504 2931 2561 reparet
2980 2503 3086 2547 :et
3134 2506 3299 2546 carne
3320 2493 3539 2546 omnium
3586 2500 3741 2544 nostrum

2268 2595 2483 2635 carnem
2508 2581 2712 2649 judicio
2739 2583 3053 2638 imminente
3074 2583 3385 2649 resuscitet,
3410 2584 3523 2637 dum
3544 2594 3740 2650 perapera-

2269 2671 2463 2727 tionern
2491 2676 2716 2743 propria:
2742 2675 2956 2729 deitatis
2984 2684 3173 2745 cuncta
3191 2675 3553 2740 viviticans,ex
3577 2686 3657 2727 uno
3674 2683 3741 2723 sui»

2267 2762 2408 2829 ccpti
2444 2762 2677 2818 hominis
2719 2780 2907 2834 grano,
2936 2765 3385 2818 innumerabilem
3424 2764 3548 2818 Patri
3587 2759 3741 2815 redditu-

2263 2870 2354 2907 rus
2384 2866 2464 2909 est
2485 2871 2734 2910 messem.
2765 2856 2913 2910 Tunc
2943 2868 3291 2926 separaturus
3319 2867 3400 2912 est
3445 2872 3475 2909 a
3516 2852 3742 2910 zizarriisse-

2260 2954 2435 3013 getem
2464 2945 2673 3016 (Matth.
2698 2962 2810 3011 χιιι,
2834 2947 2951 3017 50),
2981 2962 3099 3001 cum
3118 2948 3278 3016 justis
3309 2948 3520 3017 cteperit
3542 2943 3741 3000 retribuere

584 3020 967 3077 uile-stationem
988 3028 1120 3080 cerri
1139 3029 1317 3094 operis
1340 3029 1586 3093 dicimus,
1608 3031 1726 3098 quia
1751 3030 1945 3084 alicubi
1964 3031 2057 3085 fuit
2087 3032 2161 3087 si-
2187 3026 2235 3089 C
2268 3036 2591 3090 mercedem.

586 3134 916 3149 ———

3377 3147 3733 3163 _____._.

589 3166 3729 3192 ___________________——______________,

1349 3235 2021 3409 manu
2101 3210 3086 3361 TAPSENSIS

572 3464 629 3511 τδ
685 3431 1253 3578 CONTRA
1322 3433 2170 3552 MARIVADUM
2234 3435 2863 3549 ARIANUM
2930 3435 3666 3571 DIAGONUM,

1453 3612 1573 3665 SUB
1596 3613 1840 3665 NOMINE
1861 3614 2053 3664 lDAClI
2081 3613 2265 3663 CLABI
2291 3612 2539 3663 CONTRA
2564 3612 2946 3662 νΑιιιιιΑυυιι
2964 3651 2981 3672 ,

1901 3704 2166 3804 LI'BRI
2216 3728 2500 3804 TBES.

1975 3904 2415 3968 PRJEFATIO.

649 4018 807 4095 357
834 4022 1060 4087 Dudum,
1092 4022 1422 4079 dilectissimi
1446 4022 1657 4091 fratres,
1685 4026 1737 4080 in
1762 4024 2000 4095 Neapoli,
2030 4026 2159 4080 urbe

581 4114 885 4183 Campani-.1:
915 4116 1239 4170 constitutus
1262 4157 1277 4181 ,
1330 4116 1607 4185 cujusdam
1642 4116 1908 4170 Varirnadi
1951 4118 2162 4170 Arianae

580 4217 735 4260 sectm
750 4207 958 4260 diaconi
976 4207 1453 4277 propositionibus,
1473 4224 1498 4261 a
1516 4209 1744 4278 quodam
1762 4210 1999 4262 stur'ioso
2012 4223 2072 4262 ac
2088 4224 2164 4261 re-

581 4296 926 4365 ligiosi~simo
947 4297 1061 4350 viro
1085 4297 1213 4350 mihi
1234 4298 1447 4363 oblatis,
1465 4300 1667 4353 rustico
1682 4299 1896 4368 quidem
1916 4312 2164 4358 serr'npne

2265 4022 2426 4077 fuerit
2458 4023 2579 4093 igne
2609 4006 3007 4093 consumptum,
3037 4038 3257 4079 necesse
3306 4034 3391 4080 est
3429 4034 3482 4079 ιιι
3521 4025 3563 4078 in
3596 4034 3665 4074 suo
3692 4029 3745 4083 p1-

2267 4117 2467 4171 tiautur
2498 4134 2662 4186 opere
2704 4119 3085 4174 detrimentum
3117 4139 3128 4173 :
3160 4125 3287 4189 quia
3316 4112 3571 4175 difﬁcilius
3602 4116 3744 4186 pisum

2270 4207 2576 4276 lrujusmo-li
2606 4227 2635 4264 a
2670 4211 2820 4280 pravi
2853 4212 3113 4281 dogmatis
3138 4209 3299 4266 curs'u
3343 4213 3504 4268 averti
3534 4222 3575 4265 et
3603 4204 3746 4261 meliori

2269 4301 2466 4355 sectari
2504 4319 2517 4355 :
2560 4303 2815 4368 quoniam
2856 4313 3059 4357 tantum
3097 4305 3193 4358 sibi
3239 4304 3309 4359 de
3348 4306 3528 4370 spiritu
3571 4298 3746 4352 auxerunt

582 4388 941 4454 respondens,
990 4389 1041 4440 in
1084 4403 1189 4440 uno
1218 4403 1445 4456 corpore
1475 4391 1635 4443 simul
1666 4391 1731 4444 de
1760 4390 1957 4444 unitate
1987 4388 2165 4444 Trini-
2193 4427 2246 4487 Β
2271 4393 2701 4461 prmsumptionis
2729 4394 3027 4459 audaciam,
3062 4406 3115 4449 ut
3144 4395 3207 4448 ad
3242 4396 3515 4449 veritatem
3546 4389 3641 4445 ﬁdei
3665 4398 3744 4438 Παῦε

586 4476 709 4528 tatis
741 4476 949 4529 libellos
980 4476 1202 4544 digessi.
1228 4477 1329 4531 Sed
1353 4480 1471 4544 quia
1499 4494 1639 4533 nunc
1665 4481 2049 4548 comperimus,
2074 4496 2167 4535 eos

585 4581 618 4618 ιι
645 4565 717 4618 hil
749 4565 887 4619 velle
912 4566 1011 4618 sibi
1044 4567 1264 4633 privatis
1293 4568 1467 4621 verbis
1488 4569 1705 4637 opponi,
1729 4571 1831 4624 sed
1854 4570 2020 4639 magis
2047 4587 2168 4639 pro-

583 4644 881 4726 positiones
911 4673 1034 4711 suas
1077 4658 1384 4713 desiderant
1419 4662 1844 4715 testimoniorum
1887 4664 2166 4719 virtutibus

584 4748 900 4816 oppugnari,
930 4749 1290 4804 mediocribus
1341 4759 1396 4805 et
1435 4750 1631 4819 ingenii
1683 4752 2004 4806 tardioribus
2034 4770 2164 4807 con-

584 4845 845 4907 sulentes,
882 4845 952 4897 ita
992 4854 1177 4899 sancto
1208 4860 1308 4899 nos
1351 4846 1553 4915 Spiritu
1587 4846 1893 4915 adjuvante,
1936 4862 2162 4915 respon-

585 4939 791 4991 sionem
824 4947 1061 4991 nostram
1092 4938 1355 4991 universis
1386 4954 1568 4993 eorum
1594 4940 1987 5008 ohjectiurribus
2016 4941 2165 4995 testi-

586 5030 890 5085 monialitcr
920 5030 1306 5097 cooptavimus,
1333 5041 1386 5083 ut
1414 5031 1458 5085 is
1489 5033 1576 5098 qui
1608 5033 1817 5101 legerit,
1855 5049 1958 5086 non
1986 5033 2161 5097 nudis,

585 5137 644 5181 ut
668 5127 839 5181 solent
878 5125 1137 5193 obiicere,
1165 5125 1362 5194 verbis,
1396 5126 1491 5180 sed
1525 5126 1779 5196 legalibus
1807 5127 1979 5181 valeat
2005 5126 2168 5181 refel-

583 5222 693 5274 lere
736 5216 1104 5282 documentis;
1140 5226 1197 5271 ut
1229 5217 1372 5270 omni
1407 5233 1476 5271 ex
1502 5226 1651 5285 parte
1682 5218 1909 5271 convicti
1940 5216 2169 5270 confult-

583 5312 798 5374 (ΙςιιιιιιΓ,
840 5319 891 5362 et
934 5308 997 5362 ad
1043 5308 1263 5362 nihilum
1309 5307 1619 5377 redigantur
1658 5307 1745 5376 qui
1789 5322 1947 5374 super
1976 5306 2167 5359 funda-

586 5412 821 5456 rrrenturn
854 5401 1227 5469 prOphetarum
1254 5412 1303 5455 et
1339 5402 1703 5465 aposrolorum
1736 5401 2005 5468 dogmata,
2042 5399 2164 5452 talia

588 5493 838 5561 ligmeuta
870 5501 1185 5545 construere
1215 5490 1530 5543 moliuntur.
1552 5490 1699 5555 Quod
1723 5489 2163 5559 acdilicium,quia

588 5596 695 5634 non
743 5595 874 5634 auro
904 5591 957 5635 et
986 5589 1230 5648 argento,
1265 5594 1435 5647 neque
1467 5578 1725 5645 lapidibus
1754 5580 2020 5646 pretiosis,
2068 5577 2162 5632 sed

593 5673 735 5740 ligno
786 5671 1013 5741 ferioque
1061 5684 1113 5725 et
1163 5671 1375 5738 stipula:
1419 5670 1804 5738 comparatur?
1834 5671 1962 5723 Cum
2009 5672 2161 5737 juxta

596 5763 844 5831 Apostoli
875 5762 1072 5817 dictum
1110 5762 1157 5831 (I
1194 5760 1312 5816 Cor.
1344 5778 1417 5824 ιιι,
1458 5764 1539 5831 lTr)
1578 5761 1625 5814 in
1675 5762 1835 5832 358
1863 5762 2047 5817 ultimo
2080 5762 2163 5816 die

2274 4497 2430 4549 quam
2460 4484 2678 4537 onrnino
2712 4485 3051 4552 perveniant.
3104 4484 3335 4538 Possunt
3381 4488 3514 4539 enim
3553 4482 3747 4533 car‘tatem

2275 4570 2625 4644 fraternitatis
2658 4572 2889 4639 assequi,
2928 4582 2979 4626 et
3016 4574 3182 4631 ﬁdem,
3204 4589 3329 4627 cum
3362 4571 3611 4628 catholicis
3634 4574 3750 4619 terrere

2274 4662 2585 4729 perlectam,
2610 4663 2653 4715 si
2676 4663 2740 4715 de
2760 4663 2924 4717 Solius
2944 4665 3029 4718 Dei
3066 4666 3323 4733 potentia,
3349 4674 3404 4719 et
3435 4680 3529 4717 non
3557 4662 3610 4713 de
3631 4653 3751 4710 inlide-

2275 4751 2401 4805 lium
2427 4768 2609 4821 regum
2632 4753 2734 4807 sibi
2757 4754 3112 4823 gloriarentur
3132 4757 3403 4825 superbia.
3424 4758 3485 4809 lis
3502 4754 3633 4824 igitur
3647 4754 3753 4801 cum:

2272 4843 2649 4898 defensoribus
2666 4846 2945 4899 catholica:
2964 4846 3083 4899 ﬁdei
3105 4848 3370 4915 cceperiut
3385 4852 3498 4915 jure
3518 4831 3751 4899 constringi.

2271 4944 2324 4988 et
2357 4934 2557 4988 nullum
2591 4934 2687 4988 sibi
2721 4935 3142 5004 subterfugiendi
3184 4938 3359 4991 locum
3390 4937 3597 4991 viderint
3624 4924 3753 4984 suifra-

2269 5027 2418 5096 gari,
2468 5029 2730 5082 versutias
2774 5028 3029 5096 quasdam
3071 5029 3305 5082 inanium
3360 5030 3619 5083 verborum
3655 5017 3755 5072 soliia

2273 5116 2574 5171 temeritate
2607 5134 2709 5171 non
2730 5118 3182 5171 desiuuutcalliila
3207 5118 3499 5172 subtilitate
3516 5116 3755 5201 contexere;

2269 5202 2519 5265 dicentes
2550 5211 2691 5279 quod
2737 5225 2797 5262 ea
2828 5226 2946 5278 qua:
2992 5209 3246 5263 Dominus
3296 5208 3534 5263 Salvator
3569 5208 3707 5257 noster
3726 5207 3757 5243 ιιι

2271 5300 2581 5369 Evangeliis
2613 5300 2679 5354 de
2708 5314 2801 5352 sua
2828 5300 3101 5353 divinitate
3149 5300 3356 5354 locutus
3399 5309 3498 5364 est,
3535 5293 3757 5382 divinarum

2271 5391 2461 5445 relicto
2494 5392 2705 5444 traruitc
2738 5390 3066 5455 litterarum;
3098 5380 3417 5460 quibusdam
3450 5380 3760 5452 interprelalio'

2271 5483 2427 5537 nibus
2458 5485 2706 5537 universa
2738 5484 2802 5535 ad
2836 5483 3012 5537 carnis
3039 5481 3390 5537 substantiam
3417 5478 3652 5537 referunt;
3676 5467 3760 5522 dum

2270 5575 2368 5644 ipsi
2396 5575 2572 5642 potius
2604 5573 2655 5626 in
2685 5588 2748 5627 eo
2776 5575 2893 5641 ipso
2923 5572 3059 5641 quod
3085 5572 3215 5627 dixit
3238 5590 3249 5623 :
3273 5571 3434 5625 Pater
3458 5569 3609 5635 major
3633 5576 3696 5615 me
3710 5560 3763 5608 est

2268 5665 2445 5737 (Joarr.
2478 5680 2585 5731 xlv,
2617 5663 2734 5732 ‘28).
2788 5647 2872 5729 Et,
2913 5664 3027 5732 Ipse
3053 5678 3138 5718 me
3167 5663 3329 5715 misit.
3364 5661 3447 5725 Et,
3473 5658 3575 5713 Non
3599 5648 3688 5706 veni
3711 5646 3761 5695 ί]-

2269 5775 2391 5816 cere
2415 5761 2740 5815 voluntatem
2775 5773 2967 5827 meam,
3002 5757 3097 5812 sed
3136 5757 3456 5811 volunt-rtem
3486 5751 3588 5818 cius
3624 5744 3764 5809 (ιυίιηθ
