3938 6376
139 380 232 439 ὄῖιό

1210 368 1483 427 CONTRA
1526 362 1943 422 VARIMADUM
1982 361 2178 417 LIBER
2219 363 2259 416 I~.

3257 370 3365 423 εει

136 490 266 547 misit
294 487 473 561 (Joan.
504 503 578 555 vt,
601 486 713 557 38).
769 486 853 553 Et,
894 472 1152 541 Transeat
1188 500 1219 538 a
1264 499 1347 538 me
1390 482 1527 537 calix
1561 481 1689 544 ISlc;
1722 482 1771 540 Α
1802 476 1961 545 igitur
1984 476 2092 544 jam
2124 476 2263 529 dicta
2291 473 2692 543 ponendasunt,
2713 489 2829 544 qum
2854 474 2952 544 ipsi
2976 476 3234 533 adversus
3257 484 3375 535 uni-

137 599 230 640 non
253 581 392 636 sicut
418 594 517 649 ego
543 580 685 646 volo,
719 579 810 634 sed
841 580 981 633 sicut
1007 590 1058 632 ιιι
1092 576 1243 648 (Luc.
1275 591 1403 638 χιιι,
1433 574 1524 643 Ω)
1548 590 1562 638 ;
1590 588 1695 626 non

136 674 185 728 in
211 673 378 725 forma
407 669 548 724 servi
598 670 651 723 in
691 684 791 738 qua
818 671 975 723 homo
995 678 1103 732 est,
1134 675 1381 721 astruunt
1406 680 1527 720 eum
1552 664 1697 717 Patri

135 766 321 837 aequari
350 780 454 820 non
480 779 662 832 posse,
695 764 786 818 sed
819 764 870 817 in
901 771 1083 816 natura
1113 776 1215 829 qua
1249 761 1390 813 Deus
1410 768 1529 819 est;
1562 757 1696 811 infe-

134 858 280 913 rioris
309 857 375 910 ab
405 855 590 909 eodem
616 855 859 923 judicant
889 868 1006 908 esse
1034 853 1371 907 substantiae.
1403 848 1555 915 Quod
1594 846 1698 901 uti-

132 964 224 1020 que
252 962 362 1002 non
393 948 652 1011 dicerent,
677 947 724 1000 si
767 946 1012 1001 eumdem
1048 944 1257 1008 Filium,
1292 944 1456 996 Deum
1488 954 1692 1004 verum,

131 1040 190 1095 de
208 1040 317 1095 Deo
350 1054 477 1093 vero
505 1038 743 1108 genitum
783 1038 1043 1091 catholice
1086 1034 1465 1088 credidissent.
1498 1031 1692 1084 Natura

130 1132 283 1201 igitur
304 1131 395 1184 Dei
418 1144 515 1183 nec
543 1140 784 1197 augetur,
800 1125 1081 1196 singularis
1103 1126 1152 1178 in
1172 1124 1371 1177 unitate
1401 1119 1692 1220 manendo;

128 1236 217 1276 nec
246 1221 504 1274 minuitur
525 1218 591 1274 de
619 1234 675 1272 se
706 1218 899 1272 Filium
920 1215 1254 1286 generando;
1290 1223 1342 1267 ct
1364 1226 1585 1265 manens
1608 1215 1695 1277 ju-

127 1316 253 1385 giter
290 1314 340 1366 in
365 1312 652 1380 semetipsa
704 1311 935 1378 perfecta
979 1310 1251 1372 divinitas,
1306 1306 1555 1374 idemque
1592 1304 1697 1358 erit

126 1405 279 1459 etiam
312 1404 362 1456 in
392 1412 727 1471 perpetuunt,
758 1401 900 1470 quod
931 1401 998 1453 ab
1040 1399 1193 1453 initio
1230 1407 1364 1462 erat,
1406 1404 1690 1464 antequam

124 1497 315 1553 caelum
343 1506 396 1551 et
424 1505 641 1562 terrain,
681 1503 734 1549 et
778 1495 957 1548 omnia
988 1495 1252 1548 elementa
1285 1492 1510 1561 legimus
1542 1504 1694 1544 acce-

126 1586 260 1656 pisse
290 1587 631 1655 principium.
681 1585 833 1640 Nune
873 1587 1050 1654 itaque
1078 1584 1296 1639 omissis
1325 1582 1610 1651 superﬂuis
1640 1590 1694 1636 et

124 1678 410 1733 inconditis
433 1677 629 1742 verbis,
643 1691 759 1745 quas
776 1676 842 1732 ab
859 1677 937 1731 eis
955 1679 1005 1730 in
1024 1674 1424 1731 subversionem
1453 1672 1692 1728 iidelium

121 1771 479 1841 proferuntur,
513 1770 579 1824 ad
610 1785 670 1825 ea
705 1784 846 1825 nunc
893 1768 1184 1825 refellenda
1232 1782 1535 1837 pergamus,
1569 1779 1683 1834 qua:

1803 577 1965 621 tatem
2015 568 2288 622 Trinitatis
2318 569 2573 623 audacter
2612 582 2675 622 ac
2707 578 2910 623 temere
2953 580 3264 637 posuerunt,
3316 582 3376 628 ut

1800 660 2120 713 testimoniis
2162 662 2459 715 testimonFa
2492 672 2880 730 consequenter
2908 664 3165 728 adhibita,
3207 669 3374 733 perfi-

1799 748 1987 811 dorum
2038 751 2251 804 tandem
2298 754 2545 820 superbia
2596 758 2999 823 comprimatur.
3050 756 3249 811 Potens
3292 768 3376 813 est

1798 850 1977 894 autem
2010 840 2295 895 ineﬂ‘abilts
2326 844 2489 914 359
2513 846 2770 913 Trinitas,
2812 856 2877 899 ut
2913 847 2997 900 illa
3038 864 3155 915 qum
3194 850 3261 903 ad
3291 852 3373 904 sui

1802 930 2158 983 venerationis
2189 931 2391 984 cultum
2427 936 2695 1001 pertinent
2722 936 3044 1001 testimonia,
3073 938 3372 993 cultoribus

1797 1018 1909 1072 suis
1932 1034 2036 1072 non
2055 1020 2225 1073 solum
2242 1021 2311 1073 de
2340 1021 2486 1076 Vetei
2503 1024 2541 1087 i,
2564 1025 2656 1079 sed
2682 1027 2841 1079 etiam
2866 1026 2931 1080 de
2953 1027 3101 1079 Novo
3126 1020 3373 1096 procuret
3450 1052 3463 1066 ν

1798 1109 2160 1177 Testamento,
2196 1114 2386 1181 quibus
2418 1117 2616 1169 veritas
2651 1118 2927 1172 catltolicm
2962 1120 3080 1174 fidei
3127 1138 3372 1191 compro-

1798 1200 1975 1265 betur,
2010 1212 2062 1256 et
2093 1201 2410 1257 Arianorum
2460 1206 2660 1260 falsitas
2704 1209 3029 1264 destruatur.
3060 1212 3135 1267 Te
3165 1228 3373 1283 quoque

1797 1291 1966 1345 lector
1992 1292 2256 1347 admoneo
2285 1305 2341 1347 ut
2363 1299 2540 1349 omnia
2573 1294 2911 1367 documenta,
2943 1318 3060 1371 quae
3091 1306 3371 1361 adversum

1798 1381 1935 1437 hanc.
1967 1383 2208 1437 Ittcresim
2253 1399 2320 1439 ex
2358 1387 2554 1439 divinis
2593 1400 2842 1457 congesta
2885 1404 3009 1445 sunt
3049 1395 3368 1463 Scripturis,

1795 1472 1971 1541 sagaci
2005 1484 2179 1527 mente
2210 1476 2515 1544 perquiras;
2542 1477 2627 1530 illa
2653 1482 2918 1545 prmeipue
2948 1498 3067 1549 «piae
3099 1484 3165 1537 de
3193 1486 3368 1551 Patre,

1794 1570 1849 1615 et
1872 1560 2007 1614 Filio
2034 1573 2086 1615 et
2114 1564 2312 1631 Spiritu
2342 1576 2549 1632 sancto,
2567 1568 2767 1620 trifaria
2795 1570 3170 1637 conjunctione
3190 1576 3239 1627 iu
3266 1575 3369 1629 fine

1798 1652 1959 1721 hujus
1990 1654 2167 1721 operis
2207 1664 2330 1708 sunt
2362 1656 2553 1723 posita,
2594 1657 2775 1711 stibrie
2804 1668 2857 1712 et
2887 1661 3165 1727 vigilanter
3198 1665 3366 1734 inspi-
3430 1684 3435 1689 ν

1794 1743 1946 1795 cias:
1978 1743 2126 1795 etiis
2158 1743 2505 1811 proculdubio
2554 1745 2749 1811 Patris,
2789 1760 2843 1801 et
2885 1747 2999 1801 Filii
3046 1762 3099 1804 et
3144 1752 3372 1821 Spiritus

118 1834 178 1916 ex
204 1856 425 1915 illorum
454 1860 786 1915 infidelitatis
817 1859 1100 1923 industria,
1133 1860 1183 1912 iu
1218 1872 1404 1912 necem
1435 1856 1691 1910 innocen—

1803 1834 1990 1894 saneti.
2038 1848 2195 1886 unam
2244 1834 2595 1905 eamdemque
2628 1837 3057 1906 inst-parabilem,
3091 1850 3144 1895 et
3178 1857 3369 1911 perpe-

119 1951 240 2005 tium
296 1951 593 2005 animarum
645 1953 815 2020 posita
867 1964 990 2006 esse
1033 1951 1422 2020 cognoscimus.
1475 1948 1689 2001 Illorum

120 2069 411 2087 ———-

1446 2063 1736 2074 .—__——

1800 1934 1941 1979 tuam
1965 1924 2244 1981 doceberis
2270 1941 2391 1981 esse
2406 1928 2784 1983 substantiam.

1760 2061 3371 2090 -——-—-—_——_————~

1298 2117 1639 2221 LIBER
1692 2113 2174 2196 PRIMUS.

1206 2248 1343 2295 QUOD
1375 2245 1541 2285 FILIIJS
1567 2243 1647 2281 SIT
1678 2240 1809 2278 υΝυε
1839 2240 1966 2279 IIl-llis
1991 2242 2094 2280 CUI
2128 2243 2315 2282 PATRB.

627 2367 849 2423 CAPUT
892 2366 1172 2423 PRIMUM.

715 2458 791 2512 De
821 2459 1089 2513 Trittitate.

181 2552 241 2607 Si
276 2552 546 2605 dixerint:
572 2567 690 2617 quae
716 2551 893 2605 unitas
922 2551 1199 2605 Trinitatis
1225 2551 1419 2604 divinis
1441 2550 1691 2606 lectioni-

112 2640 215 2695 lius
253 2643 451 2709 poterit
478 2642 712 2707 edoceri,
744 2655 865 2694 cum
910 2656 1081 2709 neque
1130 2649 1237 2695 tres
1287 2656 1473 2708 unum,
1523 2657 1695 2712 neque

111 2747 254 2786 onus
284 2735 333 2784 iu
364 2734 531 2785 tribus
561 2734 723 2800 possit
758 2732 973 2801 proprie
1009 2733 1292 2803 approbari
1322 2734 1344 2787 ?

187 2822 494 2890 Responsio.
544 2823 677 2875 Audi
720 2824 914 2891 itaque,
942 2832 997 2877 et
1036 2839 1101 2877 ex
1131 2823 1194 2878 iis
1226 2825 1543 2880 testimoniis
1572 2827 1691 2880 uni-

117 2918 285 2963 tatem
316 2910 591 2965 Trinitatis
620 2926 874 2977 agnosce,
920 2921 973 2967 et
1008 2912 1192 2968 desine
1218 2914 1535 2969 Arianorum
1568 2933 1691 2984 pra-

115 2999 337 3050 vitalem
360 2999 531 3067 sequi,
562 3010 617 3054 ut
638 3001 704 3054 ah
733 3000 920 3055 eadem
952 3002 1125 3071 possis
1158 3013 1494 3073 peccatorum
1518 3006 1693 3061 indul-

114 3085 352 3153 gentiam
409 3090 720 3155 promereri,
772 3090 904 3145 Isaia
961 3092 1217 3161 propheta
1269 3094 1526 3149 dicente:
1571 3098 1689 3152 Vidi

1795 2362 1972 2415 denuo
2002 2360 2171 2413 dixit:
2205 2361 2463 2415 Dominus
2512 2362 2648 2417 Deus
2689 2363 2944 2430 Sabaoth,
2998 2366 3135 2421 Deus
3185 2369 3369 2439 Israel,

1796 2450 1883 2517 qui
1914 2448 2072 2503 sedes
2098 2464 2261 2518 super
2289 2450 2570 2505 cherubim
2595 2450 2750 2523 (Isai.
2784 2471 2984 2523 xxxv",
3021 2460 3148 2527 i6)?
3178 2462 3230 2515 Si
3258 2466 3372 2518 uni-

1797 2546 1877 2589 tas
1902 2552 2007 2590 non
2037 2547 2139 2601 est,
2170 2552 2334 2604 quare
2375 2540 2463 2608 qui
2492 2542 2633 2593 sedes
2674 2542 2829 2611 dixit,
2858 2555 2906 2598 et
2934 2562 3039 2599 non
3070 2553 3156 2617 qui
3190 2540 3372 2608 sedetis

1797 2626 2049 2679 astruxit.
2084 2625 2138 2681 Si
2166 2626 2398 2681 Trinitas
2432 2643 2534 2681 non
2563 2638 2663 2694 est,
2714 2647 2881 2701 quare
2921 2636 2970 2688 in
3007 2637 3206 2707 Regum
3237 2642 3368 2697 dici-

1800 2720 1882 2765 tur
1909 2731 1921 2767 :
1949 2713 2170 2769 Domine
2188 2715 2331 2770 Deus
2356 2718 2716 2786 omnipotens,
2736 2722 2871 2777 Deus
2892 2724 3070 2790 israel,
3096 2744 3376 2788 sermones

1799 2807 1870 2858 tui
1904 2806 2085 2861 fideles
2111 2804 2268 2861 sunt?
2298 2809 2351 2863 Si
2386 2810 2556 2865 unitas
2585 2830 2687 2867 non
2720 2826 2820 2881 est,
2854 2834 3019 2887 quare
3057 2824 3133 2875 tui
3156 2824 3372 2895 dicitur,

1796 2905 1851 2949 et
1892 2910 1994 2950 non
2024 2900 2174 2951 restri
2202 2901 2373 2968 potius
2417 2902 2736 2961 intimatur?
2768 2908 2822 2964 Si
2863 2910 3094 2967 Trinitas
3136 2931 3239 2970 non
3273 2928 3374 2983 est,

1800 2988 1975 3049 curia
2010 2990 2213 3056 psalmo
2244 2993 2679 3063 quianagesimo
2700 3009 2888 3056 octavo
2917 3003 3090 3073 (Vera.
3133 3006 3189 3075 6)
3230 3011 3373 3063 cani-

1803 3082 1907 3140 tur,
1946 3075 2166 3132 Domine
2204 3079 2339 3135 Deus
2374 3083 2651 3152 virtutum,
2678 3087 2819 3144 Deus
2842 3092 3023 3161 Israel,
3059 3098 3271 3153 intende
3310 3103 3376 3156 ad

118 3174 405 3229 Dominum
438 3177 670 3232 Sabaoth
717 3180 990 3235 sedentem
1022 3197 1185 3251 super
1227 3183 1477 3240 thronum
1508 3190 1686 3245 exccl-
1718 3212 1764 3275 ρ
1793 3167 2093 3275 Ῡξξίωξδτξξ
2123 3178 2322 3275 “fines-
2359 3178 2581 3275 Κθηίίξδῗ
2711 3183 2885 3237 υ¹¹ίίτ¹⁸
2927 3200 3029 3238 η⁰¹¹
3063 3198 3165 3255 es”
3211 3208 3377 3259 (1⁸⁸³Γο

117 3276 261 3329 sum,
293 3275 347 3319 ct
374 3267 655 3337 Seraphim
693 3270 903 3325 stabant
936 3270 989 3326 in
1020 3273 1248 3327 circuitu
1281 3278 1394 3343 ejus
1422 3295 1433 3328 :
1466 3293 1558 3333 sex
1591 3280 1691 3334 ala:

119 3363 209 3406 unt
241 3365 295 3409 et
324 3369 416 3409 sex
449 3357 544 3411 alte
575 3359 729 3412 alteri
757 3378 769 3411 :
802 3360 1007 3413 duabus
1037 3362 1283 3416 velabant
1325 3364 1533 3431 faciem,
1565 3368 1697 3423 dna-

121 3443 221 3495 bus
247 3452 429 3498 autem
453 3446 702 3501 velabant
725 3448 909 3516 pedes.
934 3458 989 3503 et
1012 3451 1215 3506 duabus
1238 3455 1507 3521 volabant,
1526 3460 1699 3513 etcla-

117 3532 343 3586 mabant
363 3533 676 3589 alterutrum
710 3538 987 3593 dicentes:
1018 3540 1268 3607 Sanctus,
1300 3556 1539 3606 sanctus,
1573 3562 1699 3601 sau-

117 3631 237 3675 ctus
272 3623 533 3678 Dominus
566 3627 702 3681 Deus
731 3627 892 3697 360
920 3628 1152 3682 Sabaoth
1193 3629 1342 3701 (Isai.
1373 3632 1470 3703 νι).
1500 3637 1553 3688 Si
1584 3637 1701 3689 Tri-

117 3715 267 3767 nitas
290 3729 397 3767 non
437 3726 539 3781 εει,
572 3732 737 3785 quare
780 3720 940 3773 tertio
970 3730 1182 3775 santtus
1213 3721 1497 3776 dixerunt?
1525 3730 1626 3780 Aut
1656 3729 1698 3781 si

116 3805 300 3859 unitas
344 3822 447 3861 non
490 3815 592 3873 est,
644 3825 812 3879 quare
856 3810 957 3865 sub
1000 3814 1133 3867 trina
1180 3818 1498 3883 repetitione
1539 3838 1697 3874 unum

118 3892 293 3948 Deum
321 3911 382 3950 ac
412 3897 693 3953 Dominum
728 3902 1083 3956 intimarunt?
1109 3906 1163 3960 Si
1194 3907 1429 3962 Trinitas
1461 3928 1563 3965 non
1596 3923 1697 3979 est,

116 4000 218 4040 tur
246 3988 302 4040 in
329 3989 599 4044 Geneseos
629 3994 825 4047 dicitur
854 4013 864 4046 :
897 3995 1041 4049 Dixit
1082 3998 1239 4063 Deus,
1270 4000 1389 4055 fecit
1421 4002 1579 4069 Dens,
1610 4006 1699 4061 be-

115 4074 330 4128 nedixit
350 4077 488 4129 Deus
522 4079 673 4143 (Gen.
701 4084 777 4149 t)?
807 4084 861 4137 Si
896 4086 1069 4138 nnitas
1103 4103 1204 4140 non
1232 4102 1330 4153 est,
1357 4108 1521 4159 quare
1547 4098 1702 4151 tertio

115 4162 271 4215 Deus
301 4163 459 4230 dixit,
492 4175 544 4217 et
575 4183 678 4221 non
708 4169 827 4223 deos
869 4173 1061 4238 plurali
1095 4192 1317 4231 numero
1359 4185 1704 4238 commenda-

116 4253 197 4306 vit
218 4252 244 4303 ?
279 4251 335 4306 Si
364 4252 595 4308 Trinitas
626 4273 733 4310 non
761 4268 860 4323 est,
898 4276 1061 4329 quare
1094 4265 1144 4317 in
1178 4266 1362 4320 Exodo
1391 4269 1598 4332 dictum
1623 4285 1706 4328 est

114 4343 309 4406 tertio,
332 4344 571 4407 Domine,
604 4347 826 4403 Domine
854 4350 992 4403 Deus
1023 4353 1305 4408 miserator
1322 4366 1375 4410 ct
1400 4359 1705 4418 misericors

118 4431 326 4503 (Exod.
362 4443 542 4500 XXXIV,
581 4436 671 4506 Ii)?
704 4438 755 4491 Si
803 4441 975 4493 unitas
1005 4457 1107 4495 non
1141 4453 1241 4508 est,
1276 4462 1440 4512 quare
1469 4447 1591 4502 dum
1623 4460 1705 4507 ter

126 4523 360 4577 Domine
387 4524 608 4588 diceret,
637 4540 817 4593 antca
860 4530 1147 4586 misericors
1192 4537 1541 4603 singulariter
1570 4540 1700 4596 dicit

116 4622 173 4669 et
216 4629 329 4667 non
373 4616 709 4680 miseratores,
747 4626 800 4670 ut
825 4619 1002 4687 plures
1029 4624 1358 4687 ostenderet.
1394 4627 1701 4686 intimat'it?

126 4703 184 4758 Si
216 4705 456 4757 Trinitas
482 4721 584 4757 non
616 4718 718 4774 est,
752 4725 847 4761 cur
878 4711 1141 4764 Abraham
1171 4714 1234 4766 ad
1268 4716 1438 4769 ilicem
1468 4718 1704 4777 llfainbre

123 4806 315 4865 aperte
344 4797 547 4850 sedenti
588 4800 756 4853 trilius
797 4817 1102 4869 occurrens,
1157 4807 1244 4858 ttni
1291 4807 1505 4861 Domine
1552 4810 1703 4879 dicit,

122 4898 174 4939 et
203 4902 312 4941 non
343 4897 401 4941 ut
434 4890 635 4942 viderat
665 4892 835 4944 tribus
864 4896 1203 4949 salutationis
1234 4897 1546 4969 obsequium
1584 4905 1706 4958 rcd—

122 4976 256 5029 didit
307 4975 463 5041 (Gen.
513 4980 707 5031 XVIIL?
757 4980 810 5034 Si
858 4984 1029 5036 unitas
1073 4998 1176 5037 non
1221 4996 1321 5050 εει,
1368 5006 1531 5056 quare
1580 5008 1704 5050 cum

124 5066 316 5135 Moysi,
353 5066 492 5121 Deus
522 5069 810 5133 Abraham,
843 5081 897 5124 et
929 5071 1068 5125 Deus
1091 5073 1257 5139 Isaac,
1291 5086 1345 5130 ct
1377 5080 1515 5135 Dt-ns
1538 5082 1706 5141 Jaeob

124 5159 282 5209 tertio
315 5156 607 5224 diceretur,
636 5160 891 5213 unitatem
912 5163 1221 5229 ostendens,
1249 5166 1343 5218 hoc
1373 5171 1499 5222 milii
1523 5188 1705 5228 nomen

119 5258 214 5309 est,
262 5247 399 5299 dixit
446 5246 636 5317 (Exod.
684 5264 761 5312 ιιι,
817 5250 908 5319 15)
948 5267 962 5305 :
996 5263 1047 5306 et
1076 5268 1178 5306 non
1208 5255 1313 5306 lttvc
1342 5268 1461 5310 sunt
1494 5261 1701 5315 nomina

120 5334 469 5403 designavit?
500 5336 554 5391 Si
583 5336 815 5391 Trinitas
858 5354 961 5392 non
992 5351 1093 5405 est,
1126 5358 1293 5409 quare
1328 5346 1489 5401 David
1544 5353 1705 5407 tertio

119 5420 247 5475 dixit
280 5441 293 5476 :
329 5424 612 5478 Benedicat
662 5442 758 5479 nos
806 5428 962 5490 Deus,
1001 5431 1140 5485 Deus
1171 5444 1383 5500 noster,
1422 5438 1705 5495 benedicat

120 5525 215 5565 nos
244 5513 387 5567 Deus
417 5512 587 5583 (Psztf.
621 5533 762 5583 um,
797 5519 886 5577 8i?
932 5520 985 5574 Si
1040 5524 1216 5576 unitas
1264 5540 1366 5579 non
1398 5538 1497 5591 est,
1533 5547 1698 5599 quare

118 5615 236 5654 eum
264 5602 424 5655 tertio
448 5603 610 5658 Deum
638 5608 985 5676 nominasset,
1016 5610 1276 5667 benedicat
1320 5616 1474 5683 dixit,
1512 5632 1561 5673 et
1588 5637 1691 5677 non

121 5692 421 5747 bene/ficum
448 5696 725 5764 adjunxit?
754 5698 809 5755 Si
851 5699 1085 5759 Trinitas
1121 5720 1224 5761 non
1264 5718 1366 5777 est,
1397 5726 1493 5766 cur
1521 5713 1687 5768 isaias

1798 3254 2003 3310 intende
2034 3260 2227 3325 posuit,
2276 3270 2329 3315 et
2356 3278 2460 3316 non
2492 3254 2755 3335 intendite,
2789 3284 2843 3325 ut
2872 3288 3115 3341 precatus
3146 3254 3370 3335 estiuti-

1798 3348 1995 3400 mavit?
2023 3349 2077 3403 Si
2107 3350 2337 3407 Trinitas
2369 3370 2472 3408 non
2498 3369 2597 3421 est,
2625 3363 2856 3429 quarein
2881 3366 3194 3437 Apocalypsi
3221 3374 3379 3430 tertio

1799 3449 2016 3492 sanctus
2048 3441 2300 3496 Dominus
2347 3446 2482 3500 Deus
2522 3455 2879 3521 omnipotens,
2926 3460 3012 3526 qui
3063 3470 3166 3525 est,
3197 3474 3250 3517 et
3284 3467 3374 3533 qui

1805 3538 1919 3580 erat
1946 3528 2141 3583 dicitur
2185 3533 2370 3601 (Apoc.
2416 3551 2485 3601 tv,
2519 3541 2607 3608 8)?
2635 3543 2689 3597 Si
2726 3546 2896 3599 unitas
2939 3564 3042 3602 non
3081 3561 3185 3618 est,
3217 3528 3383 3624 quare

1802 3634 1906 3672 non
1928 3623 2017 3690 qui
2038 3634 2175 3690 sunt,
2206 3635 2258 3679 et
2289 3628 2379 3691 qui
2426 3640 2568 3682 erant
2618 3635 2892 3700 pluraliter
2918 3636 3299 3707 designantur?
3322 3645 3375 3699 Si

1802 3708 2033 3764 Trinitas
2067 3729 2170 3767 non
2200 3726 2302 3781 est,
2336 3733 2498 3786 quare
2530 3720 2581 3773 in
2603 3722 3018 3779 Dcuteronomio
3033 3728 3231 3783 dictum
3263 3744 3374 3786 est:

1803 3797 2059 3855 Dominus
2091 3802 2231 3857 Deus
2278 3815 2397 3859 tuus
2449 3809 2753 3867 misericors
2800 3822 2902 3879 est,
2958 3818 3136 3873 audiet
3186 3837 3371 3876 vocem

1802 3900 1944 3944 tuam
1965 3881 2152 3961 (Dent.
2197 3913 2267 3962 tv,
2300 3901 2430 3967 5|)?
2454 3902 2506 3954 Si
2538 3905 2713 3958 unitas
2740 3924 2844 3960 non
2876 3919 2957 3962 est
2985 3926 3172 3978 quare,
3208 3916 3381 3967 audiet

1803 3986 2001 4052 posuit,
2026 3997 2209 4040 etnon
2242 3993 2455 4043 audient
2488 3995 2791 4048 intimavit?
2818 4000 2869 4050 Si
2903 3999 3131 4053 Trinitas
3149 4018 3251 4054 non
3277 4016 3379 4065 est,

1804 4090 1971 4140 quare
2005 4078 2053 4128 in
2090 4078 2213 4130 Jesu
2262 4080 2404 4135 Nave
2449 4083 2646 4136 dicitur
2700 4087 2855 4157 361
2915 4089 3087 4141 libro:
3132 4090 3384 4145 Dominus

1808 4163 1947 4217 Deus
1975 4166 2196 4219 deorum
2226 4179 2307 4222 εει
2336 4170 2469 4238 (los.
2516 4188 2571 4235 tt,
2632 4175 2755 4241 Il)?
2802 4177 2856 4227 Si
2907 4180 3078 4230 unitas
3128 4194 3231 4232 non
3277 4192 3377 4245 est,

1807 4271 1973 4324 quare
2004 4268 2075 4309 est
2102 4260 2260 4324 dixit,
2289 4270 2344 4315 et
2390 4279 2495 4315 non
2526 4275 2643 4316 sunt
2669 4282 2815 4320 more
2845 4268 3126 4322 locutionis
3156 4270 3383 4323 indixit?

1813 4348 1869 4400 Si
1904 4347 2139 4402 Trinitas
2174 4366 2275 4404 non
2320 4364 2422 4417 est,
2454 4370 2619 4423 quare
2660 4357 2799 4411 Elias
2842 4359 3086 4412 orando:
3135 4360 3380 4420 Domine,

1809 4439 2030 4493 Domine
2084 4441 2221 4496 Deus
2268 4446 2448 4508 Israel,
2476 4448 2697 4501 ostende
2734 4450 2853 4515 quia
2906 4461 2956 4502 tu
3002 4466 3060 4504 es
3087 4468 3233 4506 meus
3263 4451 3378 4522 (Ill

1813 4528 1935 4598 Reg.
1993 4547 2140 4597 xvm,
2176 4534 2287 4605 ⁸56),
2324 4535 2490 4589 dixit?
2540 4538 2593 4590 Si
2642 4541 2815 4593 unitas
2849 4557 2950 4593 non
2986 4552 3084 4606 est,
3113 4559 3276 4612 quare
3304 4563 3384 4598 os-

1810 4624 1979 4688 tende,
2012 4633 2066 4677 ct
2115 4640 2216 4677 nun
2264 4630 2511 4681 ostendite
2546 4632 2755 4697 posuit?
2786 4632 2840 4687 Si
2876 4633 3112 4687 Trinitas
3144 4650 3249 4689 non
3282 4646 3383 4698 est.

1808 4725 1902 4763 cur
1933 4713 2293 4769 Mardoclueus
2324 4719 2549 4783 orando,
2583 4719 2826 4781 Domine.
2857 4722 3076 4777 Domine
3109 4724 3248 4779 Deus
3271 4741 3384 4778 om-

1810 4804 2264 4873 nipotens,ttmnia
2295 4809 2345 4862 in
2380 4820 2641 4877 potestate
2672 4824 2755 4865 tua
2789 4825 2910 4867 sunt
2942 4814 3149 4885 (Est/tor
3179 4816 3382 4887 xut,9).

1814 4899 1984 4955 dixit?
2015 4902 2070 4956 Si
2098 4904 2274 4957 unitas
2306 4921 2409 4959 non
2437 4919 2537 4967 est.
2568 4924 2730 4974 quare
2760 4910 2810 4962 in
2853 4922 2939 4963 tua
2974 4912 3171 4979 posuit,
3200 4923 3252 4965 et
3282 4922 3382 4966 non

1813 4991 1866 5042 in
1892 5002 2054 5047 vestra
2095 4995 2425 5062 designavit?
2456 4997 2510 5051 Si
2543 4999 2777 5055 Trinitas
2810 5018 2910 5053 non
2945 5016 3047 5066 εει,
3104 5018 3201 5055 cur
3227 5003 3383 5055 etiam

1814 5080 1997 5134 Juditlt
2045 5084 2247 5137 orando
2278 5087 2350 5137 ait
2379 5104 2391 5139 :
2419 5086 2663 5155 Domine,
2698 5090 2919 5143 Domine
2979 5092 3117 5144 Dens
3148 5091 3382 5141 omnium

1815 5172 2091 5238 virtutum,
2111 5178 2318 5243 respice
2351 5178 2400 5230 iit
2431 5183 2726 5235 orationem
2744 5198 2914 5236 meatu
2940 5181 3144 5250 (Iudith
3168 5196 3240 5241 ix,
3264 5179 3383 5248 l7)?

1818 5262 1871 5317 Si
1905 5264 2079 5317 unitas
2102 5280 2205 5319 non
2229 5278 2332 5333 est,
2357 5284 2521 5337 quire
2549 5274 2740 5341 respice
2772 5272 2945 5341 posuit
2976 5282 3029 5325 et
3075 5286 3178 5323 non
3227 5269 3383 5335 respi-

1816 5355 1912 5406 cite
1942 5355 2291 5424 significavit?
2319 5359 2372 5413 Si
2406 5362 2637 5415 Trinitas
2670 5378 2770 5415 non
2820 5372 2920 5426 est,
2957 5377 3118 5430 quare
3146 5360 3197 5413 in
3226 5357 3377 5410 Jere-

1817 5445 1921 5497 mia
1952 5445 2181 5499 dicitur:
2218 5448 2472 5503 Dominus
2519 5453 2657 5505 Deus
2692 5463 2885 5517 vester,
2934 5451 3073 5503 Deus
3119 5462 3271 5499 verax
3302 5456 3382 5499 est

1816 5534 2031 5601 (Jerem.
2067 5554 2119 5605 κ,
2152 5540 2278 5608 I0)?
2324 5542 2377 5595 Si
2411 5544 2583 5596 unitas
2618 5559 2719 5595 non
2762 5550 3059 5607 est,‘quare
3102 5554 3252 5591 verax
3303 5546 3384 5591 est

1815 5627 1964 5691 dicit,
2016 5637 2071 5682 et
2119 5645 2223 5683 non
2274 5647 2474 5684 veraces
2520 5634 2694 5699 potius
2747 5626 3120 5684 intimayit?Si
3152 5626 3385 5681 Trinitas

1810 5737 1917 5776 non
1952 5730 2058 5786 est,
2088 5737 2251 5790 quare
2284 5723 2334 5775 in
2366 5724 2680 5792 Apocalypsi
2704 5721 2956 5790 scripturn
2984 5728 3065 5774 est
3089 5729 3111 5771 ε’
3133 5719 3383 5775 Dominus
