3938 6376
626 342 737 399 555

1883 336 2103 399 VICIIJI
2144 339 2519 403 TAPSENSIS

3698 386 3755 442 itii

611 455 752 511 Deus
786 461 841 508 et
868 452 1102 523 Spiritus
1149 454 1531 525 prophetarum
1583 453 1727 509 misit
1763 454 2014 523 angelum
2044 470 2200 509 suum
2236 462 2289 521 Α
2319 458 2501 512 minor
2529 467 2613 513 est
2642 460 2794 518 Patre
2821 477 2939 530 suo,
2973 480 3101 538 ergo
3131 469 3378 527 minorata
3399 486 3472 531 (με
3496 488 3538 534 ει
3558 484 3679 551 {om
3696 492 3753 547 μδ,

606 544 898 600 ostendere
925 545 1094 598 servis
1129 544 1263 609 suis,
1290 560 1408 614 qua:
1433 554 1647 614 oportet
1691 544 1807 599 Iieri
1855 545 1963 599 cito
2007 545 2193 615 (Apoc.

608 655 747 703 xxtt,
778 640 875 707 6)?
918 640 973 694 Si
1018 641 1193 693 unitas
1244 656 1349 694 non
1395 651 1502 709 est,
1552 656 1717 711 quare
1746 655 1867 695 cum
1900 641 2111 696 Patrem
2142 651 2198 696 et

608 730 800 787 Filium
830 740 884 785 et
906 731 1161 799 Spiritum
1198 741 1440 784 sanctum
1473 733 1827 795 nominasset,
1860 732 1998 784 misit
2044 730 2197 797 dicit,

608 832 662 874 et
692 837 797 876 non
831 822 1075 874 miserunt
1096 822 1196 876 sub
1228 830 1382 877 textu
1436 824 1595 876 trium
1643 839 1994 890 personarum
2020 832 2076 877 et
2105 840 2206 878 ntr-

608 927 759 966 mero
790 912 1012 965 indixit?
1059 912 1115 966 Si
1158 912 1398 967 Trinitas
1430 929 1535 967 non
1564 924 1667 977 est,
1701 930 1866 983 quare
1909 916 1961 968 in
2002 915 2203 970 Deule-

608 1004 857 1055 ronomio
887 1002 1107 1068 dicitur,
1145 990 1399 1057 Dominus
1427 1004 1568 1058 Deus
1598 1013 1797 1067 vester,
1836 1005 1919 1059 hic
1949 1015 2030 1060 est
2060 1006 2199 1061 Deus

608 1092 786 1162 (Deut.
821 1110 873 1159 x,
908 1093 1034 1163 I7)?
1063 1095 1119 1149 Si
1148 1095 1325 1150 unitas
1357 1110 1463 1150 non
1494 1105 1599 1160 est,
1629 1110 1795 1165 quare
1821 1095 1904 1148 hic
1937 1094 2013 1151 εει
2043 1097 2201 1163 dixit,

610 1198 715 1236 non
743 1184 781 1236 ii
803 1193 921 1237 sunt
974 1185 1167 1254 plurali
1215 1202 1441 1241 numero
1471 1186 1813 1255 designavit?
1865 1187 1921 1241 Si
1972 1187 2205 1241 Trinitas

610 1288 716 1326 non
762 1281 879 1338 est,
923 1289 1087 1344 quare
1148 1278 1199 1328 in
1248 1276 1440 1330 eodem
1491 1277 1629 1330 libro
1675 1276 1903 1330 dicitur:
1942 1277 2202 1331 Dominus

608 1362 751 1419 Deus
786 1373 931 1429 tuus,
964 1366 1104 1419 Deus
1134 1382 1359 1434 magnus
1396 1375 1451 1421 et
1498 1376 1689 1436 potens
1741 1374 1823 1420 est
1862 1364 2092 1436 (Ibid.)?
2142 1367 2200 1422 Si

608 1461 789 1515 unitas
814 1478 922 1515 non
952 1472 1054 1526 est,
1083 1478 1248 1532 quare
1273 1479 1484 1528 magnus
1510 1472 1556 1514 et
1584 1470 1759 1530 potem
1789 1469 1860 1514 est
1892 1461 2115 1528 dicitur,
2148 1469 2202 1514 et

619 1572 725 1612 tt0n
776 1560 951 1630 magni
1002 1568 1049 1610 et
1103 1568 1329 1625 potmles
1374 1558 1653 1625 pluraliter
1685 1554 2065 1609 nominantur?
2094 1554 2201 1609 Cur

608 1648 827 1712 Tobias,
860 1666 978 1704 cum
1014 1650 1175 1702 {illum
1222 1665 1375 1703 suum
1430 1650 1479 1701 in
1532 1649 1707 1716 Rages
1757 1646 2028 1701 civitatem
2078 1660 2198 1700 cum

608 1744 852 1811 Baphael
901 1742 1225 1812 archangnlo
1274 1742 1528 1805 mitteret,
1582 1739 1906 1793 benedicens
1950 1753 2093 1800 eum,
2129 1736 2198 1790 ita

2312 548 2406 646 tris
2431 552 2485 646 in
2522 550 2659 606 Filio
2686 569 2701 606 :
2732 566 2781 608 et
2817 557 2903 611 ubi
2930 566 3014 613 est
3041 562 3179 629 quod
3220 563 3269 617 in
3299 548 3751 646 SalomoneScriptun

2315 638 2570 708 loquitur.
2617 644 2803 701 dicens
2839 667 2851 699 :
2888 650 3037 704 Sicut
3076 654 3216 707 enim
3266 656 3315 709 in
3356 673 3602 729 conspectu
3624 638 3752 739 eorum,

2312 730 2504 800 inquit,
2540 734 2913 792 manifestatus
2941 750 3023 793 est
3053 746 3102 795 in
3142 744 3311 809 nobis,
3340 758 3388 800 et
3416 750 3478 802 ita
3503 752 3547 806 in
3566 730 3753 827 conspecti

2307 830 2500 875 nostro
2530 826 2956 883 manifestaberis
2990 832 3041 884 in
3073 834 3202 899 illis,
3235 847 3291 890 ut
3317 854 3600 909 cognoscant
3622 826 3752 906 teisicut

2309 915 2680 983 cognovimus,
2712 921 2964 991 quoniam
2990 923 3149 993 363
3183 944 3282 981 non
3305 940 3383 983 est
3402 933 3520 987 alius
3543 936 3662 1000 Deus,
3678 957 3752 1008 pra-

2306 1010 2391 1059 ter
2419 1016 2493 1071 te,
2527 1008 2751 1064 Domine
2781 1012 2971 1081 (Eccli.
3003 1031 3183 1082 xxxi/t,
3214 1021 3289 1088 4).
3321 1022 3577 1093 Diligenter
3605 1036 3749 1093 attende.

2307 1106 2361 1152 et
2384 1114 2648 1166 cognosce
2680 1104 2868 1158 Filium
2898 1121 3038 1170 esse,
3070 1112 3157 1177 qui
3191 1114 3580 1174 manilestabitur
3609 1120 3647 1176 in
3665 1124 3748 1192 judi-

2308 1189 2413 1256 cio,
2458 1191 2584 1246 dum
2617 1196 2824 1250 venerit
2864 1198 3014 1253 vivos
3061 1209 3117 1254 et
3162 1214 3395 1259 mortuos
3430 1206 3645 1275 judicare.
3665 1189 3749 1265 vllem

2311 1282 2476 1338 Isaias
2503 1303 2514 1336 :
2546 1287 2743 1342 Audite
2770 1288 2968 1343 domus
2992 1291 3178 1357 .lacob,
3211 1305 3263 1349 et
3289 1296 3538 1352 residuum
3562 1300 3690 1367 Israel,
3704 1303 3750 1370 qui

2306 1376 2620 1444 egredimini
2667 1393 2734 1433 ex
2768 1388 2944 1445 utero,
2970 1392 3022 1436 et
3051 1384 3333 1439 erndimini
3360 1402 3388 1440 a
3419 1403 3563 1456 puero
3586 1398 3748 1460 usquead

2305 1476 2635 1522 senectutem
2666 1487 2678 1521 :
2723 1471 2791 1525 ab
2820 1473 2970 1525 initio
3001 1488 3101 1543 ego
3153 1492 3293 1543 sum,
3329 1488 3378 1531 et
3405 1492 3631 1548 quousque
3659 1496 3749 1534 sete

2304 1558 2469 1612 scatis
2496 1574 2595 1629 ego
2617 1575 2872 1633 sum,ego
2897 1566 3019 1629 Ieci,
3044 1582 3143 1636 ego
3171 1570 3426 1635 sustineo,
3454 1587 3539 1641 ego
3563 1576 3749 1636 remittam,

2305 1662 2406 1718 ego
2431 1652 2743 1719 suscipiam,
2774 1655 2903 1707 dicit
2943 1656 3196 1713 Dominus
3220 1658 3374 1723 (lsai.
3407 1676 3534 1727 vat,
3560 1663 3619 1732 ὅ).
3641 1664 3748 1716 Elite

2306 1754 2421 1793 rum
2448 1759 2460 1792 :
2495 1741 2605 1810 Ego
2634 1758 2750 1797 sum
2783 1745 3038 1802 Dominus
3068 1748 3207 1803 Deus
3233 1768 3245 1802 :
3272 1766 3319 1805 et
3349 1765 3525 1819 praeter
3546 1768 3692 1807 menon
3708 1766 3749 1807 ιιι

610 1835 811 1889 dixisse
840 1835 1096 1888 docetur:
1135 1833 1586 1894 DeusAbraham,
1628 1840 1680 1885 et
1728 1832 1868 1885 Dens
1912 1828 2100 1893 Jacob,
2148 1838 2201 1883 et
2230 1849 2279 1911 Β
2306 1830 2443 1884 alius
2496 1832 2671 1886 Deus:
2704 1835 3028 1890 adnuntians
3055 1842 3341 1893 novissima
3385 1847 3638 1912 priusquam
3667 1846 3748 1903 ﬁam,

612 1926 753 1980 Deus
783 1926 1092 1993 lsaac,,ipse
1137 1925 1354 1992 impleat
1383 1923 1813 1977 benedictionem
1844 1936 1992 1974 suam
2026 1922 2075 1974 in
2105 1936 2201 1974 vo-

608 2015 693 2070 bis
716 2014 866 2085 (Tob.
904 2032 995 2077 vn,
1023 2016 1149 2087 lii)?
1179 2016 1235 2070 Si
1264 2016 1440 2067 unitas
1474 2029 1577 2067 non
1605 2025 1711 2079 est,
1740 2028 1909 2083 quare
1948 2014 2058 2082 ipse
2104 2016 2199 2066 im-

608 2107 743 2173 pleat
766 2106 928 2168 dixit.
963 2114 1019 2160 et
1048 2122 1152 2159 non
1186 2108 1286 2176 ipsi
1316 2106 1565 2173 impleant
1589 2105 1887 2159 intimavit?
1918 2106 2199 2161 Postremo

610 2196 657 2249 si
688 2195 922 2250 Trinitas
954 2210 1059 2250 non
1087 2206 1189 2262 est,
1240 2212 1406 2265 quare
1434 2197 1696 2252 Dominus
1726 2197 2021 2266 discipulos
2047 2214 2195 2266 suos,

608 2285 662 2339 in
690 2289 908 2342 nomine
939 2287 1136 2352 Patris,
1163 2296 1217 2342 et
1242 2287 1364 2341 Filii
1407 2297 1460 2343 et
1497 2288 1731 2356 Spiritus
1756 2292 1951 2355 sancti,
1988 2291 2201 2346 univer-

607 2390 695 2431 sas
722 2388 907 2446 gentes
947 2378 1129 2432 docuit
1160 2378 1428 2448 baptizare
1476 2378 1689 2451 (.Ilattlt.
1742 2397 1929 2448 xxvm,
1960 2382 2090 2452 I9)?
2139 2383 2195 2438 Si

609 2469 786 2522 unitas
825 2484 929 2522 non
960 2478 1063 2535 est,
1093 2484 1259 2539 quare
1299 2472 1354 2528 in
1389 2475 1592 2526 nomine
1622 2472 1776 2537 dixit,
1813 2487 1866 2528 et
1893 2491 1998 2529 non
2027 2476 2081 2529 in
2106 2492 2201 2530 no-

607 2564 831 2619 minibus
877 2564 1283 2635 percipiendum
1338 2568 1655 2635 perdocuit?
1703 2568 1761 2624 Si
1808 2568 2043 2624 Trinitas
2088 2585 2197 2625 non

609 2668 711 2719 est,
744 2673 911 2727 quare
939 2658 1132 2713 Paulus
1160 2659 1438 2729 apostolus
1468 2662 1542 2713 ait
1576 2678 1588 2712 :
1625 2661 1699 2715 Ex
1726 2662 1861 2730 ipso,
1905 2671 1959 2715 et
1994 2677 2089 2731 per
2114 2664 2194 2732 ip-

608 2762 749 2809 sum,
780 2758 831 2801 et
859 2749 909 2799 in
941 2749 1055 2817 ipso
1086 2758 1212 2801 sunt
1237 2749 1413 2802 omnia
1449 2748 1625 2818 (llam.
1656 2765 1729 2815 xl,
1768 2751 1900 2819 '56)?
1934 2751 1991 2806 Si
2020 2752 2197 2807 unitas

612 2852 720 2891 non
749 2846 851 2897 est,
876 2852 1042 2906 qnare
1069 2839 1310 2910 ex362
1348 2840 1461 2908 ipso
1501 2841 1695 2907 posuit,
1746 2851 1800 2893 et
1839 2856 1943 2894 non
1985 2856 2049 2895 ea:
2076 2842 2199 2911 ipsis

609 2932 873 2985 astruxit?
918 2932 973 2986 Si
1018 2931 1159 2985 enim
1212 2942 1362 2986 certo
1409 2934 1610 2987 certius
1648 2933 1884 2987 volueris
1929 2933 2185 2987 unitatem

611 3022 895 3076 Trinitatis
925 3036 1241 3090 agnoscere,
1274 3037 1303 3076 a
1339 3037 1486 3092 saepe
1534 3024 1678 3078 dicto
1707 3024 1927 3079 doctore
1955 3021 2194 3094 gentium

613 3115 857 3183 apostolo
887 3117 1085 3181 poteris
1115 3118 1360 3170 universa
1385 3118 1726 3184 condiscere,
1759 3128 1813 3173 et
1835 3120 1984 3188 sequi
2015 3119 2200 3174 catho-

2304 1932 2358 1975 et
2387 1927 2565 1977 statim
2594 1938 2961 1982 consummata
2993 1942 3115 1983 sunt
3134 1930 3326 2002 (Ibid.,
3349 1932 3422 2003 9).
3447 1934 3557 1989 Item
3584 1936 3749 1990 ibizludi

2304 2027 2390 2067 me
2418 2012 2607 2082 Iacob,
2627 2026 2681 2070 et
2706 2017 2890 2084 Israel,
2912 2034 3029 2088 qua:
3056 2037 3155 2091 ego
3175 2023 3275 2077 Ieci
3303 2041 3317 2077 :
3348 2025 3450 2094 Ego
3475 2040 3574 2078 sum
3592 2025 3747 2078 Dominus

2304 2105 2445 2161 Deus
2470 2119 2608 2175 tuus,
2643 2120 2696 2163 et
2728 2126 2832 2162 non
2861 2111 3095 2165 estalius
3130 2126 3326 2183 pra~ter
3354 2132 3451 2171 me.
3478 2117 3585 2170 Item
3606 2116 3749 2183 ibitlitt

2303 2212 2419 2251 sum
2450 2198 2706 2254 Dominus
2739 2201 2901 2269 Deus,
2948 2204 3177 2271 primus,
3226 2216 3282 2261 et
3328 2222 3423 2277 ego
3450 2209 3704 2269 novissimus,
3721 2217 3748 2257 et

2304 2290 2355 2341 in
2380 2303 2441 2342 ea
2470 2306 2589 2358 qua:
2622 2301 2846 2345 ventura
2886 2303 3011 2347 sunt
3040 2296 3091 2349 in
3125 2300 3417 2353 novissimo
3447 2315 3533 2369 ego
3555 2313 3640 2353 sum
3660 2296 3748 2364 (lui.

2308 2393 2492 2442 vam,
2530 2380 2638 2450 ιε).
2679 2380 2811 2435 Itetn
2846 2383 2959 2435 ibi:
2996 2384 3106 2455 Ego
3137 2401 3256 2441 sont
3294 2389 3449 2455 Deus,
3474 2389 3550 2459 qui
3580 2399 3616 2443 te
3636 2389 3747 2449 una.

2302 2482 2355 2523 et
2378 2467 2579 2537 adjuvi,
2612 2480 2667 2525 et
2692 2475 3017 2527 communivi
3046 2477 3271 2532 dextera
3304 2495 3436 2534 mea.

2372 2561 2439 2615 Et
2470 2562 2724 2616 unitatem
2759 2562 2931 2619 Patris
2956 2577 3007 2619 et
3040 2566 3159 2621 Filii
3198 2569 3362 2625 Isaias
3397 2571 3631 2639 assignans
3654 2566 3747 2634 loqui-

2301 2660 2390 2707 tur
2412 2653 2597 2707 dicens
2623 2670 2634 2704 :
2672 2654 2782 2723 Ego
2814 2656 2966 2710 testis
2999 2669 3195 2723 vester,
3227 2660 3360 2715 dicit
3404 2660 3617 2714 Dominus
3648 2657 3747 2711 Dens:

2301 2754 2354 2799 ct
2385 2760 2516 2819 puer
2546 2761 2717 2811 meus,
2746 2763 2901 2817 quem
2924 2765 3023 2819 ego
3052 2753 3223 2823 elegi,
3260 2764 3318 2807 ut
3343 2755 3513 2808 sciatis
3532 2764 3576 2808 et
3597 2750 3747 2809 credam

2300 2840 2422 2908 quia
2446 2855 2544 2911 ego
2565 2856 2719 2905 sum;
2748 2851 2869 2896 ante
2901 2858 2983 2896 me
3007 2858 3111 2897 non
3146 2843 3247 2898 fuit
3268 2846 3420 2913 alius,
3445 2856 3491 2899 et
3516 2854 3609 2914 post
3628 2856 3684 2895 me
3698 2854 3750 2892 nn

2303 2931 2408 2985 erit
2434 2929 2590 3001 (Ieai.
2616 2948 2776 2998 xt.ttt,
2808 2932 2919 3002 I0).

2375 3021 2547 3076 Unum
2582 3023 2701 3088 tibi,
2731 3038 2765 3078 ο
2795 3024 3062 3089 Itmretice,
3089 3025 3228 3095 elige
3253 3046 3282 3081 c
3312 3026 3539 3082 duobus:
3565 3034 3633 3079 aut
3658 3022 3751 3076 latere

2303 3112 2514 3168 Patrem
2546 3124 2599 3169 et
2629 3115 2819 3170 Filium
2850 3133 3011 3170 unum
3045 3117 3210 3171 Deum
3231 3162 3247 3187 ,
3279 3128 3371 3173 aut
3400 3120 3443 3173 si
3471 3119 3609 3173 solum
3632 3116 3751 3168 Patres

614 3204 775 3259 licam
828 3205 1008 3271 Iidem,
1059 3215 1116 3261 et
1162 3206 1482 3263 Arianorum
1533 3223 1785 3278 respuere
1835 3211 2189 3279 pravitalem;
2223 3225 2268 3289 ε
2305 3204 2468 3259 Deum
2491 3221 2609 3261 esse
2637 3208 2952 3275 contendis;
2980 3224 3106 3279 ergo
3139 3211 3233 3265 tibi
3268 3211 3514 3265 Dominus
3538 3209 3654 3263 Iesus
3670 3203 3753 3260 Cliti-

615 3297 797 3353 Gratia
829 3300 1037 3355 Domini
1068 3302 1237 3356 nostri
1266 3301 1390 3357 Iesu
1418 3300 1641 3367 Christi,
1692 3305 1881 3374 inquit,
1909 3314 1965 3359 et
1999 3307 2196 3359 caritas

610 3391 732 3457 Dei,
775 3402 831 3447 et
874 3393 1289 3449 communicatio
1318 3396 1487 3449 sancti
1530 3395 1761 3461 Spit-itus
1800 3411 1919 3449 cum
1948 3396 2197 3450 omnibus

610 3483 757 3538 vobis
796 3482 882 3551 (ll
915 3484 1035 3539 Cor.
1084 3501 1201 3549 xm,
1248 3488 1359 3555 15).
1406 3486 1463 3540 Si
1510 3486 1651 3541 enim
1697 3486 1885 3556 gratia,
1917 3489 2115 3542 caritas
2142 3494 2199 3542 et

611 3575 1031 3631 communicatio
1058 3577 1288 3646 Spiritus
1317 3578 1489 3632 sancti
1535 3578 1647 3647 ipsa
1688 3587 1791 3644 est,
1836 3588 1893 3634 et
1940 3579 2114 3634 Patris
2142 3588 2199 3635 et

607 3666 748 3731 Filii,
782 3669 1056 3738 quomodo
1087 3669 1139 3723 in
1170 3669 1433 3725 Trinitate
1464 3686 1627 3724 unum
1662 3686 1767 3725 non
1800 3680 1947 3737 sunt,
1978 3672 2069 3741 qui
2102 3686 2198 3725 na-

608 3768 724 3812 tura
754 3767 915 3828 atque
943 3761 1242 3814 substantia
1286 3762 1353 3814 ah
1388 3760 1619 3815 invicem
1650 3764 1889 3832 separari
1927 3777 2034 3818 non
2070 3776 2195 3831 pos-

607 3849 771 3904 sunt?
1996 3859 2009 3869 '

1236 3941 1463 3998 CAPUT
1505 3943 1567 3997 Il.

1031 4031 1108 4086 De
1130 4034 1324 4086 unitate
1351 4032 1525 4087 Patris
1550 4044 1595 4088 et
1619 4034 1763 4089 Filii.

673 4121 727 4177 Si
751 4121 843 4176 tibi
874 4122 1108 4178 dixerint
1133 4141 1146 4180 :
1176 4125 1449 4194 quomodo
1474 4126 1635 4181 Pater
1663 4138 1717 4183 et
1751 4127 1921 4183 Filius
1953 4144 2089 4186 unus
2111 4139 2195 4186 est

603 4213 764 4283 Deus,
793 4232 914 4271 cum
948 4227 1143 4285 praeter
1176 4218 1387 4273 Patrem
1418 4234 1523 4273 non
1555 4221 1622 4274 sit
1647 4220 1784 4275 alius
1810 4220 1971 4287 Deus,
2002 4223 2090 4291 qui
2118 4222 2195 4277 di-

602 4316 751 4361 catur
774 4308 1062 4362 invisibilis
1085 4318 1138 4362 et
1166 4311 1465 4378 ingenitus?

676 4395 979 4469 Responsio.
1026 4399 1180 4467 Quod
1214 4418 1342 4455 vero
1371 4420 1467 4458 vos
1497 4404 1705 4459 Patrem
1736 4415 1788 4460 et
1813 4408 2006 4461 Filium
2030 4425 2191 4462 unum

605 4486 770 4541 Deum
806 4486 1041 4557 proﬁteri
1075 4504 1183 4541 non
1233 4491 1410 4552 vultis,
1457 4508 1551 4546 cos
1594 4495 1753 4547 etiam
1808 4511 1903 4549 nos
1933 4513 2097 4551 unum
2138 4507 2193 4553 et

2299 3308 2414 3352 stus
2445 3299 2535 3367 Dei
2566 3298 2752 3365 Filius,
2783 3315 2888 3354 non
2928 3302 3030 3355 erit
3076 3305 3242 3366 Deus,
3289 3308 3407 3371 quia
3450 3304 3657 3371 scriptum
3686 3302 3752 3347 est:

2299 3396 2438 3448 Ante
2476 3409 2560 3448 me
2602 3410 2708 3449 non
2752 3398 2846 3449 luit
2888 3396 3023 3449 alius
3051 3407 3103 3450 et
3135 3409 3259 3466 post
3294 3413 3378 3452 me
3415 3412 3508 3449 non
3546 3402 3638 3448 er.t.
3661 3389 3753 3442 Sitt-

2298 3484 2530 3538 cundum
2565 3495 2615 3539 te
2644 3486 2715 3539 ita
2744 3494 2858 3553 est,
2900 3501 2996 3539 cur
3028 3490 3323 3555 Apostolus
3355 3488 3519 3558 (llam.
3540 3482 3660 3549 it,5)
3681 3492 3755 3547 ρετ·

2298 3574 2440 3629 dicat
2483 3576 2628 3641 talia,
2663 3586 2717 3631 et
2742 3576 2989 3631 eumdem
3044 3578 3238 3633 Filium
3298 3580 3460 3635 Deuut
3496 3591 3623 3645 super
3657 3567 3755 3625 omni!

2297 3665 2637 3721 benedictum
2680 3668 2943 3723 insinuat?
2979 3672 3217 3735 Quorum
3270 3682 3463 3757 patr-'1.
3494 3670 3699 3738 inquit,et
3723 3675 3756 3713 et

2297 3759 2488 3827 quibus
2528 3760 2770 3815 Christus
2815 3762 3106 3815 secundum
3155 3778 3412 3828 carnem,
3452 3764 3529 3832 qui
3568 3768 3629 3814 est
3664 3763 3756 3819 Sull"

2297 3852 2473 3904 omnia
2506 3851 2644 3905 Deus
2677 3851 2988 3907 benedictus
3013 3853 3063 3906 in
3095 3856 3314 3909 smenla.
3345 3856 3468 3909 Item
3501 3853 3628 3906 Isaias
3646 3847 3696 3898 sic
3712 3842 3756 3893 ιε-

2296 3943 2407 3998 cit:
2443 3945 2700 3999 Dominus
2733 3946 2872 4000 Deus
2903 3944 3066 4001 Israel
3102 3950 3190 4016 qui
3222 3947 3471 4003 liberavit
3494 3961 3575 4002 eos
3595 3943 3643 3995 de
3663 3935 3759 4003 Et)“

2299 4044 2409 4103 pto,
2439 4050 2538 4105 ego
2565 4050 2683 4089 sum
2717 4036 2940 4105 primus,
2971 4049 3023 4092 et
3051 4053 3150 4107 ego
3183 4048 3307 4105 post
3338 4041 3467 4102 haec,
3492 4048 3539 4091 et
3565 4038 3760 4101 prelum

2300 4141 2403 4181 non
2431 4137 2512 4181 est
2542 4127 2680 4182 Deus
2704 4129 2841 4181 sicut
2872 4144 2970 4198 ego
2996 4145 3143 4198 sum,
3169 4132 3259 4199 qui
3287 4139 3391 4185 stet
3413 4141 3463 4184 et
3490 4130 3759 4187 vocetelpﬂ"

2299 4230 2450 4287 paret
2472 4220 2601 4274 mihi
2623 4236 2689 4273 ex
2713 4236 2817 4286 quo
2841 4222 3109 4275 hominem
3135 4223 3229 4277 feci
3260 4224 3313 4277 in
3342 4225 3526 4277 sazculo
3546 4216 3663 4287 (Ιωὶ.
3681 4222 3759 4264 ωτ-

2299 4313 2377 4381 ϐ’).
2406 4312 2537 4367 Item
2568 4313 2637 4367 ibi
2666 4332 2677 4365 :
2716 4313 2820 4369 Iste
2852 4323 2935 4367 est
2966 4314 3137 4380 Deus,
3166 4326 3219 4369 et
3263 4317 3627 4373 nesciebamus,
3650 4314 3759 4360 ειηαι

2299 4412 2380 4455 est
2410 4402 2545 4456 alius
2578 4402 2718 4457 Deus
2760 4416 2952 4472 praeter
2996 4416 3085 4460 te:
3119 4406 3195 4459 Tu
3228 4410 3375 4461 enim
3420 4423 3474 4459 es
3516 4404 3763 4483 ῢευειειπῖ

2296 4492 2629 4564 sciebamus,
2671 4495 2809 4549 Deus
2847 4495 3009 4550 Israel
3054 4496 3306 4550 Salvator
3336 4492 3494 4567 (Isai.
3518 4506 3620 4553 xu,
3646 4478 3763 4547 I5l~Sl

604 4594 792 4632 verum
846 4578 1009 4634 Deum
1058 4596 1087 4633 a
1140 4581 1417 4651 prophetis
1471 4594 1524 4637 et
1568 4587 1827 4651 apostolis
1860 4588 2191 4643 ostendimus
2223 4607 2270 4666 ο
2298 4601 2435 4639 unus
2467 4586 2606 4641 Deus
2633 4601 2738 4641 non
2765 4599 2887 4641 sunt
2917 4588 3071 4643 Pater
3092 4599 3147 4642 et
3175 4588 3363 4653 Filius,
3391 4586 3503 4657 quis
3521 4594 3589 4638 est
3610 4582 3671 4633 hic
3687 4575 3766 4627 Deci

603 4671 976 4740 przedicatum,
1010 4687 1036 4724 a
1061 4674 1251 4742 quibus
1272 4675 1431 4728 etiam
1460 4674 1715 4744 Spiritum
1747 4688 1989 4732 sanctum
2008 4680 2185 4734 credi-

602 4776 721 4817 mus
745 4778 847 4817 non
875 4764 1187 4831 discretum,
1214 4766 1344 4820 Isaia
1373 4768 1631 4837 propheta
1656 4768 1868 4824 dicente
1892 4783 1907 4820 :
1937 4771 2047 4840 Ego
2066 4789 2184 4829 sum

604 4854 784 4915 Deus:
817 4865 872 4913 et
902 4873 1006 4912 non
1042 4870 1122 4913 est
1150 4870 1350 4929 praeter
1379 4876 1465 4914 me
1497 4861 1655 4927 alius,
1686 4877 1779 4929 per
1811 4864 2184 4932 memetipsum

596 4945 741 5016 juro,
764 4948 893 5018 quia
928 4949 1090 5003 exivit
1124 4964 1187 5003 ex
1217 4964 1312 5005 ore
1350 4966 1470 5005 meo
1500 4953 1719 5021 veritas,
1748 4962 2003 5008 etsermo
2033 4971 2185 5011 meus

600 5028 706 5094 non
734 5043 1021 5107 auferetur,
1054 5043 1173 5112 quia
1206 5041 1333 5095 mihi
1368 5044 1718 5098 inclinabitur
1749 5061 1910 5100 omne
1938 5061 2096 5115 genu,
2129 5056 2185 5104 et

598 5133 772 5186 omnis
802 5134 977 5203 lingua
1012 5134 1215 5203 jurabit
1244 5148 1340 5202 per
1371 5134 1679 5201 Dominum,
1712 5138 1899 5193 dicens
1924 5158 1938 5193 ;
1968 5138 2180 5193 Justilia

597 5228 652 5274 et
678 5222 842 5290 gloria
864 5224 927 5277 ad
956 5240 1079 5278 eum
1110 5226 1288 5279 veniet
1314 5224 1468 5295 (lsai.
1500 5243 1623 5291 xcv,
1659 5227 1777 5298 22).
1812 5229 1879 5281 Et
1910 5238 1967 5283 ut
1996 5229 2048 5282 in
2081 5229 2182 5285 hoc

599 5314 903 5368 teetimonio
943 5315 1151 5370 Putrem
1182 5326 1235 5370 et
1259 5316 1450 5371 Filium
1481 5319 1635 5371 simul
1664 5318 1827 5373 luisse
1858 5335 2176 5386 cognoscas,

599 5400 818 5458 Paulum
851 5410 1148 5477 apostolum
1180 5409 1301 5463 audi
1334 5410 1624 5475 dicentem,
1651 5425 1709 5465 ut
1736 5413 1789 5465 in
1814 5414 2029 5467 nomine
2047 5412 2176 5468 Iesu

597 5508 757 5548 omne
781 5511 915 5565 genu
948 5500 1208 5567 llectatur,
1244 5502 1563 5566 cmlestiunt,
1611 5504 1963 5569 terrestrium,
2007 5512 2063 5558 et
2096 5508 2175 5557 in-

598 5583 887 5654 I‘ernorum,
919 5599 972 5644 et
998 5595 1171 5646 omnis
1202 5594 1377 5662 lingua
1399 5594 1735 5654 conﬁteatur,
1765 5596 2018 5663 quoniam
2061 5596 2171 5649 Do-

600 5677 775 5733 minus
801 5680 949 5737 Jesus
968 5683 1212 5742 Christus
1241 5689 1288 5740 in
1310 5687 1479 5757 gloria
1501 5696 1584 5742 est
1609 5687 1699 5741 Dei
1729 5687 1898 5742 Patris
1920 5691 2169 5753 omnipo-

605 5771 763 5823 tentis
791 5770 1009 5843 (Philip.
1061 5794 1120 5844 ιι,
1172 5780 1283 5850 l0).
1328 5780 1477 5846 Quod
1506 5778 1551 5833 si
1582 5778 1879 5834 secundum
1910 5787 1963 5833 te
1994 5778 2158 5835 Filius

2290 4686 2345 4740 in
2377 4692 2483 4747 quo
2522 4692 2642 4733 esse
2670 4679 2865 4733 dicitur
2898 4680 3058 4748 DeUS,
3094 4692 3291 4749 praeter
3321 4695 3473 4750 quem
3512 4676 3641 4729 alium
3668 4667 3763 4750 Dent!

2290 4781 2395 4821 non
2442 4781 2563 4822 esse
2614 4772 2875 4838 propheta
2917 4770 3017 4823 sub
3051 4747 3278 4825 numero
3324 4747 3768 4839 protestaturiﬂb

2291 4858 2355 4912 Et
2384 4856 2645 4913 Jeretnias
2671 4875 2681 4909 :
2719 4860 2815 4913 llic
2846 4858 2986 4914 Dens
3014 4870 3218 4926 noster,
3244 4861 3355 4923 ait,
3381 4868 3433 4913 et
3461 4872 3554 4910 non
3576 4843 3767 4939 applicflt'

2290 4958 2377 5002 tttr
2408 4949 2542 5002 alter
2568 4950 2633 5003 ad
2664 4966 2816 5015 eum,
2842 4950 2931 5020 qui
2964 4953 3170 5005 invenit
3202 4966 3418 5004 onmem
3450 4950 3574 5000 viam
3594 4942 3767 4994 scientia.

2290 5050 2343 5094 et
2385 5040 2531 5094 dedit
2557 5040 2723 5095 Jacoh
2755 5056 2920 5111 puero
2960 5057 3059 5097 suo
3095 5051 3149 5096 et
3194 5041 3356 5096 Israel
3401 5041 3561 5093 electo
3585 5045 3675 5087 suo.
3696 5025 3770 5077 Ροτι

2288 5129 2404 5185 hrnc
2430 5130 2481 5185 in
2517 5132 2671 5185 terris
2703 5135 2869 5196 visus,
2898 5142 2952 5186 et
2984 5135 3121 5186 inter
3151 5133 3399 5186 homines
3424 5130 3711 5184 conversatus
3726 5116 3771 5209 tri

2286 5220 2549 5291 (Barac/t.
2578 5238 2665 5289 ιιι,
2690 5224 2803 5293 57).
2839 5224 2903 5277 Ει
2947 5226 2998 5277 itt
3045 5225 3382 5299 Salomone;
3425 5224 3646 5275 Miserere
3678 5204 3771 5259 "ob"

2286 5310 2427 5365 Deus
2464 5314 2736 5377 omnium,
2770 5326 2822 5368 et
2852 5314 3075 5368 ostende
3108 5314 3257 5367 nobis
3294 5314 3471 5367 lumen
3511 5299 3775 5362 miseratith

2284 5415 2409 5470 tuae,
2434 5415 2489 5459 et
2515 5405 2742 5459 immitte
2768 5410 3011 5460 timorem
3040 5418 3186 5459 tuum
3217 5420 3383 5474 super
3405 5411 3579 5472 gentes
3599 5395 3775 5463 (111³³⁸³

2281 5501 2651 5569 exquisierunt
2700 5510 2781 5564 te,
2823 5509 2884 5554 ut
2929 5508 3283 5569 cognoscant,
3340 5498 3576 5569 queniant
3616 5498 3695 5541 non
3726 5484 3777 5529 εει

2275 5568 2412 5647 alius
2444 5592 2587 5645 Deus
2629 5592 2730 5645 nisi
2771 5601 2824 5645 tu
2869 5568 3057 5660 (Eccli.
3086 5606 3279 5655 xxxvt,
3314 5591 3401 5657 I).
3443 5588 3561 5640 Item
3600 5577 3684 5633 ibi:
3709 5568 3776 5622 90'

2275 5685 2421 5738 mine
2455 5684 2592 5737 Dens
2626 5682 2781 5737 Israel
2803 5725 2816 5745 ,
2848 5698 2953 5734 twn
2996 5690 3079 5736 est
3111 5680 3206 5735 tibi
3247 5678 3437 5733 similis
3475 5676 3523 5729 in
3560 5666 3673 5725 cmlo
3698 5669 3777 5760 Si":

2273 5794 2388 5833 sum
2409 5822 2421 5843 ,
2455 5792 2630 5847 neque
2660 5778 2711 5830 in
2745 5787 2885 5831 terra
2920 5779 3195 5830 deorsum.
3224 5774 3284 5827 Et
3313 5772 3366 5826 in
3402 5770 3589 5841 psalmo
3616 5758 3777 5822 sopiunt
