3938 6376
189 360 285 415 3-37

1312 356 1583 413 CONiIiA
1616 356 2026 413 VARIMADUM
2066 356 2193 416 LIB.
2237 358 2277 415 l.

3316 368 3423 427 558

187 474 391 529 decimo
450 473 633 543 (γεγε.
667 473 769 543 32)
807 491 820 528 :
875 473 1134 541 Quoniam
1188 474 1305 544 quis
1357 474 1496 530 Deus
1550 484 1745 543 praeter
1774 477 1822 534 Α
1848 481 1901 524 et
1940 474 2184 538 exsulta,
2218 472 2323 527 lilia
2350 470 2511 535 Sion.
2541 473 2666 543 quia
2701 488 2827 530 ecce
2868 488 2965 544 ego
2994 475 3167 537 venio.
3198 487 3252 530 et
3279 494 3427 533 eom-

189 564 501 621 Dominum?
543 575 631 616 aut
680 565 795 632 quis
850 564 987 621 Deus
1029 573 1223 633 praeter
1269 563 1432 617 Deum
1478 564 1751 618 nostrum?

189 656 253 710 Et
282 658 331 719 in
365 654 555 709 Genesi
584 673 594 706 :
632 654 696 707 Et
727 655 853 723 pluit
889 654 1144 708 Dominus
1181 668 1209 706 a
1242 654 1465 708 Domino
1496 656 1667 723 ignem
1699 662 1753 707 et

185 747 404 815 sulphur
442 761 599 813 super
638 744 923 798 Sotlomam
965 754 1018 798 et
1054 744 1435 809 Gomorrham,
1470 752 1525 798 et
1563 745 1755 798 evertit

185 838 422 889 civitates
466 835 582 887 illas
629 833 785 902 ((ἱιιη.
814 851 929 895 χιι,
958 834 1077 901 24).
1122 834 1176 887 Si
1221 834 1367 887 solus
1414 834 1568 888 Pater
1612 834 1753 888 Deus

185 938 291 989 εει,
323 925 442 993 quis
482 925 615 993 pluit
646 926 818 992 ignem
863 934 917 978 et
956 925 1177 993 sulphur
1206 941 1232 977 a
1274 925 1527 987 Domino,
1570 933 1626 977 ut
1663 940 1756 977 su-

187 1016 449 1084 pradictas
478 1015 716 1067 civitates
736 1015 1035 1068 everteret?
1056 1014 1266 1081 Qureso,
1294 1013 1576 1082 responde.
1612 1013 1673 1066 Et
1704 1014 1755 1066 in

187 1107 594 1161 Deuterouomio
617 1123 629 1160 :
660 1106 915 1161 Dominus
942 1109 1087 1161 solus
1114 1108 1404 1162 deducebat
1429 1124 1542 1173 eos,
1570 1115 1626 1163 et
1654 1124 1757 1161 non

186 1201 275 1251 fuit
328 1214 448 1253 cum
501 1198 603 1252 illis
652 1198 788 1253 Deus
837 1199 1041 1253 alienus
1091 1197 1278 1267 (Deut.
1314 1200 1643 1267 xxxtt,12).
1696 1200 1755 1253 l‘lt

188 1291 381 1343 Paulus
424 1289 694 1358 apostolus
721 1309 730 1341 :
762 1288 909 1344 Unus
944 1289 1110 1353 Deus,
1144 1289 1361 1365 inquit,
1388 1290 1476 1358 qui
1503 1289 1762 1356 justiticat

184 1382 640 1436 circumcisionth
689 1396 749 1433 ex
804 1380 936 1447 fide,
980 1388 1035 1434 et
1092 1380 1407 1449 przeputium
1458 1394 1551 1446 per
1603 1378 1759 1432 fidem

186 1472 358 1541 (Rom.
385 1486 475 1534 ιιι,
498 1470 613 1537 ‘50).
642 1469 707 1523 Et
737 1468 801 1521 ad
829 1470 1133 1523 Corinthios
1161 1485 1174 1522 ε
1217 1469 1355 1522 Deus
1383 1478 1498 1521 erat
1530 1470 1577 1521 in
1612 1470 1767 1522 (.hri-

185 1572 283 1624 sto,
328 1559 585 1613 mundum
632 1560 981 1613 reconcilians
1022 1560 1122 1614 sibi
1172 1557 1273 1627 (ll
1306 1559 1422 1612 Cor.
1448 1575 1497 1625 v,
1529 1559 1653 1628 l9).
1701 1559 1766 1613 Et

185 1649 253 1703 ite
286 1664 376 1701 um
404 1666 415 1699 ε
451 1648 560 1701 Non
592 1658 673 1702 est
707 1649 843 1701 Deus
875 1649 973 1701 nisi
1005 1663 1159 1701 unus.
1189 1649 1251 1701 Et
1274 1648 1338 1701 ad
1373 1646 1624 1703 Galatas:
1658 1650 1767 1703 Με-

186 1738 361 1792 diator
405 1748 579 1792 autem
623 1739 777 1791 unius
822 1756 924 1793 non
973 1750 1088 1803 est,
1122 1742 1259 1793 Deus
1300 1751 1474 1793 autem
1518 1756 1651 1793 unus
1682 1750 1766 1796 est

1856 560 2104 613 morabor
2133 560 2183 613 in
2216 561 2391 615 medio
2420 562 2524 628 tui,
2553 562 2681 617 dicit
2715 562 2971 617 Dominus
3003 563 3185 633 (Zaclt.
3211 580 3279 632 tt,
3314 566 3424 637 10).

1856 650 1919 704 Et
1965 654 2252 721 Apostolus
2296 657 2360 708 ad
2406 656 2784 711 Timotheum:
2827 656 3097 711 Humanus
3143 669 3342 725 sermo,
3372 671 3427 716 et

1855 747 1999 799 omni
2025 750 2334 816 acceptione
2366 751 2578 820 dignus,
2608 754 2855 822 quoniam
2884 752 3131 808 Christus
3157 754 3313 809 Jesus
3336 770 3427 810 ve-

1858 839 1934 892 nit
1960 840 2011 893 in
2041 840 2181 895 hunc
2211 846 2463 899 munitum
2489 859 2792 912 peccatores
2814 849 2989 900 salvos
3012 848 3187 902 facere
3210 847 3259 917 (1
3292 848 3424 900 Tim.

1859 945 1907 996 ι,
1936 932 2045 1000 15).
2089 932 2156 986 Et
2192 934 2514 990 Malachias:
2546 938 2681 992 Ecce
2719 940 2894 991 subito
2930 937 3104 992 veniet
3141 938 3193 991 in
3233 939 3428 1004 templo

1859 1034 1957 1073 suo
1988 1022 2240 1075 Dominus
2269 1038 2425 1092 quem
2457 1040 2550 1078 vos
2596 1028 2865 1095 quaeritis,
2907 1034 2961 1081 et
3004 1028 3224 1095 angelus
3266 1034 3430 1081 testa-

1863 1111 2024 1165 menti
2057 1127 2210 1180 quem
2243 1128 2337 1166 vos
2364 1114 2523 1167 vultis
2554 1114 2810 1182 (Malacli.
2837 1133 2923 1182 ιιι,
2957 1117 3029 1187 1).
3064 1119 3125 1171 Et
3171 1119 3221 1171 in
3256 1116 3430 1170 Evan-

1861 1203 2000 1270 gelio
2026 1222 2037 1255 :
2071 1205 2182 1257 Non
2202 1206 2321 1259 veni
2343 1221 2533 1259 vocate
2557 1207 2751 1273 justos,
2774 1207 2867 1262 sed
2899 1217 3209 1277 peccatores
3240 1208 3290 1261 in
3320 1224 3432 1274 pa:-

1864 1294 2138 1345 nitentiam
2170 1295 2318 1361 (Luc.
2348 1310 2401 1361 v,
2433 1292 2545 1362 52).
2574 1296 2699 1349 Item
2732 1297 2802 1350 ihi
2831 1315 2842 1349 :
2877 1298 3011 1363 Quid
3044 1297 3195 1351 nobis
3220 1307 3275 1349 et
3304 1297 3428 1359 tibi,

1865 1384 2013 1449 ιΙεειι,
2037 1386 2132 1439 Fili
2160 1386 2285 1441 Dei?
2310 1387 2507 1440 Venisti
2538 1399 2662 1441 ante
2688 1399 2893 1456 tempus
2919 1389 3143 1457 perdere
3161 1404 3260 1443 nos
3281 1388 3430 1457 (Lur.

1866 1477 2073 1545 tv,‘56)?
2099 1476 2252 1530 Venit
2277 1477 2440 1531 Filius
2472 1477 2702 1533 hominis
2723 1480 2926 1533 salvare
2951 1490 3003 1533 et
3029 1494 3267 1548 qua'rere
3291 1479 3431 1546 quod

1868 1568 2097 1634 perierat
2128 1566 2277 1637 (Luc.
2304 1583 2421 1631 χιιι,
2454 1566 2563 1633 10).
2592 1567 2717 1620 Item
2753 1568 2821 1621 ibi
2849 1586 2860 1620 :
2896 1568 3005 1637 Ego
3035 1568 3151 1621 veni
3188 1577 3242 1621 ut
3272 1569 3431 1621 vitam

1868 1658 2129 1721 habeant,
2175 1661 2337 1730 366
2372 1670 2426 1714 et
2472 1660 2826 1715 abundantius
2871 1660 3103 1714 habeant
3147 1659 3333 1730 (Joan.
3366 1676 3430 1724 ιι,

1869 1749 1979 1817 10).
2014 1750 2140 1803 Item
2172 1751 2241 1803 ib;
2268 1768 2279 1801 :
2318 1752 2426 1818 Ego
2458 1751 2575 1804 veni
2603 1750 2654 1804 in
2684 1750 2896 1804 nomine
2924 1749 3094 1803 Patris
3118 1750 3221 1804 mei
3254 1749 3432 1820 (Joan.

186 1829 324 1897 (Cal.
351 1844 436 1893 ιιι,
459 1828 573 1898 20).
609 1828 675 1881 Ει
701 1829 953 1882 unitatem
985 1830 1173 1895 Patris,
1204 1840 1253 1883 et
1285 1829 1425 1893 Filii,
1450 1837 1503 1882 et
1532 1831 1761 1896 Spiritus
1792 1847 1838 1905 Β
1866 1855 1917 1903 v,
1942 1839 2055 1908 45).
2097 1841 2225 1895 Item
2270 1840 2339 1894 ibi
2368 1858 2378 1892 :
2413 1840 2579 1895 Nemo
2608 1840 2847 1895 ascendit
2876 1840 2929 1893 in
2960 1839 3182 1906 malum,
3214 1840 3313 1892 nisi
3344 1841 3434 1907 qui

185 1922 350 1973 sancti
394 1919 798 1983 demonstrans,
846 1920 1088 1987 Ephesiis
1131 1921 1405 1981 scribens,
1456 1918 1528 1973 ita
1569 1922 1761 1974 contir-

185 2018 293 2061 mat
320 2027 331 2060 :
365 2008 688 2063 Suﬂ‘erentes
717 2009 941 2062 invicem
974 2010 1024 2061 in
1054 2009 1280 2062 caritate
1310 2008 1518 2061 solliciti
1550 2025 1764 2065 servare

186 2098 440 2151 unitatem
473 2099 688 2166 spiritus
718 2101 768 2151 in
803 2098 1013 2151 vinculo
1046 2098 1209 2165 paris.
1247 2098 1418 2151 linum
1450 2115 1678 2165 corpus,
1709 2112 1764 2155 et

185 2203 322 2241 unus
348 2189 584 2256 Spiritus,
618 2188 752 2242 sicut
786 2190 953 2241 vocati
980 2189 1109 2243 estis
1136 2189 1187 2239 in
1218 2204 1319 2241 una
1349 2203 1443 2257 spe
1472 2192 1764 2243 νιιε.ιιιιιιιξε

188 2287 401 2331 vestrm.
435 2278 577 2332 Unus
610 2279 882 2340 Dmninus,
926 2296 1025 2332 una
1073 2280 1232 2346 fides,
1278 2295 1436 2333 unum
1478 2280 1761 2349 baptsma,

185 2384 324 2422 unus
363 2369 502 2422 Deus
535 2368 744 2440 (Eplies.
773 2388 846 2435 IV,
872 2371 1009 2440 5b).
1043 2370 1098 2425 Si
1137 2373 1309 2436 enim,
1345 2372 1615 2438 Iimretice,
1650 2378 1768 2427 uni-

185 2467 349 2512 tatem
381 2460 500 2511 Iidci
543 2462 777 2515 volueris
816 2461 1044 2528 simplici
1073 2462 1237 2515 corde
1267 2463 1525 2531 recipere,
1555 2479 1620 2516 ex
1667 2464 1767 2519 hoc

186 2551 371 2617 itaque
400 2550 700 2605 testinmnio
730 2554 780 2604 in
814 2568 921 2606 uno
948 2552 1149 2619 Spiritu
1183 2554 1381 2620 poteris
1407 2554 1565 2607 simul
1596 2554 1769 2608 Patris

188 2649 245 2692 et
275 2637 395 2691 Filii
428 2640 682 2693 unitatem
716 2642 1045 2696 eondisccre.
1079 2642 1287 2696 Patrem
1314 2644 1492 2712 igitur,
1526 2657 1581 2697 ut
1610 2659 1769 2715 supe—

186 2729 303 2783 rius
350 2730 606 2798 posuisti,
648 2731 699 2785 in
733 2731 925 2785 divinis
963 2731 1183 2787 Litteris
1222 2733 1514 2802 ingenitum
1554 2736 1769 2802 protirie

186 2819 419 2887 positum
437 2860 450 2881 ,
482 2835 577 2873 nec
608 2820 783 2889 legere
810 2822 980 2889 possis
1003 2822 1233 2890 penitus,
1259 2838 1357 2877 nec
1383 2822 1629 2892 probare.
1662 2825 1766 2879 Sed

186 2909 312 2977 quia
344 2908 574 2977 idipsum
610 2912 739 2965 lidos
762 2912 924 2980 exigit
948 2910 1270 2980 Christiana,
1298 2914 1501 2983 absque
1536 2915 1638 2969 ulla
1669 2926 1766 2971 du-

188 2998 448 3052 bitatione
496 3000 758 3068 ingenitus
798 3001 1071 3055 creditur:
1112 2986 1203 3072 qui
1250 3014 1425 3058 tamen
1472 3004 1762 3060 secundum

187 3089 381 3143 seriem
413 3089 804 3161 Scripturarmn
847 3090 899 3146 in
942 3090 1081 3145 Filio
1117 3107 1146 3145 a
1174 3107 1233 3148 se
1263 3098 1441 3164 genito
1472 3094 1619 3150 visus
1646 3110 1767 3152 esse

188 3192 544 3235 ιιιοιιειιιιιιιι.

711 3272 869 3345 365
896 3274 1119 3330 CAPUT
1160 3273 1247 3329 ιιι.

190 3358 270 3416 De
303 3377 360 3416 eo
388 3363 523 3433 quod
553 3363 775 3417 dicitur:
807 3363 928 3417 Non
967 3381 998 3417 a
1039 3366 1229 3435 meipso
1272 3366 1413 3433 veni,
1441 3366 1531 3419 sed
1568 3367 1654 3422 ille
1694 3384 1772 3421 nze

909 3454 1067 3507 misit.

260 3546 318 3601 Si
353 3546 447 3600 tibi
477 3546 704 3600 dixerint
731 3546 872 3615 quod
907 3546 1073 3599 Filius
1094 3548 1288 3602 dixerit
1313 3547 1461 3602 :Non
1490 3562 1518 3600 a
1544 3563 1629 3603 me
1656 3550 1770 3618 ipso

192 3644 337 3707 veni,
367 3642 459 3697 St'd
492 3643 577 3697 ille
608 3658 693 3698 me
723 3644 866 3696 misit
897 3642 1073 3712 (Joan.
1101 3660 1220 3711 vm,
1246 3644 1363 3714 £2).

262 3737 569 3805 Responsio.
615 3738 903 3807 Apostolus
952 3755 1162 3810 quoque
1214 3738 1412 3795 Paulus
1462 3744 1771 3799 missionem

192 3831 319 3886 Filii
352 3833 395 3885 D
431 3836 443 3887 i
484 3834 533 3886 in
582 3834 781 3901 Spiritu
824 3844 1009 3888 sancto
1056 3835 1212 3905 longe
1245 3845 1369 3891 ante
1411 3841 1771 3911 conspiciens,

192 3918 448 3976 Romamn
478 3924 728 3977 Ecclesia:
752 3924 1013 3988 scribens,
1046 3924 1154 3977 hmi-
1182 3934 1403 3980 testatus
1426 3938 1529 3995 est,
1554 3930 1772 3986 dicens:

192 4012 349 4077 Quod
392 4017 531 4067 enim
581 4015 690 4082 imp
727 4014 912 4067 ssibile
959 4025 1075 4069 erat
1116 4015 1217 4085 legi
1253 4016 1301 4069 in
1338 4033 1443 4086 quo
1474 4019 1775 4075 intirmaha-

191 4111 282 4155 tur
328 4102 378 4153 in
411 4118 603 4164 carne,
642 4103 783 4156 Deus
829 4103 1020 4157 Filium
1065 4121 1217 4159 suum
1253 4107 1396 4159 misit
1442 4108 1492 4161 in
1535 4110 1779 4163 similitu-

189 4191 323 4244 dine
353 4194 528 4244 carnis
561 4192 792 4260 peccati,
816 4202 870 4245 et
906 4193 975 4247 de
1023 4207 1240 4263 peccato
1271 4196 1547 4250 damnavit
1598 4214 1781 4265 pecca-

189 4292 307 4335 tum
346 4281 396 4335 in
424 4297 600 4347 carne,
628 4292 683 4336 ut
708 4283 1018 4351 justifieatio
1061 4287 1193 4356 legis
1240 4288 1555 4357 impleretur
1586 4290 1775 4359 (Itoni.

194 4388 325 4436 vttt,
353 4374 408 4439 ὃ,
433 4374 511 4443 Δ).
552 4374 811 4430 Cernisne
840 4379 1091 4445 quoniam
1138 4380 1302 4433 Filius
1349 4397 1451 4434 non
1484 4382 1776 4437 secundum

197 4467 453 4521 deitatem
485 4483 513 4521 a
545 4467 701 4523 Patre
732 4472 926 4523 missus
953 4481 1062 4539 εει,
1088 4473 1180 4528 sed
1205 4474 1499 4529 secundum
1527 4491 1741 4532 carnem
1761 4518 1776 4542 ,

1867 1927 1934 1982 de
1965 1930 2105 1983 cmlo
2132 1928 2439 1993 descendit,
2473 1929 2640 1983 Filius
2673 1929 2927 1992 hominis,
2970 1929 3057 1997 qui
3096 1938 3180 1982 est
3220 1930 3269 1982 in
3300 1930 3435 1984 cmlo

1867 2018 2045 2089 (Joan.
2072 2036 2156 2087 ιιι,
2186 2022 2294 2089 15).
2329 2020 2572 2088 Nunquid
2604 2022 2653 2073 in
2688 2020 2751 2074 iis
2782 2022 2943 2074 tantis
2969 2034 3029 2073 ac
3061 2018 3256 2073 talibus
3288 2022 3436 2073 testi-

1866 2111 2082 2174 moniis,
2122 2112 2312 2180 quibus
2338 2126 2396 2165 se
2431 2110 2591 2164 Filius
2623 2110 2785 2165 Deum
2825 2124 2853 2163 a
2887 2108 3178 2177 semetipso
3214 2118 3436 2162 testatus
3504 2168 3509 2175 ,

1867 2211 1977 2263 εει,
2013 2203 2209 2269 poteris
2250 2202 2427 2256 dicere
2458 2202 2525 2255 ab
2558 2201 2695 2265 alio,
2721 2210 2775 2255 et
2811 2214 2916 2254 nou
2955 2213 2983 2251 a
3015 2197 3302 2266 semetipso
3339 2211 3435 2251 ve-

1869 2292 2051 2345 nisse?
2079 2292 2204 2345 dum
2252 2291 2585 2346 manufestum
2627 2300 2739 2355 est,
2786 2305 2907 2346 eum
2950 2290 3039 2358 qui
3082 2304 3297 2344 carnem
3343 2305 3413 2343 no

1867 2389 2031 2434 stram
2060 2382 2337 2450 dignanter
2367 2383 2680 2450 assumpsit,
2707 2382 3001 2444 voluntate,
3030 2388 3086 2434 et
3112 2394 3214 2433 non
3245 2378 3313 2433 ab
3334 2380 3438 2434 alio

1870 2472 2064 2525 missus
2094 2473 2392 2527 advenerit.
2420 2472 2549 2525 Nam
2577 2473 2665 2541 qui
2710 2472 2761 2526 in
2809 2473 2964 2526 Patre
2994 2485 3213 2525 manens
3247 2471 3439 2525 virtute

1872 2562 2117 2629 putentia;
2156 2576 2267 2615 sua:
2296 2562 2567 2625 consistit,
2608 2564 2695 2616 ubi
2740 2577 2770 2616 a
2803 2562 2959 2617 Patre
2988 2560 3283 2615 mitteretur
3319 2574 3440 2615 om-

1871 2654 1996 2706 nino
2027 2669 2131 2707 non
2166 2653 2373 2717 habuit;
2401 2654 2650 2721 quoniam
2683 2653 2823 2707 nulla
2868 2667 2991 2722 pars
3039 2650 3351 2705 saeculorum
3382 2664 3443 2705 ac

1872 2752 2028 2799 terra:
2048 2759 2076 2798 a
2099 2753 2386 2813 conspectu
2414 2745 2585 2800 Patris
2607 2744 2895 2814 excipitur,
2920 2742 3010 2798 ubi
3036 2740 3327 2798 secundum
3350 2754 3443 2795 vos

1869 2854 1898 2892 a
1928 2840 2081 2895 Patre
2113 2840 2152 2895 F
2160 2840 2280 2895 ilius
2313 2841 2635 2895 mitteretur.

2478 2929 2701 2987 CAPUT
2743 2928 2830 2983 IV.

2183 3020 2278 3074 Ubi
2305 3021 2513 3083 dicitur,
2544 3019 2794 3074 Dominus
2820 3018 3003 3071 creavit
3035 3032 3115 3069 me

1937 3110 1995 3167 Si
2022 3111 2112 3165 tibi
2145 3113 2377 3166 dixerint
2405 3111 2419 3165 i
2446 3110 2533 3165 Iud
2567 3107 2872 3165 Salomonis
2911 3104 3266 3162 testiinonium
3293 3122 3305 3157 :
3337 3103 3445 3158 Do-

1795 3208 1839 3271 C
1872 3204 2047 3257 minus
2081 3204 2285 3258 creavit
2314 3219 2399 3258 me
2430 3204 2479 3256 in
2512 3200 2717 3255 initium
2757 3199 2960 3253 viarum
3000 3210 3216 3251 suarum
3262 3194 3441 3265 (Prov.

1875 3309 1965 3348 vin
1984 3335 1998 3357 ,
2024 3292 2137 3363 22).

1945 3384 2248 3455 Responsio.
2276 3382 2470 3437 Paulus
2496 3383 2688 3451 quippe
2712 3380 2988 3449 apoStqus
3019 3393 3123 3432 non
3152 3376 3441 3432 secundum

1876 3472 2086 3527 dt-itatis
2118 3484 2361 3526 naturam
2389 3472 2656 3525 Christum
2687 3479 2925 3524 creatum
2953 3468 3209 3532 insinuat,
3240 3467 3331 3521 sed
3363 3483 3447 3520 se-

1876 3567 2107 3620 cundum
2140 3567 2382 3619 humana
2415 3572 2613 3617 naturte
2645 3563 2999 3616 substantiam
3029 3560 3273 3613 eumdem
3301 3572 3449 3612 crea-

1879 3666 1987 3709 tum
2027 3653 2286 3719 affirmat,
2323 3655 2436 3722 ipso
2481 3652 2724 3721 Ephesus
2754 3650 3176 3706 conseribeute:
3211 3648 3449 3702 Renova-

1879 3748 2039 3813 mini,
2064 3746 2263 3816 inquit,
2287 3746 2477 3817 spiritu
2507 3747 2699 3800 meritis
2722 3755 2932 3807 vestrm,
2956 3752 3007 3797 et
3034 3741 3234 3796 induite
3256 3756 3450 3795 novum

1879 3838 2147 3894 hominem
2190 3852 2312 3893 eum
2351 3838 2439 3907 qui
2487 3837 2779 3891 secundum
2826 3833 2991 3888 Deum
3023 3842 3234 3887 creatus
3277 3839 3359 3886 est
3398 3832 3451 3887 in

1875 3932 2080 4002 justitia
2120 3940 2175 3986 et
2217 3932 2496 3985 sanctitate
2538 3927 2775 3983 veritatis
2802 3924 3016 3997 (Eplies.
3046 3940 3124 3988 tv,
3149 3919 3266 3993 23).
3296 3922 3360 3977 Et
3387 3923 3452 3978 ad

1882 4022 2172 4078 Hebraeos:
2204 4020 2260 4075 In
2289 4035 2353 4075 eo
2382 4020 2524 4074 enim
2557 4020 2609 4073 in
2639 4032 2744 4087 quo
2777 4030 2965 4085 passus
2992 4023 3075 4068 est
3101 4015 3189 4067 ille
3222 4021 3453 4066 tentatus

1881 4122 1991 4174 est,
2023 4126 2142 4165 nam
2172 4121 2359 4178 potens
2379 4120 2459 4164 est
2478 4108 2556 4162 eis
2576 4108 2665 4176 qui
2695 4113 2962 4158 tentantur
2985 4102 3230 4156 auxiliari
3261 4101 3449 4169 (Hebr.

1883 4215 1952 4264 ιι,
1997 4200 2116 4269 13).
2166 4198 2318 4254 Unde
2374 4200 2565 4251 fratres
2617 4195 2823 4259 sancti,
2872 4193 3169 4248 vocationis
3216 4191 3452 4246 ctelestis

1885 4288 2187 4357 participes,
2218 4287 2551 4343 considerate
2580 4284 2888 4353 Apostolum
2913 4294 2966 4337 et
2997 4281 3296 4351 pontiﬁcem
3325 4298 3453 4335 coo-

1886 4378 2129 4433 fessionis
2176 4390 2371 4433 nostra:
2412 4378 2595 4432 Iesum
2642 4376 2851 4430 ﬁdelem
2902 4364 3218 4428 cxistent’em
3264 4372 3314 4427 ei
3365 4374 3454 4442 qui

1885 4470 2082 4525 creavit
2100 4485 2219 4525 eum
2241 4468 2425 4540 (Hebr.
2456 4484 2531 4533 ιιι,
2561 4469 2610 4533 1,
2630 4466 2707 4537 2).
2734 4469 2796 4519 tt
2815 4465 2878 4518 ad
2900 4465 3278 4519 Colosseuses:
3304 4463 3454 4517 Nunc

198 4572 357 4626 quam
399 4558 690 4612 clementer
728 4570 780 4613 et
814 4561 897 4627 pie
930 4578 1023 4629 pro
1054 4564 1205 4617 nobis
1234 4579 1508 4620 assumere
1548 4582 1652 4619 non
1683 4567 1771 4621 de.
1800 4571 1855 4633 ι)
1884 4570 2061 4614 autem
2105 4560 2359 4629 deponite
2386 4570 2439 4612 et
2469 4574 2564 4612 vos
2597 4558 2843 4611 universa
2870 4572 2883 4609 :
2916 4554 3083 4621 iram,
3131 4554 3456 4623 indignatio-

200 4651 449 4720 dignattis
475 4651 590 4704 est?
621 4650 750 4704 Nam
778 4652 916 4721 quod
949 4655 1291 4723 semetipsum
1324 4656 1615 4710 exiuanivit
1647 4673 1773 4723 pau-

200 4742 369 4795 Iulum
418 4743 709 4809 maiestatis
753 4756 861 4796 sure
916 4748 1180 4811 potentia,
1231 4746 1369 4801 idem
1423 4748 1586 4803 Filius
1636 4750 1777 4803 misit

201 4832 537 4899 apostolum,
582 4831 673 4900 qui
720 4841 1048 4886 contestatur
1091 4846 1143 4888 et
1197 4835 1373 4891 dicit:
1416 4836 1771 4906 Semetipsum

201 4920 495 4973 exinanivit
517 4921 740 4974 formam
772 4922 909 4975 servi
931 4924 1217 4991 accipiens.
1242 4924 1550 4982 Ilutuiliavit
1575 4938 1772 4983 semet-

202 5012 408 5082 ipsum,
454 5012 622 5067 factus
650 5014 903 5069 obediens
944 5030 1109 5086 usque
1147 5018 1211 5072 ad
1246 5029 1501 5088 mortem,
1548 5033 1771 5077 mortem

200 5114 380 5159 autem
406 5107 578 5158 crucis
606 5104 824 5176 (Philip.
853 5123 887 5161 It
906 5149 921 5173 ,
950 5109 1027 5175 7).
1064 5108 1128 5161 Ει
1178 5109 1337 5163 Isaias
1361 5126 1374 5162 :
1410 5110 1523 5163 Non
1553 5112 1775 5180 legans,

202 5207 377 5262 neque
414 5196 665 5262 angelus,
708 5197 801 5250 sed
852 5198 963 5264 ipse
999 5200 1254 5253 Dominus
1288 5199 1431 5253 venit
1476 5212 1528 5253 et
1559 5204 1781 5256 salvavit

201 5301 293 5341 eos
338 5282 500 5358 (Isai.
529 5288 688 5352 xxxv,
720 5288 751 5343 4
780 5302 813 5349 ξι.
855 5290 983 5344 Item
1033 5291 1099 5344 ibi
1133 5308 1147 5344 :
1183 5292 1357 5345 Palam
1402 5293 1625 5361 apparui
1674 5309 1779 5347 non

202 5378 563 5447 quaerentibus
593 5394 677 5434 me
704 5379 856 5450 (lsai.
881 5399 1000 5446 va,
1031 5383 1109 5452 5).
1138 5385 1200 5439 Et
1228 5386 1526 5440 Ieremias:
1564 5384 1776 5453 Reliqui

204 5469 423 5522 domum
455 5484 647 5535 meam,
680 5472 856 5525 dimisi
906 5476 1266 5531 Inrreditatem
1308 5491 1515 5541 meam,
1546 5486 1595 5529 et
1628 5474 1776 5539 veni,

205 5566 257 5610 ct
288 5559 456 5612 lactus
482 5574 597 5613 sum
628 5561 729 5614 illis
758 5562 808 5615 in
840 5564 1181 5630 opprobrium
1221 5565 1352 5635 (Jer.
1378 5582 1479 5631 xit,
1506 5566 1583 5633 7).
1620 5564 1682 5619 Et
1715 5565 1765 5618 in

207 5649 422 5705 Iliclima
458 5668 472 5705 :
520 5653 655 5708 Ecce
690 5654 945 5710 Dominus
992 5660 1168 5714 veniet
1208 5670 1261 5715 et
1288 5660 1767 5715 cmnmovebnutur

210 5753 416 5800 montes
444 5747 542 5802 sub
567 5763 631 5802 eo
661 5748 839 5816 (Misit.
869 5766 915 5819 t,
943 5751 1019 5819 5).
1064 5751 1126 5805 Et
1170 5753 1221 5805 in
1254 5750 1506 5805 Zacharii
1537 5769 1547 5802 ;
1584 5751 1769 5805 Gaude

1882 4666 2036 4714 nem,
2077 4651 2357 4715 malitiam,
2395 4650 2815 4718 blasphemiam:
2854 4646 3233 4716 turpiloquium
3261 4662 3325 4699 ex
3362 4661 3456 4701 ore

1880 4755 2060 4798 vestro
2086 4757 2188 4795 non
2218 4742 2485 4808 procedat:
2518 4741 2689 4795 Nolite
2728 4738 2941 4793 mentiri
2971 4738 3194 4791 invicem
3216 4778 3231 4803 ,
3262 4753 3456 4807 exspo-

1881 4834 2073 4889 liantes
2112 4848 2207 4887 vos
2246 4842 2481 4886 veterem
2524 4830 2793 4883 hominem
2834 4843 2955 4883 cum
2997 4829 3204 4881 actibus
3233 4829 3375 4893 suis,
3405 4838 3457 4885 et

1881 4927 2088 4983 induite
2120 4941 2314 4979 novqu
2344 4940 2465 4979 eum
2496 4925 2584 4993 qui
2616 4932 2902 4977 renovatur
2939 4922 2990 4976 in
3020 4922 3193 4990 agniti
3222 4936 3269 4973 ιιι
3292 4936 3342 4974 ιιι
3373 4935 3460 4974 εε-

1880 5017 2114 5071 cundum
2156 5016 2434 5084 imaginem
2464 5014 2582 5083 ejus
2610 5013 2701 5081 qui
2730 5012 2924 5067 ireavit
2954 5027 3075 5067 eum
3108 5011 3240 5080 (Col.
3269 5026 3357 5077 ιιι,
3389 5012 3456 5065 8-

1886 5108 1997 5178 10).
2028 5107 2271 5177 Nunquid
2304 5107 2348 5161 is
2374 5107 2463 5175 qui
2505 5106 2749 5160 univeisa
2790 5115 2999 5167 creata,
3028 5102 3252 5157 visitiilia
3285 5112 3339 5157 ct
3377 5106 3458 5157 ln-

1886 5200 2109 5253 visibilin
2139 5200 2365 5267 propriae
2397 5198 2673 5264 potestatis
2701 5198 2893 5250 virtute
2919 5211 2979 5250 ex
3015 5195 3181 5249 nihilo
3212 5208 3459 5262 procrea-

1885 5292 1959 5345 vit
1994 5302 2045 5347 et
2087 5290 2237 5356 ῖιειι,
2276 5291 2433 5360 367
2469 5291 2701 5359 seipsum
2744 5299 2932 5354 antea,
2962 5288 3044 5343 vel
3088 5285 3454 5355 postmodum,

1882 5384 2024 5456 quod
2050 5384 2231 5438 dicere
2264 5382 2411 5437 nefas
2434 5394 2545 5447 εει,
2570 5381 2772 5435 ereavit
2798 5380 2877 5434 vel
2908 5380 3083 5433 facere
3116 5374 3315 5442 potuit?

2517 5470 2741 5526 CAPUT
2771 5469 2833 5520 V.

1959 5565 2115 5619 Pater
2144 5567 2309 5635 major
2355 5579 2431 5617 me
2460 5573 2553 5626 est,
2598 5560 2853 5630 quomodo
2890 5552 3268 5623 intelligendum
3299 5554 3383 5607 sit.

1958 5660 2011 5714 Si
2043 5658 2275 5711 dixerint
2305 5656 2453 5715 iluil.
2477 5653 2615 5721 quod
2648 5650 2813 5703 Filius
2838 5648 2890 5700 in
2918 5644 3204 5713 Evangelia
3230 5642 3453 5700 dixerit:

1884 5750 2038 5805 Pater
2071 5749 2238 5817 nnjor
2266 5761 2348 5800 me
2379 5752 2459 5799 est
2492 5742 2669 5811 (Joan.
2706 5752 2811 5799 ειν,
2844 5736 2958 5802 εδ).
