3938 6376
552 359 656 417 353

1857 350 2079 405 VIGILII
2120 351 2488 409 'I’APSENSIS
3641 368 3707 425 56ιῖ

626 465 921 537 mammia.
955 466 1123 522 Filius
1158 466 1331 521 minor
1359 472 1439 519 est
1466 464 1621 518 Patre
1648 463 1701 517 in
1732 465 1988 531 assumpti
2023 465 2119 519 ho-
2148 470 2200 527 Α
2229 467 2520 521 nominabit
2548 465 2702 536 (Isai.
2733 483 2861 535 tht,
2895 462 2965 537 I).
3000 468 3111 536 Illa,
3143 481 3195 527 et
3216 473 3346 528 infra
3374 493 3383 528 :
3413 474 3483 532 Tu
3512 482 3626 535 enim
3650 501 3709 534 τ...

552 564 708 615 minis
736 560 927 625 forma,
945 558 1166 627 aequalis
1181 572 1308 612 vero
1326 557 1464 611 Patri
1488 564 1571 611 est
1600 558 1652 609 in
1681 556 1897 610 deitatis
1921 566 2125 610 natura:

550 653 864 713 subsmntia,
917 650 1104 704 eodem
1139 658 1494 717 protestante:
1536 648 1648 717 Ego
1679 659 1733 701 et
1776 648 1934 700 Pater
1961 661 2125 701 unum

551 759 734 798 sumus
770 741 945 812 (Joan.
977 756 1031 807 χ,
1060 739 1169 809 50).
1202 740 1263 792 Ει
1294 739 1486 793 iterum
1514 754 1527 788 :
1561 739 1660 804 Qui
1692 754 1776 792 me
1810 738 1963 803 vidit,
1999 737 2131 793 vidit

557 845 611 887 et
651 830 863 884 Patrem
896 829 1071 900 (Joan.
1111 845 1217 893 xw,
1251 828 1326 898 9).
1362 829 1425 882 Et
1456 829 1579 881 item
1606 844 1619 880 :
1650 827 1719 881 Ut
1748 842 1933 880 omnes
1963 828 2131 880 hono-

554 922 763 975 rificent
798 921 984 974 Filium
1031 921 1171 973 sicut
1211 918 1561 973 honorificam
1610 919 1817 972 Patrem
1852 917 2027 989 (Joan.
2072 933 2125 983 v,

554 1014 669 1083 25).
721 1012 786 1064 Et
814 1012 1003 1065 iterum
1038 1027 1051 1063 :
1090 1012 1208 1064 Sint
1245 1011 1296 1063 in
1333 1010 1485 1062 nobis
1526 1025 1722 1073 unum,
1766 1011 1903 1062 sicut
1940 1016 1993 1061 et
2031 1023 2129 1061 nos

554 1115 738 1156 sumus
765 1117 926 1154 unum
952 1117 966 1164 ;
997 1110 1050 1153 tu
1081 1102 1131 1153 in
1164 1114 1268 1163 me,
1288 1109 1340 1154 et
1362 1100 1529 1168 egoin
1552 1101 1628 1153 eis
1653 1099 1832 1169 (Joan.
1864 1109 1989 1161 xvu,
2011 1098 2123 1166 92).

557 1194 625 1247 Et
654 1194 842 1245 iterum
875 1209 886 1242 :
919 1190 1107 1245 Omnia
1139 1206 1255 1245 mea
1290 1201 1375 1243 tua
1417 1201 1560 1256 sunt,
1600 1198 1652 1243 et
1680 1189 1856 1242 omnia
1883 1196 1970 1242 tua
2011 1203 2127 1242 mea

558 1292 681 1337 sunt
712 1281 889 1351 (Joan.
923 1298 1049 1346 xvn,
1103 1282 1210 1352 ID).
1247 1282 1310 1334 Et
1340 1282 1528 1336 iterum
1558 1300 1569 1332 :
1602 1281 1786 1335 Omnia
1817 1296 1935 1349 quae
1973 1280 2129 1333 habet

553 1372 710 1427 Pater
738 1388 853 1425 mea
892 1380 1013 1425 sunt
1041 1371 1217 1439 (Joan.
1252 1386 1365 1435 xvr,
1409 1370 1515 1441 15).
1563 1371 1627 1424 Et
1664 1373 1853 1424 iterum
1892 1388 1902 1422 :
1938 1372 2046 1439 Ego
2078 1372 2127 1422 in

555 1465 730 1529 Patre,
776 1475 829 1518 et
869 1466 1025 1519 Pater
1055 1466 1105 1517 in
1150 1479 1235 1518 me
1283 1463 1459 1534 (Joan.
1492 1480 1599 1532 xw,
1637 1465 1747 1533 I0).
1792 1465 2123 1518 Etiternm:

555 1556 713 1610 Pater
744 1556 795 1609 in
823 1570 907 1609 me
930 1570 1150 1607 manens
1174 1554 1296 1607 facit
1317 1569 1474 1622 opera
1510 1554 1622 1607 hinc
1646 1554 1852 1623 (Ibid.).
1888 1554 2129 1607 EtJoan-

554 1662 651 1703 nes
696 1648 1023 1715 evangelista
1071 1646 1187 1698 ait:
1223 1644 1277 1697 In
1330 1645 1590 1713 principio
1621 1654 1735 1697 erat
1780 1644 2035 1707 Verbum,
2076 1652 2131 1697 et

553 1740 785 1795 Verbum
811 1748 921 1792 erat
946 1737 1082 1806 apud
1112 1738 1295 1803 Deum,
1322 1746 1375 1790 et
1400 1735 1535 1790 Deus
1560 1745 1672 1789 erat
1691 1736 1921 1789 Verbum
1946 1734 2125 1803 (Joau.

552 1846 594 1897 1,
624 1831 698 1901 I).
733 1830 863 1884 Item
896 1830 1007 1898 ipse
1035 1829 1099 1881 ad
1134 1827 1353 1881 Parthos
1387 1845 1398 1880 :
1437 1827 1571 1881 Tres
1624 1837 1768 1892 sunt,
1815 1826 2003 1895 inquit,
2037 1828 2123 1894 qui
2160 1841 2204 1900 Β

554 1922 918 1977 testiinonium
937 1918 1219 1987 perhibent
1242 1918 1293 1971 in
1321 1926 1480 1981 terra,
1508 1932 1664 1985 aqua,
1682 1919 1961 1985 szmgniset
1982 1932 2127 1981 caro,

553 2020 607 2067 et
637 2019 743 2065 tres
780 2011 831 2063 in
865 2010 1016 2064 nobis
1043 2017 1167 2062 sunt
1202 2007 1253 2079 (I
1277 2008 1431 2065 Joan.
1466 2026 1518 2071 v,
1550 2009 1628 2076 8).
1656 2009 1719 2061 Et
1752 2019 1857 2060 tres
1893 2016 2016 2061 sunt
2042 2008 2131 2075 qui

467 2142 477 2157 .
554 2100 918 2156 testimonium
964 2099 1246 2168 perhibent
1278 2099 1328 2151 in
1366 2098 1533 2163 coelo,
1570 2099 1745 2161 Pater,
1782 2098 2045 2161 Verbum,
2079 2107 2131 2151 et

553 2190 798 2260 Spiritus,
827 2197 881 2242 et
909 2189 941 2242 ii
975 2197 1081 2241 tres
1119 2202 1279 2241 unum
1320 2195 1441 2240 sunt
1468 2186 1519 2256 (I
1542 2186 1699 2241 Joan.
1734 2202 1785 2252 v,
1822 2189 1875 2249 7,
1906 2187 1984 2257 8).
2027 2186 2132 2241 Nos

556 2281 737 2349 itaque
767 2282 818 2333 in
846 2291 1034 2334 natura
1062 2279 1295 2344 deitatis,
1323 2294 1423 2348 qua
1456 2295 1616 2332 unum
1648 2288 1790 2341 sont,
1816 2279 2046 2341 Patrem,
2081 2288 2135 2332 et

557 2370 747 2425 Filium
780 2370 1044 2426 credimus
1074 2387 1088 2423 :
1121 2384 1216 2423 nec
1248 2370 1457 2423 Patrem
1505 2370 1682 2437 aliquo
1721 2379 1960 2435 tempore
1998 2384 2134 2437 pra:-

556 2460 782 2514 cessissc
807 2470 859 2512 ut
886 2460 1057 2529 major
1086 2461 1155 2513 sit
1189 2459 1343 2523 Filio,
1378 2473 1475 2513 nec
1514 2458 1707 2512 Filium
1740 2472 1922 2527 postea
1952 2467 2131 2512 natum

559 2566 701 2619 esse,
741 2562 796 2606 ut
820 2552 988 2605 deitas
1013 2552 1182 2605 Patris
1212 2552 1507 2604 minoretur
1536 2552 1589 2603 in
1617 2550 1775 2604 Filio.

1174 2639 1396 2695 CAPU'I‘
1431 2638 1517 2692 Vl.
1710 2692 1713 2695 ,
1836 2636 1839 2637 ν

720 2732 819 2787 Ubi
842 2733 1015 2785 dicunt
1047 2746 1147 2782 non
1177 2747 1281 2783 esse
1309 2730 1452 2781 Patri
1482 2729 1728 2799 aqualem
1756 2727 1969 2782 Filium.

626 2824 683 2881 Si
718 2826 808 2879 tibi
840 2824 1093 2888 dixerint,
1122 2838 1225 2875 non
1249 2832 1331 2877 est
1352 2823 1575 2891 aequalis
1607 2818 1774 2875 Filios
1810 2822 1972 2873 Patri.

635 2913 935 2984 Responsio.
967 2912 1022 2965 Si
1049 2912 1266 2980 mqualis
1300 2912 1438 2964 Patri
1478 2910 1641 2964 Filius
1672 2925 1775 2963 non
1807 2919 1906 2972 est,
1938 2925 2031 2962 cur
2065 2912 2133 2962 ita

560 3005 629 3059 de
658 3004 747 3057 illo
790 3005 1027 3058 Joannes
1064 3002 1386 3069 evangelista
1428 3010 1651 3055 testatus
1688 3010 1771 3055 est
1802 3019 1813 3052 :
1850 3002 2132 3068 I’rOpti-rea

562 3094 755 3162 inquit,
799 3094 1250 3161 persequebantur
1278 3092 1446 3146 Judazi
1488 3092 1704 3157 Jesum;
1742 3101 1795 3146 et
1825 3101 2135 3162 qurereoant

2233 555 2439 609 caberis
2479 557 2723 610 voluntas
2756 574 2868 613 mea
2894 557 3076 630 (lbid.,
3106 561 3183 630 4).
3214 562 3275 616 Ει
3318 568 3603 633 Apostolus:
3628 574 3711 625 llzrc
3744 621 3747 623 ,

2233 657 2335 712 est,
2361 650 2455 715 ait,
2474 649 2718 703 Voluntas
2748 651 2838 704 Dei
2870 652 2919 705 in
2949 652 3160 709 Christo
3188 656 3310 711 Jesu
3337 657 3386 726 (I
3406 659 3615 727 Thmm,
3637 669 3709 727 I8).

2232 734 2299 788 Et
2333 738 2521 790 iterum
2555 754 2567 791 :
2603 738 2657 791 In
2690 755 2793 806 quo
2826 741 3027 795 habitat
3053 742 3225 798 omnis
3254 722 3505 815 plenitudo
3531 722 3709 807 divinini.

2234 827 2301 879 tis
2343 829 2692 896 corporaliter
2731 832 2950 901 (Coloss.
2986 849 3041 898 tt,
3087 835 3163 903 9).
3210 839 3271 889 Et
3313 837 3489 892 iterum
3522 842 3598 895 :In
3635 847 3711 912 ipm

2233 918 2373 971 enim
2394 919 2590 985 placuit
2611 934 2820 973 onmem
2848 921 3226 989 plenitudinem
3253 924 3524 982 divinitatis
3543 932 3711 984 habitare

2234 1006 2367 1075 (Col.
2397 1022 2432 1071 ι,
2459 1009 2569 1074 19).
2607 1009 2669 1060 Et
2698 1022 2799 1061 vox
2828 1010 2997 1063 Patris
3024 1012 3090 1065 de
3114 1014 3250 1067 nube
3274 1014 3338 1067 ad
3366 1017 3710 1086 discipulos:llic

2232 1108 2314 1153 est
2346 1099 2507 1152 Filios
2537 1116 2686 1154 meos
2716 1102 3113 1172 dilectissimus,
3158 1105 3210 1158 in
3234 1114 3345 1173 quo
3389 1108 3503 1161 inibi
3540 1115 3710 1180 cumpla-

2233 1191 2313 1243 cui
2338 1190 2552 1257 (Matth.
2585 1207 2662 1258 ιιι,
2698 1194 2808 1262 I7).
2837 1196 2891 1247 Si
2925 1197 3167 1247 voluntas
3190 1196 3283 1249 Dei
3316 1196 3476 1251 Patris
3494 1198 3626 1254 Filius
3644 1220 3709 1255 non

2233 1277 2449 1345 fuisset,
2502 1283 2767 1349 quomodo
2819 1283 2957 1337 Patri
3002 1286 3051 1337 in
3089 1287 3175 1339 illo
3207 1286 3376 1354 potuit
3421 1289 3711 1353 coniplacere?

2232 1367 2336 1421 Aut
2364 1370 2807 1436 quemadmodum
2840 1373 2889 1425 in
2928 1386 2991 1427 eo
3028 1373 3304 1443 plenitudo
3331 1377 3480 1446 369
3498 1377 3713 1432 divinitatis

2233 1456 2348 1521 ejus
2394 1458 2565 1526 potuit
2603 1460 2871 1525 habitare,
2916 1462 2969 1515 in
3013 1478 3117 1531 quo
3150 1466 3436 1519 secundum
3466 1476 3511 1520 te
3545 1468 3712 1522 voluntas

2234 1543 2324 1599 Dei
2354 1544 2524 1599 Patris
2550 1562 2653 1600 non
2684 1550 2936 1616 probatur
2964 1551 3197 1606 adesse?

2824 1660 3049 1716 CAPUT
3076 1662 3210 1716 VIII.

2234 1743 2288 1797 Ν
2292 1761 2357 1798 on
2384 1747 2494 1799 veni
2516 1748 2682 1817 {acere
2707 1746 3019 1831 voluntatem
3050 1767 3234 1832 meum,
3260 1754 3348 1806 sed
3370 1753 3627 1806 voluntatem
3641 1757 3711 1825 ejus

2826 1836 2913 1887 qui
2944 1837 3021 1873 me
3049 1832 3206 1877 misit.

2302 1906 2354 1959 Si
2389 1905 2480 1959 tibi
2521 1907 2751 1960 dixerint
2793 1908 2916 1962 illud
2959 1910 3100 1977 quod
3148 1911 3400 1964 Dominus
3427 1912 3473 1965 in
3503 1911 3710 1980 Evangelia

2233 1994 2425 2049 dixerit
2454 2014 2467 2050 :
2498 1997 2611 2051 Non
2642 1999 2760 2052 veni
2793 1998 2967 2054 facere
3002 2002 3324 2056 voluntatem
3358 2018 3533 2068 meam,
3567 2002 3635 2055 sed
3655 2016 3711 2053 vo-

2234 2086 2487 2139 luntatem
2520 2087 2633 2155 ejus
2661 2090 2747 2156 qui
2781 2104 2865 2142 me
2897 2090 3040 2143 misit
3068 2089 3249 2158 (Joan,
3284 2109 3343 2158 v,
3374 2092 3477 2161 ΞΟ).

2307 2176 2604 2247 Responsio.
2636 2179 2765 2232 lluic
2790 2182 3135 2247 propositioni
3167 2198 3273 2235 non
3301 2182 3528 2235 humanis
3549 2190 3709 2245 οιιιιεεςι

2236 2271 2563 2337 respondere
2591 2270 2794 2336 verbis,
2826 2272 2918 2324 sed
2952 2272 3145 2326 divinis
3187 2272 3362 2340 p02ius
3391 2287 3614 2341 propriam
3638 2267 3708 2320 Filii

2235 2359 2556 2413 voluntatem
2590 2369 2831 2413 astruere
2859 2359 3193 2414 documentis
3230 2381 3240 2413 :
3276 2363 3517 2429 propheta
3546 2361 3585 2409 in
3610 2358 3710 2422 trige-

2235 2450 2372 2502 simo
2397 2464 2537 2503 nono
2558 2449 2763 2519 psalmo
2796 2449 2969 2519 (γεγε.
3003 2452 3056 2519 8)
3087 2458 3315 2505 canente
3338 2468 3351 2503 :
3374 2450 3509 2503 Tunc
3528 2445 3709 2511 dixi,ait:

2238 2538 2377 2593 Ecce
2402 2538 2554 2593 venio
2589 2548 2643 2592 ut
2687 2538 2875 2592 faciam
2907 2540 3234 2594 voluntatem
3286 2550 3442 2602 tuam,
3472 2538 3587 2591 Deus
3617 2546 3711 2586 meus

2235 2628 2397 2680 volui.
2431 2627 2498 2681 Et
2525 2628 2576 2680 in
2607 2629 2863 2696 vigesimo
2890 2629 3115 2696 septimo
3144 2628 3322 2698 (Vera.
3353 2629 3405 2697 7)
3428 2647 3437 2679 :
3462 2629 3508 2679 In
3528 2625 3620 2692 ipso
3640 2634 3711 2685 spe

2236 2718 2371 2772 ravit
2399 2732 2493 2772 cor
2523 2733 2721 2782 meum,
2770 2726 2825 2771 et
2867 2720 3077 2786 adjutus
3113 2733 3232 2772 sum
3259 2761 3272 2783 ,
3314 2732 3364 2771 et
3394 2713 3601 2770 reﬂoruit
3634 2721 3711 2763 caro

2238 2824 2379 2872 mea,
2408 2817 2462 2861 et
2488 2824 2551 2863 ex
2581 2810 2847 2863 voluntate
2876 2825 2989 2863 mea
3020 2809 3319 2863 confitebor
3352 2808 3441 2861 illi.
3470 2805 3528 2857 Et
3550 2805 3709 2855 iterum:

2244 2897 2550 2951 \‘oluntarie
2577 2899 2888 2951 sacriﬁcabo
2920 2900 3009 2951 tibi
3039 2898 3207 2963 (Psat.
3245 2912 3331 2949 ι,ιιι
3350 2938 3363 2962 ,
3394 2896 3466 2963 8).
3495 2892 3550 2944 Et
3574 2892 3611 2942 in
3628 2887 3711 2939 Deu-

2239 2986 2572 3042 teronomio:
2606 2986 2835 3055 Diligens
2866 2995 2935 3050 te,
2970 2985 3065 3040 feci
3096 2987 3421 3061 voluntatem
3461 2991 3597 3036 tuam.
3620 2976 3663 3030 Et
3682 2987 3711 3024 tn

2238 3077 2555 3147 Apocalypsi
2584 3095 2597 3130 :
2625 3076 2822 3146 Dignus
2851 3091 2930 3143 es,
2954 3077 3173 3130 Domine
3194 3078 3336 3131 Deus
3359 3070 3712 3139 noster,accipete

561 3201 685 3242 eum
706 3187 967 3248 occidere,
994 3185 1115 3251 quia
1146 3185 1308 3255 363
1338 3201 1440 3239 non
1466 3186 1634 3240 solum
1673 3186 1917 3239 solvebat
1941 3188 2133 3239 sabba-

2238 3170 2463 3235 gluriaiu
2494 3175 2547 3220 et
2591 3166 2845 3221 honorem
2892 3177 2945 3219 et
2983 3177 3337 3235 poteStatein,
3376 3164 3486 3232 quia
3516 3171 3561 3214 tu
3587 3164 3712 3209 creasti

564 3289 698 3344 tum,
740 3278 831 3332 sed
857 3288 909 3330 et
940 3277 1150 3331 Patrem
1182 3278 1332 3331 suuui
1358 3279 1567 3332 dicebat
1586 3278 1771 3341 Deum,
1796 3278 2050 3347 :equdetn
2078 3293 2137 3333 se

564 3368 764 3423 faciens
792 3370 900 3423 Iteo
931 3368 1108 3439 (loan.
1138 3384 1190 3434 v,
1226 3368 1331 3436 18).
1364 3368 1430 3422 Et
1460 3369 1656 3423 Paulus
1686 3371 1958 3438 apostolus
1984 3387 1995 3420 :
2029 3370 2139 3423 lloc

561 3461 754 3515 sentite
784 3462 851 3513 de
894 3459 1065 3526 Vobis,
1100 3458 1291 3527 inquit,
1345 3458 1485 3529 quod
1517 3460 1568 3513 in
1605 3459 1816 3515 Christo
1862 3459 2004 3522 Jesu,
2048 3458 2136 3528 qui

563 3566 681 3606 cum
708 3552 758 3605 in
790 3551 959 3605 forma
992 3551 1084 3605 Dei
1112 3560 1254 3605 esset
1279 3550 1622 3618 constitutus,
1657 3567 1760 3605 non
1789 3553 2028 3617 rapinam
2053 3566 2139 3603 ar-

564 3644 783 3697 bitratus
823 3653 905 3696 est
934 3656 1052 3696 esse
1093 3656 1152 3696 se
1186 3643 1445 3711 aequalem
1485 3643 1619 3708 Deo,
1657 3642 1752 3697 sed
1792 3643 2135 3709 semetipsum

564 3737 875 3800 exinanivit,
909 3734 1133 3789 formam
1162 3736 1304 3788 servi
1336 3736 1601 3801 accipiens
1633 3735 1858 3801 (Philip.
1884 3750 1941 3799 II,
1973 3736 2052 3804 5).
2074 3735 2139 3788 Et

564 3830 617 3881 in
649 3827 774 3880 Salo
797 3847 805 3875 ι
831 3839 934 3878 one
966 3839 977 3876 :
1010 3825 1107 3889 Qui
1147 3827 1328 3893 genuit
1361 3840 1465 3888 me,
1521 3824 1783 3894 requievit
1812 3826 1861 3877 in
1893 3826 2139 3878 taberna-

564 3917 686 3971 culo
717 3930 800 3969 uie
825 3936 834 3961 ι
862 3913 1046 3983 (Eccli.
1079 3930 1220 3978 xxw,
1256 3912 1362 3982 I2).
1395 3914 1457 3966 Et
1486 3913 1535 3966 in
1571 3915 1699 3966 Isaia
1733 3930 1745 3965 :
1787 3914 1936 3968 Sicut
1961 3923 2042 3967 est
2073 3918 2139 3967 ab

564 4010 734 4073 initio,
769 4008 837 4059 ita
864 4018 940 4077 est
967 4021 1131 4074 usque
1164 4006 1215 4059 in
1246 4007 1521 4059 sarculum.
1556 4005 1735 4071 Neque
1766 4006 2031 4071 adjectum
2057 4016 2138 4060 est

561 4099 635 4163 ei,
667 4112 837 4164 neque
872 4095 1253 4149 intnueturilli.
1291 4096 1406 4162 Ipse
1434 4104 1513 4147 est
1540 4097 1680 4149 enim
1713 4096 1967 4148 Dominus
1989 4111 2137 4149 crea-

565 4198 695 4241 tura-
722 4202 853 4251 sum,
884 4188 971 4255 qui
1000 4186 1130 4239 nihil
1152 4187 1294 4254 eguit
1318 4187 1384 4241 ab
1407 4187 1599 4254 aliquo.
1630 4187 1689 4239 Et
1713 4188 1762 4239 in
1790 4188 1996 4255 psalmo
2018 4202 2139 4256 sep-

564 4278 1108 4353 tuagesimoseiuudo
1140 4278 1317 4346 (Vers.
1350 4278 1445 4347 ‘25)
1475 4295 1487 4330 :
1518 4279 1649 4343 Quid
1676 4279 1815 4331 enim
1840 4279 1969 4332 mihi
1989 4279 2139 4333 deest

567 4370 623 4423 in
644 4370 801 4431 caelo,
836 4379 889 4420 et
912 4384 937 4419 a
972 4378 1020 4422 te
1043 4369 1166 4436 quid
1198 4371 1339 4421 volui
1363 4385 1522 4437 super
1547 4372 1773 4423 terram?
1804 4371 1926 4424 Haec
1957 4372 2136 4424 omnia

568 4460 622 4510 in
655 4458 786 4511 Filio
828 4473 929 4509 non
963 4458 1270 4511 inferiorem
1304 4467 1545 4511 naturain
1597 4461 1999 4526 demonstrant,
2043 4462 2134 4514 Sed

2239 3261 2438 3323 omnia,
2468 3270 2521 3314 et
2552 3271 2762 3329 propter
2789 3263 3110 3315 volunzatem
3146 3275 3290 3312 tuam
3324 3261 3449 3311 facta
3474 3253 3710 3320 suampot-

2238 3362 2309 3412 ιν,
2339 3352 2449 3417 II).
2475 3350 2539 3403 Et
2567 3353 2616 3403 in
2645 3350 2927 3404 Canonicis
2953 3368 2964 3401 :
2996 3350 3309 3403 Voluntarie
3334 3347 3503 3417 genuit
3522 3357 3598 3397 nos
3612 3338 3713 3391 verbo

2240 3444 2495 3508 veritatis,
2524 3456 2579 3496 ut
2604 3447 2771 3497 simus
2797 3444 3009 3512 aliquod
3037 3443 3251 3496 initium
3275 3453 3520 3496 creaturze
3536 3437 3623 3504 ejus
3641 3429 3714 3501 (Ja-

2238 3536 2347 3586 τοὺ.
2381 3550 2416 3596 ι,
2453 3534 2561 3602 18).
2600 3537 2679 3588 hx
2715 3537 2778 3589 iis
2807 3538 2987 3606 utique
3014 3554 3129 3606 quze
3151 3526 3397 3605 superius
3420 3534 3542 3587 dicta
3560 3523 3713 3582 suntdf'

2240 3626 2334 3679 bes
2363 3642 2686 3696 cognoscere
2712 3631 2961 3697 quoniam
2994 3634 3081 3699 qtti
3116 3632 3415 3684 Voluntarie
3438 3621 3713 3681 Patrisvolutt-

2240 3728 2399 3773 tatem
2425 3720 2614 3773 fecisse
2644 3735 2701 3773 sc
2722 3720 2871 3785 dicit,
2904 3722 3121 3775 inferior
3150 3722 3242 3774 illo
3270 3724 3385 3774 esse
3414 3718 3509 3772 non
3536 3712 3669 3783 possit.

2852 3836 3076 3891 CAPUT
3105 3836 3193 3890 IX.

2278 3926 2491 3989 Quando
2519 3927 2688 3980 dicunt
2720 3927 2992 3981 Dominum
3022 3940 3067 3981 et
3099 3928 3363 3981 Christum
3386 3926 3543 3994 fecisse
3569 3920 3691 3971 Deum.

2310 4015 2363 4071 Si
2398 4018 2483 4069 tibi
2510 4018 2852 4085 opposuerim
2873 4020 3000 4072 illud
3029 4020 3168 4088 quod
3200 4022 3250 4071 in
3280 4017 3600 4087 apostolorum
3621 4004 3714 4060 Arti-

2242 4105 2338 4159 bus
2367 4108 2617 4174 scriptntn
2665 4120 2741 4161 est
2772 4127 2780 4157 :
2813 4110 3067 4174 Quintium
3118 4109 3421 4171 Dominum,
3449 4115 3496 4158 et
3528 4102 3714 4155 CllflslUlll

2242 4196 2381 4249 Deus
2414 4196 2535 4248 fecit
2562 4198 2693 4267 (Act.
2732 4213 2785 4262 ιι,
2821 4198 2934 4267 56).

2317 4289 2613 4356 Responsio.
2646 4290 2757 4342 Non
2795 4289 3085 4343 secundum
3115 4284 3332 4342 déitatis
3370 4294 3580 4339 naturam
3609 4277 3717 4329 latius

2241 4377 2435 4429 dicitur
2468 4378 2625 4443 filius,
2682 4379 2773 4432 sed
2822 4379 3112 4431 secundum
3146 4378 3401 4445 aSsumpti
3444 4368 3628 4427 hominis
3655 4363 3719 4415 lot-

2242 4483 2402 4521 matn.
2436 4470 2557 4524 llmc
2586 4471 2650 4523 de
2679 4488 2741 4525 eo
2971 4473 3147 4525 divina
3176 4473 3383 4540 eloq'uia
3429 4467 3716 4537 prOIeStant.rr.

569 4550 925 4616 aequalitatem
958 4548 1169 4600 deitatis
1198 4549 1544 4617 pronuntiant
1570 4568 1580 4600 :
1613 4554 1860 4617 quoniam
1881 4554 1967 4619 qui
1996 4562 2136 4604 ntra-
2165 4551 2213 4610 Ι)
2245 4559 2405 4612 Paulo
2431 4561 2672 4628 apostolo
2701 4564 3083 4629 comprobante
3114 4581 3124 4615 :
3159 4563 3299 4631 quod
3324 4573 3440 4615 ante
3470 4553 3719 4625 promiserat.

570 4652 675 4707 que
722 4639 928 4690 locutus
959 4650 1060 4703 est,
1100 4654 1283 4692 verum
1311 4638 1461 4704 dixit,
1513 4641 1633 4708 quia
1687 4642 1881 4694 veritas
1926 4642 2138 4695 mentiri

571 4747 675 4784 non
708 4745 787 4799 po.
802 4732 895 4782 uit.

1169 4819 1393 4876 CAPUT
1433 4822 1543 4875 VII.

816 4913 1133 4967 Voluntatem
1158 4913 1328 4967 Patris
1352 4914 1544 4968 Filium
1576 4917 1661 4983 qui
1692 4928 1893 4986 negant.

644 5005 701 5059 Si
726 5004 815 5058 tibi
836 5005 1066 5058 dixerint
1093 5021 1107 5057 ε
1133 5005 1246 5058 Non
1279 5016 1361 5060 est
1392 5007 1633 5060 voluntas
1659 5007 1829 5062 Patris
1862 5008 2045 5061 FIllll“.

647 5098 948 5165 Responsio.
992 5096 1047 5150 Si
1082 5098 1416 5164 propheticas
1444 5100 1863 5165 apOstolicasque
1903 5100 2138 5167 Scriptu-

574 5205 663 5243 ras
693 5203 837 5257 purae
886 5186 1077 5268 mentis
1104 5187 1395 5241 intentiOne
1428 5189 1720 5256 perquiras,
1755 5190 1995 5243 invenies
2023 5191 2139 5245 sine

575 5280 737 5335 dubio
770 5280 958 5332 Filium
988 5279 1126 5333 Patri
1160 5287 1212 5332 et
1235 5286 1417 5331 natura
1440 5289 1787 5344 comternum,
1822 5290 1874 5335 et
1896 5283 2141 5335 substan-

575 5372 647 5424 tia
692 5370 1095 5439 sempiternum,
1127 5379 1181 5423 et
1209 5370 1499 5433 Voluntate,
1532 5385 1649 5438 qua:
1680 5372 1733 5423 in
1762 5375 1999 5440 utrisque
2035 5388 2137 5426 una

574 5469 675 5522 est,
700 5476 803 5512 non
834 5461 1148 5514 diSt-retum:
1178 5461 1303 5514 Isaia
1336 5460 1587 5530 propheta
1612 5462 1661 5513 di
1698 5470 1819 5515 eote
1854 5475 1865 5514 :
1894 5464 2137 5517 Salutare

576 5557 748 5600 autem
774 5566 944 5601 meum
974 5551 1109 5601 sicut
1140 5548 1302 5603 facula
1334 5551 1561 5613 ardebit,
1593 5560 1645 5603 et
1675 5567 1703 5602 v
1729 5551 1925 5604 debuut
1956 5567 2140 5606 moues

580 5639 1023 5705 gentesjusntiam
1048 5650 1209 5704 tuam,
1233 5650 1287 5695 et
1313 5655 1497 5694 omnes
1515 5655 1666 5707 reges
1692 5650 1848 5694 terra:
1883 5643 2139 5695 honorem

580 5732 749 5790 tuum,
792 5737 844 5780 et
881 5730 1151 5785 vocabeﬁs
1185 5733 1395 5786 nomine
1422 5740 1510 5785 luo
1543 5747 1680 5783 novo
1717 5733 1855 5800 quod
1890 5733 2143 5787 Dominus

2244 4651 2337 4711 ait,
2374 4664 2464 4717 per
2486 4649 2772 4717 prophetas
2802 4667 2925 4705 suos
2956 4653 3003 4704 in
3036 4652 3328 4719 Scripturis
3357 4648 3535 4703 sanctis
3562 4646 3612 4695 de
3636 4638 3720 4692 Filio

2244 4752 2341 4791 suo
2374 4755 2388 4792 :
2418 4738 2517 4803 Qui
2546 4738 2712 4792 factus
2743 4752 2821 4793 est
2847 4756 2907 4794 ex
2947 4742 3150 4794 semine
3186 4742 3350 4793 Itavid
3382 4735 3627 4793 secundum
3648 4741 3721 4781 cat-

2245 4843 2364 4880 nem
2411 4828 2586 4899 (Rom.
2613 4844 2648 4892 ι,
2681 4829 2759 4897 ἓ).
2795 4831 2922 4884 Item
2975 4832 3084 4898 ipse
3131 4832 3196 4885 ad
3249 4833 3455 4886 Galatas
3481 4848 3491 4879 :
3522 4827 3721 4885 Postquam

2246 4928 2419 4970 autem
2468 4918 2612 4971 venit
2657 4918 2928 4986 plenitudo
2962 4922 3237 4989 temporis,
3274 4922 3411 4973 misit
3453 4919 3570 4970 Deus
3595 4907 3722 4961 Filium

2244 5021 2395 5060 suum
2429 5017 2605 5060 natum
2626 5025 2686 5061 ex
2717 5010 2963 5073 muliere,
2989 5011 3181 5063 factum
3213 5011 3311 5065 sub
3330 5011 3439 5075 lege
3465 5004 3583 5075 (Gal,
3602 5012 3653 5056 IV.
3675 4991 3721 5051 ⁵)·

2246 5098 2310 5151 Ει
2333 5100 2395 5151 ad
2433 5100 2801 5168 Philippense»
2829 5117 2842 5154 :
2877 5102 2931 5154 In
2952 5103 3298 5156 similitudine
3329 5099 3572 5154 hominum
3593 5090 3724 5143 lactus.

2243 5199 2293 5241 et
2328 5188 2507 5242 habitu
2530 5178 2786 5244 inventus
2811 5201 2866 5243 ut
2895 5192 3053 5243 homo
3079 5191 3296 5259 (Philip.
3329 5207 3382 5251 ιι,
3417 5187 3484 5255 7).
3518 5185 3567 5236 Et
3588 5184 3626 5231 in
3642 5172 3726 5242 νέαις

2233 5288 2330 5329 ἰιιο
2363 5280 2633 5347 trigesimo
2662 5279 2837 5349 (Vers.
2869 5281 2957 5349 II)
2991 5300 3002 5333 :
3036 5281 3303 5334 Infirmata
3324 5278 3469 5333 estin
3496 5270 3727 5341 ρειιψειιειιε

2244 5369 2408 5420 virtus
2462 5384 2601 5433 mea,
2631 5382 2682 5422 et
2712 5385 2831 5424 Ossa
2881 5356 2997 5422 mea
3045 5370 3352 5423 Conttirbztta
3399 5375 3527 5424 sunt,
3556 5360 3728 5415 rtslli'"

2250 5457 2491 5510 inimicos
2509 5474 2654 5512 meos
2677 5459 2843 5511 laetus
2870 5474 2986 5511 sum
3011 5460 3373 5527 opprobrium.
3395 5456 3509 5509 Item
3537 5438 3725 5508 ll)i(r€”'

2210 5548 2212 5551 ’
2249 5550 2337 5618 15)
2371 5567 2383 5601 ε
2416 5550 2677 5603 Oblivioni
2710 5551 2933 5604 traditus
2965 5566 3079 5603 sum
3116 5564 3357 5619 tanquam
3389 5549 3628 5599 mortuusa
3649 5541 3727 5619 cnt-

2248 5614 2333 5704 de,
2357 5650 2407 5694 et
2438 5640 2607 5694 factus
2639 5655 2753 5694 sum
2785 5652 3029 5705 tanquam
3058 5656 3147 5694 vas
3182 5614 3452 5709 perditum.
3484 5633 3541 5685 Et
3567 5631 3607 5678 in
3632 5614 3729 5712 μεθ’

2251 5748 2337 5785 mo
2367 5732 2511 5801 (mi,
2539 5732 2591 5800 7)
2617 5748 2631 5783 :
2666 5732 2935 5801 Tanquam
2961 5733 3255 5802 prodigium
3279 5733 3437 5785 factus
3462 5736 3563 5778 sum
3584 5713 3726 5768 multis.
