3938 6376
139 353 238 409 361

1281 363 1562 420 (:0me
1609 365 2018 428 VARIMADUM
2041 356 2179 428 ω.
2224 376 2258 432 I.

3296 395 3406 449 5132

138 477 187 519 et
218 474 271 520 tu
299 467 510 535 adjutor
540 469 710 525 fortis.
753 472 818 526 Et
851 473 901 526 in
943 476 1148 545 psalmo
1183 481 1573 548 septuagesimo
1613 494 1697 533 se.
1731 483 1779 539 Α
1815 492 1921 537 tate
1951 488 2197 544 universa
2229 493 2429 547 creavit
2463 539 2474 555 ν
2504 513 2619 565 qm.
2653 503 2881 557 “cauda
2918 506 3028 562 rure
3056 511 3399 579 providenti-3

145 559 302 579 Δ...1.
541 564 625 579 η-.
706 565 815 579 .
1126 571 1142 579 -
1595 574 1606 579 ,

135 559 308 614 eundo
335 561 511 630 (Vera.
541 564 631 631 23)
659 583 669 616 :
706 565 770 620 Ut
799 567 1092 632 jumentum
1124 571 1292 624 fartus
1321 589 1434 626 sum
1472 574 1608 641 apud
1631 582 1704 632 te.

138 657 188 702 et
214 664 314 716 ego
341 667 553 719 semper
581 663 774 708 tecum.
810 657 874 710 Et
905 659 957 710 in
979 662 1182 723 psalmo
1202 665 1566 730 octaagesimo
1591 679 1713 715 sex-

133 750 189 795 to
220 740 395 810 (Vera.
419 742 475 812 5)
502 786 513 796 .
543 745 708 799 Mater
727 745 852 800 Sion
876 749 1035 814 dicet,
1061 750 1240 816 Itomo,
1273 763 1326 806 et
1360 756 1518 807 homo
1541 756 1710 810 factus

134 840 214 885 est
245 833 296 885 in
327 848 410 896 ea,
443 840 496 887 et
526 836 637 903 ip~e
669 836 902 891 fuiidavit
932 855 1048 892 eam
1083 841 1406 896 Altissimus.
1443 846 1502 896 Et
1531 845 1581 898 in
1621 859 1711 897 oc-

135 924 424 991 tuagesimo
451 927 677 993 st-ptimo
703 928 879 998 (Vera.
900 931 952 999 7)
976 949 988 984 :
1016 932 1209 988 Factus
1239 949 1354 987 sum
1388 939 1525 989 sicut
1550 939 1708 1004 homo

132 1015 244 1067 sine
268 1015 553 1082 adjutorin,
595 1018 744 1074 inter
771 1032 1009 1079 mortuos
1037 1025 1189 1079 liber.
1223 1027 1290 1080 Et
1322 1027 1373 1080 in
1415 1030 1707 1082 centesimo

131 1119 316 1160 octavo
348 1107 523 1174 (Vers.
568 1111 658 1179 233)
685 1129 697 1164 :
729 1113 792 1166 Et
836 1115 1008 1170 factus
1038 1132 1154 1171 smn
1186 1121 1526 1188 opprobrium
1557 1122 1658 1175 illis
1690 1141 1732 1198 ε,

127 1197 375 1250 viderunt
405 1216 508 1263 ne,
539 1211 592 1255 et
618 1215 898 1258 moverunt
927 1209 1097 1277 capita
1133 1225 1250 1263 sua.
1284 1212 1347 1266 Et
1390 1213 1444 1264 in
1476 1214 1706 1267 centesi-

128 1305 212 1341 mo
263 1291 438 1358 primo
469 1291 646 1373 (Verri.
674 1296 732 1363 8)
765 1315 774 1347 :
817 1298 1054 1367 \‘igilavi,
1099 1310 1154 1355 et
1193 1302 1363 1358 Iactus
1402 1317 1518 1358 sum
1569 1307 1704 1359 sicut

126 1394 309 1445 passer
334 1383 617 1452 singularis
647 1388 696 1438 in
731 1399 893 1444 tecto.
929 1391 991 1444 Et
1019 1395 1068 1444 in
1101 1392 1388 1462 Evangelio
1421 1413 1432 1448 :
1471 1395 1700 1451 Verbum

122 1487 247 1525 caro
280 1477 471 1528 factum
504 1487 606 1539 cst,
642 1490 693 1532 ct
743 1479 1002 1535 habitavit
1049 1485 1098 1536 in
1133 1488 1284 1538 nobis
1313 1486 1486 1555 (Jotm.
1523 1504 1558 1552 I,
1593 1487 1698 1558 Η).

1529 1597 1540 1630 ε
1577 1595 1698 1633 nam

116 1654 410 1708 secundum
458 1657 789 1729 divinitatem
821 1678 847 1714 a
885 1664 1038 1720 Patre
1085 1683 1352 1736 nunquam
1397 1671 1585 1740 legitur
1626 1677 1700 1725 la-

124 1561 287 1616 Filius
332 1565 490 1628 ἰμὶιιιι·
526 1571 816 1623 secundum
846 1587 1061 1626 carnem
1095 1575 1291 1629 dicitur
1333 1579 1498 1632 factu.-

114 1759 254 1812 e'us,
284 1745 377 1799 sed
398 1747 629 1815 genitus.

735 1844 962 1901 CAPUT
1004 1848 1069 1900 Χ.

167 1929 296 1994 Qua‘
323 1949 414 2001 ego
445 1935 643 2002 loquor,
675 1939 804 1990 sicut
833 1940 954 1993 dicit
987 1944 1109 1994 mihi
1143 1941 1297 1997 Pater
1325 1947 1396 1998 sic
1436 1947 1634 2016 loquor.

182 2020 242 2075 Si
261 2022 351 2074 tibi
370 2024 603 2080 dixerint
623 2030 762 2096 quod
785 2029 947 2085 Filius
966 2033 1163 2087 dixerit
1184 2036 1340 2102 :Qum
1364 2053 1460 2107 ego
1485 2039 1690 2108 loquor,

106 2110 250 2163 sicut
277 2111 408 2166 dixit
439 2116 564 2168 mihi
587 2117 760 2180 Pater,
793 2122 869 2173 sic
899 2123 1084 2191 loquor
1115 2125 1294 2195 (Joau.
1335 2143 1430 2193 xtl,
1455 2131 1566 2196 50).

180 2201 487 2272 Responsio.
522 2207 650 2262 Dum
683 2213 823 2264 enim
855 2213 1010 2267 Pater
1042 2219 1294 2286 loquitur,
1322 2221 1484 2274 Filius
1518 2225 1687 2293 loqui-

105 2304 219 2357 tur,
269 2303 466 2351 etcum
509 2299 675 2355 Filius
709 2305 960 2370 loquitur,
997 2307 1235 2375 loquitur
1265 2312 1438 2365 I’ater.
1475 2313 1688 2370 Patrem

101 2383 156 2434 in
222 2385 310 2439 illo
358 2387 499 2457 loqui
546 2390 878 2446 documentis
928 2397 1244 2452 coelestibus
1290 2404 1685 2471 comprobatur,

96 2475 274 2530 Paulo
303 2481 546 2546 apostolo
587 2491 876 2539 attestante
904 2503 914 2536 :
952 2488 1129 2541 Multis
1162 2493 1400 2558 partibus
1431 2504 1478 2547 et
1510 2497 1688 2572 multis

95 2571 281 2626 modis
312 2575 437 2627 olim
473 2569 612 2630 Deus
641 2578 869 2646 loquens
913 2584 1228 2650 patrilms‘in
1261 2588 1561 2654 prophetis,
1589 2607 1618 2643 η
1661 2621 1684 2630 -

91 2663 326 2718 vissime
355 2651 760 2723 auteutlociitus
791 2682 867 2725 est
901 2675 1053 2729 nobis
1085 2677 1135 2729 in
1171 2678 1304 2731 Filio
1331 2679 1514 2748 (llebr.
1545 2698 1581 2745 ι,
1607 2683 1678 2750 1).

89 2757 160 2810 Et
186 2765 245 2809 ut
275 2759 520 2812 eumdem
551 2762 707 2833 371
746 2763 932 2819 Filium
966 2779 1188 2836 excepto
1219 2771 1396 2850 Patris,
1418 2786 1682 2843 pra-cepto

90 2849 388 2902 doceamus
421 2850 582 2905 fuisse
607 2855 861 2920 locutum,
886 2857 953 2911 de
988 2858 1132 2914 Isaia:
1157 2863 1429 2930 prophette
1456 2865 1681 2919 volumi-

87 2957 157 2994 ne
189 2943 512 3010 proferimus
538 2946 913 3002 documentum
939 2952 960 3002 ?
993 2951 1117 3006 Ilzcc
1140 2954 1263 3008 dicit
1301 2956 1555 3012 Dominus
1585 2976 1594 3009 :
1621 2961 1674 3012 In

83 3032 176 3086 die
234 3019 319 3086 illa
351 3037 482 3089 sciet
515 3039 738 3106 popqus
777 3056 925 3095 meus
956 3045 1206 3112 quoniam
1255 3063 1353 3116 ego
1401 3066 1516 3102 smn
1562 3054 1674 3120 ipse

83 3122 178 3188 qui
230 3123 482 3190 loquebar
515 3127 563 3178 iu
596 3129 764 3181 servis
797 3135 929 3184 meis
961 3135 1268 3202 prophetis,
1315 3149 1368 3192 et
1405 3143 1671 3210 evangeli-

81 3230 240 3277 zans,
268 3216 501 3271 auditum
535 3219 779 3286 audietis,
811 3239 939 3279 ecce
967 3243 1065 3293 ego
1097 3244 1235 3283 sum.
1260 3231 1390 3286 Item
1419 3234 1488 3288 ibi
1519 3253 1528 3286 :
1559 3236 1669 3306 Ego
1699 3230 1744 3292 C

82 3306 210 3359 sum'
235 3307 510 3374 Dominus,
543 3312 630 3380 qui
661 3313 852 3382 loquor
878 3318 1166 3385 justitiam,
1215 3333 1266 3376 et
1293 3328 1549 3381 annuntio
1580 3345 1666 3382 vc-

76 3402 295 3455 ritatem
317 3401 474 3472 (Isai.
508 3420 634 3470 λιν,
673 3407 776 3476 19).
810 3410 938 3464 Item
971 3414 1041 3467 ibi
1069 3431 1085 3468 ε⁴
1110 3413 1349 3484 Cogitavi
1374 3431 1426 3474 et
1458 3421 1667 3477 loeutus

71 3504 221 3555 sum,
254 3503 308 3546 ct
334 3493 549 3560 adduxi,
582 3506 635 3549 et
659 3500 857 3566 creari,
887 3511 942 3556 et
966 3502 1082 3560 feci.
1129 3506 1192 3560 Et
1234 3510 1556 3578 Apostolus:
1588 3517 1662 3566 Au

71 3581 503 3646 experimentum
534 3587 772 3654 quiasritis
788 3590 926 3658 ejus,
959 3593 1050 3661 qui
1079 3595 1131 3647 in
1156 3598 1490 3665 mequnitttr
1513 3603 1663 3656 Chri«

67 3679 161 3724 tus
193 3671 278 3742 (11
303 3675 418 3727 Cor.
455 3693 565 3739 xm,
600 3679 697 3746 δη
728 3679 790 3733 Et
821 3682 889 3735 in\
911 3685 1115 3750 psalmo
1141 3692 1437 3744 centesimo
1468 3702 1662 3746 octavo

67 3760 286 3818 decimo
319 3765 493 3834 (γεγε.
527 3769 661 3837 46);
693 3771 970 3841 Loquebar
1016 3775 1082 3830 de
1115 3779 1430 3836 testimoniis
1465 3780 1586 3838 tuis
1607 3786 1656 3840 in

63 3865 361 3923 COIISpet‘lu
388 3875 596 3929 regum,
631 3873 683 3917 et
707 3880 811 3918 non
839 3867 1224 3925 coul'undebar.
1253 3873 1319 3927 Et
1344 3875 1455 3944 ipse
1478 3877 1655 3932 Domi-

62 3963 173 4002 nus
201 3951 252 4004 in
288 3937 600 4023 Evangelio,
633 3972 778 4014 οωςο
811 3976 839 4022 _a
865 3976 923 4016 se
946 3963 1247 4021 illuminato
1282 3969 1410 4025 dicit
1439 3991 1450 4023 :
1489 3975 1550 4026 Iit
1581 3977 1651 4028 \i-

59 4040 193 4094 disti
223 4058 369 4109 eum,
413 4057 463 4097 et
494 4049 581 4114 qui
617 4048 850 4116 loquitur
881 4062 1073 4120 tecum,
1110 4059 1223 4124 ipse
1250 4071 1330 4112 est
1360 4060 1539 4129 (1001.
1580 4081 1650 4130 Ix,

56 4129 181 4196 57).
218 4131 285 4182 Et
310 4132 656 4188 Samaritanze
684 4141 896 4193 mulieri
927 4143 1000 4196 ait
1031 4162 1044 4197 ε
1073 4147 1182 4214 Ego
1205 4163 1320 4202 sum
1350 4152 1439 4218 qui
1469 4129 1654 4221 loquor

51 4218 452 4306 tecuntann.
481 4237 553 4289 Iv,
599 4225 714 4296 26).
762 4229 824 4282 Et
853 4231 916 4284 ad
963 4234 1253 4302 discipulos
1285 4259 1295 4292 ε
1333 4242 1502 4296 Verba
1535 4218 1652 4313 qum

51 4329 163 4376 ego
194 4297 408 4366 loculus
427 4333 541 4369 sum
573 4319 744 4386 vobis,
772 4323 990 4391 spiritus
1012 4338 1063 4381 et
1083 4330 1188 4382 vita
1215 4342 1337 4386 sunt
1364 4334 1540 4403 (Joau.
1577 4356 1645 4401 vn,

52 4403 174 4471 61).
206 4402 272 4455 Et
301 4405 366 4457 ad
399 4405 609 4462 Patrem
646 4429 656 4462 :
691 4412 798 4481 Ego
819 4415 884 4466 ad
916 4431 965 4469 te
1007 4423 1160 4472 venio
1191 4442 1202 4474 :
1235 4437 1284 4476 ct
1317 4402 1430 4479 huic
1461 4428 1648 4498 loquor

53 4493 107 4545 in
145 4494 248 4548 hoc
271 4497 470 4550 mundo
496 4500 672 4567 (Joan.
711 4521 835 4570 xvu,
872 4507 980 4577 15).
1018 4509 1083 4563 Et
1116 4514 1305 4569 itcrum
1338 4493 1544 4573 ιῐιιιιειιίε⁷
1567 4525 1643 4576 di-

51 4588 122 4640 cit
156 4606 170 4640 :
208 4590 419 4658 Loquor
445 4594 594 4648 vobis
624 4608 674 4650 et
707 4615 811 4651 non
856 4603 1105 4670 audistis,
1152 4608 1196 4660 si
1228 4620 1404 4665 autem
1439 4619 1644 4670 venerit
1683 4594 1728 4652 θ
1755 4623 1932 4668 natum
1965 4620 2199 4674 ostendit
2227 4638 2239 4674 :
2274 4622 2329 4676 In
2360 4624 2675 4699 humilitate,
2719 4633 2909 4702 inquit,

54 4681 191 4702 λιι---
248 4680 390 4702 ιπημ-
430 4685 544 4702 -.ιιι
588 4688 619 4702 ,ο
693 4690 740 4702 ιι
783 4699 786 4702 .
985 4696 1040 4702 -_
1135 4697 1169 4702 _
1246 4700 1252 4702 _

50 4681 216 4743 alius,
248 4680 393 4735 iilum
426 4685 650 4740 audietis
687 4690 865 4759 (John.
893 4709 941 4757 v,
973 4696 1086 4752 45).
1134 4697 1195 4752 Et
1243 4700 1431 4757 iterum
1468 4722 1480 4755 :
1516 4705 1640 4760 Haze

55 4771 266 4824 locutus
297 4783 379 4827 est
413 4774 567 4830 Iesus
601 4781 648 4831 iu
689 4786 1068 4852 gazophylacio
1099 4789 1300 4847 docens
1331 4795 1380 4847 in
1415 4798 1633 4866 templo,

51 4873 105 4913 et
129 4879 289 4918 nemo
319 4869 670 4933 apprehendit
695 4887 836 4938 eum,
867 4877 984 4943 quia
1015 4880 1246 4933 nondum
1264 4897 1481 4940 venerat
1506 4887 1633 4942 hora

51 4954 169 5020 ejus
199 4953 376 5027 (Joan.
401 4975 515 5022 vui,
545 4961 660 5031 20).
697 4965 831 5018 I‘icce
860 4965 911 5019 in
946 4966 1008 5021 iis
1029 4971 1299 5038 omnibus,
1325 4993 1444 5044 quas
1470 4969 1632 5047 supe-

53 5051 164 5102 rius
191 5052 327 5104 dicta
350 5063 492 5117 sunt,
511 5072 615 5110 nun
638 5058 798 5112 doces
821 5057 1008 5116 Filium
1031 5078 1294 5135 praecepto
1316 5068 1485 5125 Patris
1511 5074 1638 5127 rais-

49 5155 110 5192 se
140 5142 393 5209 locutum,
423 5149 514 5202 sed
547 5151 714 5221 magis
739 5155 1043 5212 exercuisse
1073 5159 1122 5212 in
1161 5159 1426 5228 loquendo
1467 5162 1633 5234 impe-

50 5247 208 5285 ι·ιιιηι.

669 5334 895 5390 CAPUT
929 5337 1015 5392 XI.

47 5408 283 5468 Jussione
307 5416 478 5472 Patris
502 5426 752 5490 quomodo
783 5420 956 5481 Filius
982 5427 1158 5498 fecerit
1178 5449 1292 5501 qum
1317 5436 1452 5505 facta
1486 5450 1625 5493 sunt.

118 5505 173 5556 Si
209 5507 297 5562 tibi
337 5510 605 5567 dixerint:
641 5517 760 5585 quia
797 5518 960 5574 Filius
984 5521 1230 5590 jussione
1270 5526 1443 5584 Patris
1476 5531 1621 5598 Iecit,

46 5613 165 5666 qua:
186 5598 319 5655 facta
341 5613 488 5658 sunt.

123 5691 416 5760 Responsio.
450 5697 562 5750 Non
586 5709 642 5753 ut
673 5701 785 5768 ipse
816 5706 1010 5758 astruis
1039 5706 1229 5763 Filium
1249 5711 1491 5780 jussione
1519 5715 1620 5771 Pa-

46 5783 146 5839 ωε
165 5783 368 5843 fecisse.
391 5803 506 5855 quae
531 5789 662 5843 facta
695 5805 817 5846 sunt
846 5815 858 5850 :
889 5798 978 5851 sed
999 5801 1077 5854 sui
1106 5799 1330 5872 imperio
1355 5817 1405 5860 et
1433 5810 1617 5865 volun-

286 5878 552 5940 Ρηιωι..
601 5881 782 5945 LXII.

1817 588 1910 626 sua
1945 582 2243 645 perspexit;
2273 583 2402 636 Isaia
2436 591 2687 658 pr0pheta
2719 594 2963 652 dcente;
2996 602 3118 658 "rec
3146 608 3276 664 dicit
3298 613 3401 667 Do-

1817 670 1994 724 minus
2027 691 2038 724 :
2075 676 2183 743 Ego
2217 680 2312 732 feci
2342 697 2590 740 sermone
2632 705 2751 744 meo
2792 701 3011 762 terram,
3044 709 3097 753 et
3129 702 3397 763 hominem

1815 773 1974 827 super
2002 779 2140 829 eam,
2176 781 2273 834 ego
2312 772 2535 828 solidavi
2569 780 2761 834 caelum
2793 800 2972 853 manu,
3014 808 3114 860 ego
3149 801 3397 855 omnibus

1814 851 2074 904 sideribus
2099 860 2362 922 mauvlazi,
2396 875 2451 918 ut
2483 866 2763 925 Iuceantiu
2796 877 2931 932 cmlo
2955 880 3108 950 (Isai.
3139 903 3256 952 xcv,
3287 892 3393 958 I2).

1815 942 1941 994 Item
1985 945 2052 997 ibi
2090 963 2100 997 :
2134 947 2302 1004 (hunc
2349 958 2629 1012 consilium
2686 979 2860 1020 meum
2902 942 3079 1038 stabit,
3119 989 3171 1031 et
3215 942 3393 1037 omnia

1811 1049 2141 1106 quamcunque
2170 1047 2416 1110 cogitavi,
2457 1050 2617 1123 372
2645 1070 2744 1123 ego
2789 1060 2884 1114 feci
2920 1063 3071 1134 (lui.
3107 1086 3248 1140 xcvi,
3285 1077 3387 1146 10).

1814 1126 1939 1180 Item
1973 1129 2041 1182 ibi
2074 1131 2201 1186 :Sie
2231 1136 2353 1189 dicit
2392 1138 2666 1209 Ilaunnus,
2698 1151 2786 1216 qui
2813 1159 3088 1214 conSIituit
3116 1168 3307 1222 corlinu
3333 1126 3391 1226 et

1809 1227 2027 1284 terram,
2051 1222 2398 1290 etfeciteaut,
2421 1233 2533 1300 ipse
2555 1238 2794 1294 delinivit
2815 1261 2930 1300 eam
2949 1250 3101 1319 (luti.
3123 1273 3244 1322 xcv,
3277 1265 3385 1319 18».

1810 1310 1936 1364 Item
1962 1314 2028 1366 ibi
2053 1335 2063 1367 :
2092 1315 2198 1386 Ego
2226 1334 2341 1373 sum
2369 1327 2590 1390 primus,
2614 1340 2669 1383 et
2688 1349 2787 1402 ego
2817 1337 2868 1392 in
2892 1351 3172 1416 aeternum,
3199 1323 3388 1410 manus

1809 1417 1922 1455 mea
1945 1404 2180 1461 fundavit
2207 1420 2424 1480 tetram,
2452 1424 2505 1469 et
2524 1418 2744 1477 dextera
2773 1443 2888 1483 mea
2921 1404 3171 1495 solidat‘it'
3191 1447 3386 1503 eadem

1806 1494 1958 1552 (lsai.
1989 1514 2170 1560 vam,
2207 1503 2315 1571 15).
2347 1507 2473 1560 Item
2521 1509 2629 1564 ibi:
2665 1515 2774 1584 Ego
2804 1520 2900 1575 feci
2928 1534 3124 1586 teriam

1803 1587 1989 1642 tudine
2015 1605 2128 1645 mea
2162 1607 2347 1663 magna
2388 1611 2442 1652 et
2481 1604 2530 1653 in
2561 1605 2778 1664 brachio
2819 1629 2939 1667 meo
2968 1623 3198 1680 excelso.
3239 1631 3300 1684 Et
3331 1635 3384 1688 in

1803 1674 2028 1733 Ieremia
2074 1699 2084 1732 :
2138 1683 2390 1741 Dominus
2429 1691 2515 1760 qui
2557 1695 2674 1749 fecit
2719 1709 2914 1757 terram
2959 1709 3008 1760 in
3064 1726 3256 1773 Virtute
3286 1738 3379 1777 sita

1803 1784 2013 1838 magna,
2039 1785 2091 1826 et
2111 1779 2280 1830 erexit
2303 1781 2483 1835 orbein
2515 1785 2565 1839 in
2596 1791 2874 1860 sapientia,
2905 1810 2957 1852 ct
2983 1807 3260 1867 prudentia
3285 1830 3378 1870 sua

1731 1857 1775 1914 Β
1803 1861 2039 1915 ettendit
2065 1865 2282 1933 coelum,
2317 1879 2372 1924 et
2402 1877 2781 1940 posuitsonuut
2815 1857 2963 1956 aqum
2984 1857 3043 1946 'III
3077 1857 3374 1972 rutilo-ilva:

1800 1966 1868 2013 ιι,
1906 1953 2017 2023 15).
2054 1955 2180 2011 Item
2211 1959 2280 2014 ibi
2310 1981 2322 2015 :
2360 1963 2598 2036 Domine,
2634 1976 2718 2041 qui
2753 1953 2919 2034 iecisti
2951 1988 3143 2042 cmium

1793 2138 1987 2194 reddes
2030 2157 2242 2211 peccata
2276 2160 2479 2218 patrum
2528 2158 2576 2211 in
2621 2161 2739 2214 sinu
2772 2166 2997 2224 tiliorum
3030 2189 3212 2233 eorum
3253 2138 3373 2250 phst

1799 2242 1883 2250 η-
1918 2228 2000 2250 IL
2290 2241 2365 2250 ___
2427 2243 2463 2250 __
2515 2246 2525 2250 _

1793 2242 1885 2281 eos
1915 2228 2046 2298 (Jer.
2079 2251 2246 2303 xxxii,
2284 2241 2388 2307 I7).
2423 2243 2489 2297 Et
2513 2246 2563 2299 in
2599 2249 2882 2310 Salomone
2915 2277 2926 2311 :
2961 2261 3073 2316 Non

1796 2322 2062 2406 possibilis
2091 2337 2206 2382 erat
2232 2346 2416 2388 manus
2451 2346 2558 2404 tua,
2597 2358 2714 2408 qum
2744 2351 2942 2403 creavit
2982 2357 3166 2413 orbem
3199 2372 3366 2417 terra-

1795 2424 1909 2462 rum
1938 2427 2000 2465 ex
2046 2419 2268 2471 materia
2305 2422 2468 2478 invisa
2502 2428 2657 2496 (Sap.
2702 2449 2772 2496 xi,
2809 2439 2917 2507 18).
2963 2444 3026 2497 Et
3071 2448 3120 2501 in
3163 2455 3368 2518 psalmo

1790 2503 2085 2558 cei-tedmo
2126 2509 2396 2577 trigesimo
2433 2529 2625 2584 quarto
2665 2524 2836 2588 (Vera.
2873 2530 2926 2599 6)
2959 2551 2970 2585 :
3000 2503 3202 2594 (Itonia
3229 2561 3368 2611 quat-

1791 2605 1998 2660 cunque
2038 2599 2200 2651 voluit
2236 2599 2491 2660 Dominus
2521 2608 2644 2665 fecit
2675 2614 2725 2666 in
2767 2622 2904 2671 caelo
2931 2639 2982 2677 et
3014 2627 3025 2677 i

1792 2685 1921 2738 mari
1965 2696 2018 2740 et
2063 2689 2115 2742 in
2157 2693 2380 2763 abyssis.
2435 2699 2495 2752 Et
2535 2703 2587 2755 in
2632 2713 2925 2767 ceu’esiuto
2964 2721 3119 2773 tertio
3156 2725 3366 2782 decimo

1782 2775 1806 2843 (
1823 2775 1961 2830 I'ers.
1990 2781 2079 2850 11)
2105 2801 2119 2835 :
2150 2785 2285 2840 Deus
2315 2799 2489 2846 autem
2525 2808 2706 2852 noster
2733 2805 2783 2856 in
2813 2808 2970 2862 caelo.
3009 2811 3068 2866 Et
3106 2831 3318 2876 rursum
3347 2844 3359 2877 :

1785 2868 1839 2921 In
1869 2873 2005 2928 caelo
2026 2884 2079 2929 et
2108 2876 2158 2930 in
2192 2889 2327 2934 terra
2360 2889 2534 2939 omnia
2569 2907 2896 2964 quaecunque
2920 2905 3081 2958 voluit
3115 2908 3259 2966 fecit.
3297 2917 3361 2970 Et

1784 2961 1833 3013 in
1865 2969 2203 3035 Sexagesimo
2233 2987 2265 3040 q
2291 2984 2422 3028 rarto
2459 2978 2635 3047 (Veis.
2668 2983 2722 3051 7)
2754 3005 2764 3038 :
2796 2961 3103 3060 Dia-palatis
3148 3015 3356 3061 montes

1781 3050 1830 3104 in
1855 3051 2162 3112 fortitudine
2188 3076 2301 3127 sua,
2331 3069 2600 3124 accinctus
2634 3082 2887 3140 potentia.
2925 3085 3026 3149 Qui
3067 3092 3208 3145 enim
3243 3094 3356 3150 hau:

1774 3149 1952 3202 omnia
1986 3167 2088 3206 non
2116 3153 2285 3210 Patris
2306 3159 2568 3227 jussione,
2602 3169 2693 3222 sed
2739 3183 2999 3238 [intestato
3039 3197 3132 3236 S'la
3166 3184 3352 3243 fecisse

1777 3238 2117 3310 describitur,
2161 3252 2427 3315 quomodo
2452 3271 2478 3307 a
2513 3259 2660 3311 vobis
2706 3261 2796 3317 I’at
2828 3281 2858 3318 o
2885 3268 3102 3324 inferior
3141 3276 3349 3344 judica-

1771 3333 1894 3383 tur?

2361 3436 2589 3494 CAPUT
2634 3443 2744 3496 XII.

2224 3522 2411 3579 Filium
2434 3545 2540 3584 esse
2563 3536 2888 3605 principium.

1837 3605 1892 3660 Si
1924 3619 2099 3663 autem
2128 3612 2362 3670 dixerint
2388 3635 2398 3669 :
2429 3618 2554 3674 Erat
2588 3635 2795 3694 tempus
2834 3639 3119 3700 antequam
3153 3640 3218 3693 de
3251 3640 3346 3696 Par-

1765 3705 1846 3749 tre
1888 3697 2049 3753 Filius
2086 3717 2412 3772 uascteretur,
2458 3727 2552 3780 pro
2593 3730 2656 3768 eo
2685 3719 2823 3786 quod
2870 3721 3068 3779 Jud:cis
3110 3730 3340 3787 dixerit:

1764 3789 2083 3860 Principium
2109 3798 2246 3866 quod
2275 3799 2464 3870 loquor
2493 3807 2661 3863 Vobis.

1833 3883 2133 3954 Responsio.
2161 3890 2430 3962 Cognosce
2455 3898 2640 3952 Filium
2671 3920 2773 3958 non
2795 3923 2859 3961 ex
2882 3921 3138 3980 tempore,
3166 3933 3338 3988 neque
3386 3977 3388 3979 ,

1761 3983 1878 4038 post
1910 3984 2146 4046 tempora
2178 3993 2384 4048 natum,
2414 3989 2506 4040 sed
2534 4001 2657 4046 ante
2677 3998 2854 4049 omnia
2889 4008 3122 4069 tempora
3153 4008 3220 4061 de

1759 4072 1912 4120 terno
1942 4078 2095 4121 utero
2129 4071 2558 4132 inenarrabiliter
2590 4095 2924 4152 generatum,
2957 4091 3072 4157 ipso
3099 4094 3208 4149 Deo
3243 4098 3338 4151 Pa-

1759 4162 1838 4209 tre
1868 4157 1917 4210 in
1948 4163 2243 4216 centesimo
2276 4181 2416 4220 nono
2451 4170 2656 4236 psalmo
2685 4174 2863 4244 (Ven.
2898 4177 2950 4245 5)
2982 4196 3076 4250 per
3107 4189 3338 4257 prophe-

1759 4255 1863 4298 tam
1911 4249 2121 4304 dicente
2156 4271 2167 4304 :
2204 4255 2255 4306 In
2307 4258 2682 4324 Splendoribus
2725 4276 3032 4325 sanctorum
3074 4291 3138 4330 ex
3184 4288 3333 4333 utero

1756 4346 1877 4389 ante
1907 4337 1923 4390 I
1950 4339 2184 4395 .cifrrum
2223 4347 2380 4412 genui
2416 4357 2486 4404 ιιι.
2520 4351 2688 4419 Quam
2720 4361 3036 4417 sententiam
3075 4377 3127 4420 et
3169 4368 3330 4424 Isaias

1755 4431 2010 4496 propheta
2043 4433 2217 4488 dubiis
2238 4447 2398 4507 atque
2425 4441 2708 4500 incredulis
2736 4451 3012 4508 evidenter
3029 4465 3292 4528 expressit
3318 4485 3327 4516 :

1754 4519 1878 4572 dum
1914 4539 2017 4576 non
2051 4527 2192 4580 aliud
2225 4529 2290 4582 de
2324 4530 2476 4595 Filio,
2516 4552 2672 4605 quam
2707 4540 2774 4596 de
2808 4543 2961 4600 Patre
2993 4519 3329 4609 ineii'abiliti-r

2951 4641 3214 4700 sublatum
3247 4662 3330 4703 est

1739 4705 1998 4773 judicium
2042 4713 2176 4780 ejus,
2232 4717 2558 4774 nativitatem
2611 4725 2769 4796 373
2828 4741 3000 4786 autem
3052 4738 3166 4806 ejus
3205 4745 3327 4810 quia

1743 4801 2010 4854 enarrabit
2039 4801 2192 4874 (Isai.
2226 4823 2332 4874 LIII,
2366 4809 2458 4879 8)?
2494 4814 2553 4866 Iit
2577 4817 2627 4866 iu
2659 4817 2795 4872 libro
2822 4820 2960 4877 Job:
2993 4801 3320 4896 Sapientiam

1746 4887 1836 4942 Dei
1872 4891 2039 4946 Patris
2072 4897 2214 4951 unde
2243 4899 2528 4974 invenies?
2567 4905 2718 4962 Latet
2747 4913 2886 4966 enim
2929 4916 2996 4971 ab
3019 4923 3191 4976 oculis
3223 4924 3319 4977 ho-

1746 4980 1946 5036 tniuum
1973 4995 2026 5038 et
2049 5002 2075 5038 a
2103 4989 2410 5046 volucribus
2434 4997 2690 5053 absconsa
2719 5014 2800 5057 est
2827 5004 2965 5075 (Job,
2995 5026 3177 5078 xxvut,
3203 5016 3260 5067 21
3280 5021 3316 5083 ).

1746 5069 2126 5141 Expergiscere
2168 5082 2459 5150 paululum,
2488 5081 2543 5140 et
2578 5088 2622 5143 si
2651 5091 2828 5148 Iuineu
2873 5101 3113 5157 scientize
3149 5105 3198 5157 in
3243 5117 3322 5159 te-

1742 5163 1912 5233 ipsum
1937 5169 2264 5238 aliquantum
2290 5175 2473 5243 habes,
2489 5183 2703 5239 attende
2720 5197 2773 5241 et
2788 5189 3048 5256 invenies,
3067 5197 3317 5263 quoniam

1739 5259 1891 5327 cujus
1919 5263 2166 5318 uativitas
2182 5281 2210 5319 a
2228 5271 2484 5337 pr0pheta
2510 5291 2612 5330 non
2630 5281 2796 5346 putuit
2827 5286 3064 5339 enarrari
3094 5303 3155 5340 ex
3178 5299 3282 5342 tem
3299 5321 3314 5330 -

1739 5363 1887 5417 pure,
1923 5362 1977 5407 ut
2009 5365 2251 5414 astruere
2293 5360 2406 5430 ipse
2446 5371 2680 5433 conaris,
2714 5388 2816 5426 non
2851 5378 3020 5442 potuit
3046 5382 3312 5448 generari.

1739 5441 1792 5494 In
1813 5442 2091 5514 principio,
2115 5447 2284 5518 inquit
2301 5453 2532 5512 Joannes
2551 5441 2897 5533 evangelista,
2920 5441 3309 5540 erat'Verbutn,

1732 5542 1788 5588 et
1816 5528 2042 5590 Verbum
2075 5551 2192 5594 erat
2237 5544 2372 5612 apud
2403 5546 2590 5616 Deum,
2631 5528 2715 5605 etv
2733 5528 3028 5612 Deus—erat
3052 5559 3308 5619 Verbum.

1735 5625 1844 5680 IIoc
1878 5637 1994 5681 erat
2027 5628 2076 5682 in
2112 5632 2370 5703 principio
2400 5640 2537 5708 apud
2580 5641 2769 5697 Deuni.
2798 5634 2988 5715 Omnia
3015 5664 3111 5718 per
3141 5653 3310 5723 ipsum

1732 5717 1868 5772 tacta
1900 5731 2044 5787 sunt,
2077 5733 2134 5778 et
2159 5727 2274 5780 sine
2303 5728 2417 5793 ipso
2455 5731 2648 5786 factum
2680 5746 2762 5789 est
2793 5738 2923 5793 nihil
2954 5731 3135 5810 (Joan.
3169 5763 3209 5812 ι,
3239 5755 3306 5816 1).

1733 5811 1795 5865 Ει
1820 5812 2008 5866 iterum
2042 5832 2051 5864 :
2083 5815 2200 5869 Erat
2235 5817 2318 5870 lux
2351 5833 2470 5873 vera
2511 5838 2632 5890 qua:
2670 5825 2930 5883 illuminat
2960 5846 3173 5892 omnem
3209 5832 3305 5903 ho}

2803 5918 2870 5980 12
