3938 6376
618 388 721 444 513

1944 353 2162 410 \‘IGILII
2203 343 2569 403 TAPSENSIS
3680 338 3743 393 56I

619 513 814 555 "me."
835 486 1199 547 γθηῖρηιρηιίη
1224 484 1363 536 hunc
1392 474 1642 530 ηιυιιιιιιιιι
1664 469 1843 539 (Joan.
1870 468 1995 533 t,9).
2017 463 2070 516 In
2102 463 2203 515 isto
2234 466 2283 519 Α
2310 456 2375 509 de
2419 452 2664 507 omnibus
2711 447 2959 518 operibus
3002 443 3285 513 impietatis
3322 459 3482 497 eorum
3510 444 3644 511 (Juda'
3663 453 3743 517 ιιι).

2306 546 2344 555 -η
2399 545 2410 555 α
2485 544 2521 555 η
2699 540 2728 555 ι-
2841 536 2877 555 Π
2906 551 2967 555 γμ-
2997 535 3197 555 __‘___t.
3235 532 3385 555 Din-.-
3414 533 3630 555 |.h_.:..!..:
3679 552 3726 555 μ.

620 592 777 660 igitur
806 583 970 638 verbo
1006 578 1144 648 quod
1187 573 1399 633 dicitur,
1450 572 1577 628 erat,
1616 562 1659 615 si
1705 570 1915 626 tempus
1956 564 2199 623 qua-rere

620 679 875 739 volueris,
925 690 1026 725 ιιιιιι
1072 665 1307 722 invenies
1338 658 1621 730 :quoniam
1671 668 1736 707 ex
1777 666 1881 719 quo
1923 649 2103 708 Pater,
2132 659 2198 697 ex

625 776 712 827 illo
743 782 795 825 et
835 738 997 821 Filius
1030 782 1039 815 :
1076 771 1129 815 et
1157 756 1295 828 quod
1326 755 1505 815 Pater,
1534 756 1619 803 est
1643 747 1802 800 etiam
1832 742 2015 805 Filius,
2048 738 2203 792 Salo-

627 877 784 918 mone
814 859 1024 912 dicente
1053 870 1069 907 :
1101 852 1210 920 Ego
1237 847 1302 902 ex
1327 857 1422 901 ore
1448 838 1706 896 Altissimi
1743 833 1970 905 proditi,
2005 829 2200 899 primo-

626 956 800 1024 genita
844 958 965 1001 ante
1002 957 1213 997 onmem
1255 944 1553 990 creaturam
1586 945 1602 982 :
1630 943 1728 996 ego
1758 924 1857 979 feci
1889 932 1942 976 ut
1984 922 2033 973 in
2065 917 2202 971 cmlo

627 1047 855 1099 oriretur
879 1042 1050 1091 lumen
1081 1029 1413 1090 indeliciens,
1438 1032 1493 1078 et
1514 1020 1703 1075 nebula
1730 1015 1834 1070 texi
1858 1026 2068 1067 omnem
2094 1020 2202 1061 ter-

629 1150 738 1187 rain
771 1150 783 1185 :
806 1146 903 1197 ego
927 1128 977 1179 in
1002 1121 1228 1177 excelsis
1252 1114 1505 1177 Itabitavi,
1535 1121 1589 1165 et
1615 1109 1837 1162 throws
1861 1116 2010 1157 meus
2033 1102 2085 1153 in
2108 1114 2201 1151 co-

629 1229 803 1279 lumna
837 1219 1014 1271 nobis.
1053 1214 1255 1283 Cyrum
1286 1206 1409 1263 caeli
1449 1200 1667 1259 circuiri
1711 1196 1855 1259 sola,
1898 1203 1952 1247 et
1988 1194 2039 1245 in
2084 1203 2205 1257 pto-

631 1316 848 1371 fuudum
882 1312 982 1379 aby
1015 1309 1059 1361 si
1108 1282 1409 1374 penetravi,
1438 1305 1491 1350 et
1523 1297 1575 1347 in
1607 1291 1751 1345 omni
1792 1300 1931 1343 terra
1967 1282 2110 1348 steti,
2153 1291 2208 1335 et

630 1411 682 1461 in
718 1406 859 1461 omni
896 1375 1053 1471 gente
1087 1407 1141 1452 et
1182 1392 1377 1464 pepulo
1422 1387 1772 1457 principatum
1816 1379 1971 1433 habui
2017 1375 2203 1447 (Eccli.

632 1514 774 1563 xxiv,
816 1470 953 1563 5-9).
1008 1493 1139 1545 Item
1170 1486 1244 1542 ibi
1281 1502 1293 1537 :
1327 1484 1457 1537 Cum
1504 1484 1714 1547 pararet
1757 1475 1950 1527 coelum
1991 1470 2205 1521 aderam

630 1593 708 1647 illi
736 1607 749 1643 :
778 1599 832 1643 et
862 1601 981 1639 cum
1020 1583 1324 1650 segregaret
1369 1586 1517 1626 suam
1551 1568 1757 1631 sedem,
1803 1560 2015 1632 quando
2048 1571 2206 1625 super

632 1690 819 1738 ventos
850 1677 917 1731 fin
936 1686 1014 1729 tes
1038 1670 1261 1726 faciebat
1290 1667 1343 1720 in
1374 1676 1584 1718 summo
1614 1657 1780 1711 nubes
1814 1669 1829 1707 :
1858 1662 1911 1706 et
1939 1666 2059 1705 cum
2093 1663 2209 1701 cer-

633 1786 716 1831 tos
742 1770 972 1843 ponebat
1002 1766 1173 1820 fontes
1196 1761 1294 1815 sub
1322 1756 1459 1813 casio
1484 1771 1498 1806 :
1522 1767 1641 1807 cum
1665 1748 1818 1803 fortia
1846 1744 2071 1799 faciebat
2096 1741 2211 1793 fun-

634 1867 879 1921 damenta
923 1868 1099 1918 terrm,
1150 1866 1248 1919 ego
1278 1863 1423 1905 erant
1468 1860 1585 1899 cum
1628 1841 1722 1895 illo
1760 1848 2082 1904 componens
2120 1838 2209 1884 :et
2241 1833 2284 1891 Β

636 1942 734 2027 ego
752 1971 893 2011 eram
920 1951 1002 2005 cui
1028 1943 1301 2017 adgandeb
1320 1953 1355 1993 tt
1377 1954 1495 1993 cum
1520 1937 1789 1989 laetaretur
1815 1928 1947 1983 orbe
1976 1924 2208 1993 perfecto

638 2016 818 2123 (Prov.
861 2062 972 2109 vm,
1005 2044 1082 2109 7).
1110 2016 1181 2093 Et
1202 2039 1252 2090 in
1284 2034 1487 2105 psalmo
1514 2026 1806 2087 centesimo
1833 2021 2003 2090 pritno
2033 2016 2206 2087 (Vera.

636 2113 729 2213 S8)
763 2141 905 2204 :Ttt,
941 2132 1181 2193 Domine,
1216 2133 1267 2180 in
1321 2120 1579 2193 principio
1612 2114 1841 2170 fundasti
1889 2123 2083 2164 terram
2115 2125 2125 2159 :
2160 2113 2212 2159 et

639 2246 802 2305 opera
831 2241 1079 2284 manuum
1121 2234 1326 2274 tuarum
1369 2220 1491 2268 sunt
1520 2209 1662 2264 coeli.
1696 2207 1798 2275 Ipsi
1839 2202 2079 2273 peribunt
2108 2216 2121 2252 ι
2156 2212 2210 2249 ιιι

639 2336 817 2379 autem
846 2329 1149 2389 permanes,
1194 2319 1248 2362 et
1276 2307 1452 2360 omnia
1493 2303 1631 2356 sicut
1658 2297 2031 2352 vestimentum
2064 2298 2211 2342 vete-

641 2368 817 2379 .....-..-
850 2368 971 2389 ,πη
1138 2368 1147 2375 ,

641 2421 873 2475 rasceiit,
894 2422 946 2463 et
969 2412 1106 2461 sicut
1123 2402 1447 2472 opertoriun
1481 2392 1709 2447 mutabis
1730 2403 1790 2443 ea
1820 2403 1834 2441 :
1861 2394 1914 2441 et
1940 2368 2217 2438 mutabun-

629 2519 747 2563 'tur.
772 2504 851 2559 'I‘u
881 2514 1058 2555 autem
1096 2496 1236 2551 idem
1268 2490 1381 2560 ipse
1410 2502 1487 2541 es.
1524 2484 1636 2539 Non
1678 2481 1819 2536 enim
1850 2486 1985 2539 erat,
2008 2482 2064 2527 ut
2091 2474 2167 2524 ais
2198 2512 2211 2534 ,

642 2597 840 2670 aliquid
872 2590 1125 2661 temporis
1152 2596 1437 2653 antequam
1467 2578 1532 2633 de
1572 2576 1727 2630 Patre
1768 2570 1936 2625 Filius
1967 2579 2215 2620 nascere-

644 2658 750 2746 tur:
794 2658 1054 2752 Quonam
1099 2679 1187 2747 qd
1234 2683 1472 2742 tempera
1518 2666 1760 2720 universa
1811 2658 2024 2729 propria
2070 2668 2219 2723 pote-

636 2788 782 2837 state
810 2772 1103 2836 constituit,
1134 2784 1200 2824 ex
1245 2775 1483 2832 tempore
1510 2756 1593 2812 vel
1630 2762 1750 2824 post
1794 2760 2034 2818 tempora
2074 2744 2219 2799 "330i

634 2888 753 2929 -non
779 2868 966 2942 potuit.

1223 2946 1448 3005 CAPUT
1488 2941 1626 2997 XIII.

990 3047 1203 3100 Patrem,
1222 3039 1361 3093 Filio
1390 3035 1585 3090 dedisse
1598 3032 1881 3104 judicium.

716 3142 880 3217 37h.
903 3141 959 3196 Si
1010 3152 1135 3191 vero
1178 3132 1411 3186 dixerint
1446 3123 1587 3194 quod
1636 3122 1793 3175 Pater
1840 3116 2048 3173 dederit
2091 3111 2224 3167 Filio

634 3215 964 3307 :potiestatem
999 3226 1254 3296 judicium
1287 3215 1538 3273 faciendi.
2170 3268 2185 3279 δ

718 3293 1020 3395 Responsio.
1074 3315 1262 3370 Filium
1295 3311 1452 3379 igitur
1483 3305 1576 3361 Dei
1605 3309 1866 3374 potestate
1902 3297 2113 3368 propria
2146 3293 2224 3348 fa-

638 3429 855 3474 cturum
886 3426 1006 3467 esse
1034 3406 1315 3477 judicium,
1366 3415 1432 3455 ex
1472 3399 1537 3453 iis
1584 3392 1900 3451 testimoniis
1930 3389 2221 3459 prudentes

645 3510 958 3577 agnoscant,
990 3510 1041 3553 et
1078 3497 1277 3566 justum
1318 3488 1653 3561 proferentes
1684 3485 1737 3538 in
1768 3483 1867 3536 hac
1892 3494 2052 3535 causa
2080 3474 2224 3546 judi-

635 3598 813 3662 vcium,
843 3588 1144 3649 ostendant,
1180 3592 1234 3638 et
1271 3582 1420 3651 cujus
1462 3577 1743 3635 sententia:
1774 3576 1941 3642 magis
1983 3586 2101 3626 cum
2141 3584 2225 3623 ra-

651 3686 794 3739 tione
842 3679 1197 3739 coneordant,
1256 3685 1306 3726 et
1361 3672 1512 3739 cujus
1556 3668 1677 3723 fidei
1726 3666 2000 3719 veritatem
2052 3663 2226 3727 impu-

644 3785 837 3845 gnant,
878 3770 1009 3822 Isaia
1056 3766 1311 3834 propheta
1354 3761 1564 3815 dicente
1598 3775 1609 3809 :
1639 3756 1769 3823 Quis
1808 3751 2059 3821 cognovit
2105 3764 2228 3803 sen-

654 3880 773 3920 sum
796 3860 1028 3923 Domini,
1059 3864 1151 3910 aut
1175 3856 1292 3921 quis
1324 3851 1665 3906 consiliarius
1692 3848 1811 3916 ejus
1838 3846 1954 3909 fuit,
1988 3853 2078 3896 aut
2107 3842 2225 3911 quis

644 3955 922 4012 consuluit
951 3963 1003 4005 et
1032 3944 1284 4002 instruxit
1313 3957 1453 4005 eum,
1488 3939 1607 4009 quis
1634 3937 1867 3992 ostendit
1896 3934 1944 3988 ei
1968 3932 2224 4001 judicium

643 4048 808 4123 (Isai.
829 4060 894 4099 ιι.
917 4083 931 4109 ,
960 4041 1067 4105 15).
1102 4037 1229 4092 Item
1261 4033 1363 4088 ibi:
1392 4032 1516 4086 llaac
1550 4029 1679 4084 dicit
1707 4026 1989 4081 Dominus:
2013 4023 2100 4075 Va:
2130 4035 2226 4090 po-

648 4138 888 4195 tentibus
917 4133 969 4187 in
1000 4127 1182 4192 Israel,
1227 4126 1352 4193 qu'a
1392 4136 1495 4176 non
1527 4118 1759 4174 cessavit
1806 4114 2078 4169 iracundia
2109 4126 2228 4166 mea

654 4230 708 4283 in
734 4225 834 4290 eis,
862 4220 1119 4293 judicium
1158 4214 1226 4270 de
1256 4210 1487 4267 inimicis
1517 4207 1730 4272 faciam,
1762 4214 1816 4260 et
1843 4202 2100 4258 cremabo
2133 4216 2228 4256 eos

655 4320 777 4389 igne
802 4314 867 4369 ad
895 4325 1085 4381 purum
1114 4306 1263 4379 (Isai.
1292 4320 1332 4369 ι,
1362 4302 1477 4369 24).
1508 4301 1638 4355 Item
1661 4297 1734 4353 ibi
1766 4297 2017 4375 :Statuet
2053 4292 2231 4346 Domi-

659 4422 760 4462 nus
796 4405 849 4459 in
877 4400 1077 4471 judicio
1123 4395 1373 4465 populum
1421 4405 1597 4455 suum,
1637 4398 1690 4443 et
1720 4368 1834 4458 ipse
1879 4388 2134 4441 Dominus
2178 4385 2230 4438 in

658 4493 913 4565 judicium
938 4488 1117 4545 veniet
1138 4499 1259 4540 cum
1290 4481 1588 4536 senioribus
1610 4480 1793 4547 populi
1820 4486 1875 4532 et
1905 4477 2231 4546 principibus

2304 546 2373 600 Et
2396 545 2449 598 in
2484 540 2770 608 Evangelia
2798 556 2811 591 :
2840 536 2972 590 Cum
2997 535 3201 588 venerit
3233 532 3387 586 Filius
3414 533 3601 586 hominis
3621 536 3658 587 in
3679 552 3747 590 ma-

2296 636 2492 703 jestate
2515 649 2632 700 sua,
2664 641 2717 686 et
2763 644 2948 683 innnes
2978 626 3148 695 angeli
3177 625 3288 693 ejus
3315 640 3422 680 cum
3450 640 3522 689 eo,
3557 634 3648 677 tunc
3671 643 3747 680 con-

2301 725 2659 793 gregabuntur
2687 730 2808 773 ante
2834 733 2955 772 eum
2984 732 3169 770 omnes
3190 725 3386 784 gentes,
3408 724 3456 767 et
3475 716 3677 782 separabit
3694 733 3748 770 eis

2303 816 2371 869 ab
2400 814 2649 877 invicem,
2688 815 2827 864 sicut
2852 819 3030 876 pastor
3050 813 3291 875 segregat
3317 818 3466 871 agnos
3487 806 3541 854 ab
3564 803 3698 864 haedis,
3718 814 3749 857 ei

2305 914 2354 957 st
2392 913 2503 957 tuet
2535 917 2698 970 agnos
2728 899 2791 951 ad
2820 898 3092 951 dexteram
3117 908 3285 955 suam,
3310 893 3473 945 hasdos
3494 902 3632 945 autem
3653 894 3747 943 adsi-

2307 995 2525 1047 nistram
2560 990 2776 1063 (Matth.
2818 1002 2942 1051 xxv,
2974 985 3086 1054 5|).
3121 983 3277 1053 375
3308 983 3479 1034 Filium
3507 996 3609 1048 ergo
3630 996 3747 1033 secui-

2308 1084 2434 1135 dum
2468 1084 2517 1133 id
2563 1079 2702 1150 quod
2737 1079 2876 1131 Deus
2904 1084 3005 1138 est,
3052 1074 3178 1126 nihil
3220 1087 3248 1123 a
3276 1071 3421 1123 Patre
3458 1070 3636 1138 legimus
3659 1085 3748 1123 auc.

2313 1173 2476 1241 pisse,
2519 1184 2673 1237 quem
2712 1168 2761 1220 in
2799 1164 2961 1219 corde
2988 1162 3161 1217 Patris
3201 1160 3586 1228 inseparabiliter
3617 1174 3750 1210 manus

2312 1271 2438 1325 tem,
2469 1258 2711 1312 universa
2741 1254 3008 1308 credimus
3054 1250 3367 1320 possedisse.
3398 1248 3492 1302 Sed
3519 1248 3590 1301 il!e
3607 1258 3750 1315 WICSII-

2311 1359 2415 1403 tem
2474 1348 2680 1416 accepit
2721 1345 2975 1415 judicium
3044 1340 3310 1405 faciendi,
3381 1340 3461 1407 qui
3517 1340 3750 1405 semetipsum

2312 1439 2645 1503 cxinaniens,
2682 1436 2907 1489 f0rmam
2942 1432 3189 1500 dignatus
3220 1438 3300 1483 est
3336 1443 3575 1482 assumere
3604 1443 3711 1481 sem.

2902 1546 3125 1603 CAPUT
3168 1544 3305 1600 XIV.

2318 1644 2533 1710 Quando
2576 1642 2787 1703 dicunt,
2824 1637 3019 1692 Filium
3054 1653 3155 1710 non
3182 1634 3413 1710 habuisse
3441 1630 3753 1699 potestatemdm

2384 1716 2452 1766 ad
2483 1716 2740 1766 dexteram
2770 1700 2845 1763 uel
2873 1710 2939 1760 ad
2973 1709 3253 1769 sinistram,
3284 1704 3530 1757 sessionem
3550 1700 3689 1752 duobus
3708 1706 3750 1746 dt.

2385 1786 2616 1852 scipult’s.

2382 1892 2435 1944 Si
2469 1899 2646 1945 autem
2676 1889 2907 1942 dixerint
2949 1886 3060 1949 tibi,
3093 1884 3234 1955 quod
3268 1882 3426 1937 Filius
3460 1880 3625 1935 duobus
3653 1876 3749 1926 ilici-

2314 1983 2449 2050 pulis
2476 1982 2672 2035 dixerit
2701 1998 2713 2033 :
2742 1979 2973 2032 Calicem
3000 1976 3213 2045 quidem
3245 1988 3413 2027 meum
3443 1971 3618 2030 bibetis,
3642 1966 3751 2017 mine

2314 2082 2491 2125 autem
2524 2069 2589 2123 ad
2620 2069 2896 2123 dexteram
2931 2080 3125 2128 meam,
3158 2065 3241 2117 vel
3275 2062 3338 2115 ad
3377 2061 3606 2114 sinistram
3629 2064 3754 2107 naues

2319 2177 2493 2215 meum
2525 2160 2652 2223 date
2685 2158 2831 2210 vobis
2857 2154 3073 2223 (Matth.
3100 2170 3186 2215 xx,
3216 2153 3333 2219 '25).

2388 2256 2687 2323 Responsio.
2730 2252 2962 2319 Proin-ito
2989 2249 3269 2319 potestatis
3298 2246 3476 2300 Filium
3498 2257 3607 2305 esse,
3628 2249 3663 2293 et
3680 2244 3753 2304 pte

2316 2348 2525 2402 cedenti
2570 2346 2679 2413 jam
2724 2342 3084 2411 disputatione
3128 2338 3427 2400 docuimus,
3472 2344 3520 2387 et
3562 2346 3661 2384 nunc
3690 2331 3752 2378 ist

2325 2443 2621 2511 epitulante
2651 2438 2979 2498 docebimus,
3011 2432 3305 2502 Evangelio
3336 2437 3616 2499 protestante
3636 2442 3645 2475 :
3667 2423 3754 2469 luca-

2318 2534 2386 2589 tis
2436 2530 2717 2584 duodecim
2760 2527 3036 2595 discipulis
3089 2524 3199 2577 suis
3234 2522 3403 2585 dedit,
3443 2519 3513 2573 eis
3554 2521 3752 2585 puleS‘at‘ltl

2320 2623 2601 2692 sp;rituum
2650 2615 3067 2680 immundorum,
3118 2623 3174 2668 ut
3215 2612 3465 2681 ejicerent
3500 2610 3753 2669 eoseum:-

2323 2730 2441 2771 rent
2485 2729 2695 2769 omnem
2728 2695 3060 2781 Ianguor'em,
3095 2717 3148 2763 et
3181 2721 3397 2761 onmem
3445 2698 3753 2757 iulirntitatmntn

2324 2815 2516 2881 υίιιιυέο
2557 2808 2774 2879 (Μ’ςέιίιο
2820 2823 2849 2859 ι
2874 2847 2887 2869 .
2922 2806 3003 2875 1).
3055 2806 3116 2857 Et
3161 2803 3393 2858 iterum:
3424 2799 3570 2853 Amen
3607 2793 3685 2845 dico
3704 2804 3751 2835 ιιι·

2327 2903 2405 2955 bis
2435 2904 2573 2970 quot
2609 2912 2700 2952 vos
2728 2898 2816 2965 qui
2856 2894 3025 2949 secuti
3066 2893 3197 2946 estis
3234 2907 3339 2952 me,
3369 2890 3418 2943 in
3465 2879 3755 2949 regeneratum.

2321 3007 2446 3047 cum
2482 2992 2647 3046 Filius
2675 2988 2903 3042 hominis
2945 2986 3146 3040 srderit
3178 2987 3233 3037 in
3267 2984 3391 3038 sede
3433 2976 3754 3047 majestatissui.

2328 3081 2583 3136 sedebitis
2608 3088 2661 3132 et
2686 3094 2779 3130 Vtts
2808 3092 2928 3130 cum
2960 3091 3021 3130 eo
3044 3089 3203 3143 super
3237 3071 3505 3128 duodecim
3540 3055 3756 3125 καθελών

2250 3195 2297 3257 C
2328 3181 2510 3225 cantes
2550 3168 2771 3223 duodeci
2797 3187 2824 3217 ιι
2867 3168 3035 3219 tribus
3073 3164 3234 3219 Israel
3270 3161 3481 3234 (Matth.
3520 3172 3605 3215 ιιι,
3629 3153 3707 3213 ιδ).
3731 3144 3761 3195 Ill

2328 3265 2516 3317 iterum
2546 3276 2563 3314 ι
2597 3261 2729 3313 Ecce
2760 3256 2878 3310 dedi
2903 3257 3052 3309 vobis
3079 3263 3401 3323 potestatem
3424 3262 3473 3303 ut
3497 3243 3762 3302 caleetisstttir

2326 3365 2624 3422 serpentes,
2658 3361 2711 3406 et
2737 3350 3066 3418 scorpiones,
3103 3355 3157 3400 et
3197 3360 3364 3412 super
3404 3352 3587 3394 omnem
3613 3332 3759 3383 tirtrtten

2328 3448 2552 3511 inimici,
2594 3454 2647 3498 et
2689 3444 2734 3496 si
2773 3442 2913 3510 quod
2957 3452 3220 3492 venenum
3268 3430 3519 3494 biberitis,
3556 3422 3650 3478 nihil
3679 3412 3762 3466 tabis

2331 3541 2544 3596 nocebit
2588 3537 2739 3609 (LUC.
2778 3552 2831 3601 x,
2870 3533 2979 3602 I9).
3031 3533 3096 3584 Et
3140 3531 3337 3583 iterum
3373 3546 3383 3578 :
3417 3520 3760 3590 Quotqnotautem

2329 3643 2648 3705 receperunt
2672 3645 2815 3695 eum,
2846 3628 2990 3682 dedit
3015 3628 3092 3681 eis
3125 3632 3444 3694 porestatem
3475 3616 3589 3670 ﬁlius
3611 3606 3672 3662 Dei
3692 3598 3764 3655 lini.

2330 3728 2395 3782 IlS
2423 3728 2510 3796 qui
2552 3722 2773 3778 credunt
2804 3693 2870 3773 in
2908 3693 3271 3783 nomineejus
3300 3710 3469 3783 (Joan.
3512 3720 3544 3767 ι,
3584 3693 3759 3765 12).Ι·;ιιη

2329 3814 2646 3887 Apocalypsi
2677 3829 2692 3868 :
2720 3811 2817 3878 Qui
2854 3808 3063 3871 vicerit,
3093 3804 3234 3859 dabo
3266 3803 3339 3855 illi
3382 3797 3552 3854 sedere
3583 3796 3718 3843 mecmn
3738 3792 3763 3869 tit

2330 3912 2458 3967 sede
2488 3921 2629 3973 mea,
2670 3904 2808 3958 sicut
2853 3910 2905 3954 et
2936 3913 3034 3967 ego
3073 3896 3200 3961 vici,
3245 3902 3303 3948 et
3348 3889 3457 3944 sedi
3500 3896 3596 3938 cum
3621 3868 3765 3929 patrem

2331 4001 2459 4057 sede
2489 3958 2655 4067 ipsitis
2677 3994 2862 4061 (Apoc.
2883 3958 3101 4057 aufert).
3133 3958 3266 4039 Item
3297 3981 3371 4036 ibi
3395 3976 3512 4045 :Qui
3537 3965 3676 4025 vicerit
3694 3958 3768 4008 italo

2331 4097 2408 4153 illi
2435 4056 2759 4149 manducare
2797 4088 2861 4143 de
2903 4086 3045 4154 ligno
3074 4084 3218 4149 vitae,
3251 4078 3394 4149 quod
3440 4086 3512 4129 εει
3556 4070 3597 4122 in
3623 4056 3769 4154 panitet

2335 4191 2427 4246 Dei
2456 4187 2561 4242 mei
2599 4187 2781 4254 (Apoc.
2813 4197 2872 4247 ιι,
2906 4148 2983 4251 7).
3024 4177 3124 4243 Qui
3154 4148 3405 4229 mam
3445 4157 3678 4229 discipulis,
3699 4148 3769 4198 tiu»—

2332 4284 2504 4340 decim
2536 4279 2702 4334 tribus
2733 4245 3006 4344 iudicandi
3046 4274 3368 4337 potestatem
3416 4257 3565 4319 dedit,
3605 4256 3646 4302 et
3672 4245 3769 4344 rem“:

2339 4316 2504 4340 usuu-
2538 4316 2571 4334 ιι
2587 4316 2702 4333 ιυυισ
2733 4316 3006 4344 vuum”.--
3047 4316 3273 4337 ..-η-ην
3296 4316 3303 4317 ,
3556 4316 3562 4319 γ

2339 4373 2528 4429 sedere
2573 4364 2837 4439 permisit,
2887 4358 3095 4414 duobus
3137 4364 3348 4408 tantum
3398 4340 3648 4411 discipulis.
3679 4316 3773 4423 ιιι-³⁸
3850 4316 3853 4393 ἶ

2339 4418 2527 4429 ---νη
2826 4418 2836 4427 ,

2336 4468 2609 4522 dexteram
2643 4460 2727 4515 vel
2758 4457 2825 4512 ad
2856 4453 3127 4510 sinistram
3162 4447 3285 4516 ejus
3328 4442 3589 4497 sederent,
3612 4418 3775 4481 licentiam
3852 4478 3853 4501 ξ

660 4552 773 4642 suis
813 4582 964 4654 (lsai.
994 4594 1073 4645 ut,
1108 4577 1212 4644 I5).
1262 4576 1387 4627 Item
1426 4569 1498 4624 ibi
1530 4585 1544 4622 :
1580 4566 1760 4621 Induit
1805 4581 1866 4622 se
1887 4567 2147 4635 justitiam
2179 4576 2233 4619 et
2258 4562 2311 4621 D
2336 4560 2465 4614 dare
2491 4572 2595 4611 non
2627 4552 2844 4609 habuit?

662 4679 887 4751 gloriam
919 4691 933 4729 :
964 4666 1345 4737 circumposuit
1372 4662 1578 4732 galeam
1606 4658 1794 4714 salutis
1824 4657 1988 4725 capiti
2030 4670 2147 4719 suo,
2181 4664 2237 4709 et

662 4772 873 4844 Operuit
901 4784 960 4825 se
986 4774 1136 4821 veste
1156 4761 1425 4823 vindictm,
1458 4765 1515 4811 ut
1535 4752 1792 4809 retribuat
1825 4749 2235 4805 retributionem

664 4839 982 4917 adversariis
1005 4853 1116 4911 suis
1145 4851 1301 4923 (Isai.
1328 4864 1435 4911 ux,
1466 4846 1577 4914 I7).
1612 4843 1742 4897 Item
1774 4840 1848 4894 ibi
1876 4857 1889 4892 :
1925 4839 2063 4892 Ecce
2093 4854 2157 4889 ru
2186 4852 2235 4889 ιιι

667 4949 926 5006 Dominus
951 4956 1007 5000 ut
1036 4942 1172 5013 ignis
1201 4938 1399 5003 venirt,
1429 4945 1483 4991 et
1513 4944 1573 4988 ut
1593 4940 1879 4999 tempestas
1903 4942 2093 4982 cursus
2122 4928 2240 4993 ejus

664 5040 891 5096 reddere
934 5034 1221 5091 vindictam
1267 5030 1319 5084 in
1362 5032 1460 5092 ira,
1504 5033 1559 5080 et
1610 5022 1867 5078 ultionem
1929 5020 1979 5072 in
2030 5019 2240 5071 tlauuua

667 5136 803 5204 ignis
837 5129 990 5204 (Isai.
1020 5141 1165 5191 LxVI,
1196 5122 1309 5193 I5).
1347 5122 1407 5175 Et
1445 5120 1497 5173 in
1526 5116 1729 5186 psalmo
1761 5126 1904 5167 nono
1933 5109 2110 5180 (Vera.
2140 5110 2193 5175 tt)
2226 5122 2239 5157 :

667 5201 882 5278 Paravit
905 5222 957 5275 in
984 5217 1187 5289 judicio
1211 5214 1393 5268 sedem
1425 5223 1594 5272 suam,
1636 5216 1692 5261 et
1720 5205 1833 5273 ipse
1858 5201 2119 5271 judicabit
2151 5216 2242 5251 or-

668 5315 786 5368 hem
840 5321 997 5366 terra:
1037 5309 1088 5362 in
1138 5305 1407 5375 mquitate.
1455 5302 1517 5355 Et
1563 5301 1614 5353 in
1661 5296 1957 5353 centesimo
2010 5294 2246 5346 secunlo

670 5404 845 5476 (Verr.
880 5400 968 5471 19)
996 5418 1009 5453 :
1041 5399 1294 5453 Dominus
1322 5395 1372 5447 in
1398 5391 1535 5446 crnlo
1560 5388 1761 5456 paravit
1787 5387 2037 5440 thronum
2066 5397 2243 5445 suum,

668 5505 723 5550 et
747 5506 966 5561 regnum
1000 5488 1113 5557 ejus
1141 5485 1388 5540 omnibus
1417 5477 1792 5534 dominabitur.
1832 5476 1895 5529 Et
1923 5477 1971 5527 in
2007 5490 2110 5526 non
2133 5487 2243 5539 ge—

671 5586 808 5636 simo
835 5582 991 5635 tertio
1016 5577 1189 5647 (Vers.
1220 5576 1272 5639 I)
1303 5590 1315 5625 :
1345 5574 1480 5625 Deus
1509 5570 1767 5621 ultionum
1799 5566 2074 5628 Dominus,
2106 5564 2179 5614 De
2206 5576 2245 5615 ‘s

676 5673 929 5725 ultionum
972 5670 1137 5722 libere
1167 5666 1292 5733 egit.
1344 5662 1407 5714 Et
1446 5660 1496 5712 in
1530 5656 1751 5724 epistola
1781 5656 1929 5709 Judce
1965 5654 2192 5722 apostoli
2232 5670 2242 5704 :

679 5763 813 5817 Ecce
835 5760 1011 5815 veniet
1045 5758 1298 5810 Dominus
1325 5754 1374 5806 in
1416 5750 1646 5804 miilihus
1678 5746 1851 5799 facere
1877 5746 2157 5813 judicium,
2182 5753 2246 5809 ct

676 5852 901 5913 Perdere
948 5864 1131 5905 omnes
1177 5844 1385 5913 impios,
1427 5850 1480 5895 et
1516 5851 1736 5907 arguere
1781 5848 1991 5888 omnem
2032 5848 2243 5887 carnem

2928 4632 3154 4690 CAPUT
3198 4628 3316 4685 XV.

2428 4736 2505 4791 De
2526 4752 2584 4790 eo
2606 4734 2741 4805 quod
2763 4733 2945 4783 dicitur
2968 4745 2983 4779 :
3018 4726 3137 4805 Non
3172 4728 3336 4790 potest
3360 4714 3517 4769 Filius
3536 4725 3560 4761 ιι
3583 4720 3624 4757 se
3644 4699 3746 4768 Ῐατπί

2889 4808 2892 4812 ’
2980 4796 3281 4867 quidquam.

2414 4917 2575 4989 376
2595 4916 2650 4971 Si
2679 4928 2805 4969 vero
2834 4907 3180 4980 opposueriut
3210 4902 3310 4956 tibi
3340 4895 3474 4967 quod
3499 4866 3783 4989 Filiusd'itt‘til;

2414 4952 2575 4989 ῡιυ
2596 4952 2650 4971 υ·
2686 4952 2805 4969 ’νιν
2834 4952 3087 4980 νιΎνυι-ν-
3108 4952 3180 4958 ----
3212 4952 3310 4956 -νη-
3358 4952 3393 4967 1⁷

2345 5013 2459 5067 Non
2491 5017 2661 5077 potest
2689 5005 2852 5060 Filius
2889 5016 2917 5054 a
2956 5014 3015 5053 se
3062 4997 3235 5050 facere
3285 4990 3577 5062 quidquam,
3614 4952 3786 5030 ttisitil‘Mi

2346 5075 2537 5155 viderit
2564 5097 2771 5150 Patrem
2806 5091 3085 5145 facientem
3110 5084 3291 5155 (Joan.
3325 5095 3379 5143 v,
3420 5075 3519 5143 I9).
3731 5130 3791 5155 Hd.

2420 5136 2484 5154 ιυι
2500 5136 2537 5151 η
2564 5136 2584 5150 ι
2605 5136 2771 5149 ιιι-ν...
2807 5136 3083 5145 ...ηωηνπ
3113 5136 3141 5155 γ
3370 5136 3379 5143 1
3488 5136 3497 5143 '
3786 5136 3789 5137 ν

2420 5186 2719 5256 Βεδροηδὶο.
2758 5184 2813 5237 Si
2854 5181 3007 5234 fidem
3046 5184 3248 5229 rectam
3294 5180 3520 5229 teneres,
3555 5166 3600 5213 et
3632 5161 3706 5205 non
3731 5136 3793 5189 ίθῖεί

2348 5279 2607 5349 dogmatis
2656 5274 2912 5343 pravitate
2966 5268 3121 5322 fidem
3178 5264 3493 5320 catholicam
3542 5240 3792 5349 impugnari:

2350 5326 2605 5349 ..-οημηη
2657 5326 2675 5343 τ

2349 5380 2699 5438 cognosceres
2741 5362 2931 5416 Filium
2971 5357 3186 5428 propria
3231 5358 3491 5423 potestate
3530 5338 3699 5396 fecisse,
3734 5326 3799 5383 ti“
3862 5356 3863 5399 ι

2357 5420 2445 5438 "u
2472 5420 2475 5421 ν
2974 5420 2989 5428 ⁵
3075 5420 3089 5426 -
3233 5420 3244 5423 -

2352 5464 2561 5515 Patrem
2615 5473 2716 5511 non
2758 5456 3017 5524 legimus,
3070 5450 3169 5503 nisi
3217 5462 3314 5515 per
3371 5441 3547 5496 Filium
3594 5420 3804 5517 perferat;

2356 5550 2598 5620 Nunquid
2624 5548 2779 5601 Pater
2800 5561 2949 5613 aqua:
2978 5542 3303 5596 elementum
3336 5524 3588 5587 convenit
3607 5518 3646 5570 iu
3672 5510 3799 5620 ι’ἱιιιιὲιίι

3612 5610 3634 5620 ,.
3701 5606 3729 5620 ,,
3776 5601 3799 5620 ,ι

2356 5592 2598 5620 ..υ...,...,.
2624 5592 2642 5601 ,
2666 5592 2769 5601 ,,,,
2801 5592 2946 5613 *τη
2984 5592 3054 5596 Μ
3134 5592 3139 5593 ί

2353 5644 2597 5714 Nunquid
2629 5643 2781 5696 Pater
2809 5652 2996 5691 navem
3030 5631 3360 5688 comet-ndit,
3390 5632 3476 5677 aut
3518 5610 3675 5671 ventis,
3698 5606 3731 5649 ct
3752 5592 3807 5714 il:

2353 5744 2526 5797 ctibus
2551 5749 2610 5792 ιιι
2639 5737 2994 5806 quiescerent,
3042 5723 3359 5795 imperavit?
3389 5706 3613 5781 Nunquid
3652 5700 3781 5778 Pater)

2356 5786 2524 5797 υ--υ-υ
2642 5786 2869 5806 «Vm--.
2984 5786 2994 5794 .
3118 5786 3129 5795 .

2356 5832 2584 5901 quinque
2616 5824 2839 5895 panibus
2872 5829 2925 5875 et
2956 5819 3164 5873 duobus
3188 5813 3423 5885 piscibus
3453 5805 3500 5858 ιιι
3523 5798 3695 5852 deserto
3720 5786 3810 5845 illm"
