3938 6376
99 341 145 393 ἔτι

100 348 196 399 πως
1233 348 1499 407 CONTRA
1542 355 1626 408 VA

1747 356 1950 413 l.~\Dll.\l
1997 360 2119 417 LIB.
2165 363 2202 417 l.
3230 384 3335 437 39.6

98 473 193 523 que
238 455 397 508 millia
446 453 717 507 hominum
767 456 947 523 pavit?
986 456 1227 526 Nunquid
1280 460 1433 515 Pater
1481 477 1640 531 super
1679 471 1725 528 Α
1754 478 2006 533 strueret,
2035 482 2087 523 et
2119 488 2210 525 vos
2256 473 2497 541 Atianos,
2526 477 2613 544 qtti
2644 474 2801 531 uitum
2853 480 2903 533 in
2936 482 3193 542 Trinilute
3233 499 3331 545 ab-

103 564 232 603 tnare
255 550 351 616 ped
380 550 475 602 bus
505 550 825 603 ambulavit?
850 551 1095 619 Nunquid
1129 554 1287 607 Pater
1308 558 1495 611 oculos
1522 562 1647 611 c:eci

97 641 193 692 nati
225 638 465 706 aperuit?
496 638 739 707 Nunquid
791 642 948 695 Pater
984 657 1162 696 coram
1193 647 1521 715 principibus
1551 648 1647 702 Ju-

96 732 318 784 ιιςρυτιηη
346 731 687 800 paralyticum
714 735 952 801 pristina:
980 737 1191 791 sanitati
1214 741 1483 794 restituit?
1510 742 1651 796 Nun-

97 824 208 889 quid
260 824 414 877 Pater
468 824 765 891 hominem,
817 830 1021 883 aridam
1063 846 1281 885 manum
1337 837 1648 904 habentem,

94 915 284 967 cunctis
304 913 598 967 astantibus
630 916 680 969 in
714 921 923 988 templo
944 922 1193 975 curavit?
1224 924 1467 994 Nunquid
1500 929 1652 983 Pater

97 1002 359 1056 mulierem
398 1003 545 1057 fluxu
586 1009 855 1075 sanguinis
894 1010 1253 1075 laborantem,
1291 1016 1462 1068 turbas
1498 1016 1648 1085 igno-

93 1094 341 1155 rantibus,
370 1095 580 1146 tlettatis
620 1112 729 1149 sue
775 1098 974 1152 virtute
1011 1104 1256 1155 sanavit?
1303 1105 1366 1157 Et
1401 1107 1550 1173 plura
1590 1110 1651 1160 iis

94 1185 426 1251 mirabiliora,
468 1204 584 1257 qua:
632 1190 910 1246 Dominum
955 1207 1193 1251 nistrun:
1225 1200 1407 1253 Jesum
1459 1203 1647 1257 fecisse

87 1277 371 1343 credimus;
423 1289 476 1333 et
521 1283 789 1337 credendo
838 1292 1233 1357 cognoscimus,
1297 1306 1351 1349 et
1400 1301 1645 1362 fatemur,

88 1365 325 1433 quoniam
364 1370 451 1436 qui
483 1380 757 1437 patenum
802 1391 934 1441 opus
979 1383 1312 1449 exsequitur,
1348 1402 1373 1435 a
1410 1389 1644 1453 paternis

87 1457 329 1522 operibus
349 1458 554 1512 alienus
584 1476 642 1515 es
674 1479 703 1516 e
730 1480 833 1517 non
855 1469 1115 1521 creditur.

655 1603 879 1657 CAPIJT
921 1604 1053 1659 XVI.

119 1713 210 1767 Ubi
228 1716 404 1769 dcunt
434 1716 637 1772 Putrem
664 1731 708 1774 et
735 1720 931 1777 Filium
964 1744 1063 1781 non
1095 1746 1201 1783 esse
1229 1750 1383 1787 unum
1416 1736 1598 1791 Deum.

146 1835 197 1891 Si
241 1837 471 1893 dixerim
504 1841 655 1897 τηου
700 1855 781 1899 ρει
833 1863 965 1901 unus
1011 1850 1150 1906 Deus
1172 1895 1185 1918 ’
1231 1859 1362 1926 quia
1417 1862 1641 1916 dicendo
1676 1831 1721 1890 Β
1750 1847 1898 1927 rum:
1926 1834 2035 1927 Ego
2065 1839 2413 1893 teclarificavi
2441 1858 2600 1909 super
2627 1854 2819 1898 terram
2850 1848 3033 1915 (lbid.,
3056 1852 3125 1919 4).
3167 1853 3229 1905 lit
3257 1858 3322 1906 ad
3390 1918 3401 1927 ἢ

79 1941 232 1980 unum
258 1943 465 1993 sumus,
489 1930 893 2002 ἀυωοδιειιάὶς,
928 1957 1029 1993 nun
1060 1959 1219 1998 unum
1246 1946 1419 2017 (.Ioan.
1448 1968 1497 2016 x,
1525 1955 1639 2022 50).

146 2018 442 2089 Responsio.
473 2024 701 2094 Excepta
727 2031 1089 2091 incarnatione
1112 2036 1254 2103 FIIII,
1284 2059 1401 2110 qua:
1431 2048 1496 2099 ab
1526 2018 1641 2115 ipso

80 2126 168 2178 pro
195 2124 375 2167 nostra
408 2116 773 2186 redemptione
817 2136 1086 2195 assumpta
1136 2140 1235 2197 est,
1274 2133 1451 2200 Pater,
1480 2138 1644 2195 Filius

77 2213 127 2255 et
146 2206 371 2273 Spiritus
392 2219 607 2263 sant-tus
640 2227 771 2265 ttnus
804 2216 1002 2271 dicitur
1030 2219 1193 2289 Deus,
1219 2234 1271 2278 et
1303 2242 1406 2281 non
1440 2230 1644 2288 divisus

77 2296 126 2349 in
167 2297 357 2365 tribus,
390 2311 444 2354 ut
473 2302 585 2371 ipse
624 2307 878 2377 sacrilega
936 2311 1093 2382 377
1150 2327 1329 2372 mente
1374 2322 1643 2379 affirmare

70 2389 301 2455 conaris,
332 2392 427 2445 sed
472 2392 524 2445 in
574 2396 743 2451 tribus
792 2403 1035 2466 personis
1089 2415 1141 2457 et
1184 2408 1510 2479 nominibus,
1542 2408 1643 2468 una

76 2480 326 2541 probatur
361 2481 655 2537 substantia
699 2486 935 2553 deitatis,
970 2490 1225 2547 Zacharia
1280 2501 1539 2568 propheta
1568 2505 1646 2557 di-

67 2580 272 2624 cente:
324 2573 431 2624 lirit
496 2573 748 2629 Dominus
800 2578 850 2630 in
898 2595 1075 2648 regem
1126 2598 1286 2653 super
1342 2605 1645 2647 uttversam

68 2669 287 2725 terram,
320 2670 375 2715 et
416 2662 469 2715 in
497 2664 583 2717 die
612 2664 700 2718 illa
741 2668 842 2721 erit
888 2669 1149 2727 Dominus
1179 2690 1333 2741 unus,
1363 2690 1418 2735 et
1449 2702 1644 2740 nomen

64 2752 181 2817 eius
213 2767 378 2804 uumn
406 2752 586 2821 (chlt.
621 2771 725 2821 xw,
752 2758 827 2827 9).
858 2759 1004 2815 Diem
1034 2762 1170 2819 hanc
1200 2782 1356 2836 quam
1385 2775 1643 2842 prepheta

68 2847 329 2916 designat,
362 2848 524 2902 futuri
572 2864 691 2905 esse
732 2852 917 2921 judicii
970 2871 1126 2911 nemo
1152 2870 1235 2914 est
1284 2865 1371 2933 qui
1419 2871 1639 2924 nesciat.

72 2938 300 3006 lthniro
319 2939 495 3007 itaque
511 2954 539 2992 a
565 2947 616 2993 te
640 2948 696 2995 ut
719 2944 851 2998 hanc
871 2948 1142 3015 propheta:
1158 2956 1498 3021 sententiam,
1516 2962 1640 3029 qu.d

68 3031 165 3084 sibi
207 3032 319 3100 ipse
350 3031 498 3099 velit,
529 3044 582 3088 ct
612 3035 726 3104 ipse
757 3052 1013 3107 exponas.
1045 3043 1171 3107 Quis
1204 3046 1359 3113 igitur
1383 3051 1479 3102 erit
1523 3066 1637 3118 rex,

69 3125 183 3191 quis
208 3124 467 3180 Dominus
491 3144 645 3192 unus,
686 3140 778 3184 aut
806 3137 925 3203 quis
958 3150 1148 3190 nomen
1178 3138 1389 3196 deitatis
1418 3145 1639 3200 sortitur

65 3228 126 3265 ex
157 3214 357 3269 tribus?
384 3214 439 3270 Si
467 3215 622 3271 Pater
648 3228 751 3287 est,
785 3222 895 3290 ipse
923 3226 1069 3281 solus
1092 3244 1229 3284 unus
1251 3232 1444 3287 dlCIltll'
1476 3236 1631 3291 Deus.

70 3302 143 3355 Ab
186 3304 305 3371 ipso
350 3320 479 3375 ergo
520 3308 727 3365 deitatis
777 3318 1032 3373 vocabulo
1092 3322 1255 3379 Filius
1300 3334 1353 3379 et
1404 3329 1636 3396 Spiritus

66 3403 275 3445 sanctus
298 3394 480 3463 alieni,
505 3401 644 3467 quod
685 3404 843 3469 absit,
876 3421 903 3459 a
943 3409 1093 3464 nobis
1128 3410 1290 3467 fuisse
1323 3394 1634 3488 prob—antur,

65 3480 181 3547 quia
231 3484 485 3553 scriptum
530 3499 611 3543 est
643 3505 659 3545 ;
694 3491 745 3544 tn
787 3494 873 3549 die
919 3497 1008 3551 illa
1049 3502 1152 3555 erit
1181 3480 1436 3561 Dominus
1480 3480 1634 3577 ιιιιιεξ

62 3581 115 3624 et
143 3589 335 3631 nomen
373 3579 489 3647 ejus
526 3585 725 3637 unum?
754 3585 809 3641 Si
842 3602 989 3652 vero,
1023 3598 1079 3642 ut
1107 3602 1207 3657 est,
1243 3610 1403 3649 unum
1441 3614 1636 3656 nomen

62 3673 142 3718 est
171 3667 482 3728 Trinitatis:
514 3677 636 3744 quid
669 3695 753 3733 tne
783 3682 1071 3749 persuades
1094 3686 1313 3744 credere
1343 3694 1481 3760 quod
1514 3710 1638 3763 pro-

65 3756 248 3823 phetas
274 3770 327 3817 et
369 3768 641 3833 apostolus
697 3786 799 3825 non
855 3774 1010 3829 video
1042 3756 1394 3845 przedicasse'?
1423 3756 1550 3840 Nam
1582 3798 1637 3843 et

42 3844 348 3908 ‘Malachias
369 3856 539 3911 solum
571 3858 758 3914 Filium
785 3863 1071 3935 intimavit,
1102 3885 1257 3939 quem
1292 3873 1507 3931 humani
1538 3896 1632 3949 ge-

58 3942 198 3995 neris
215 3954 511 4001 creatorem
534 3966 693 4005 unum
722 3954 883 4009 Deum
911 3960 1211 4028 propin-lica
1230 3974 1634 4031 annuntiatione

54 4031 353 4101 designavit
385 4056 397 4091 :
427 4040 542 4108 ipso
571 4043 818 4100 dicente:
851 4049 1035 4105 Nonne
1083 4054 1221 4111 Deus
1266 4076 1400 4113 unus
1429 4067 1634 4121 creavit

50 4124 179 4175 vos?
206 4141 384 4181 nonne
414 4129 569 4183 Pater
594 4149 728 4186 unus
746 4146 825 4189 est
850 4142 1087 4195 omnium
1114 4156 1342 4201 vestrum
1376 4151 1628 4217 (Malaclt.

49 4225 106 4276 tt,
136 4211 272 4279 10)?
303 4214 366 4268 Et
396 4218 445 4269 in
495 4220 909 4279 Deuteronotnio
942 4247 953 4279 :
989 4232 1123 4286 Attdt
1151 4235 1344 4303 Israel;
1379 4211 1631 4300 Dominus

51 4301 189 4356 Deus
214 4312 356 4369 tuus,
390 4307 527 4364 Deus
552 4327 688 4365 unus
714 4324 796 4369 est
819 4318 996 4388 (Deut.
1022 4338 1094 4387 Vl,
1119 4325 1195 4392 4).
1223 4329 1285 4382 Et
1313 4301 1629 4401 Apostolus:

51 4395 234 4450 Nullus
268 4398 404 4455 Deus
434 4405 534 4458 nisi
593 4424 727 4462 unus
756 4410 812 4481 (Ι
840 4413 958 4468 Cor.
1000 4434 1109 4484 vnt,
1155 4421 1231 4492 4).
1275 4395 1582 4488 Et-iterum
1613 4453 1626 4488 :

55 4484 194 4541 Unus
221 4487 496 4562 Dominus,
524 4509 627 4549 una
654 4497 805 4565 fides,
833 4518 997 4559 unum
1022 4484 1303 4580 baptisma,
1323 4533 1459 4573 unus
1489 4522 1625 4580 Deus

1758 558 1917 610 nnitis
1944 558 2128 625 Deum,
2162 563 2334 617 modis
2364 567 2610 620 omnibus
2647 568 2946 625 refutaret?

2334 657 2560 716 CAPUT
2602 661 2765 716 XVII.

1829 740 2130 796 Declaratur
2164 748 2350 800 dictum
2375 765 2393 801 :
2424 750 2597 819 Pater,
2627 754 2853 823 clari/ica
2878 754 3070 811 Filium
3092 770 3253 814 tuum.

1824 830 1987 902 378
2016 832 2075 888 Si
2121 847 2296 890 autem
2354 838 2585 895 dixerint
2635 846 2758 912 quia
2812 845 2933 901 ideo
2966 848 3128 904 Filius
3155 853 3330 907 minor

1754 933 1857 989 esti,
1891 925 2028 991 quod
2088 926 2243 981 Pater
2286 929 2434 983 illttm
2487 933 2877 1003 clarificaverit,
2933 952 3029 1007 pro
3081 956 3147 995 eo
3189 945 3330 1011 quod

1753 1012 2007 1079 scriptum
2047 1025 2173 1070 est:
2209 1018 2383 1084 Pater,
2440 1022 2671 1078 clarifica
2714 1026 2903 1081 Filium
2949 1039 3096 1084 tuum
3145 1031 3326 1103 (Joan.

1758 1116 1881 1168 xvu,
1910 1102 1985 1173 1).
2024 1124 2050 1152 κ

1826 1193 2119 1264 Responsio.
2179 1199 2327 1255 Sicut
2359 1201 2513 1254 Pater
2563 1204 2752 1260 PilLum
2800 1226 2954 1266 suum
3008 1214 3329 1271 clarificaese

1752 1283 1993 1349 docetur,
2023 1288 2091 1341 ita
2134 1290 2291 1342 etiam
2340 1291 2505 1346 Filius
2561 1294 2768 1351 Patrem
2823 1302 3147 1360 clarificasse
3197 1326 3328 1375 pra:-

1752 1377 2038 1441 scribitur,
2085 1381 2406 1447 evangelista
2431 1382 2645 1438 dircnte
2679 1403 2693 1439 :
2726 1387 3018 1458 Respondit
3066 1396 3219 1451 Jeszs
3270 1410 3325 1454 et

1750 1465 1926 1518 dixit:
1965 1469 2073 1535 ligo
2119 1469 2441 1523 dzetnonittm
2497 1490 2598 1529 non
2655 1477 2861 1543 habeo,
2893 1483 2984 1534 sed
3034 1484 3325 1541 honorifico

1752 1560 1958 1614 Patrem
2010 1578 2207 1629 meum,
2242 1574 2297 1618 et
2349 1581 2442 1619 vos
2486 1568 2843 1623 iulmttorastis
2874 1588 2957 1627 tne
2999 1574 3174 1645 (Joan.
3213 1596 3322 1642 \‘Ilt,

1749 1650 1861 1719 49).
1888 1653 1951 1704 Et
1976 1654 2086 1720 ipse
2113 1652 2275 1707 Filius
2292 1656 2356 1707 ad
2382 1658 2589 1711 Patrem
2629 1658 2908 1715 :Clatific.i
2936 1664 3123 1719 Filium
3154 1679 3324 1733 tuum,

1748 1751 1883 1795 utet
1914 1742 2077 1796 Filius
2108 1754 2229 1801 tuus
2258 1748 2515 1801 clarificet
2544 1758 2600 1801 te
2648 1749 2824 1820 (Joan.
2857 1770 2983 1818 xm,
3022 1757 3093 1823 I).
3130 1759 3191 1811 Et
3228 1764 3325 1813 ite-

1748 1922 2076 1992 discipulos:
2110 1928 2166 1981 Si
2208 1932 2331 1997 quid
2378 1934 2636 2000 petiritis
2668 1937 2718 1988 in
2775 1940 2988 1992 nomine
3030 1957 3172 2006 meo,
3221 1944 3323 1995 huc

1744 2013 1953 2080 faciam,
1986 2028 2042 2071 ut
2066 2020 2371 2075 clarif‘mctut
2412 2024 2564 2078 Pater
2599 2027 2649 2078 itt
2701 2027 2833 2081 Filio
2859 2029 3031 2100 (Joan.
3070 2049 3175 2098 xw,
3210 2039 3318 2104 15).

1746 2106 1809 2160 Et
1840 2106 2026 2162 iterum
2063 2127 2076 2163 :
2109 2111 2257 2166 Nunc
2285 2114 2602 2171 CI3I‘IIICaItIS
2648 2128 2728 2172 est
2776 2119 2938 2175 Filius
2984 2123 3233 2189 hominis,
3267 2143 3321 2180 ct

1746 2199 1884 2255 Deus
1904 2202 2219 2259 clarificntus
2244 2218 2325 2261 est
2354 2210 2403 2261 itt
2437 2210 2525 2265 illo
2547 2210 2723 2282 (Joan.
2752 2229 2868 2282 xm,
2893 2215 3005 2285 5|).
3032 2217 3096 2270 Et
3125 2218 3315 2272 Isaias:

1748 2289 2077 2347 Exaltabitur
2102 2296 2355 2352 Dominus
2380 2300 2611 2355 Sabaoth
2645 2304 2696 2356 in
2723 2304 2943 2373 judicio,
2973 2318 3025 2362 et
3068 2309 3319 2363 Dominus

1745 2391 1962 2437 sanctus
2001 2387 2373 2443 clarificabitur
2425 2392 2475 2444 in
2525 2394 2614 2447 illo
2665 2394 2818 2464 (lsai.
2852 2414 2901 2459 v,
2938 2398 3049 2469 16).
3079 2404 3318 2468 Agnosce

1745 2479 1981 2544 tandem,
2014 2481 2232 2549 perfide,
2263 2487 2511 2553 quoniam
2537 2487 2588 2540 in
2633 2490 2820 2557 quibus
2847 2508 2946 2546 una
2995 2502 3076 2548 est
3125 2495 3319 2549 clarifi-

1746 2573 1886 2625 cntio
1910 2573 2135 2638 virtutis,
2170 2576 2311 2629 nulla
2345 2578 2563 2633 interest
2591 2581 2840 2636 discretio
2867 2588 3161 2653 potestatis.

2302 2667 2528 2722 CAPUT
2569 2669 2753 2727 XVIII.

1820 2753 1920 2807 Ubi
1960 2756 2137 2809 dicunt
2183 2760 2384 2829 praprie
2424 2759 2618 2815 Filium
2662 2780 2761 2816 non
2811 2767 2992 2821 vidisse
3020 2767 3246 2825 Patrem.

1816 2847 1869 2901 Si
1896 2856 2074 2903 autem
2105 2849 2336 2904 dixerint
2380 2854 2517 2920 quod
2545 2853 2709 2908 lt‘ilgus
2756 2872 2859 2911 non
2895 2870 3066 2928 potest
3113 2877 3257 2931 prapt
3276 2867 3321 2917 ie

1745 2938 1921 2994 videre
1944 2940 2171 3011 Patrem,
2204 2947 2324 3012 quia
2368 2948 2616 3015 scriptum
2646 2958 2725 3003 est
2757 2966 2769 3003 :
2804 2950 2969 3006 Deum
3008 2969 3165 3009 nemo
3189 2958 3273 3011 vd
3301 2969 3320 3012 t

1744 3046 1973 3100 unquam
1999 3031 2179 3102 (Joan.
2213 3050 2251 3101 t,
2290 3035 2399 3106 I8).

1814 3121 2114 3191 Responsio.
2146 3124 2294 3179 Nunc
2340 3127 2496 3195 igitur
2542 3128 2607 3182 ad
2646 3130 2809 3198 ipsius
2860 3132 3015 3188 fontis
3058 3137 3317 3207 originem

1742 3211 2062 3280 redeamus,
2106 3219 2168 3269 e'x
2216 3232 2320 3286 quo
2378 3218 2565 3272 Filium
2620 3220 2828 3275 Patrem
2878 3240 3092 3295 semper
3137 3230 3318 3285 Videre

1741 3305 2015 3372 potui~se,
2070 3308 2149 3360 vel
2208 3324 2360 3373 posse
2424 3311 2837 3367 t-videtttioribus
2893 3318 3207 3372 ICSIitttoniis
3252 3324 3317 3375 de

1743 3392 1947 3449 Veteris
1994 3405 2049 3449 ct
2082 3396 2211 3451 Novi
2248 3399 2586 3454 lustruntenti
2618 3402 2806 3457 litteris
2833 3404 3141 3474 doceamus,
3167 3412 3317 3465 Salu-

1739 3499 1896 3541 mone
1924 3487 2136 3554 dicente
2175 3506 2186 3541 :
2220 3489 2283 3542 Et
2310 3499 2481 3543 tecum
2511 3492 2789 3559 sapientia,
2822 3510 2940 3562 qua:
2980 3501 3125 3553 novit
3154 3517 3312 3569 opera

1740 3582 1850 3640 tua,
1888 3592 2007 3645 qua:
2036 3578 2201 3631 adfuit
2224 3580 2336 3643 tibi,
2367 3596 2484 3633 cum
2510 3581 2712 3635 faceres
2739 3584 2921 3637 orbem
2954 3597 3234 3654 terrarum,
3261 3603 3315 3645 et

1740 3664 1850 3735 ipsa
1876 3668 2021 3721 novit
2046 3666 2170 3736 quid
2195 3667 2261 3721 sit
2289 3668 2535 3736 placitum
2558 3670 2725 3724 OLUIIS
2751 3674 3023 3741 tuis(Sap.
3050 3694 3126 3741 ιι,
3152 3680 3226 3749 9).
3249 3684 3314 3735 lit

1740 3757 2057 3813 Dominusin
2076 3759 2359 3829 Evangelio
2376 3779 2387 3812 :
2406 3762 2573 3817 Nemo
2602 3766 2749 3818 novit
2774 3766 2986 3832 Fthunt,
3019 3773 3115 3824 nisi
3132 3772 3306 3839 Pater,

1738 3864 1909 3917 neque
1931 3849 2140 3903 Patrem
2164 3852 2283 3918 quis
2313 3854 2477 3919 novit,
2507 3856 2606 3909 nisi
2633 3855 2793 3925 319
2817 3858 2999 3925 Filius,
3031 3874 3084 3916 et
3108 3866 3191 3917 cui
3224 3882 3310 3919 vn-

1735 3940 1893 3994 luerit
1919 3938 2081 3994 Filius
2124 3942 2361 3996 revelare
2394 3942 2542 4013 (an.
2574 3961 2628 4013 χ,
2680 3948 2791 4015 22).
2827 3951 2889 4003 Et
2939 3952 3063 4006 item
3099 3971 3109 4004 :
3142 3954 3308 4010 Deu.n

1735 4044 1893 4083 nemo
1920 4030 2049 4085 vidit
2094 4046 2347 4100 unquam,
2381 4033 2483 4086 nisi
2522 4036 2844 4103 unigenitus,
2877 4040 2965 4105 qui
2996 4052 3077 4093 est
3107 4043 3158 4095 itt
3189 4051 3307 4097 sinu

1734 4122 1929 4191 Patris,
1963 4123 2077 4193 ipse
2103 4128 2370 4179 enarravit
2399 4126 2574 4196 (Joan.
2609 4144 2646 4194 t,
2674 4128 2780 4199 18).
2808 4130 2872 4183 Et
2895 4134 3086 4186 iterum
3109 4136 3307 4194 Iuda-is

1734 4218 1862 4273 dicit
1893 4236 1907 4271 :
1936 4219 2041 4273 Vos
2093 4234 2197 4273 non
2247 4222 2414 4275 nostis
2442 4236 2586 4286 eum,
2618 4239 2715 4291 ego
2762 4236 2937 4281 autem
2970 4230 3089 4284 novi
3143 4248 3263 4289 eum
3291 4254 3304 4289 :

1734 4314 1875 4384 quod
1900 4314 1946 4368 si
1988 4315 2173 4368 dixero
2199 4315 2318 4385 quia
2350 4332 2453 4370 non
2494 4318 2614 4372 novi
2646 4335 2786 4386 eum,
2818 4337 2912 4376 ero
2938 4326 3127 4381 similis
3156 4332 3307 4386 vobis

1736 4406 1961 4461 mendax
1993 4406 2174 4475 (Joan.
2224 4422 2338 4475 vm,
2370 4409 2480 4481 55).
2516 4411 2643 4465 Item
2694 4414 2763 4466 ibi
2795 4430 2809 4465 ι
2840 4417 2939 4481 Qui
2970 4434 3033 4473 ex
3068 4420 3176 4476 Deo
3198 4434 3299 4489 est,

1735 4503 1821 4559 hic
1847 4504 1991 4559 novit
2020 4517 2140 4558 eum
2168 4502 2329 4572 (Ibid.
2358 4506 2468 4577 47).
2497 4507 2560 4561 Et
2587 4507 2777 4563 iterum
2811 4527 2825 4565 :
2856 4511 2969 4583 Ego
3014 4518 3136 4570 novi
3157 4533 3300 4582 eum,

53 4572 269 4643 (Ephes.
305 4595 374 4643 tv,
407 4560 491 4651 5).
516 4584 608 4640 Vel
635 4603 774 4642 nunc
792 4560 1625 4668 advertequiavuiitisuDeusvriolt:

2173 4560 2185 4572 _
2376 4560 2379 4561 ν
2429 4560 2446 4577 ,
2812 4560 2824 4565 -
2856 4560 2966 4583 Ἴ-
3014 4560 3296 4582 ..ν.........,

1747 4601 1851 4672 [uia
1899 4602 1966 4655 ab
2017 4600 2133 4670 ipso
2178 4616 2316 4655 sum.
2372 4604 2510 4660 Ecce
2553 4606 2868 4675 docuimus,
2907 4614 3029 4682 quia
3082 4630 3296 4687 semper

49 4676 124 4718 est
144 4668 363 4723 divisus.
392 4671 443 4726 In
464 4675 629 4732 tribus
661 4683 902 4744 personis
929 4693 983 4738 et
1009 4690 1314 4748 nominibus
1338 4712 1472 4752 unus
1489 4700 1623 4757 dici-

52 4761 127 4806 tur
149 4755 307 4821 Deus,
338 4764 589 4830 Apostulo
607 4774 891 4826 attestaute
916 4773 1241 4835 :Divisiones
1257 4792 1432 4839 autem
1456 4755 1620 4847 dona-

52 4844 240 4899 tionum
297 4851 585 4915 gratiarum
618 4865 763 4921 sunt,
795 4861 887 4926 ait,
935 4862 1073 4917 idem
1121 4878 1296 4924 autem
1348 4876 1614 4944 spiritus:

49 4946 95 4990 et
126 4940 412 5010 divisiones
444 4946 894 5007 ministrationum
924 4967 1068 5026 sunt,
1094 4958 1233 5016 idem
1282 4940 1397 5033 ipse
1434 4969 1614 5027 Domi-

52 5043 164 5095 nus;
194 5041 248 5085 et
276 5032 566 5092 divisiones
611 5042 985 5107 operationum
1044 5057 1187 5110 sunt.
1234 5032 1376 5108 idem
1435 5068 1614 5117 autem

53 5118 290 5193 Deus,qni
319 5141 574 5196 operatur
600 5134 778 5188 omnia
813 5137 864 5189 in
896 5140 1146 5195 omnibus
1169 5141 1223 5209 (1
1252 5143 1372 5198 Cor.
1412 5165 1500 5213 xu,
1534 5150 1610 5220 4).

49 5207 167 5274 Qtid
199 5214 360 5283 igitur
387 5228 470 5272 est
514 5221 656 5287 quod
713 5222 848 5279 Filio
894 5207 1422 5300 derogare‘minitne
1467 5207 1616 5298 dubi-

50 5301 186 5353 tasti?
212 5315 267 5358 ut
292 5310 344 5359 in
370 5321 434 5361 eo
459 5309 600 5375 quod
623 5311 791 5367 dixit:
831 5315 941 5386 Ego
963 5330 1018 5373 et
1049 5321 1209 5379 Pater
1234 5341 1392 5382 unum
1429 5345 1613 5389 sumus

50 5385 214 5478 (Joan.
245 5408 275 5445 ι
306 5433 321 5458 ,
354 5396 446 5464 50)
478 5412 493 5450 :
543 5399 675 5455 duos
724 5385 1067 5465 nihilominus
1114 5412 1244 5470 deos
1301 5431 1485 5473 natura

48 5477 254 5537 invicem
309 5494 363 5540 et
390 5487 588 5544 deitate
637 5492 878 5549 diversos
910 5497 1247 5560 introducere
1296 5511 1529 5573 coneris,
1555 5521 1609 5567 et

48 5568 289 5628 affirmare
330 5591 438 5629 non
481 5580 712 5635 metuis?
746 5584 994 5653 ignorans
1040 5594 1162 5657 quia
1216 5610 1336 5650 cum
1383 5615 1605 5671 sumus,

47 5659 174 5727 dicit,
203 5680 460 5735 personas
507 5671 773 5741 distinxit,
826 5693 929 5731 non
981 5681 1193 5737 deitatis
1250 5659 1604 5746 sub~tatttiatn

48 5762 306 5825 separavit,
341 5772 398 5817 ut
449 5774 506 5819 et
537 5767 824 5823 Stbellium
878 5773 1127 5829 unionem
1174 5788 1466 5837 sectantem
1513 5784 1608 5841 de-

1728 4691 1871 4747 videt
1897 4692 2061 4746 Filius
2092 4690 2323 4759 Patrem,
2347 4697 2612 4763 quomodo
2643 4713 2739 4753 viis
2766 4704 3004 4760 astruitis
3048 4722 3169 4763 eum
3200 4709 3299 4762 Γα-

1727 4801 1862 4846 trem
1888 4804 1993 4844 non
2018 4801 2171 4856 posse
2200 4788 2415 4845 videre?

2305 4888 2529 4944 CAPUT
2572 4890 2703 4947 XIX.

1847 4972 2052 5027 Patrem
2086 4969 2225 5027 Filio
2256 4979 2591 5032 testimonium
2622 4984 2907 5051 perhibere,
2934 4991 3055 5055 quid
3081 4992 3166 5043 sit.

1794 5063 1851 5117 Si
1876 5064 2016 5117 enim
2049 5063 2301 5130 dixerint,
2335 5068 2453 5122 ideo
2482 5071 2655 5126 minor
2682 5084 2764 5127 est
2786 5075 2948 5130 Filius
2970 5078 3143 5144 Patre,
3172 5082 3291 5147 quia

1726 5156 1880 5209 Pater
1908 5158 2109 5224 praebet
2136 5162 2515 5218 testimonium.

1794 5244 2098 5313 Responsio.
2131 5248 2186 5303 Si
2214 5265 2406 5306 sereno
2434 5268 2594 5310 sensu
2617 5256 2822 5312 divinas
2846 5273 3124 5315 recenseas
3150 5262 3263 5315 Sari

1720 5344 1928 5403 pturas,
1971 5338 2209 5395 invenies
2258 5357 2361 5395 non
2408 5346 2577 5399 solum
2618 5346 2828 5402 Patrem
2873 5348 3005 5404 Filio
3047 5355 3289 5405 testiino-

1723 5426 1866 5477 nium
1912 5427 2297 5494 perhibentent.
2339 5432 2432 5487 sed
2476 5444 2636 5489 totam
2670 5437 2825 5490 simul
2877 5438 3284 5507 inseparabilem

1717 5510 2062 5582 Trinitatem,
2126 5518 2264 5573 Idem
2310 5521 2533 5576 Domino
2584 5535 2912 5592 protestante
2955 5547 2965 5580 :
3008 5529 3118 5598 Ego
3170 5548 3285 5586 sunt

1715 5605 1806 5673 qui
1836 5606 2197 5662 testimonium
2245 5613 2499 5679 pcrhiheo
2542 5615 2609 5667 de
2660 5617 2894 5683 meipso,
2945 5627 2999 5672 et
3045 5621 3285 5673 testium-

1716 5698 1860 5750 nium
1904 5700 2146 5766 perhibet
2189 5704 2256 5758 de
2304 5721 2388 5759 me
2426 5707 2605 5769 Pater,
2652 5707 2738 5775 qui
2783 5708 2927 5763 misit
2974 5726 3060 5766 me
3106 5712 3281 5780 (λίνων.

1715 5803 1828 5855 vnt,
1864 5792 1973 5864 18).
2009 5793 2071 5847 Et
2106 5795 2294 5849 iterum
2342 5813 2355 5848 :
2398 5798 2450 5849 Si
2483 5812 2581 5866 ego
2612 5800 2970 5855 testimonium
3026 5808 3279 5872 pt‘rhtlseo
