3938 6376
567 330 667 385 567

1874 315 2095 370 VtGiLII
2136 315 2497 372 'I‘APSENSIS
3320 280 3323 281 ί
3722 312 3810 366 568

560 444 635 496 de
666 437 886 508 mcipso,
919 437 1273 493 testimonium
1304 449 1476 489 meum
1511 448 1638 486 veru
1664 450 1691 482 n
1725 438 1826 496 est,
1868 431 1990 497 quia
2022 430 2214 491 scio...\
2246 431 2375 484 dicit
2406 430 2658 484 Dominus
2690 428 2902 483 Christo
2926 442 3046 482 meo
3075 429 3320 497 Domino,
3350 443 3435 482 cut
3471 425 3619 480 tenui
3645 426 3813 478 dexte-

575 530 713 583 unde
736 528 890 583 venio
907 539 957 581 ct
976 544 1081 597 quo
1100 527 1228 582 vado
1256 525 1459 596 (Joan.,
1485 538 1597 587 vttt,
1624 524 1733 591 li).
1767 522 1828 574 Et
1847 520 1914 575 de
1939 522 2138 588 Spiritu

576 635 762 679 sancto
787 642 797 676 :
822 626 953 677 Cutn
984 623 1187 675 venerit
1210 620 1514 674 Paracletus
1537 618 1626 670 ille
1654 625 1886 678 sanctus,
1913 614 2145 681 Spiritus

578 716 838 779 veritatis,
888 715 975 767 ille
1005 713 1361 767 testimonium
1394 708 1693 779 perhibebit
1727 708 1793 760 de
1842 721 1926 760 me
1964 703 2143 773 (Joun.

581 824 667 868 xv,
697 805 810 873 26).
861 803 1142 867 lntendite,
1193 815 1394 871 quaeso,
1449 798 1742 865 intendite,
1792 796 2044 866 quoniam
2095 795 2147 848 itt

576 899 770 964 quibus
800 910 900 946 una
929 891 1314 946 testificationis
1337 889 1503 942 virtus
1530 886 1848 948 ostenditur,
1879 884 2051 937 nullus
2083 882 2151 936 ab
2210 894 2213 895 '

579 978 881 1056 alio—neque
912 985 1196 1055 potentior,
1230 998 1401 1051 neque
1428 980 1650 1034 inferior
1673 977 1958 1047 judicatur.

1172 1072 1398 1128 CAPUT
1440 1068 1557 1123 XX.

582 1172 788 1224 Patrem
812 1168 1133 1233 inuisibilem,
1153 1165 1349 1219 Filium
1371 1181 1486 1218 vero
1514 1180 1617 1217 esse
1645 1159 2048 1227 visibilem,quid
2064 1160 2149 1211 sit.

647 1261 702 1315 Si
733 1262 823 1313 tibi
853 1258 1087 1313 dixerint
1114 1256 1180 1310 de
1204 1272 1290 1321 eo,
1346 1255 1500 1308 Pater
1547 1252 1716 1319 major
1746 1259 1848 1314 est,
1890 1249 2010 1317 quia
2042 1248 2153 1315 ipse

580 1349 861 1402 invisibilis
886 1347 1100 1411 dicitur,
1137 1344 1302 1397 Filius
1335 1356 1460 1395 vero
1487 1340 1710 1395 visibilis
1735 1337 2068 1407 prtedicatur.

650 1438 950 1509 Responsio.
984 1435 1195 1505 Smpius
1244 1435 1341 1487 ista
1369 1432 1477 1501 jam
1509 1430 1760 1493 diximus,
1813 1428 1932 1495 quia
1965 1440 2155 1479 secun-

578 1530 701 1584 dum
736 1529 966 1581 hominis
994 1527 1216 1580 formam
1250 1524 1416 1576 Filius
1442 1520 1666 1574 visibilis
1710 1519 1923 1580 dicitur,
1962 1532 2153 1571 secun-

577 1622 702 1676 dum
734 1619 947 1672 deitatis
980 1631 1102 1671 vero
1134 1614 1485 1667 substantiam
1517 1608 1981 1680 380iuvisibilis
2014 1623 2151 1675 prte-

578 1716 800 1771 dicatur.
850 1712 1009 1766 Paulo
1032 1708 1282 1778 apostolo
1315 1706 1636 1775 prredicante
1681 1722 1691 1756 :
1724 1705 1766 1756 0
1793 1701 2037 1765 altitudo,
2073 1703 2158 1753 in-

2251 536 2382 587 ram,
2403 529 2455 573 et
2484 519 2700 573 obedire
2729 518 2915 573 faciam
2941 529 3063 573 ante
3084 534 3206 571 eum
3234 533 3427 572 omnes
3451 526 3649 587 gentes
3671 514 3812 583 (lui.

2250 629 2367 665 XLV.
2407 611 2454 681 l)
2486 612 2613 664 Item
2645 611 2715 664 ibi
2742 628 2754 663 :
2788 612 2895 679 Ego
2924 620 3045 664 ante
3075 626 3195 663 eum
3243 610 3479 679 prteibo,
3534 618 3590 661 et
3622 616 3817 660 montes

2251 706 2432 773 planos
2472 705 2699 758 efficiam
2750 713 2906 771 atque
2936 702 3168 771 aperiam
3199 713 3323 755 ante
3357 716 3480 754 eum
3516 708 3733 766 portas,
3776 711 3819 751 et

2249 802 2491 855 civitates
2541 818 2641 853 non
2679 801 2992 855 claudentur
3029 799 3221 869 (Ιὺὶειη
3258 800 3339 865 2).
3388 799 3521 852 Item
3572 796 3695 849 ibi:
3728 795 3818 860 Ego

2251 895 2437 946 vocavi
2467 902 2521 947 et
2550 892 2743 946 adduxi
2783 908 2926 955 eum,
2974 902 3028 945 et
3068 906 3377 959 prosperum
3428 889 3533 943 iter
3574 888 3699 956 ejus
3738 886 3817 937 feri

2254 988 2409 1056 (hai.
2435 1004 2621 1053 xum,
2650 988 2872 1056 15,17).
2896 987 2962 1040 Ει
2994 989 3045 1040 in
3077 988 3278 1055 psalmo
3299 984 3601 1039 centesimo
3630 983 3818 1035 tricesi-

2254 1096 2341 1133 mo
2371 1081 2559 1147 primo.
2612 1079 2797 1133 Paravi
2829 1078 3100 1133 lucernam
3149 1076 3361 1129 Christo
3391 1088 3537 1139 meo,
3587 1072 3817 1124 inimitos

2253 1172 2367 1239 ejus
2396 1172 2607 1223 induam
2630 1170 2962 1224 confusione.
2998 1170 3059 1221 Et
3092 1170 3140 1219 in
3170 1165 3453 1233 Evangelio
3480 1183 3493 1216 :
3524 1164 3671 1217 Ecce
3692 1162 3817 1214 mitto

2255 1263 2498 1329 angelum
2526 1276 2699 1314 meum
2732 1268 2851 1313 ante
2877 1259 3063 1312 faciem
3093 1267 3260 1319 tuam,
3288 1258 3376 1322 qui
3407 1264 3682 1324 prmgaret
3706 1256 3817 1305 viain

2255 1364 2397 1407 tttam
2429 1362 2552 1405 ante
2585 1361 2636 1405 te
2674 1350 2864 1420 (Marc.
2905 1366 2941 1409 ι,
2971 1349 3051 1414 2).
3082 1349 3143 1400 Et
3173 1347 3223 1400 in
3254 1347 3502 1399 llabacuc
3531 1363 3545 1394 :
3574 1344 3819 1411 Egressus

2257 1455 2337 1499 cst
2368 1446 2621 1498 Dominus
2660 1444 2712 1496 in
2758 1443 2983 1494 salutem
3030 1440 3202 1508 populi
3235 1439 3314 1490 sui
3344 1453 3463 1490 cum
3494 1435 3723 1489 Christo
3746 1449 3821 1486 suo

2258 1536 2484 1604 (Ilabac.
2516 1551 2593 1601 ιιι,
2632 1536 2739 1602 15).
2768 1533 2821 1585 In
2852 1532 2913 1585 iis
2937 1547 3064 1601 ergo
3090 1530 3336 1583 erunibus
3366 1543 3467 1580 non
3499 1527 3598 1579 tibi
3637 1525 3821 1578 videtur

2260 1628 2419 1681 Pater
2454 1627 2591 1680 Filio
2618 1626 2933 1692 obsequium
2965 1623 3291 1691 pra'buisse‘!
3335 1636 3428 1686 pro
3456 1617 3661 1686 quibus
3689 1626 3821 1669 etiam

2262 1716 2409 1771 neiis
2443 1726 2523 1768 est
2556 1715 2737 1768 dicere
2766 1714 2971 1765 Patrem
3008 1710 3329 1780 possej‘ilio
3353 1709 3642 1776 subjacere
3674 1726 3686 1754 τ
3717 1711 3815 1773 quis

579 1812 711 1879 quit,
759 1805 1033 1875 sapientia:
1064 1813 1117 1857 et
1144 1802 1380 1856 scienti-.1-
1414 1800 1539 1862 Dei,
1590 1812 1745 1867 quam
1792 1794 2152 1848 inscrutabilia

2270 1821 2477 1877 paterna
2508 1806 2757 1859 divinitas
2790 1818 2887 1856 nec
2918 1802 3091 1855 dando
3125 1801 3277 1863 Filio,
3304 1814 3421 1868 qua:
3453 1813 3551 1851 sua
3577 1805 3728 1856 sunt,
3748 1797 3822 1847 ali.

580 1910 702 1953 sunt
727 1898 921 1967 judicia
954 1895 1086 1965 ejus,
1121 1903 1174 1947 et
1197 1890 1591 1960 investigabiles
1617 1890 1715 1941 via:
1739 1887 2047 1955 ejus(liom.
2075 1900 2151 1949 χι,

581 1988 819 2059 55)ῑ,Ει
851 1986 900 2051 in
934 1984 1061 2045 Isaia
1090 2001 1101 2035 :
1129 1981 1227 2036 Cui
1256 1982 1486 2035 similem
1532 1979 1805 2033 aestimatis
1850 1976 2153 2038 Dominum,

583 2086 674 2129 aut
701 2076 785 2131 cui
818 2075 1045 2128 similem
1075 2071 1349 2125 {estimatis
1377 2086 1521 2133 eum,
1553 2082 1672 2121 cum
1702 2067 1769 2120 sit
1819 2068 1932 2133 ipse
1972 2066 2154 2117 invisi-

586 2172 708 2226 bilis
740 2170 889 2241 (fsai.
926 2184 1000 2233 χι,
1034 2166 1162 2235 18)?
1202 2165 1291 2219 Ait
1324 2162 1645 2232 Apostolus:
1689 2160 1813 2215 Mihi
1855 2169 2029 2213 autem
2061 2158 2156 2211 mi-

585 2263 727 2316 nimo
753 2261 989 2317 omnium
1031 2264 1334 2310 sanctorum
1377 2254 1495 2308 data
1521 2262 1601 2305 est
1625 2252 1788 2321 gratia
1816 2249 1930 2303 hmo
1956 2250 2007 2301 itt
2029 2263 2155 2317 gen-

587 2350 724 2405 tibus
766 2348 1133 2416 evangelizare
1181 2342 1578 2410 ittveStigabiles
1621 2340 1829 2393 divitias
1866 2338 2065 2392 Christi
2106 2346 2159 2390 et

585 2438 884 2493 illuminare
934 2449 1141 2500 omne=,
1190 2449 1307 2502 quae
1353 2433 1421 2486 sit
1469 2430 1796 2500 dispensatio
1837 2426 2158 2481 sacramenti

568 2528 877 2585 absconditi
905 2544 932 2578 a
974 2526 1183 2580 sacculis
1215 2527 1263 2576 in
1306 2522 1541 2586 Christo,
1591 2521 1679 2590 qui
1728 2518 1907 2572 omnia
1958 2517 2161 2571 creavit

584 2622 799 2695 (Epltes.
834 2638 910 2688 ttt,
947 2621 1030 2689 8).
1072 2620 1199 2672 ltem
1244 2620 1355 2685 ipse
1393 2636 1403 2668 :
1441 2616 1538 2681 Qui
1568 2626 1669 2681 est,
1718 2614 1809 2675 ait,
1859 2614 2031 2679 imago
2065 2611 2155 2663 Dei

585 2696 883 2765 invisibitis.
921 2710 987 2761 Et
1012 2707 1076 2760 ad
1107 2705 1452 2760 Colosseuses
1481 2719 1494 2757 :
1532 2704 1640 2773 Ego
1666 2701 1861 2756 Paulus
1894 2700 2156 2763 minister,

582 2805 706 2872 quia
735 2817 873 2856 nunc
904 2800 1109 2871 gaudeo
1139 2803 1189 2851 in
1225 2798 1583 2867 passionibns,
1610 2793 1940 2859 etadimpleo
1958 2806 2016 2843 ea
2042 2803 2160 2858 quae

585 2895 774 2948 desunt
807 2892 1202 2945 tribulationum
1234 2888 1431 2943 Christi
1463 2888 1514 2940 in
1546 2900 1705 2939 carne
1757 2899 1873 2937 mea
1921 2899 2014 2950 pro
2044 2896 2162 2934 enr-

588 3008 715 3060 pore
745 2992 879 3060 ejus,
909 2988 1048 3058 quod
1078 2994 1159 3041 est
1187 2984 1441 3049 Ecclesia,
1475 2983 1557 3036 cui
1587 2982 1757 3045 factus
1790 2994 1905 3033 sum
1937 2993 2035 3046 ego
2064 2976 2162 3029 mi-

586 3088 751 3142 nister
800 3084 1091 3140 secundum
1142 3079 1591 3147 dispensationem
1646 3075 1781 3138 Dei,
1851 3072 2158 3143 mysterium

2260 1900 2470 1969 quan-:10
2493 1898 2590 1950 sibi
2624 1895 2835 1961 minuit,
2867 1908 2963 1947 ιιι-ο
2984 1892 3146 1945 Filius
3172 1888 3505 1958 accipiendi,
3537 1887 3823 1955 quml‘atris

2259 2001 2382 2045 sunt
2415 1992 2462 2042 in
2493 1990 2679 2042 melius
2697 2004 2852 2055 quam
2886 1984 3076 2046 fuerat,
3100 1985 3179 2035 vel
3203 1982 3428 2034 infectus
3452 1987 3709 2032 naturam
3731 1993 3822 2027 nui-

2262 2083 2409 2136 tavit.
2448 2082 2611 2134 Filius
2639 2094 2765 2145 ergo
2797 2077 2935 2143 ideo,
2972 2091 3087 2143 qttte
3117 2084 3237 2127 sunt
3270 2070 3414 2124 Patri
3465 2070 3666 2138 placita
3704 2068 3818 2129 facit,

2260 2175 2383 2245 quia
2413 2172 2674 2226 comraria
2715 2173 2887 2223 facere
2921 2167 3109 2220 nesrit.

2822 2260 3053 2316 CAPUT
3096 2257 3260 2311 XXII.

2346 2359 2527 2413 Solum
2557 2357 2759 2410 Patrem
2790 2356 2849 2409 ab
2881 2356 3119 2424 Apostolo
3145 2353 3385 2423 ofﬂa-citari
3407 2352 3761 2404 immortalem.

2333 2450 2388 2503 Si
2420 2450 2510 2501 tibi
2561 2450 2793 2502 dixerint
2838 2466 2848 2500 ε
2893 2448 2945 2501 In
2996 2446 3097 2498 hoc
3126 2446 3289 2499 Ftlius
3328 2444 3471 2497 Patri
3520 2458 3625 2496 non
3668 2454 3814 2511 potest

2262 2541 2547 2606 coa-quari,
2597 2539 2716 2607 quia
2762 2538 2932 2591 solunt
2966 2536 3177 2591 Patrem
3202 2537 3496 2603 Apostolus
3519 2535 3717 2588 asserit
3742 2536 3817 2585 im-

2267 2632 2564 2683 mortalem.

2334 2719 2642 2787 Responsio.
2696 2719 2889 2773 Filium
2924 2718 3216 2773 secundum
3260 2715 3603 2770 divinitatem
3634 2716 3817 2769 immor-

2266 2810 2422 2863 talem
2455 2825 2667 2878 st-mper
2697 2809 2878 2873 fuisse,
2909 2812 2990 2863 vel
3023 2826 3162 2874 esse,
3213 2808 3392 2860 divina
3429 2808 3630 2875 ubique
3658 2817 3819 2859 testam

2260 2909 2351 2954 tur
2380 2902 2607 2968 eloquia.
2664 2902 2949 2956 Salomone
3005 2902 3230 2969 idipsutn
3280 2900 3485 2954 clarius
3513 2899 3817 2952 afﬁrmante:

2266 2992 2642 3048 Immortalitas
2674 3004 2753 3047 est
2782 2996 2831 3047 in
2864 2995 3184 3062 cogitatimc
3215 2994 3504 3060 sapientia,
3528 3002 3585 3045 et
3607 2992 3817 3045 amiciti:

2268 3086 2409 3138 illits
2436 3085 2719 3141 delectatio
2743 3089 2876 3139 bona
2904 3087 3056 3157 (Sap.
3077 3102 3183 3149 vui,
3215 3087 3323 3151 l7).
3359 3084 3495 3137 ltem
3524 3085 3624 3139 ibi:
3656 3086 3703 3137 In
3723 3098 3822 3149 ofe-

586 3180 805 3246 Christi,
834 3177 975 3248 quod
1001 3172 1366 3229 absconditum
1398 3170 1493 3223 fuit
1524 3187 1550 3221 a
1597 3168 1805 3221 Sterulis
1833 3177 1883 3219 ct
1914 3166 1963 3218 in
1994 3179 2151 3232 gene-

2270 3177 2409 3230 ribus
2443 3194 2694 3231 manntttn
2724 3181 2997 3247 sapientim
3036 3181 3285 3231 honestas
3312 3179 3431 3231 sine
3452 3178 3761 3235 defectione.
3779 3186 3819 3226 et

578 3271 879 3326 rationibus
904 3265 1039 3337 (Col.
1066 3280 1103 3328 ι,
1134 3262 1245 3332 15).
1277 3262 1403 3315 Item
1433 3260 1500 3312 ibi
1531 3278 1542 3311 :
1571 3258 1638 3312 Ut
1658 3256 1967 3311 consoletur
2001 3253 2161 3308 corda

586 3377 772 3417 eorum
820 3361 871 3413 in
904 3342 1166 3419 caritate,
1208 3353 1258 3404 itt
1291 3366 1476 3404 omnes
1516 3348 1724 3403 divitias
1765 3343 2163 3412 adimpletionis

588 3453 907 3513 intellectus,
928 3449 980 3501 in
1000 3445 1321 3515 agnitionem
1354 3438 1587 3510 mysterii
1612 3438 1723 3502 Dei,
1742 3434 1881 3505 quod
1911 3444 1989 3487 est
2010 3431 2163 3487 Chri-

584 3556 725 3610 stus,
755 3544 810 3598 in
835 3557 937 3611 quo
964 3548 1083 3593 sunt
1113 3549 1296 3589 omnes
1336 3532 1570 3585 thesauri
1601 3526 1872 3596 sapientia).
1906 3535 1955 3577 et
1993 3524 2163 3577 scien-

590 3636 675 3689 tiu:
698 3631 993 3687 absconditi
1021 3629 1156 3699 (Col.
1189 3642 1247 3692 tt,
1267 3627 1343 3693 ‘2).
1379 3624 1442 3677 Et
1466 3625 1515 3676 in
1540 3620 1745 3692 psalmo
1773 3614 2164 3685 septuagesimo

594 3736 743 3781 sexto
774 3724 948 3794 (I’ers.
977 3720 1070 3788 20)
1106 3737 1122 3775 :
1158 3719 1212 3772 In
1238 3718 1366 3771 mari
1401 3717 1482 3767 via
1519 3724 1628 3777 tua,
1668 3718 1722 3764 et
1750 3709 1952 3763 semita:
1981 3715 2083 3759 tua:
2111 3704 2161 3756 in

592 3815 745 3887 aquis
768 3814 965 3876 mult's,
998 3821 1050 3865 et
1082 3810 1301 3878 vestigia
1325 3818 1412 3861 tua
1442 3820 1545 3858 non
1573 3807 1977 3870 cognoscentur.
2016 3795 2079 3848 Et
2111 3795 2160 3847 in

594 3884 879 3962 salomone
905 3917 919 3955 :
948 3899 1275 3967 Sapientiam
1303 3898 1393 3951 Dei
1421 3891 1811 3963 prcecedentem
1844 3886 2017 3941 omnia
2046 3884 2163 3953 quis

590 3992 926 4061 inveSIigavit
959 3987 1148 4061 (Ecrli.
1182 4004 1218 4053 ι,
1252 3988 1343 4052 5)?
1373 3985 1500 4039 Item
1533 3982 1604 4035 ibi
1645 3998 1656 4031 :
1684 3976 1852 4032 Radix
1890 3975 2162 4044 sapien‘ia:

590 4087 673 4141 cui
706 4084 934 4139 revelata
960 4090 1058 4146 est,
1078 4089 1132 4133 et
1156 4078 1377 4132 astutias
1404 4074 1543 4128 illius
1561 4071 1678 4142 quis
1704 4067 1949 4137 cognovit
1972 4064 2161 4135 (lbid.,

591 4179 687 4249 6)?
734 4177 866 4232 ltem
908 4175 1015 4230 ibi:
1051 4170 1334 4240 Disciplina
1384 4164 1657 4233 sapientiae
1702 4161 1785 4216 cui
1830 4158 2161 4214 manifestata

592 4282 695 4331 εει,
744 4276 800 4323 ct
828 4264 1319 4335 multiplicationem
1352 4262 1621 4327 ingressus
1666 4256 1809 4309 illius
1839 4253 1958 4323 quis
2002 4250 2161 4305 intel-

594 4361 723 4414 lexit
759 4356 947 4427 (lbid.,
978 4356 1071 4422 7)?
1114 4354 1242 4407 ltem
1286 4352 1399 4405 ibi:
1435 4351 1693 4416 Quoniam
1743 4344 2003 4399 mirabilia
2044 4350 2167 4395 sunt

595 4466 754 4521 opera
773 4448 981 4503 Domini
1007 4446 1193 4511 solius,
1220 4454 1271 4498 et
1292 4444 1520 4511 gloriosa
1548 4449 1601 4493 rt
1623 4441 1906 4504 absconsa,
1930 4448 1982 4490 ct
2004 4450 2163 4500 opera

2269 3272 2319 3323 in
2358 3274 2660 3326 certamine
2692 3288 3001 3326 sermonum
3051 3272 3163 3340 ejus
3207 3272 3616 3335 immortalitas,
3665 3280 3713 3322 et
3740 3270 3820 3319 vita

2269 3370 2489 3426 :cterna,
2538 3362 2587 3413 in
2639 3364 3118 3415 eotnntnniratione
3167 3362 3457 3416 verborum
3492 3364 3614 3429 ejus
3638 3361 3821 3414 claritas

2276 3465 2529 3523 perpetua
2559 3454 2743 3522 (Ibid,
2796 3456 2904 3524 18).
2959 3456 3024 3509 Et
3064 3456 3349 3522 Apostolus
3378 3472 3389 3505 :
3418 3453 3590 3507 Vivus
3638 3462 3713 3506 est
3749 3449 3820 3502 Dei

2268 3559 2447 3599 sermo
2470 3557 2520 3599 et
2537 3548 2743 3611 ρῐιιρςικ,
2768 3558 2819 3600 et
2835 3550 3037 3600 acutior
3054 3547 3195 3600 omni
3219 3545 3398 3615 gladio
3417 3547 3641 3615 ancipiti
3661 3544 3818 3615 (ﬂeor.

2274 3656 2350 3705 tv,
2390 3640 2501 3709 1‘2).
2558 3641 2619 3692 Et
2651 3643 2699 3693 in
2738 3641 2954 3694 Actibus
3000 3640 3363 3708 apostolorum
3406 3655 3421 3692 :
3460 3640 3825 3709 Annuntiamns

2264 3733 2437 3796 vobis,
2472 3724 2522 3783 ut
2565 3734 2629 3785 ab
2661 3734 2822 3802 382
2853 3733 2917 3786 iis
2965 3732 3113 3785 vanis
3155 3731 3551 3784 convertamini
3581 3730 3644 3783 ad
3685 3729 3823 3781 Deum

2268 3821 2463 3884 vivum,
2498 3822 2585 3889 qui
2636 3821 2755 3875 feeit
2783 3822 2976 3874 coelum
3028 3831 3081 3874 et
3127 3831 3344 3884 terram,
3393 3835 3546 3874 mare
3589 3828 3643 3874 et
3666 3818 3825 3871 omnia

2266 3928 2382 3981 qua:
2414 3914 2465 3965 in
2503 3914 2582 3965 eis
2605 3924 2725 3965 sunt
2757 3914 2892 3981 (Act.
2930 3928 3036 3976 xiv,
3074 3913 3181 3980 14).
3217 3912 3280 3965 Et
3311 3912 3362 3963 in
3397 3910 3825 3966 Deuteronomio:

2268 4004 2398 4059 Vivo
2424 4019 2543 4073 ego,
2573 4005 2703 4057 dicit
2732 4004 3010 4068 Dominus,
3032 4003 3160 4072 quia
3190 4002 3394 4056 extollo
3424 4003 3476 4055 in
3519 4001 3705 4055 coelum
3732 4013 3825 4049 nta-

2269 4110 2393 4147 num
2427 4109 2621 4158 meam,
2654 4096 2843 4164 jurabo
2878 4110 2971 4164 per
3008 4095 3281 4148 dexteram
3322 4108 3527 4155 meam,
3558 4104 3610 4145 et
3637 4092 3826 4144 ditant:

2271 4186 2401 4239 Vivo
2430 4201 2528 4255 ego
2560 4188 2610 4239 in
2642 4197 2919 4250 mternum,
2955 4189 3079 4256 quia
3108 4201 3311 4240 exacuo
3354 4186 3505 4238 velut
3533 4186 3704 4252 fulgur
3730 4184 3828 4250 gia-

2266 4276 2410 4329 dium
2442 4292 2652 4341 meum;
2683 4288 2735 4331 et
2764 4277 3290 4347 detinebitjndicium
3321 4291 3516 4329 manus
3544 4291 3675 4340 mea,
3695 4286 3829 4326 etes

2267 4367 2351 4435 qui
2385 4366 2612 4421 oderunt
2643 4383 2726 4422 me
2768 4369 2984 4423 reddam
3017 4367 3195 4440 (Dent.
3224 4372 3392 4432 xxiii,
3426 4368 3539 4437 40).
3586 4367 3685 4434 Qui
3716 4378 3824 4417 vero

2269 4468 2498 4510 :eternus
2528 4470 2578 4511 et
2611 4458 2925 4513 immortalis
2950 4460 3145 4513 divinis
3171 4460 3387 4513 Litteris
3418 4460 3717 4519 intimatur,
3746 4458 3831 4508 rai-

596 4543 737 4598 il«ius
764 4539 935 4593 invisa
965 4534 1211 4590 omnibus
1237 4531 1425 4601 (Eccli.
1460 4546 1532 4592 χι,
1557 4529 1631 4598 4).
1680 4529 1816 4590 Ecce
1841 4528 1978 4581 sicut
2009 4526 2156 4580 Patet

2274 4550 2416 4602 turris
2442 4564 2471 4602 a
2504 4548 2660 4603 Patre
2686 4551 2993 4604 substantia:
3026 4566 3127 4603 non
3160 4550 3257 4603 nisi
3284 4549 3351 4603 ab
3383 4547 3704 4603 Arianorum
3730 4561 3835 4613 per-

596 4629 876 4687 invisibilis
898 4637 997 4693 est,
1024 4628 1095 4682 ita
1118 4625 1278 4681 etiam
1304 4632 1357 4677 et
1380 4621 1545 4675 Filius
1567 4619 1852 4673 invenitur.
1886 4617 2163 4684 Quomodo

596 4744 626 4781 a
652 4724 824 4789 vobis,
864 4724 916 4777 in
946 4738 1009 4777 eo
1039 4721 1181 4790 quod
1228 4735 1322 4788 pro
1364 4716 1517 4771 nobis
1565 4711 1849 4766 carnaliter
1895 4725 1954 4764 se
1996 4709 2164 4762 videri

596 4821 841 4889 dignatus
871 4827 972 4879 ρει,
1005 4817 1159 4870 Patre
1188 4813 1409 4869 inferior
1434 4806 1747 4881 judicatur?

1175 4923 1400 4980 CAPUT
1440 4921 1577 4977 XXI.

599 5044 706 5113 Ego
735 5058 857 5111 quar
869 5050 985 5093 sunt
1013 5040 1057 5090 ei
1087 5037 1272 5106 placita
1300 5035 1433 5104 facio
1465 5048 1677 5100 semper,
1714 5030 1963 5099 quomodo
1987 5028 2164 5081 decla-

1297 5117 1451 5158 retur.

662 5231 719 5287 Si
756 5229 847 5284 tibi
882 5225 1177 5295 objecerint
1218 5221 1358 5293 quod
1401 5222 1567 5276 Filios
1609 5221 1676 5276 de
1730 5220 1887 5273 Patre
1927 5217 2160 5273 dixerit:

592 5324 704 5393 Ego
725 5335 841 5390 quae
864 5326 987 5373 sunt
1015 5316 1062 5369 ei
1087 5314 1275 5383 placita
1307 5312 1440 5367 facio
1465 5327 1675 5380 semper
1697 5308 1877 5377 (Joan.
1904 5323 2020 5375 vnt,
2045 5307 2160 5373 29).

661 5416 819 5486 381
851 5409 1151 5481 Responsio.
1200 5407 1253 5462 Si
1288 5406 1355 5460 ad
1398 5405 1710 5475 obsequium
1739 5402 1853 5456 Filii
1885 5402 2161 5456 volueritis

591 5506 854 5575 redigere,
884 5517 989 5572 quo
1019 5500 1208 5555 dicatis
1236 5513 1358 5552 eum
1382 5497 1523 5551 Patri
1564 5509 1684 5549 esse
1725 5493 2044 5562 subjectum,
2085 5494 2165 5546 ni-

595 5600 879 5651 hilominus
908 5594 1059 5649 etde
1085 5592 1239 5646 Patre
1279 5588 1453 5643 simile
1492 5586 1742 5656 profertis
1775 5584 2030 5653 judicium
2076 5583 2165 5652 qui

597 5692 646 5740 itt
677 5689 960 5755 Scripturis
1001 5684 1199 5739 sanctis
1244 5683 1375 5735 Filio
1410 5683 1570 5733 etiam
1615 5681 1712 5731 hoc
1746 5678 1904 5731 modo
1945 5678 2167 5731 docetur

596 5781 883 5844 prrhttisse
912 5778 1242 5844 obsequium,
1307 5775 1434 5827 Isaia
1477 5772 1729 5842 propheta
1761 5770 1967 5824 dicente
1999 5788 2007 5820 :
2042 5771 2161 5824 llaec

2278 4637 2396 4690 lidia
2423 4638 2707 4706 iudicatur.

2839 4708 2876 4761 C
2897 4709 3059 4763 \PUT
3098 4708 3281 4763 XXIII.

2279 4796 2564 4852 Psalntislw
2592 4799 2732 4851 lorus
2758 4799 3049 4852 declaratur
3072 4816 3089 4853 :
3112 4799 3355 4861 Dominus
3378 4800 3506 4868 regit
3528 4814 3622 4862 me,
3654 4809 3700 4848 ct
3727 4792 3840 4847 nihil

2898 4871 3018 4922 mihi
3051 4872 3224 4923 deerit.

2347 4959 2403 5014 Si
2436 4960 2525 5013 tibi
2558 4959 2788 5012 dixerint
2837 4961 2957 5029 quia
2990 4960 3243 5028 propheta
3283 4957 3336 5010 in
3390 4971 3614 5025 persona
3645 4953 3839 5008 Christi

2272 5048 2503 5103 dixerit:
2552 5049 2804 5104 Dominus
2848 5060 2993 5117 reget
3036 5064 3141 5115 me,
3196 5049 3314 5102 ideo
3359 5048 3538 5101 minor
3581 5059 3663 5101 est
3699 5047 3846 5098 Patre

2273 5136 2442 5210 (Psal.
2475 5154 2602 5203 χχιι,
2635 5141 2697 5209 t).

2344 5228 2646 5298 Responsio.
2670 5228 2818 5295 Quod
2847 5244 2874 5280 a
2900 5229 3188 5297 semetipso
3211 5236 3427 5297 regatur
3454 5227 3645 5291 Filius,
3670 5239 3729 5282 et
3751 5243 3848 5281 non

2270 5318 2336 5371 ab
2365 5319 2489 5384 alio,
2547 5318 2817 5372 Micbream
2862 5318 2982 5372 audi
3020 5317 3357 5388 prophetam,
3402 5332 3496 5386 per
3520 5333 3680 5386 quem
3716 5318 3850 5369 Deus

2276 5406 2433 5460 Pater
2458 5408 2596 5461 unici
2640 5408 2718 5461 sui
2754 5408 3040 5476 potentiam
3069 5408 3159 5461 tali
3206 5406 3455 5476 dignatus
3484 5416 3568 5461 est
3613 5407 3855 5474 promri-

2274 5509 2399 5564 gare
2429 5498 2690 5550 sententia
2718 5513 2731 5548 :
2779 5497 2842 5549 Et
2869 5506 2945 5560 tu,
2981 5496 3274 5560 Bethleem,
3307 5505 3445 5549 terra
3469 5496 3625 5557 Juda,
3652 5496 3849 5563 inqvit,

2276 5604 2607 5657 nequaquam
2640 5590 2857 5642 minima
2887 5604 2945 5643 es
2977 5590 3025 5641 itt
3061 5588 3291 5641 millibus
3321 5588 3493 5641 Juda:
3525 5603 3586 5641 ex
3621 5596 3676 5639 te
3710 5586 3857 5637 enim

2276 5682 2485 5746 [il‘tltllt'l
2517 5682 2627 5733 liex
2662 5680 2749 5749 qui
2783 5690 2931 5749 regat
2959 5679 3204 5748 populum
3239 5696 3409 5732 meum
3446 5677 3608 5731 Israel
3654 5676 3856 5745 (Mira.

2274 5786 2326 5837 ν,
2356 5772 2430 5835 2’).
2490 5772 2549 5823 Iit
2596 5771 2645 5822 in
2682 5771 2995 5839 Apocalypsi
3044 5787 3053 5819 ε
3098 5770 3276 5837 Agnus
3320 5769 3405 5836 qui
3454 5768 3616 5820 estin
3669 5768 3863 5820 medio
