3938 6376
85 415 176 470 559

1179 419 1448 476 CONTRA
1495 424 1898 486 \‘ARIMADUM
1940 411 2064 490 un.
2103 438 2140 494 t.

3208 462 3312 516 370

102 528 239 580 llroni
267 535 416 596 reget
443 541 557 593 cOS,
605 535 660 582 et
686 527 935 584 ducatum
979 531 1079 585 illis
1129 535 1383 600 prarbebit
1414 539 1477 590 ad
1510 540 1630 591 vitae
1661 527 2054 618 A‘Ipotcstatcm
2085 552 2218 607 banc
2247 557 2569 624 universam.
2599 570 2651 617 et
2674 563 2892 633 gloriam
2926 534 3154 635 illortim,
3189 575 3309 640 quia

131 627 231 640 -n-..
256 632 505 640 __..-_.....
544 617 559 640 Ι
586 619 705 640 1----
768 635 837 640 ---_
902 621 983 640 l!\
1063 623 1120 640 τ’.
1165 625 1176 636 ο
1260 626 1311 640 ιιι
1425 629 1472 640 ι.
1543 632 1554 640 .
1802 635 1835 640 ,μ
1860 639 1868 640 ,

82 617 234 670 fontes
255 632 508 686 aquarum
542 617 724 688 (Apoc.
768 635 862 684 vu,
899 621 1008 690 17).
1063 623 1126 677 Et
1164 625 1216 678 in
1259 626 1394 681 libro
1425 629 1633 683 Marha-

83 707 294 758 ba-orum
327 705 480 775 :lpse
523 706 680 762 Pater
722 717 922 777 noster,
971 711 1083 780 ipse
1114 711 1224 768 Rex
1268 728 1466 786 noster,
1522 719 1633 787 ipse

79 803 207 860 περι
233 807 330 847 nos
359 794 409 846 in
450 795 669 849 saecula.
721 795 1030 867 Flagellavit
1080 802 1220 856 enim
1267 819 1364 858 nos
1415 818 1633 876 propter

78 880 361 949 iniquitates
405 891 644 948 nostras,
695 884 788 938 sed
835 887 1024 941 iterum
1076 889 1414 945 miserebitur
1462 897 1629 950 nostri

78 973 151 1045 (ΙΙ
185 963 356 1029 Μασλ.
393 991 485 1041 vn,
518 975 630 1044 32).
683 976 751 1031 Et
779 978 830 1032 in
863 980 1066 1047 psalmo
1112 983 1516 1054 quadragesimo
1545 1002 1629 1043 se-

79 1067 224 1131 [timo
259 1065 434 1133 (Vers.
471 1067 561 1135 15)
588 1085 602 1120 :
647 1067 740 1122 Hic
769 1078 853 1124 est
885 1069 1024 1125 Deus
1055 1081 1235 1127 noster
1265 1075 1315 1128 in
1345 1084 1625 1141 a‘ternum,

74 1170 114 1209 et
145 1157 189 1208 in
214 1157 467 1210 szcculum
501 1158 701 1222 sgcculi,
737 1167 790 1212 et
819 1161 930 1230 ipse
952 1171 1100 1230 reget
1125 1178 1221 1218 nos
1250 1164 1301 1218 in
1321 1168 1536 1222 saecula.
1566 1169 1630 1222 Et

74 1248 114 1297 in
145 1234 394 1314 vigeSitno
419 1249 646 1316 Srplimo
673 1248 847 1318 (Vers.
881 1251 936 1319 9)
971 1269 984 1304 :
1017 1253 1158 1322 Rege
1189 1270 1302 1324 eos,
1350 1267 1404 1312 et
1433 1261 1628 1316 exlo'le

72 1337 115 1388 ill
151 1352 176 1390 s
197 1352 367 1404 usque
391 1337 440 1390 in
469 1339 742 1393 sacculum.
776 1339 829 1396 Si
861 1343 1000 1396 enim
1034 1343 1218 1412 Filius,
1249 1356 1304 1400 ut
1332 1349 1430 1415 ipsi
1456 1351 1626 1418 ςυςιιί-

70 1425 264 1486 camini,
295 1440 323 1478 a
354 1428 643 1494 semetipso
671 1444 774 1482 non
797 1431 1015 1500 regitur,
1049 1433 1240 1489 frustra
1268 1436 1378 1492 Rex
1409 1439 1622 1505 dicitur,

69 1518 136 1566 vel
169 1515 326 1585 Regis
358 1516 519 1571 Filius
545 1521 839 1589 appellatur
867 1540 880 1576 :
904 1527 1153 1592 quoniam
1178 1542 1367 1583 nomen
1398 1529 1552 1600 Regis
1574 1543 1626 1586 et

67 1608 320 1675 dignilat's
351 1626 452 1662 non
486 1611 583 1664 nisi
616 1627 644 1664 a
676 1615 912 1682 regendo
945 1616 1078 1671 alios
1108 1621 1502 1687 comprobatur.

611 1702 834 1760 CAPUT
879 1707 1068 1763 XXIV.

70 1791 303 1846 Minorem
346 1793 553 1874 Patren:
585 1795 721 1874 _Filio
756 1803 1176 1865 quemadmodum
1221 1805 1392 1859 dicant
1421 1809 1616 1874 Ariani,

126 1878 183 1913 et
213 1880 271 1916 eo
308 1867 442 1932 quod
476 1864 704 1920 Christus
735 1864 929 1922 tantum
959 1873 1022 1924 sit
1052 1890 1082 1924 a
1112 1875 1318 1928 diabolo
1345 1878 1394 1929 5n
1428 1864 1619 1932 deserto

125 1942 357 1987 tentatus.
568 1949 570 1952 ’

123 2034 276 2104 383
310 2035 364 2092 Si
397 2037 487 2090 tibi
516 2037 744 2094 dixerint
769 2057 781 2094 :
807 2040 931 2096 Ideo
952 2042 1092 2097 Patri
1117 2045 1278 2099 Filius
1309 2063 1412 2102 non
1442 2065 1618 2119 {equa-

61 2132 89 2174 tt
112 2139 155 2189 r,
185 2127 306 2193 quia
339 2127 450 2195 ipse
478 2129 624 2186 solus
653 2140 733 2184 est
757 2146 784 2184 a
809 2131 1020 2187 diabolo
1049 2133 1100 2187 in
1123 2136 1334 2190 deserto
1365 2147 1614 2196 tentatus.

123 2215 417 2284 Responsio.
450 2217 564 2272 Non
593 2221 732 2275 enim
777 2223 1027 2279 divinitas
1054 2226 1170 2281 Filii
1199 2229 1476 2286 diabolica:
1502 2244 1616 2288 ten-

58 2307 228 2360 talioni
262 2310 542 2378 subiacuit,
565 2314 655 2367 sed
676 2313 726 2367 in
753 2317 862 2369 sola
889 2333 1049 2372 carne
1082 2329 1310 2374 tentatus
1330 2334 1430 2386 est,
1457 2342 1613 2393 quam

54 2401 112 2449 tle
135 2400 362 2468 Virginis
390 2414 541 2458 utero
565 2405 844 2474 dignanter
865 2412 1174 2480 assumpsit,
1203 2415 1458 2481 Apostolo
1485 2427 1618 2473 atte-

50 2497 216 2542 stante
245 2509 256 2541 :
293 2491 344 2543 In
376 2507 441 2546 eo
470 2495 608 2562 quod
652 2512 838 2562 passus
867 2509 948 2554 est
979 2501 1230 2556 obediens
1273 2503 1462 2568 factus,
1504 2515 1618 2561 ten-

53 2589 181 2632 tatus
213 2592 297 2635 est
322 2599 332 2633 :
361 2577 480 2637 nam
514 2596 701 2653 potens
742 2599 824 2643 cst
863 2592 960 2655 eis,
1002 2594 1086 2659 qui
1131 2603 1418 2661 tentantur,
1469 2600 1618 2654 auxi-

51 2668 156 2723 liari
192 2671 378 2738 (Ilebr.
411 2690 470 2740 lt,
525 2676 636 2738 l8).
690 2679 815 2733 Nam
847 2695 965 2736 cum
1000 2682 1074 2737 illi
1107 2693 1337 2740 tentatur
1378 2688 1615 2744 diabolus

48 2759 123 2811 die
161 2771 244 2814 ret
270 2779 283 2816 :
308 2765 458 2819 mitte
491 2775 540 2822 te
570 2766 838 2835 deorsum,
895 2772 963 2828 ita
997 2789 1117 2828 eum
1146 2779 1310 2831 semel
1341 2789 1392 2832 et
1424 2780 1612 2834 iterum

49 2847 248 2916 ﬂagello
277 2868 387 2906 suae
421 2861 783 2925 responsionis
811 2866 1064 2929 coercuit,
1098 2867 1279 2922 dicens
1305 2887 1316 2922 :
1341 2870 1453 2925 Non
1490 2881 1610 2928 ten-

50 2939 174 2991 tabis
223 2943 502 3000 Dominum
543 2948 705 3002 Deum
737 2959 882 3006 tuum
927 2972 940 3009 :
977 2965 1060 3024 et,
1117 2958 1395 3014 Dominum
1445 2963 1608 3018 Deum

49 3031 310 3100 adorabis,
342 3047 396 3093 et
423 3039 493 3093 il'i
525 3042 620 3095 soli
650 3046 850 3100 servies
879 3047 1093 3116 (Matth.
1129 3067 1199 3117 tr,
1228 3052 1304 3116 7).
1340 3055 1470 3110 lliuc
1505 3073 1607 3112 non

47 3126 251 3196 ambigo
278 3139 329 3182 et
357 3129 608 3186 lactibum
652 3135 847 3191 dixTSSe
877 3139 1189 3208 Apostolutn
1218 3162 1228 3195 :
1258 3145 1393 3199 Deus
1432 3158 1604 3202 autem

47 3216 327 3274 intentator
356 3223 613 3280 ludorum
642 3239 724 3282 est
749 3230 884 3296 (Jac.
912 3247 950 3296 ι,
980 3234 1088 3302 15).
1118 3235 1183 3288 Et
1211 3238 1261 3288 in
1289 3239 1600 3307 Evangelio:

1742 635 1871 689 mihi
1905 640 2096 694 tradita
2129 655 2275 712 sunt,
2325 656 2380 702 et
2407 651 2490 704 cui
2520 653 2739 708 voluero
2767 655 2836 709 do
2873 658 2958 711 illa
2987 678 2998 711 :
3028 669 3082 713 tu
3113 677 3240 730 ergo
3266 666 3308 716 si

1739 727 2050 785 adoraveris
2077 747 2256 790 coram
2291 755 2399 804 me,
2450 755 2605 799 erunt
2653 755 2740 800 tua
2786 752 2983 804 omnia.
3019 751 3309 821 Respondit

1737 817 1912 884 Jesus,
1943 830 1998 876 et
2043 823 2176 880 dixit
2218 829 2292 883 illi
2319 848 2331 882 :
2358 831 2623 903 Scriptum
2657 847 2758 906 est,
2813 841 3092 898 Dominum
3131 817 3308 900 Deum

1739 915 1883 962 tuum
1907 911 2170 980 adorabis,
2212 927 2266 972 et
2295 920 2366 972 illi
2398 923 2496 976 soli
2524 926 2722 980 servies
2750 927 2958 998 (Matth.
2986 947 3057 997 tv,
3095 934 3206 1000 10).
3242 935 3308 989 Et

1737 1014 1948 1054 rursum
1979 1002 2046 1057 de
2073 1004 2300 1073 leprosis
2330 1012 2594 1069 mundatis
2640 1016 2769 1071 dicit
2797 1035 2810 1073 :
2845 1019 2994 1076 Unus
3041 1031 3215 1077 autem
3239 1040 3304 1078 ex

1733 1086 1856 1153 illis,
1909 1103 1958 1144 ut
2004 1093 2134 1150 vidit
2161 1098 2280 1166 quia
2327 1102 2610 1158 mundatus
2653 1118 2754 1173 (δ’,
2803 1125 3052 1168 reversus
3077 1124 3156 1168 est
3185 1131 3304 1169 cum

1733 1193 1922 1246 magna
1958 1197 2084 1238 voce
2113 1187 2461 1256 magniﬁcans
2493 1192 2681 1256 Deum.
2722 1206 2775 1251 et
2818 1201 3008 1254 cecidit
3044 1204 3109 1270 ad
3143 1207 3306 1272 pedes

1732 1269 1869 1337 ejus,
1900 1274 2096 1340 gratias
2115 1292 2298 1347 agens,
2328 1289 2380 1333 et
2411 1280 2492 1334 hic
2515 1293 2628 1338 erat
2653 1285 3039 1346 Samaritanus.
3065 1269 3295 1364 Respon-

1732 1359 1863 1414 dens
1887 1372 2061 1418 autem
2089 1366 2264 1434 Jesus,
2288 1368 2420 1423 dixit
2445 1369 2659 1428 :Nonne
2684 1375 2868 1431 dcctm
2893 1381 3126 1436 mundati
3151 1395 3301 1437 sunt:

1732 1463 1922 1505 novem
1953 1453 2038 1507 ubi
2068 1459 2228 1510 sunt?
2258 1459 2372 1514 Non
2404 1471 2484 1515 est
2515 1463 2759 1521 inventus
2788 1483 2852 1522 ex
2885 1470 2987 1525 illis
3029 1474 3117 1541 qui
3154 1475 3298 1529 redi-
3331 1504 3336 1508 -

1730 1553 1812 1598 ret
1839 1555 1891 1598 et
1923 1546 2072 1608 daret
2108 1550 2331 1619 gloriam
2379 1556 2508 1620 Deo,
2548 1558 2648 1612 nisi
2692 1560 2777 1614 hic
2825 1563 3116 1634 alienigena
3146 1567 3297 1639 (Luc.

1729 1650 1855 1699 xvu,
1893 1638 2008 1706 15)?
2059 1643 2192 1697 Ecce
2224 1647 2308 1700 ubi
2339 1651 2568 1718 s--'psum
2604 1653 2765 1708 Deum
2801 1653 2889 1710 Dei
2939 1658 3101 1712 Fil‘us
3125 1638 3298 1716 nomi-

1729 1729 1896 1795 navit,
1929 1733 2013 1786 cui
2049 1733 2158 1788 Deo
2188 1739 2228 1789 is
2257 1741 2341 1805 qui
2376 1743 2654 1800 mundatus
2680 1755 2760 1800 est
2789 1750 2984 1816 gratias
3015 1755 3194 1808 retulit
3217 1771 3299 1810 re-

1728 1827 1962 1876 vertens.
2013 1824 2071 1877 Et
2107 1827 2297 1882 iterum
2327 1850 2338 1882 :
2368 1833 2490 1886 Erat
2516 1835 2726 1903 quidam
2771 1839 2928 1893 homo
2972 1843 3022 1896 iu
3071 1847 3296 1913 quadam

2534 1893 2545 1903 ,
2972 1893 3020 1896 ρ
3075 1893 3296 1913 Ἱππ...

1656 1914 1696 1971 Β
1725 1912 1960 1982 civitate,
1995 1919 2082 1983 qui
2117 1919 2279 1974 Deum
2310 1938 2412 1976 non
2446 1926 2686 1995 timebat,
2721 1946 2816 1985 nec
2849 1933 3116 1990 hominem
3145 1953 3296 1994 reve-

1726 2002 2010 2060 rebatur...
2049 2008 2217 2063 Vidua
2244 2015 2485 2080 qumdam
2527 2029 2640 2072 erat
2681 2021 2733 2075 iu
2785 2023 2870 2076 illa
2901 2025 3132 2094 civitate,
3178 2047 3295 2101 qua:

1723 2097 1962 2164 quotidie
2001 2103 2242 2157 veniebat
2284 2107 2348 2159 ad
2391 2124 2543 2166 eum.
2591 2113 2774 2169 dicens
2811 2135 2822 2168 :
2869 2117 3084 2176 Vindica
3119 2139 3202 2178 me
3228 2127 3294 2179 ab

1722 2187 2030 2245 adversario
2056 2210 2194 2252 meo.
2247 2207 2300 2251 et
2331 2201 2541 2256 noli-hat
2589 2221 2686 2273 per
2711 2210 2930 2262 multum
2963 2221 3169 2280 tempus
3201 2236 3210 2266 :
3241 2217 3292 2270 in

1722 2293 1781 2333 se
1803 2291 1982 2336 autem
2011 2301 2256 2341 reversus
2280 2291 2414 2346 dixit
2441 2312 2450 2343 :
2483 2294 2544 2347 Et
2572 2297 2615 2350 si
2649 2298 2810 2353 Deum
2844 2317 2946 2355 non
2977 2305 3157 2371 timeo,
3195 2324 3292 2362 nec

1723 2372 1992 2426 hominem
2023 2392 2293 2448 revereor,
2316 2388 2628 2456 tamenquia
2649 2393 2869 2446 molesta
2893 2406 2969 2449 est
2990 2399 3116 2451 mihi
3142 2403 3291 2458 valde

1724 2460 1855 2529 lucc,
1875 2465 2153 2522 vindicabo
2169 2471 2310 2525 illam
2335 2491 2398 2528 ne
2425 2478 2472 2528 in
2491 2480 2779 2535 novissimo
2807 2488 3022 2540 veniens
3044 2493 3289 2560 suggillet

1723 2568 1828 2608 me.
1881 2556 2227 2625 ReSpondens
2271 2576 2443 2619 autem
2485 2570 2663 2632 Jesus,
2706 2573 2872 2629 dixit:
2905 2556 3288 2650 Audistis'quid

1715 2645 1877 2713 judex
1910 2648 2204 2718 iniquitatis
2232 2656 2398 2711 dicit?
2443 2661 2580 2716 Deus
2609 2675 2782 2720 autem
2837 2686 2938 2721 non
2986 2672 3134 2727 fciet
3170 2645 3286 2728 vin—

1719 2737 1912 2793 dictam
1959 2756 2232 2799 servorum
2274 2764 2490 2805 suorum
2535 2755 2872 2813 clamant‘nm
2919 2763 2982 2814 ad
3032 2781 3088 2817 se
3115 2767 3201 2820 die
3228 2785 3287 2820 ac.

1719 2837 1893 2896 nocte,
1922 2842 1974 2884 et
2001 2835 2304 2901 patientiam
2337 2841 2547 2897 habebit
2576 2847 2625 2899 in
2673 2850 2807 2902 illis?
2855 2853 3021 2908 Anien
3048 2857 3167 2909 dico
3195 2874 3282 2908 vn-

1717 2917 1820 2979 bis,
1847 2922 1967 2988 quia
1998 2923 2156 2980 faciet
2184 2929 2467 2987 vindictam
2498 2952 2680 2992 eorum
2714 2942 2820 2994 cito
2848 2944 2998 3008 (Luc.
3028 2964 3170 3014 xvut,
3203 2949 3279 3019 ςὶ).

1717 3007 1840 3063 ideo
1869 3019 2034 3068 totum
2070 3026 2269 3073 textum
2301 3026 2564 3089 parabolte
2594 3029 2748 3098 hujus
2783 3036 3070 3105 posuimus,
3114 3050 3167 3092 ut
3198 3042 3278 3094 Fio

1713 3101 1839 3156 lium
1872 3105 1956 3159 ubi
1991 3123 2050 3162 se
2079 3110 2242 3167 Deum
2284 3119 2496 3186 proprie
2538 3126 2826 3180 nominarit
2873 3129 2939 3180 do
2973 3147 3062 3185 ere
3109 3133 3279 3200 possi~

1711 3207 1829 3246 mus
1854 3212 1864 3248 :
1893 3212 1996 3250 non
2025 3201 2165 3254 enim
2190 3216 2359 3271 potest
2383 3208 2544 3282 385
2569 3213 2706 3270 Patri
2737 3218 2847 3284 lucc
2870 3225 3127 3277 sententia
3151 3241 3278 3279 cou-

318 3313 330 3366 i
369 3323 486 3369 ntes
524 3318 588 3369 ad
617 3283 798 3369 Jesuin
843 3283 1092 3369 βιιᾷτξζρξιέ
1118 3283 1261 3369 1].};
1289 3283 1603 3369 ἦζᾷὶζὲἷέζὲέ
1633 3283 1677 3343 ε
1713 3285 1921 3349 νθηίτε·
1976 3293 2223 3358 mmmam
2277 3299 2327 3350 in
2376 3301 2633 3368 judicium
2689 3307 2850 3362 Filius
2896 3322 2975 3366 est
3025 3327 3276 3369 venturus

44 3308 182 3364 'l’unc
212 3313 330 3366 veni
369 3323 486 3370 ntes
523 3318 588 3371 ad
617 3319 798 3374 Jesum
843 3322 1092 3378 Phariszei
1137 3341 1257 3379 cum
1291 3329 1605 3388 Ilerodianis
1633 3308 1677 3343 ι’

41 3399 319 3458 dicebant:
347 3405 618 3474 Magister,
665 3409 860 3464 scimus
892 3414 1013 3481 quia
1046 3431 1204 3468 verax
1249 3432 1326 3480 es,
1378 3427 1432 3474 et
1466 3421 1601 3474 viam

41 3486 124 3543 Dei
157 3490 206 3543 in
246 3493 468 3548 visritate
507 3494 665 3550 doces
700 3513 712 3549 :
755 3514 858 3553 non
911 3503 1110 3571 accipis
1157 3519 1221 3571 pe
1254 3519 1463 3571 sonam,
1513 3520 1604 3564 aut

36 3589 150 3629 cura
185 3579 277 3633 tibi
317 3591 399 3635 est
428 3582 494 3634 de
541 3584 718 3653 aliquo

35 3664 245 3733 Caesari,
278 3687 342 3726 an
374 3673 513 3726 non?
544 3674 653 3729 Hoc
684 3685 861 3732 autem
889 3679 1159 3746 dicebant,
1189 3693 1456 3739 tentantes
1479 3702 1598 3740 eum

35 3766 84 3809 ιιι
114 3773 328 3826 possent
356 3779 609 3820 accusare
653 3784 771 3820 eum
801 3768 989 3837 (Marc.
1030 3787 1122 3836 xu,
1169 3775 1278 3843 li).
1325 3787 1428 3831 etc.
1473 3776 1599 3833 Cer-

31 3848 198 3917 nisne,
233 3852 522 3921 incredule,
555 3859 673 3925 quia
705 3860 747 3912 is
787 3861 1059 3915 tentationi
1094 3864 1372 3931 subiacuit,
1417 3868 1536 3936 quia
1568 3884 1597 3923 a

26 3933 218 3993 Jttdtnis
249 3941 503 4011 ﬂagellari
537 3962 639 3998 non
671 3948 889 4002 abnuit?

588 4043 813 4099 CAPUT
854 4047 1025 4103 XXV.

79 4124 282 4179 Filium
304 4140 484 4196 negant
511 4133 686 4184 Ariani
705 4151 756 4185 se
795 4137 996 4203 proprie
1039 4137 1197 4190 Deum
1228 4143 1530 4196 nominasse.

84 4226 144 4280 Si
177 4234 361 4279 autem
394 4228 619 4282 dixerint
649 4249 658 4280 :
693 4231 786 4286 L‘bi
838 4233 1066 4300 :eipsum
1113 4237 1279 4292 Filius
1311 4241 1398 4294 Dei
1430 4241 1592 4295 Deum

21 4315 234 4384 proprie
266 4318 639 4373 nominaverit.

86 4406 391 4472 Responsio.
425 4410 547 4465 Haec
595 4407 888 4482 propositio
921 4428 1094 4472 vestra
1127 4435 1283 4487 quam
1326 4423 1486 4476 stulta
1523 4426 1592 4479 sit

22 4502 66 4544 et
88 4511 245 4559 quam
275 4513 302 4550 a
331 4501 537 4562 ratione
587 4506 823 4560 veritatis
853 4509 1060 4578 longius
1107 4523 1376 4582 evagetur.
1425 4517 1586 4570 etiam

24 4587 260 4644 tardioris
284 4591 480 4660 ingenii
507 4594 749 4650 homines
777 4598 1074 4668 intelligunt
1105 4618 1165 4656 ac
1197 4605 1444 4659 refellunt
1473 4626 1482 4658 :
1512 4609 1581 4662 illi
1610 4638 1662 4695 υ

23 4677 212 4732 scilicet
258 4680 346 4749 qui
380 4681 468 4736 Dei
504 4683 689 4739 Filium
725 4688 885 4762 Deum
911 4690 1073 4760 385
1104 4707 1289 4747 verum
1311 4703 1364 4748 et
1397 4711 1578 4751 verum

25 4760 276 4821 hominem
308 4771 628 4826 conﬁtentur
652 4793 667 4830 :
692 4760 803 4831 Non
827 4781 967 4832 enim
992 4782 1111 4849 quia
1138 4798 1352 4838 carnem
1385 4787 1573 4854 induit,

25 4849 148 4907 Dens
172 4871 292 4910 esse
312 4847 498 4923 desiit,
528 4865 620 4916 sed
657 4866 706 4918 iu
737 4868 948 4923 homine
979 4887 1102 4924 vero
1128 4873 1268 4928 Deus
1296 4892 1452 4952 verus
1482 4894 1575 4944 ap-

24 4944 197 5010 paruit,
229 4944 436 5002 Joanne
467 4955 707 5017 apostolo
756 4966 1040 5011 attestante
1087 4978 1100 5011 :
1147 4961 1239 5015 llic
1287 4944 1385 5017 est.
1413 4981 1572 5019 verus

25 5019 144 5087 Deus
176 5045 228 5090 et
258 5038 366 5090 vita
395 5051 590 5094 mlcrua
623 5043 673 5110 (Ι
707 5043 862 5099 Joan.
893 5063 942 5110 ν,
974 5049 1085 5115 20).
1126 5050 1180 5104 Si
1212 5066 1337 5105 vero
1367 5053 1453 5106 ubi
1486 5071 1571 5110 se-

27 5117 179 5184 ipsum
221 5124 392 5180 Filius
429 5129 593 5182 Deum
641 5135 848 5200 proprie
900 5136 1270 5201 uotuiuavcrit,
1293 5139 1568 5198 desideras

24 5221 179 5275 nosse,
204 5220 518 5287 evangelito
547 5222 705 5275 verbo
733 5224 983 5278 condisce
1030 5244 1040 5277 :
1087 5227 1150 5280 lit
1178 5230 1395 5296 rogabat
1443 5246 1563 5286 eum

760 3603 772 3639 :
813 3587 937 3641 licet
979 3592 1129 3645 nobis
1179 3595 1428 3650 tributum
1474 3597 1603 3651 dare.
1688 3646 1694 3650 .

1709 3379 1928 3446 injurias
1955 3397 2226 3441 cervorum
2256 3404 2473 3446 suorum
2507 3398 2793 3454 vindicare.
2817 3403 3085 3460 Etiterum
3106 3408 3276 3463 Evan-

1707 3469 1892 3534 gelista
1917 3473 2080 3527 dicit:
2113 3477 2320 3534 Etcum
2355 3485 2687 3542 recubuisset
2715 3492 2927 3556 iterum,
2961 3497 3092 3551 dixit
3113 3501 3275 3556 disci-

1708 3559 1844 3626 pulis
1871 3565 1978 3614 suis
2005 3581 2017 3616 :
2044 3567 2205 3621 Scitis
2228 3572 2352 3636 quid
2387 3574 2602 3632 fecerim
2629 3582 2796 3648 vobis,
2844 3602 2936 3639 vos
2963 3604 3044 3641 me
3071 3594 3273 3649 vocatis

1707 3653 1956 3718 magister
1979 3664 2028 3708 et
2049 3656 2289 3725 Domine,
2311 3673 2364 3718 et
2388 3665 2522 3722 bene
2544 3670 2753 3729 dicitis:
2787 3692 2900 3731 sum
2927 3668 3065 3735 cnim
3090 3685 3269 3753 (Joan.

1706 3755 1817 3803 xut.
1853 3742 1962 3813 12).
1993 3746 2057 3802 Ει
2089 3750 2138 3802 in
2172 3751 2346 3808 Marco
2388 3762 2715 3828 respondens
2759 3767 2943 3835 .lcsns,
2992 3742 3123 3829 dixit
3151 3796 3163 3831 :
3191 3781 3269 3834 Ad

1701 3831 1948 3887 duritiam
1975 3840 2152 3894 cordis
2179 3846 2340 3898 vestri
2370 3851 2584 3919 scripsit
2613 3856 2762 3909 vobis
2793 3874 3111 3931 praceptum
3141 3868 3266 3923 illud

1701 3921 1928 3992 Moyses,
1961 3929 2026 3981 ab
2056 3932 2204 3984 initio
2235 3946 2410 3991 autem
2440 3955 2691 3997 creatum
2717 3921 3006 4006 masculum
3037 3967 3089 4010 et
3117 3957 3266 4014 Γυηιί-

1700 4028 1820 4066 nam
1853 4016 1973 4070 fecit
2001 4035 2090 4073 eos
2118 4023 2160 4075 D
2182 4040 2258 4078 -us
2286 4027 2472 4096 (Marc.
2491 4049 2542 4096 x,
2567 4037 2638 4105 εἰ).
2669 4039 2731 4090 Et
2761 4041 2948 4095 itcrntn
2975 4051 3269 4113 reSpoutIe-

1699 4118 1816 4160 runt
1851 4110 2040 4178 Judasi,
2093 4125 2146 4169 et
2171 4117 2415 4174 dixerunt
2446 4141 2455 4174 :
2484 4125 2588 4178 Nos
2615 4128 2682 4182 de
2715 4130 2854 4183 bono
2886 4149 3044 4201 opere
3079 4153 3182 4192 non
3216 4151 3266 4195 te

1697 4195 2014 4264 lapidamus,
2058 4205 2149 4257 sed
2180 4206 2245 4260 de
2274 4207 2623 4281 blasphemia,
2670 4220 2790 4284 quia
2823 4237 2941 4276 cum
2973 4227 3045 4279 sis
3081 4228 3261 4293 homo,

1698 4285 1824 4340 facis
1849 4291 2072 4358 teipsum
2099 4295 2263 4350 Deum
2291 4297 2462 4368 (Joan.
2494 4321 2546 4367 x,
2565 4304 2672 4377 53).
2693 4308 2825 4365 Cum
2849 4313 3005 4382 igitur
3029 4285 3260 4388 seipsuni

1697 4375 1858 4432 Deum
1901 4390 1955 4434 et
1988 4383 2264 4442 Dominum
2294 4394 2526 4461 appellat
2553 4438 2565 4459 ,
2597 4415 2760 4468 quare
2792 4404 2933 4460 i'lnm
2967 4423 3059 4463 vos
3089 4414 3260 4466 mino-

1694 4486 1805 4525 rem
1840 4478 2096 4542 astruitis,
2131 4489 2183 4534 et
2213 4482 2459 4539 deitatem
2492 4490 2606 4556 ejus
2635 4507 2782 4547 more
2813 4498 3068 4570 sacrilego
3095 4504 3256 4558 dene-
3283 4517 3286 4520 ‘

1785 4565 1866 4597 in?

1691 4573 1866 4631 gatis'.’

2245 4643 2468 4704 CAPUT
2511 4651 2696 4710 XXVI.

1937 4753 2034 4807 L’bi
2067 4757 2241 4811 dicunt
2273 4759 2480 4817 Patrem
2511 4763 2706 4821 Filium
2733 4777 2994 4832 revelasse.

1754 4861 1808 4915 Si
1845 4864 1932 4918 tibi
1965 4865 2234 4925 dixerint:
2279 4873 2401 4929 Ideo
2431 4879 2603 4935 minor
2630 4895 2708 4938 cst
2737 4884 2922 4959 Filius,
2949 4894 3070 4963 quia
3096 4896 3252 4955 Pater

1680 4950 1824 5004 illum
1852 4957 2104 5012 revelavit
2129 4962 2452 5023 hominibus.

1753 5043 2051 5115 Responsio.
2087 5051 2141 5106 In
2175 5054 2329 5123 hujus
2363 5061 2698 5121 revelationis
2731 5075 2984 5141 mysterio
3016 5079 3171 5136 Pater
3195 5095 3251 5140 et

1679 5132 1843 5189 Filius
1873 5152 2034 5192 unum
2062 5155 2184 5196 sunt
2213 5163 2225 5197 :
2255 5148 2374 5214 quia
2405 5151 2541 5206 sicut
2571 5155 2722 5212 l’ater
2743 5159 2953 5230 Filium,
2984 5168 3052 5222 ita
3083 5171 3248 5228 Filius

1679 5225 1886 5282 Patrem
1937 5233 2045 5298 pari
2094 5234 2370 5295 divinitate
2415 5254 2616 5301 natura:
2663 5263 2848 5310 mutuo
2886 5272 2946 5312 se
2988 5260 3246 5317 docentur

22 5296 106 5363 vir,
137 5302 321 5373 inquit,
365 5323 392 5362 a
419 5326 524 5378 quo
554 5311 808 5364 diemouia
839 5313 1100 5381 exierant,
1149 5330 1204 5371 ut
1239 5335 1359 5374 cum
1390 5336 1454 5375 eo
1481 5337 1566 5376 es-

22 5397 87 5439 set
111 5407 120 5441 :
144 5393 343 5451 dimisit
374 5409 551 5453 autem
581 5416 698 5454 eum
744 5401 900 5457 Jesus
935 5403 1153 5460 dicens:
1194 5408 1337 5465 Vade
1382 5411 1433 5466 in
1461 5414 1557 5467 do-

23 5488 144 5532 nuun
176 5491 338 5548 tuam,
385 5497 439 5541 et
477 5503 630 5541 narra
670 5501 860 5557 quanta
905 5493 998 5546 tibi
1048 5494 1230 5551 fecerit
1259 5499 1415 5553 Dens.
1465 5501 1560 5556 Ille

22 5575 174 5624 autem
245 5575 376 5628 abiit
429 5577 546 5641 per'
577 5578 876 5633 universam
929 5584 1193 5640 civitatem
1265 5592 1561 5656 praedicans

21 5670 187 5720 ettanta
218 5664 292 5717 illi
325 5664 538 5721 fecisset
564 5667 720 5723 Jcsus
750 5670 899 5739 (Luc.
934 5689 1043 5738 VIII,
1075 5676 1185 5742 59).
1238 5675 1301 5732 Et
1331 5681 1519 5736 iterum
1548 5700 1559 5735 :

25 5745 192 5805 Eduxit
222 5759 356 5808 eum
387 5756 652 5823 diabolus,
701 5769 755 5814 et
790 5756 1024 5818 ostendit
1060 5767 1134 5821 illi
1173 5771 1350 5824 omnia
1400 5788 1558 5843 regna

23 5841 157 5894 terra:
189 5843 241 5897 in
285 5859 552 5904 momento
596 5854 867 5922 temporis,
915 5865 968 5910 et
1010 5859 1082 5912 ait
1127 5861 1201 5915 ilti
1233 5881 1241 5913 :
1274 5863 1387 5918 Tibi
1424 5841 1558 5921 dabo

1676 5323 1871 5375 mundo
1899 5335 1953 5380 et
1979 5327 2279 5387 hominibus
2302 5339 2588 5406 revelasse,
2617 5345 2729 5412 ipso
2755 5347 2977 5404 Domino
3007 5354 3056 5407 in
3078 5355 3244 5410 Evan-

1673 5412 1811 5479 gelio
1839 5407 2167 5482 pretestante
2193 5442 2205 5477 :
2235 5425 2399 5483 Nemo
2427 5435 2564 5486 novit
2601 5434 2790 5492 Filium
2816 5442 2915 5494 nisi
2944 5442 3117 5508 Pater,
3151 5463 3241 5501 ne-

1668 5518 1774 5571 que
1806 5504 2012 5563 Patrem
2043 5514 2162 5580 quis
2190 5518 2335 5570 novit
2365 5521 2463 5575 nisi
2498 5521 2682 5589 Filius,
2709 5537 2760 5581 et
2783 5529 2864 5582 cui
2896 5531 3122 5587 voluerit
3150 5535 3236 5591 Fi-

1668 5596 1768 5651 lius
1795 5601 2032 5657 revelare
2056 5605 2206 5674 (Luc.
2235 5626 2288 5674 x,
2318 5613 2430 5682 22).
2467 5615 2524 5668 Et
2558 5617 2748 5672 itcrtun
2776 5636 2790 5671 :
2821 5619 3011 5676 Notum
3040 5623 3137 5680 feci
3159 5629 3236 5684 eis

1667 5703 1860 5744 nomen
1893 5702 2060 5760 tuum,
2094 5708 2145 5752 et
2175 5711 2355 5755 notum
2391 5703 2575 5759 faciam
2609 5707 2801 5775 (Joan.
2837 5726 2964 5778 xvu,
2995 5713 3126 5787 26).
3172 5720 3235 5774 Et

1667 5788 1722 5832 ut
1748 5783 1982 5851 seipsum
2034 5787 2339 5845 hominibus
2371 5796 2634 5850 rcvelasse
2660 5798 2896 5869 doct'rct,
2926 5818 3022 5872 per
3049 5806 3230 5866 Isaiam

1667 5870 1778 5926 haec
1815 5883 2039 5932 testatus
2082 5891 2181 5946 est,
2215 5883 2432 5936 dicens:
2471 5885 2646 5943 Palam
2693 5894 2909 5962 apparui
2951 5912 3054 5952 non
3082 5917 3228 5972 qua»
