3938 6376
586 375 680 424 ὅτι

587 375 680 429 δτι
1858 361 2082 416 VlGILﬂ
2121 359 2489 416 rarsrznsrs

525 512 532 517 ι
586 487 823 539 rentibus
853 498 957 545 nte,
994 482 1235 534 inventus
1264 492 1378 529 sum
1407 475 1473 526 ah
1503 475 1565 528 iis
1593 473 1682 541 qui
1711 487 1794 526 nte
1838 487 1940 524 una
1975 471 2142 525 inter-
2179 477 2229 533 Α

587 577 843 645 rogabant
872 575 889 643 (
914 573 1042 626 lsai.
1073 586 1191 633 va,
1228 571 1250 624 1
1280 568 1322 637 ).
1369 569 1434 621 Ει
1464 567 1518 619 in
1562 563 1880 634 Apocalypsi
1907 581 1921 618 :
1951 563 2010 618 Si
2037 563 2158 633 quis

587 669 713 721 IIIIIII
759 665 1026 734 aperuerit
1051 661 1267 725 ostium,
1301 659 1510 718 intrabo
1536 658 1600 710 ad
1633 655 1806 720 illum,
1851 665 1905 710 et
1931 654 2156 710 cmnabo

586 781 706 817 eum
731 781 816 829 eo,
845 772 899 817 et
924 757 1270 815 manifestabu
1300 755 1561 822 meipsum
1596 752 1643 806 ei
1671 751 1690 823 (
1715 752 1874 822 Apoc.
1917 765 1999 814 ιιι,
2023 749 2090 804 20
2115 750 2154 819 ).

590 857 652 907 Et.
683 858 871 908 iterum
907 869 918 905 :
951 851 1061 904 IIoe
1093 850 1202 916 jam
1233 843 1387 900 tertio
1415 841 1772 898 manifestavit
1803 856 1862 895 se
1891 839 2047 894 Jesns
2071 838 2156 892 di—

587 949 806 1016 seipnlis
837 947 945 1000 suis
974 945 1038 999 ad
1068 958 1215 997 mare
1241 939 1537 996 Tiberiadis
1559 979 1575 1005 ,
1601 952 1719 992 eum
1761 934 2086 989 surrexisset
2128 945 2156 983 a

589 1043 810 1096 mortuis
841 1039 1020 1108 (Joan.
1057 1053 1167 1101 xxt,
1201 1036 1310 1103 14).
1343 1035 1443 1102 Qui
1472 1032 1613 1088 enim
1645 1031 1853 1085 Patrem
1883 1027 2158 1092 revelavil,

587 1148 638 1187 et
679 1137 910 1201 seipsum
942 1130 1124 1184 multis
1161 1127 1333 1183 modis
1374 1123 1748 1180 maniiestasse
1779 1127 2001 1175 testatus
2049 1124 2156 1183 est,

588 1229 760 1279 minor
784 1225 886 1277 dici
918 1239 1022 1277 non
1049 1231 1245 1292 potest.

1134 1325 1358 1392 CAPUT
1398 1331 1609 1388 XXVII.

587 1441 794 1495 Putrem
836 1441 1034 1496 Fiium
1075 1440 1343 1494 tradidisse
1369 1433 1798 1508 quemadmodum
1821 1431 2157 1499 intelligatur.

657 1546 818 1614 386
855 1543 913 1598 Si
955 1542 1048 1597 tibi
1097 1540 1329 1596 dixerint
1359 1537 1501 1607 quod
1550 1537 1707 1591 Pater
1753 1531 2028 1587 tradiderit
2073 1528 2163 1583 Fi-

588 1634 742 1688 ltum.

662 1722 962 1791 Responsio.
1013 1720 1178 1792 Filius
1223 1719 1522 1773 voluntarie
1570 1714 2025 1784 dispensationem
2071 1723 2162 1764 as-

3721 356 3810 413 572

2797 465 3020 522 CAPUT
3059 467 3294 520 XXVIII.

2298 561 2373 613 De
2403 577 2458 613 eo
2487 559 2622 628 quod
2649 560 2768 612 dicit
2800 558 2964 613 Fih‘us
2994 561 3138 613 Patri
3169 577 3188 614 :
3231 560 3477 613 Tranmrt
3505 577 3536 611 α
3567 575 3642 613 me
3668 561 3788 612 edi:

2405 633 2497 683 iste
2524 647 2542 683 :
2575 631 2662 682 sed
2694 646 2792 683 non
2825 631 2951 683 sicut
2979 648 3070 700 ego
3094 631 3226 694 toto,
3259 631 3346 684 sed
3371 631 3503 682 iicttt
3532 638 3586 682 tu
3613 631 3707 683 vis.

2333 743 2399 794 Si.
2461 742 2555 796 tibi
2604 743 2952 811 OPPOSIICI'IIII.
2999 742 3138 812 quod
3185 743 3352 798 Filius
3400 742 3599 796 dixerit
3645 741 3813 794 Patri:

2263 833 2528 887 'l‘ranseat
2555 848 2584 886 a
2613 849 2698 888 me
2721 833 2854 886 calix
2887 835 3006 897 istc,
3045 846 3410 889 verumtamen
3437 848 3544 888 non
3580 832 3718 887 sicut
3737 848 3817 902 ego

2261 923 2383 975 \toln
2439 922 2533 976 sed
2561 923 2696 977 sicut
2731 932 2805 975 ιιι.

2335 1015 2638 1083 Responsio.
2688 1015 2753 1070 Ut
2797 1025 2975 1069 autem
3025 1015 3185 1068 Filius
3233 1015 3490 1068 doceatur
3534 1013 3818 1068 voluntarie

2263 1108 2527 1176 passionis
2571 1121 2682 1160 sua:
2711 1107 2928 1160 calicem
2979 1108 3231 1169 ebibisse,
3278 1106 3362 1160 bis
3403 1105 3744 1168 testimoniis,
3785 1106 3820 1156 si

2263 1216 2366 1253 non
2411 1199 2574 1268 piget,
2606 1197 2842 1260 addisce,
2878 1200 2994 1266 ipso
3038 1197 3087 1250 in
3136 1198 3362 1250 Psalmis
3401 1205 3639 1250 canente
3667 1213 3681 1246 :
3709 1194 3820 1260 Quid

2262 1290 2551 1343 retrbuam
2587 1289 2814 1342 Domino
2845 1305 2941 1357 pro
3009 1290 3220 1342 mnibus
3242 1305 3358 1356 qua!
3390 1286 3650 1342 retribuit
3681 1286 3820 1339 mihi!

2261 1380 2496 1434 Calicem
2529 1380 2778 1433 salutaris
2807 1381 3087 1444 accipiam,
3118 1389 3171 1433 et
3201 1395 3394 1432 nomen
3441 1377 3664 1432 Domini
3704 1377 3822 1428 invo-

2262 1473 2397 1526 cabo
2413 1471 2528 1543 (Ps.
2546 1487 2672 1538 cxv,
2689 1472 2776 1535 1‘2,
2794 1471 2899 1538 16).
2918 1473 3029 1524 Non
3055 1474 3194 1524 cn’m
3215 1469 3505 1539 prophetat,
3521 1477 3616 1523 aut
3635 1466 3820 1521 cuilibet

2265 1565 2316 1617 aI
2341 1564 2416 1617 eri
2450 1563 2564 1617 htrc
2593 1565 2855 1618 sententia
2890 1565 3088 1633 poterit
3108 1562 3366 1630 eoaptari,
3397 1561 3487 1630 qni
3521 1561 3756 1627 seipsum
3779 1558 3819 1609 ia

2263 1656 2607 1726 subscqnenti
2637 1655 2919 1720 versiculo,
2950 1663 3003 1709 et
3030 1671 3243 1708 servum
3271 1653 3425 1720 dixit,
3454 1661 3511 1706 et
3535 1651 3741 1704 ancilia:
3759 1648 3822 1702 It”:-

2266 1747 2394 1799 lintn
2428 1745 2711 1798 nominavi!
2751 1761 2764 1798 ε
2807 1745 2850 1798 Ο
2878 1745 3123 1809 Domine,
3159 1745 3350 1813 inquit,
3377 1757 3476 1808 ego
3508 1756 3707 1795 servus
3731 1753 3825 1790 tuus

587 1830 812 1886 smnptae
840 1815 1016 1870 carnis
1045 1814 1360 1881 adimplens,
1389 1810 1730 1879 semetipsum
1755 1821 1849 1876 pro
1879 1805 2032 1859 nobis
2055 1812 2163 1857 tra—

2282 1854 2318 1892 ξι
2344 1838 2480 1892 [ilius
2503 1839 2713 1892 ancilla:
2741 1847 2862 1892 tuae.
2892 1837 2956 1892 Et
2982 1837 3032 1891 in
3065 1805 3350 1906 tamen
3371 1805 3664 1902 discipulis
3687 1831 3820 1885 dicit:

588 1907 807 1972 uidisse,
854 1905 998 1960 clara
1049 1903 1454 1958 contestationis
1502 1915 1630 1955 voce
1663 1898 1844 1954 ﬁdeles
1891 1909 2019 1950 suos
2065 1908 2159 1962 per

591 1996 901 2064 Apost-dum
962 1995 1155 2051 docere
1185 1995 1432 2065 dignatus
1479 2001 1581 2057 est,
1613 1991 1730 2061 ipso
1765 1985 2020 2058 Apostolo
2041 1998 2163 2055 pro-

592 2100 818 2142 testante
849 2105 860 2141 :
894 2088 1073 2143 Gratia
1105 2089 1286 2153 vobis,
1332 2087 1535 2156 inquit,
1565 2094 1620 2140 et
1649 2099 1753 2154 pax
1782 2099 1810 2136 a
1856 2082 1975 2136 Deo,
2005 2080 2163 2134 Patre

590 2188 644 2232 et
674 2180 898 2234 Domino
927 2179 1058 2234 Jesu
1081 2179 1322 2243 Christo,
1364 2179 1454 2249 qui
1498 2177 1646 2240 dedit
1680 2175 2026 2251 semetipsum
2067 2185 2166 2240 pro

594 2269 826 2336 peccatis
867 2270 1067 2323 nostris
1095 2268 1236 2341 (Gal.
1270 2285 1309 2334 ι,
1335 2269 1412 2339 5).
1448 2268 1512 2321 Et
1553 2269 1785 2330 iterum;
1809 2263 1959 2332 Quod
1988 2269 2164 2317 autem

593 2374 732 2413 nunc
776 2359 895 2413 vivo
921 2359 970 2412 in
1003 2373 1182 2424 carne,
1211 2359 1262 2412 In
1294 2359 1394 2412 title
1423 2358 1545 2411 vivo
1579 2356 1696 2410 Filii
1743 2356 1833 2410 Dei
1861 2354 1954 2425 qui
1981 2352 2167 2407 dilexit

595 2469 702 2515 nte,
732 2459 787 2505 et
819 2450 1034 2505 tradidit
1060 2453 1293 2520 seipsutn
1329 2466 1425 2520 pro
1469 2457 1554 2504 the
1583 2448 1726 2516 (Gal.
1757 2463 1811 2512 tt,
1852 2445 1968 2514 20).
2006 2444 2071 2499 Et
2090 2442 2164 2497 ad

592 2539 897 2607 Ephesios:
935 2541 1117 2595 Estote
1167 2542 1323 2610 igitur
1371 2542 1667 2594 imitatores
1718 2537 1842 2602 Dei,
1892 2537 2030 2592 sicut
2073 2534 2166 2589 ﬁlii

592 2630 769 2684 dilecti
793 2645 808 2694 ;
835 2639 888 2685 et
917 2631 1184 2685 ambulate
1207 2632 1258 2685 in
1289 2631 1531 2695 caritate,
1556 2630 1692 2683 sicut
1718 2628 1963 2682 Christus
1983 2626 2169 2681 dilexit

594 2735 692 2774 nos
719 2730 772 2774 et
801 2719 1014 2775 tradidit
1043 2723 1276 2790 seipsum
1306 2737 1401 2790 pro
1425 2723 1577 2776 nobis
1615 2719 1834 2791 (Epiros.
1857 2735 1912 2786 ν,
1938 2717 2013 2789 1).
2041 2718 2168 2774 Item

597 2819 666 2869 ibi
703 2834 716 2870 :
757 2817 966 2888 ltiligite
1011 2832 1208 2873 uxores
1255 2829 1459 2873 vestras
1505 2817 1643 2872 sicut
1685 2815 1930 2870 Christus
1983 2813 2169 2868 dilexit

599 2910 893 2965 Ecelesiam
917 2926 1089 2978 suam,
1119 2919 1174 2966 et
1198 2910 1543 2979 semetipsum
1568 2907 1785 2963 tradidit
1809 2921 1906 2977 pro
1926 2920 1989 2961 ea
2007 2905 2168 2975 (Ibid.

593 3001 707 3070 ‘25).
745 3003 806 3054 Et
835 3003 901 3056 ad
930 3003 1266 3057 Timotheum
1299 3019 1311 3056 :
1355 3001 1504 3056 Unus
1549 3001 1690 3055 en‘m
1736 2999 1904 3060 Deus,
1953 3011 2087 3052 unus
2116 3004 2172 3052 et

599 3091 858 3146 mediator
881 3091 971 3146 Dei
996 3101 1050 3147 et
1075 3092 1371 3156 hominum,
1403 3094 1562 3145 homo
1599 3085 1843 3144 Christus
1873 3088 2051 3153 Jesus,
2079 3090 2167 3157 qui

598 3182 745 3236 dedit
774 3184 1121 3250 semetipsum
1153 3182 1575 3250 redemptionem
1604 3195 1701 3248 pro
1739 3179 1920 3232 multis
1951 3177 2000 3249 (ι
2035 3176 2168 3230 Tim.

601 3291 656 3338 ιι,
688 3276 769 3344 5).
796 3275 860 3328 Et
885 3273 950 3328 ad
983 3274 1236 3329 Hebraeos
1272 3293 1283 3325 :
1317 3274 1369 3329 Si
1401 3275 1543 3328 enim
1577 3272 1791 3341 sanguis
1826 3271 2093 3324 hircorum
2118 3277 2172 3322 et

601 3368 734 3422 cinis
771 3366 950 3420 vitula:
987 3380 1235 3435 aspersus
1295 3364 1594 3418 sanctiﬁcat
1631 3362 1698 3416 ad
1737 3360 2172 3416 emundationem

603 3457 800 3522 carnis,
832 3465 1026 3526 quanto
1071 3458 1240 3526 magis
1269 3457 1484 3527 sanguis
1513 3455 1732 3519 Christi,
1760 3453 1852 3524 qui
1881 3467 1976 3521 per
2005 3450 2174 3520 Spiri-

604 3560 710 3600 tmn
745 3557 984 3606 sanetum
1016 3550 1364 3616 semetipsum
1398 3547 1588 3601 obtulit
1632 3543 2031 3601 immaculatum
2066 3541 2176 3595 Deo

608 3641 624 3704 (
660 3639 809 3692 Hebr.
846 3655 918 3704 ιιι,
952 3639 1098 3710 15)ἳ
1128 3640 1256 3694 Item
1305 3640 1372 3694 ibi
1408 3657 1421 3692 :
1455 3640 1724 3694 Habentes
1771 3653 1930 3708 ergo,
1960 3637 2172 3702 fratres.

607 3730 854 3783 ﬁduciam
885 3729 935 3782 itt
963 3729 1180 3784 introitu
1209 3738 1516 3785 sanctorum
1550 3734 1600 3784 in
1623 3729 1891 3800 sanguine
1909 3728 2058 3793 Jesu,
2087 3725 2179 3797 qui

608 3824 872 3877 «iudicavit
893 3823 1047 3878 nobis
1075 3825 1206 3878 viam
1241 3833 1512 3880 recentem
1545 3833 1600 3878 et
1627 3825 1764 3878 viam
1791 3838 1885 3893 per
1910 3822 2174 3884 velamen,

609 3914 659 3965 id
713 3922 795 3967 e~t
845 3927 1058 3967 carnem
1105 3927 1277 3977 suam,
1331 3913 1563 3968 offerens
1607 3915 1841 3979 seipsum
1901 3925 1998 3978 pro
2025 3909 2178 3963 nobis

610 4003 796 4071 (Ilebr.
829 4019 879 4069 x,
908 4002 1016 4073 19).
1045 4002 1109 4057 Et
1132 4003 1183 4057 in
1214 4002 1432 4057 Joannis
1457 4001 1694 4070 Epistola
1727 4019 1739 4054 :
1773 4001 1828 4054 In
1859 4001 1960 4054 hoc
1983 4013 2180 4067 cogno-

607 4094 782 4147 vimus
805 4094 1077 4148 caritatem
1107 4093 1296 4163 ipsius,
1325 4095 1574 4164 quoniam
1619 4094 1732 4162 ipse
1763 4106 1859 4162 pro
1889 4090 2043 4144 nobis
2064 4088 2178 4142 ani-

607 4201 745 4246 tnatn
779 4185 952 4256 posuit
980 4183 1034 4254 (Ι
1065 4183 1222 4242 ιῑοιιη.
1251 4201 1327 4252 ιιι,
1367 4185 1430 4240 16
1461 4184 1501 4254 ).
1537 4184 1605 4238 Et
1635 4183 1685 4238 in
1715 4183 1848 4237 Isaia
1884 4197 1898 4246 ;
1936 4179 2180 4236 Sanctiﬁ-

608 4289 726 4329 cate
749 4291 889 4340 eum,
922 4274 1015 4342 qui
1047 4275 1261 4328 tradidit
1288 4276 1518 4328 animam
1549 4290 1699 4329 suam
1728 4289 1824 4344 pro
1845 4273 1998 4329 nobis
2024 4271 2178 4344 (lsai.

613 4366 891 4433 ι1ι1,12).
941 4365 1076 4418 Item
1115 4364 1184 4417 ibi
1217 4379 1231 4418 :
1261 4364 1480 4418 Oblatus
1526 4373 1628 4428 est,
1679 4366 1801 4432 quia
1851 4365 1965 4432 ipse
2013 4362 2184 4417 voluit

615 4460 632 4524 (
667 4454 825 4519 Ibid.,
854 4457 883 4508 7
920 4454 959 4524 ).
991 4454 1057 4506 Et
1087 4453 1138 4506 in
1179 4454 1405 4507 Jeremia
1449 4472 1460 4504 :
1503 4455 1629 4507 Dedi
1661 4455 1906 4509 dilectam
1947 4453 2181 4507 animam

617 4563 788 4600 meam
820 4551 871 4598 in
902 4557 1090 4597 manus
1129 4543 1466 4596 inimicorum
1497 4544 1611 4610 ejus
1642 4543 1770 4615 (Jer.
1805 4562 1897 4609 χιι,
1926 4545 2003 4615 7).
2049 4545 2178 4602 Item

617 4639 904 4694 Apostolus
935 4654 949 4690 :
984 4636 1093 4690 Hoc
1122 4636 1262 4689 enint
1314 4633 1478 4687 semel
1519 4633 1643 4688 fecit
1690 4637 1922 4703 seipsum
1955 4636 2186 4691 oII'erens

619 4728 805 4793 (Hebr.
844 4743 936 4793 vn,
976 4725 1099 4794 9.7).
1131 4725 1195 4780 Et
1225 4725 1414 4779 iterum
1445 4741 1460 4778 ;
1491 4723 1698 4778 Scimus
1737 4725 1858 4792 quia
1901 4725 2066 4780 Filius
2093 4726 2186 4782 Dei

621 4820 784 4879 uenit,
815 4828 870 4872 et
896 4832 1105 4872 carnem
1129 4815 1318 4879 induit,
1345 4824 1396 4868 et
1421 4829 1607 4882 passus
1626 4822 1725 4868 est.
1754 4815 1820 4869 Et
1843 4815 2026 4869 Petrus
2061 4832 2188 4886 apo-

620 4910 789 4962 stolus
833 4925 844 4960 :
885 4904 1132 4960 Christus
1177 4920 1273 4972 pro
1304 4905 1454 4958 nobis
1483 4919 1671 4972 passus
1718 4914 1829 4970 est,
1883 4906 2191 4975 relinquens

623 4998 1123 5066 ιιυιιῖειιχθιιιριιιηι,
1155 5007 1214 5050 ιιι
1253 5013 1538 5065 sequamur
1563 4998 1777 5066 vestigia
1795 4998 1908 5066 ejus
1941 4995 2010 5068 (Ι
2041 4996 2187 5053 Petr.

625 5108 677 5150 n,
711 5089 824 5160 21).
859 5089 922 5142 Et
946 5088 997 5142 itt
1026 5087 1310 5142 Salomone
1345 5106 1356 5139 :
1387 5088 1682 5143 Penetrabo
1708 5087 1990 5142 inferiores
2030 5087 2188 5158 387

625 5193 800 5254 partes
831 5191 1006 5245 terrae,
1044 5189 1098 5234 et
1126 5179 1400 5248 inspiciam
1429 5179 1774 5246 dormientes,
1801 5187 1855 5233 et
1882 5179 2193 5232 illntninabo

622 5284 898 5338 sperantes
919 5272 970 5325 in
1000 5285 1121 5325 eum
1151 5269 1335 5340 (Ecclt'.
1377 5287 1520 5336 xxrv,
1549 5269 1661 5341 ΞΒ).
1692 5271 1756 5324 Et
1791 5271 1904 5339 ipse
1940 5271 2195 5324 Dominus

623 5370 674 5420 in
709 5365 994 5434 Evangelia
1035 5380 1048 5417 :
1082 5363 1406 5419 Potestatem
1441 5363 1618 5419 habeo.
1677 5364 1907 5431 ponendi
1956 5364 2186 5417 animam

623 5472 818 5522 uncam,
844 5465 898 5511 et
943 5464 1254 5524 potestatem
1299 5455 1472 5510 habeo.
1511 5457 1701 5509 iterum
1735 5455 1977 5509 sumendi
2023 5469 2140 5508 eam
2177 5473 2187 5507 :

626 5565 781 5601 nemo
798 5564 913 5602 eam
939 5547 1074 5602 tollit
1095 5563 1123 5600 a
1148 5564 1249 5609 me,
1278 5555 1369 5601 seu
1393 5562 1491 5616 ego
1511 5562 1627 5601 eam
1653 5560 1790 5614 pono
1811 5562 1873 5599 ex
1904 5560 1987 5599 me
2011 5544 2194 5616 (loan.

629 5657 680 5701 ιι,
715 5641 836 5709 18).
866 5640 962 5708 Qui
1008 5656 1135 5711 ergo
1164 5640 1397 5710 seipsum
1433 5639 1665 5703 tradidit,
1700 5649 1754 5693 et
1780 5643 2011 5694 animam
2041 5655 2192 5694 suam

633 5733 838 5798 propria
872 5744 1132 5800 potestate
1184 5735 1359 5802 ptsnit
1409 5742 1459 5787 et
1509 5734 1826 5800 assumpsit,
1878 5734 2051 5785 minor
2092 5734 2190 5787 diei

635 5836 737 5882 nun
769 5832 882 5895 pote
891 5824 958 5883 rit
1918 5824 1920 5826 ’

2267 1930 2541 1983 Desiderio
2570 1927 2869 1982 desideravi
2917 1927 3017 1981 hoc
3050 1928 3251 1982 Pascha
3301 1925 3639 1978 manducare
3682 1921 3824 1974 vobis-

2264 2036 2384 2075 cum
2405 2021 2700 2090 (Litana,
2726 2021 2837 2090 I5).
2866 2021 2993 2074 Item
3019 2017 3364 2072 tlnobnsliliis
3382 2015 3638 2071 Zebedmi
3669 2011 3823 2068 iouini

2265 2121 2312 2165 ct
2347 2111 2439 2165 .lae
2477 2112 2543 2164 ho
2573 2111 2705 2164 dixit
2739 2129 2749 2162 :
2786 2111 3019 2164 P0testis
3051 2110 3233 2162 hihere
3263 2107 3483 2162 calicem
3517 2147 3535 2170 ,
3569 2119 3728 2175 quem
3749 2116 3824 2170 ego

2267 2197 2530 2252 bibiturus
2559 2211 2700 2262 sum,
2729 2206 2782 2250 et
2812 2195 3066 2262 baptizari
3092 2194 3377 2261 baptismo,
3410 2206 3520 2260 quo
3551 2205 3656 2259 ego
3685 2189 3822 2257 bapti-

2271 2303 2364 2341 zor
2392 2286 2577 2357 (Marc.
2615 2301 2667 2349 χ,
2700 2285 2828 2351 38)?
2861 2285 3153 2353 Diligenter
3193 2279 3471 2340 attend-te,
3507 2279 3640 2346 quia
3667 2278 3821 2332 bibitu-

2268 2393 2358 2432 rns
2385 2393 2524 2443 sum,
2559 2375 2677 2430 ideo
2701 2375 2851 2440 dixit,
2882 2389 2948 2428 ne
2974 2376 3193 2428 alterius
3216 2372 3484 2425 diceretur
3509 2369 3764 2438 iussione,
3785 2376 3824 2419 et

2268 2489 2372 2526 non
2413 2472 2682 2526 voluntate
2727 2471 2938 2538 propria
2967 2468 3016 2520 id
3059 2467 3269 2520 fecisse.
3319 2466 3380 2518 Et
3413 2464 3585 2518 Petro
3617 2461 3820 2532 apostolo

2268 2565 2384 2616 ait:
2417 2563 2528 2616 Non
2560 2561 2700 2630 sapis
2743 2576 2862 2626 qna:
2905 2559 2997 2612 Di'I
3045 2567 3189 2620 sunt,
3239 2555 3331 2610 sed
3382 2568 3504 2623 qnze
3559 2553 3819 2605 hominum.

2266 2653 2498 2706 Calicem
2531 2665 2686 2719 quem
2714 2649 2854 2702 dedit
2885 2648 3009 2700 tnihi
3046 2647 3218 2712 Pater,
3246 2660 3351 2697 nnn
3383 2645 3463 2696 vis
3489 2649 3554 2695 ut
3589 2641 3754 2696 bibam
3773 2639 3820 2689 ει.

2271 2742 2374 2794 lnm
2407 2741 2608 2812 (Joan.
2655 2754 2802 2801 xvnt,
2839 2738 2894 2790 11
2929 2737 2986 2804 )?
3021 2736 3168 2790 Ilnne
3199 2735 3356 2804 igitur
3384 2731 3644 2795 culicem,
3681 2730 3720 2783 si
3746 2745 3824 2780 non

2273 2833 2573 2887 voluntarie
2601 2831 2854 2886 Dominus
2885 2829 3164 2890 ebibisset,
3207 2835 3264 2878 ιιι
3293 2826 3499 2879 veniret
3530 2823 3712 2890 utique
3748 2821 3818 2870 nti-

2273 2928 2413 2978 nime
2442 2921 2819 2986 desiderasset,
2841 2919 2934 2974 sed
2963 2919 3088 2989 quia
3113 2916 3359 2971 eumdem
3383 2914 3689 2966 voluntarie
3707 2909 3824 2967 bibit,

2274 3015 2472 3070 ide'rco
2501 3026 2598 3067 nec
2620 3011 2925 3078 trepidavit,
2964 3024 3064 3063 nec
3095 3006 3297 3061 abnuit.

2821 3130 3046 3188 CAPUT
3090 3129 3277 3184 XXIX.

2561 3249 2657 3302 Ubi
2695 3246 2862 3300 Filius
2891 3243 3099 3297 Patrem
3128 3257 3334 3312 rogasse
3361 3242 3576 3294 dicitur.

2352 3365 2514 3434 388
2544 3362 2599 3416 Si
2643 3361 2734 3415 tibi
2767 3358 3038 3414 dixerint:
3073 3356 3276 3411 Idcirco
3323 3355 3499 3408 minor
3543 3361 3633 3406 est
3671 3349 3824 3406 Filius.

2279 3457 2395 3525 quia
2428 3455 2635 3508 Patrem
2665 3465 2881 3522 rogasse
2907 3450 3126 3503 dicitur.

2352 3546 2646 3612 Responsio.
2689 3545 2742 3598 Si
2776 3547 2818 3596 is
2846 3543 2932 3610 qui
2961 3550 3111 3610 rogat
3144 3538 3315 3592 minor
3346 3545 3428 3591 est
3460 3535 3557 3589 illo
3588 3548 3739 3604 quem
3765 3544 3829 3582 re-

2277 3647 2388 3708 gat,
2427 3652 2554 3706 ergo
2587 3636 2745 3700 Deus,
2793 3633 2884 3703 qui
2915 3647 3006 3700 per
3037 3630 3354 3700 prophetam
3403 3627 3667 3696 populum
3700 3636 3825 3677 suum

2278 3742 2492 3794 rogasse
2533 3725 2915 3796 prmscribitur,
2959 3722 3152 3792 populo
3199 3720 3421 3774 inferior
3453 3717 3828 3787 comprobatur.

2279 3821 2497 3876 Miehara
2532 3818 2786 3887 propheta
2825 3817 3074 3870 dicente:
3109 3815 3344 3885 Populus
3374 3828 3552 3877 mens,
3596 3810 3717 3880 quid
3752 3804 3831 3860 Ieci

2248 3912 2402 3980 'tihi,
2437 3923 2525 3967 aut
2572 3913 2621 3966 in
2665 3927 2770 3980 quo
2803 3911 3058 3964 molestus
3099 3911 3192 3964 tibi
3238 3909 3308 3963 Ini
3335 3910 3360 3962 ?
3389 3907 3665 3976 reSponde
3709 3901 3834 3956 mihi.

2280 4007 2412 4072 Quia
2442 4005 2596 4060 eduxi
2630 4017 2680 4059 te
2700 4003 2767 4058 de
2796 4013 2936 4058 terra
2963 3990 3202 4072 ngpti,
3226 4011 3279 4056 et
3305 4001 3374 4056 de
3403 4001 3568 4055 domo
3590 3993 3834 4054 servitutis

2280 4096 2498 4150 liberavi
2531 4104 2602 4158 te,
2640 4105 2690 4148 et
2720 4095 2839 4147 misi
2872 4103 2996 4148 ante
3026 4093 3214 4147 faciem
3239 4102 3382 4147 tuam
3406 4093 3654 4162 Moysen,
3682 4092 3834 4141 Aaron

2281 4197 2334 4241 ct
2365 4186 2578 4240 Mariam
2618 4187 2671 4238 in
2696 4183 3024 4254 profectione
3049 4203 3060 4236 :
3092 4183 3324 4253 Populus
3351 4197 3529 4243 meus,
3566 4183 3834 4235 memento.

2280 4292 2430 4347 rogo,
2458 4277 2583 4346 quid
2609 4274 2920 4344 cogitaverit
2949 4275 3235 4329 adversum
3272 4286 3322 4328 te
3362 4272 3554 4326 Balach
3588 4287 3686 4325 rex
3716 4268 3832 4322 Ioa-

2282 4368 2530 4433 hitatum,
2579 4379 2632 4423 et
2673 4367 2800 4436 quid
2855 4367 3187 4436 responderit
3233 4369 3281 4421 ei
3332 4367 3546 4420 Balaam
3605 4362 3834 4433 propheta

2284 4459 2420 4514 ﬁlius
2451 4460 2582 4514 Beor
2631 4459 2696 4512 de
2728 4459 2935 4513 Sethim
2963 4459 3145 4526 (Mich.
3193 4474 3263 4520 vt,
3294 4459 3370 4526 5).
3407 4457 3475 4511 Ut
3495 4465 3680 4510 autem
3704 4451 3841 4508 mani-

2288 4548 2505 4603 fesmret
2536 4549 2789 4602 Dominus
2812 4563 2905 4616 pro
2931 4549 3121 4616 quibus
3151 4547 3358 4601 Patrem
3387 4546 3590 4612 saepius
3628 4555 3845 4613 peroras-

2288 4652 2389 4704 set,
2423 4643 2472 4695 in
2499 4642 2692 4710 Evang-
2715 4642 2787 4695 l‘o
2813 4641 3065 4709 approbat
3089 4640 3276 4695 dicens
3301 4656 3314 4690 :
3347 4638 3506 4692 Pater
3532 4646 3743 4694 sancte.
3762 4647 3846 4685 non

2292 4748 2386 4802 pro
2413 4733 2494 4786 his
2525 4741 2724 4786 tantum
2747 4746 2900 4799 rogo,
2932 4730 2980 4784 id
3012 4741 3092 4785 est
3122 4746 3214 4798 pro
3237 4729 3543 4798 discipulis,
3567 4728 3671 4782 sed
3699 4737 3744 4781 et
3773 4739 3847 4792 pro

2293 4824 2373 4878 his
2421 4823 2507 4892 qni
2563 4839 2658 4890 per
2703 4825 2924 4878 verbum
2967 4838 3151 4876 eorum
3203 4818 3461 4876 credituri
3510 4828 3639 4872 sunt
3690 4819 3743 4871 in
3786 4827 3851 4867 me

2295 4911 2470 4984 (Joan.
2520 4929 2643 4976 ivn,
2675 4912 2787 4982 20).
2823 4913 2886 4966 Et
2914 4913 3102 4965 iterum
3137 4930 3150 4965 :
3185 4912 3341 4964 Pater
3370 4918 3583 4971 sancte,
3612 4919 3853 4964 conserv:

2295 5020 2386 5060 eos
2418 5005 2467 5057 in
2501 5005 2715 5057 nomine
2747 5014 2837 5056 tuo
2879 5001 3063 5072 (Ibid.,
3097 5001 3207 5067 Il).
3239 5000 3368 5054 Nam
3397 5015 3520 5054 curn
3551 5001 3597 5053 ei
3631 5002 3860 5066 leprosos

2297 5096 2386 5150 ille
2406 5095 2625 5150 dixisset
2655 5113 2668 5150 :
2702 5094 2942 5155 Domine,
2975 5096 3016 5147 si
3051 5095 3128 5146 vis
3161 5103 3311 5161 potes
3337 5107 3423 5145 me
3446 5090 3740 5152 mundare,
3771 5101 3858 5138 non

2300 5185 2622 5254 chpcetavit
2665 5184 2833 5238 Filius
2861 5198 3047 5250 rogare
3077 5183 3288 5235 Patrem
3317 5190 3375 5234 ut
3405 5188 3700 5234 sanaretur
3739 5177 3864 5230 ὶιιὶἰι»

2301 5293 2438 5342 mus,
2489 5277 2580 5331 sed
2626 5291 2775 5330 suam
2827 5276 3125 5329 voluntarie
3171 5274 3486 5342 impartiens
3533 5271 3868 5324 medicinam.

2299 5369 2415 5422 solo
2447 5378 2584 5422 tactu
2615 5370 2820 5422 curavit
2864 5383 2982 5421 euut
3003 5412 3016 5431 ,
3053 5367 3102 5418 in
3144 5381 3248 5434 quo
3281 5375 3483 5418 tantum
3514 5373 3570 5416 ut
3601 5371 3871 5417 curaretur

2302 5460 2455 5514 Iidem
2489 5462 2706 5520 invenit,
2733 5461 2917 5514 dicens
2935 5461 2980 5513 ei
3009 5459 3176 5512 :V’olo
3201 5475 3214 5512 :
3239 5456 3498 5512 mundare
3521 5453 3754 5526 (Matth.
3777 5469 3870 5508 rut.

2297 5550 2375 5619 5).
2411 5553 2536 5606 Itent
2567 5553 2689 5606 dum
2729 5568 2848 5606 eum
2893 5551 3017 5604 ca-ci
3061 5565 3154 5617 pro
3181 5549 3512 5604 obseuritate
3538 5548 3630 5602 sui
3670 5545 3878 5600 luminis

2301 5651 2657 5707 perorassent,
2706 5653 2760 5695 ttt
2791 5642 2960 5694 visum
3007 5643 3331 5714 reciperent,
3385 5655 3489 5693 non
3537 5637 3604 5689 ad
3663 5636 3882 5705 potioris

2303 5735 2474 5788 I’atris
2520 5735 2886 5788 auctoritatem
2931 5750 3119 5788 curant
3158 5733 3386 5796 distulit,
3433 5730 3526 5785 sed
3572 5729 3883 5784 secundum

2306 5827 2422 5889 lidei
2467 5827 2711 5879 meritum
2764 5826 2924 5879 orbes
2967 5825 3256 5879 exstinctos
3302 5833 3351 5876 ct
3401 5820 3715 5890 perniciosa
3770 5820 3887 5872 olim
