3938 6376
127 367 221 422 573

1248 362 1511 419 CONTRA
1558 362 1958 421 VARIlIADUM
2001 366 2124 422 LIB.
2166 368 2207 422 1.

3256 380 3359 435 ὅτι

125 480 168 533 o‘
189 475 434 530 sciuitate
474 482 770 541 conlectos,
803 482 1093 544 spontaneo
1121 475 1388 529 voluntate
1415 478 1479 528 ad
1510 475 1679 528 lucem
1713 477 1763 534 A
1789 479 2017 542 surrexi,
2046 488 2099 533 et
2139 495 2357 533 somnus
2387 497 2534 537 meus
2561 482 2731 538 dulcis
2762 485 2887 539 mihi
2919 486 3090 541 factus
3108 503 3187 544 est
3221 494 3355 557 (λεν.

126 584 225 622 sine
249 565 562 635 cognitionis
584 564 823 629 adduxit,
845 564 1025 618 dicens
1046 564 1123 619 eis
1148 581 1160 617 :
1192 564 1496 621 Secundqu
1522 564 1678 619 Iidem

125 670 342 711 vestram
376 656 464 710 tiat
487 656 636 710 vobis
656 655 868 725 (Matth.
901 672 973 718 lx,
1003 655 1116 725 29).
1144 657 1472 711 Daemonium
1494 658 1676 723 etiam,

124 751 261 816 cujus
305 763 496 799 nomen
526 757 742 814 propter
773 749 1099 801 consortium
1131 749 1488 802 multitudinis
1519 748 1678 817 Legio

127 841 299 897 iuerat,
336 853 438 890 non
470 846 654 906 rogato
685 839 839 893 Patre
865 839 1117 905 excludit;
1150 841 1243 895 sed
1276 842 1487 910 propria
1514 840 1680 911 impe-

125 945 235 983 rans
262 938 524 996 potestate
550 929 769 998 fugavit.
792 938 845 983 et
874 932 939 984 ah
959 931 1036 984 eis
1058 942 1290 1001 rogatus.
1320 934 1369 987 in
1393 950 1581 1003 porcos
1605 936 1680 989 ire

125 1019 395 1089 pennisit(
430 1017 595 1072 Marc.
631 1035 681 1085 ν,
716 1019 748 1073 9
775 1022 812 1087 ).
849 1021 972 1073 Ιι--ιη
1008 1034 1154 1075 mu:o
1182 1033 1233 1076 et
1270 1040 1295 1077 s
1319 1024 1433 1078 irdo
1468 1026 1679 1093 Spiritui

125 1110 371 1175 itnpi-riali
402 1123 532 1162 voce
561 1109 897 1175 denuntians,
930 1112 1071 1165 illico
1101 1123 1157 1167 ut
1188 1115 1387 1169 audivit
1410 1115 1675 1184 discessit,

122 1184 270 1270 359
294 1212 349 1255 et
377 1216 479 1254 non
502 1201 631 1255 dicit
657 1220 668 1255 :
706 1203 852 1273 Rogo
885 1204 1093 1260 Patrem
1136 1214 1193 1257 ut
1221 1221 1401 1271 exeas,
1431 1207 1546 1272 sed,
1571 1207 1680 1275 Ego

124 1293 203 1342 lllll
249 1291 501 1361 pnecipio
531 1303 587 1346 ut
628 1294 883 1348 abscedas
918 1311 930 1348 :
966 1296 1157 1360 Surde,
1210 1296 1485 1366 inquit,.et
1535 1308 1678 1354 mute

121 1383 349 1448 spiritus.
382 1400 479 1451 ego
503 1384 593 1437 tibi
624 1387 876 1454 praecipio
907 1397 963 1441 ut
988 1403 1148 1441 exeas
1169 1389 1236 1442 ab
1260 1404 1344 1453 eo,
1378 1402 1426 1443 et
1451 1391 1679 1460 amplius

120 1488 212 1525 tum
243 1473 482 1527 introeas
514 1475 563 1528 in
596 1491 713 1529 eum
743 1476 932 1545 (Marc.
962 1493 1035 1537 lx.
1059 1478 1172 1545 ιΞιίν).
1201 1480 1333 1533 Audi
1359 1481 1532 1535 adhuc
1559 1498 1677 1535 eum

116 1564 195 1629 qui
235 1562 375 1616 dixit
407 1565 545 1634 Rogo
577 1581 595 1618 :
623 1567 1065 1634 quemadmodum
1110 1577 1358 1639 tanquam
1407 1572 1546 1626 Patri
1582 1574 1679 1626 im-

118 1665 304 1719 perans
341 1652 468 1707 dicit
491 1655 539 1707 al
564 1670 596 1707 ο
642 1656 728 1708 Ev.
753 1658 912 1725 ngeILi
944 1659 1059 1713 loco
1089 1675 1104 1713 :
1153 1661 1325 1723 Patrr,
1360 1664 1481 1716 volo
1512 1664 1677 1717 utubi

114 1757 204 1807 ego
230 1756 373 1807 sum,
403 1753 454 1796 et
484 1745 568 1797 isti
606 1747 711 1800 sint
750 1762 954 1803 mecum
990 1748 1164 1817 (Joan.
1202 1768 1326 1817 xvu,
1358 1753 1474 1822 ἐς).
1514 1754 1678 1809 Filius

1787 582 1938 632 xxxi,
1972 569 2087 639 25).
2142 570 2202 623 Et
2238 572 2289 625 in
2344 572 2551 626 \ctilius
2594 576 2953 642 apostolorum
2991 595 3003 629 :
3039 578 3091 631 lu
3139 579 3226 633 die
3256 598 3356 647 qua

1780 658 2053 720 apostolos
2111 660 2269 727 elegit
2319 678 2410 729 per
2461 663 2719 731 Spiiitum
2771 677 3015 720 sanctum
3069 670 3358 735 praedicare

1782 747 2130 814 Evaugi-lium
2156 790 2170 813 ,
2199 753 2391 821 quibus
2421 756 2577 808 etiam
2608 755 2848 812 exhibuit
2874 774 2933 814 se
2962 759 3135 827 ipsum
3179 760 3357 815 vivum

1782 850 1901 907 post
1928 841 2226 905 passionem
2259 857 2407 897 suam
2439 844 2491 898 in
2518 845 2697 901 multis
2728 844 3063 917 'argumentis
3091 865 3353 919 apparens

1780 932 1858 983 eis
1887 940 1938 981 et
1967 930 2166 985 docens
2196 932 2261 986 de
2292 948 2454 1000 regno
2480 935 2570 991 Dei
2601 938 2737 1009 (Act.
2772 954 2810 1002 ι,
2848 940 2923 1009 5).
2958 940 3016 996 Ei
3045 942 3209 995 Amos
3234 959 3358 1010 pro-

1785 1022 1942 1088 pheta
1985 1022 2059 1074 ait
2091 1038 2102 1073 :
2150 1022 2247 1087 Qui
2279 1025 2553 1079 consuituit
2590 1044 2751 1097 super
2789 1031 2955 1086 caelos
2984 1034 3352 1087 ascensionem

1780 1123 1952 1173 suam,
1994 1124 2040 1165 et
2071 1112 2506 1181 pollicitationem
2536 1118 2586 1172 in
2615 1127 2754 1174 terra
2789 1122 3017 1178 ilrmavit
3048 1125 3242 1195 (Antor.
3281 1143 3350 1190 ix,

1782 1201 1859 1270 6).
1895 1203 1957 1256 ει
1986 1205 2271 1271 Apostolus
2315 1224 2327 1258 :
2361 1205 2606 1264 Christus
2646 1224 2870 1280 surgens
2896 1229 2924 1267 a
2954 1217 3179 1271 mortuis
3200 1256 3215 1281 ,
3241 1216 3350 1285 jam

1784 1313 1887 1351 non
1930 1299 2171 1365 moritur,
2205 1314 2349 1353 mors
2386 1301 2434 1354 ci
2468 1304 2601 1356 ultra
2633 1319 2736 1357 non
2765 1305 3127 1363 dominabitur
3152 1310 3171 1380 (
3200 1310 3350 1364 Rom.

1783 1403 1853 1449 vr,
1880 1388 1956 1457 9).
1998 1388 2123 1444 Item
2154 1391 2295 1458 ipse:
2332 1392 2545 1447 Tradidi
2574 1395 2713 1449 enim
2747 1398 2897 1453 vobis
2938 1400 2990 1453 in
3020 1402 3204 1468 primis
3230 1404 3351 1472 qu‘a

1780 1476 1889 1531 Chr
1913 1488 2024 1532 stus
2068 1494 2307 1533 mortuus
2336 1494 2414 1536 est
2450 1500 2545 1547 pro
2578 1487 2809 1551 peccatis
2836 1490 3033 1543 nostris
3062 1493 3352 1547 secundum

1782 1566 2081 1636 Seripturas
2107 1568 2155 1639 (Ι
2182 1570 2301 1625 Cor.
2333 1588 2417 1637 xv,
2447 1572 2523 1644 5).
2561 1573 2625 1628 Et
2648 1574 2713 1628 ad
2739 1576 3076 1632 Timotheum
3107 1598 3118 1631 :
3153 1580 3355 1638 Memor

1782 1669 1897 1713 esto
1926 1658 2191 1714 Christum
2235 1662 2415 1717 .Iesum
2448 1669 2810 1723 rcsurrexisse
2841 1684 2869 1721 a
2915 1671 3137 1726 mortuis
3173 1688 3239 1727 ex
3271 1690 3354 1729 se-

1785 1750 1926 1803 mine
1958 1750 2117 1804 David
2147 1749 2234 1818 (II
2272 1752 2399 1806 Tim.
2424 1771 2477 1819 ιι,
2505 1755 2589 1824 8);
2619 1766 2670 1809 ιι
2698 1757 2844 1825 psalu
2869 1761 3351 1830 ocxxxvm(Vers.

115 1830 303 1884 deinde
322 1834 408 1895 qui
440 1849 533 1899 pro
555 1835 653 1890 sibi
684 1837 1023 1894 credentibus
1047 1840 1098 1893 in
1127 1841 1338 1897 homine
1359 1846 1674 1912 constituto,
1713 1842 1756 1900 Β
1790 1842 1873 1910 ικ)
1912 1860 1922 1892 :
1954 1842 2174 1897 Surrexi
2206 1852 2258 1897 et
2289 1844 2460 1898 adhuc
2492 1857 2664 1899 tecum
2694 1862 2831 1901 sum.
2863 1849 2923 1901 Et
2950 1850 2999 1903 in
3027 1850 3312 1920 Evangelio
3338 1870 3351 1906 :

116 1935 161 1974 nt
202 1934 329 1977 ante
366 1925 473 1989 jam
518 1926 715 1982 dictum
746 1940 847 1994 est,
896 1931 1103 1987 Patrem
1153 1936 1376 2003 rogavit.
1429 1938 1675 2007 Nunquid

116 2015 320 2068 l‘atrellt
349 2032 444 2085 pro
467 2019 643 2085 seipso
667 2024 905 2089 rogaret?
928 2024 1157 2079 Omnino
1188 2043 1291 2080 non
1322 2028 1524 2097 habuit,
1550 2045 1679 2099 quo-

114 2107 245 2159 niam
275 2123 380 2161 non
415 2109 512 2162 fuit
542 2112 591 2165 in
623 2113 713 2167 illo
738 2129 957 2181 persona
981 2116 1172 2173 debilis
1199 2120 1279 2174 vel
1305 2120 1536 2187 inﬁrma,
1560 2138 1679 2191 qu'e

114 2188 202 2267 per
231 2200 663 2269 deprecationem
692 2218 985 2263 u-ercretur
1007 2210 1279 2279 percipere
1310 2214 1629 2268 medicinam
1663 2256 1673 2267 .

114 2292 299 2345 iamsi
332 2291 514 2357 Filius,
548 2304 601 2348 ut
628 2298 889 2359 astruit‘s,
924 2300 1078 2355 Patre
1111 2303 1286 2355 minor
1315 2302 1519 2368 fuisset,
1551 2306 1670 2359 talia

111 2383 292 2450 utique
323 2399 427 2437 non
465 2386 684 2452 diceret,
712 2392 961 2457 quoniam
989 2394 1073 2461 qui
1120 2396 1335 2462 potiori,
1379 2398 1498 2452 volo
1528 2398 1675 2465 dicit,

120 2473 342 2528 inferior
368 2490 488 2529 esse
516 2493 617 2531 non
653 2491 845 2546 potest.

691 2592 916 2648 CAPUT
960 2597 1120 2650 XXX.

143 2678 307 2732 Pater
346 2680 539 2733 ("ilium
567 2685 815 2737 eaa'tasse
844 2687 1142 2763 ἀτίται-,μ
1172 2707 1287 2743 nom
1319 2710 1349 2744 η
1384 2694 1460 2746 illi
1496 2709 1648 2763 super

596 2770 738 2807 omne
771 2772 949 2809 nomen
981 2758 1198 2813 dedisse.

178 2858 233 2911 Si
267 2868 442 2911 autem
474 2861 711 2916 dixerint
753 2866 893 2933 quod
934 2867 1089 2921 Pater
1131 2870 1321 2924 Filium
1352 2888 1504 2926 suum
1537 2874 1681 2928 exal-

108 2949 254 3011 tavit,
298 2958 349 3004 et
378 2950 526 3005 ded.t
556 2953 629 3007 illi
672 2959 1059 3025 nomen,‘quod
1085 2972 1166 3013 est
1204 2978 1364 3030 super
1395 2981 1553 3019 omne
1585 2983 1681 3021 no-

108 3054 250 3094 men.
788 3062 791 3067 '

183 3131 482 3199 Responsio.
512 3135 609 3201 Qui
650 3138 790 3190 enim
832 3139 1125 3193 secundum
1158 3142 1447 3211 Scriptura:
1478 3158 1675 3202 Sancta:

108 3222 298 3275 seriem
326 3227 673 3293 semetipsnm
702 3230 965 3284 exaltasse
985 3231 1230 3299 docetur,
1264 3237 1313 3288 in
1340 3238 1486 3291 nullo
1510 3238 1673 3309 Patri,
1704 3209 1748 3269 (ἶ

108 3321 162 3364 υι
190 3313 297 3377 jam
322 3316 515 3383 saepius
553 3318 805 3383 diximus,
842 3322 1065 3377 inferior
1094 3324 1380 3392 judicatur.
1415 3329 1677 3399 Propheta

114 3401 161 3453 in
197 3404 400 3470 psalmo
444 3408 735 3461 centesimo
778 3426 917 3464 nono
962 3413 1135 3484 (νει-δ.
1178 3416 1250 3479 7)
1297 3429 1521 3474 canente
1555 3438 1567 3473 :
1606 3422 1678 3476 De

109 3501 362 3558 torrente,
393 3495 582 3561 inquit,
613 3498 663 3550 in
694 3500 771 3551 via
802 3499 953 3565 bibit,
987 3513 1271 3571 pr0ptcrea
1299 3508 1559 3565 exaltabit
1584 3526 1677 3564 ca-

108 3593 217 3650 put.
257 3586 318 3637 Et
350 3588 400 3638 in
428 3589 630 3654 psalmo
659 3607 798 3645 nono
826 3593 1004 3661 (Vera.
1037 3598 1149 3662 55),
1188 3598 1254 3652 de
1279 3601 1463 3655 eodem
1496 3603 1680 3659 Eccle-

106 3674 177 3724 sia
207 3676 331 3728 d.cit
366 3693 379 3731 :
415 3680 667 3749 Exsurge,
696 3682 936 3748 Domine,
964 3688 1233 3742 exaltetur
1257 3706 1442 3747 manus
1470 3704 1575 3747 tua.
1613 3695 1683 3749 Et

106 3765 154 3816 in
191 3769 396 3834 psalmo
423 3773 827 3842 quadragesimo
859 3779 1044 3845 quinto
1072 3780 1246 3847 (νινε.
1282 3786 1390 3851 Ii),
1423 3802 1516 3855 per
1547 3804 1672 3857 pro-

105 3857 319 3923 phetam
351 3863 485 3918 idem
517 3865 768 3923 Dominus
791 3876 1158 3941 coocionatur,
1182 3888 1235 3932 et
1265 3880 1396 3934 dicit
1421 3897 1436 3935 :
1471 3883 1676 3937 Exalta-

104 3947 200 3999 lmr
230 3950 280 4000 in
309 3953 571 4019 gentibus,
601 3968 651 4010 ct
681 3962 954 4015 exaltabor
980 3963 1030 4017 in
1062 3975 1221 4020 terra.
1256 3969 1415 4025 Isaias
1462 3990 1675 4044 quoque

102 4040 251 4103 par'a
300 4052 604 4098 contestans
636 4047 884 4115 loquitur,
935 4052 1157 4108 dicens:
1209 4058 1271 4111 Et
1310 4061 1449 4114 oculi
1477 4040 1672 4123 excelsi

106 4129 117 4177 Ι
146 4129 551 4196 umiliabuntur,
571 4144 628 4218 et
653 4138 862 4204 cadent,
892 4152 942 4194 et
965 4148 1289 4200 exa'tabitur
1314 4150 1567 4207 Dominus
1590 4168 1678 4207 so-

102 4220 188 4270 lus
221 4219 273 4269 in
320 4221 405 4274 die
445 4224 530 4276 illa
557 4226 574 4294 (
601 4225 727 4279 Isai.
763 4247 817 4292 ιι,
852 4234 904 4285 ιι
946 4234 985 4301 ).
1017 4236 1182 4290 Filius
1212 4240 1368 4308 igitur
1401 4245 1450 4296 in
1489 4256 1673 4301 natura

97 4306 319 4360 deitatis
345 4324 372 4361 a
408 4311 561 4367 I’atre
600 4332 703 4370 non
733 4319 926 4381 legitur
963 4326 1246 4393 exaltatus,
1284 4332 1375 4385 sed
1405 4333 1448 4386 is
1474 4337 1677 4390 exalta-

101 4406 183 4449 tus
217 4406 334 4461 est,
369 4412 420 4453 et
453 4419 644 4459 nomen
693 4422 854 4476 super
884 4429 1042 4469 oume
1082 4433 1275 4473 nomen
1312 4425 1535 4492 accepit,
1585 4430 1674 4497 qui

102 4489 164 4540 de
194 4488 426 4558 Virginis
452 4505 601 4548 utero
631 4513 791 4554 carne
820 4516 1113 4574 assumpta,
1142 4510 1282 4566 Deus
1306 4523 1358 4566 et
1392 4516 1549 4571 homo
1580 4536 1675 4573 na-

103 4584 182 4629 tus
212 4582 474 4647 apparuit.
959 4635 964 4640 .

649 4657 689 4711 C
711 4660 760 4711 \I
789 4659 876 4714 UT
922 4662 1107 4717 XXXI.

108 4758 323 4821 Quando
356 4764 524 4818 dicunt
564 4766 607 4818 1Γ
612 4770 756 4823 ilium
788 4790 817 4825 ιι
854 4772 1005 4829 Patre
1041 4788 1073 4830 α
1102 4787 1310 4835 mortuis
1348 4790 1666 4843 suscitatam.

171 4873 333 4942 390
376 4877 429 4929 Si
478 4889 652 4933 autem
706 4890 1045 4951 apposueriut
1088 4894 1223 4958 quod
1278 4895 1434 4951 Pater
1482 4901 1667 4958 Filium

107 4978 252 5016 statim
283 4980 310 5015 a
343 4970 563 5023 mortuis
587 4973 937 5030 suscitaverit.

178 5053 474 5122 Responsio.
497 5059 951 5125 Quemadmodum
974 5073 1293 5136 prmcedenti
1311 5076 1669 5144 disputatione

106 5156 131 5191 a
165 5147 451 5214 semetipso
494 5150 683 5206 Filium
730 5154 1004 5212 docuimus
1046 5165 1333 5219 exaltatum
1357 5168 1381 5232 ,’
1405 5169 1473 5223 ita
1503 5172 1665 5227 etiam

108 5249 238 5288 nunc
264 5237 574 5293 docebimus
613 5258 732 5296 eum
756 5261 784 5298 a
815 5252 1104 5318 semetipso
1135 5271 1159 5304 a
1195 5259 1416 5311 mortuis
1445 5264 1669 5318 suscita-

108 5334 231 5392 tum,
269 5329 428 5383 David
463 5333 512 5386 in
540 5337 740 5401 psalmo
773 5342 927 5395 tertio
951 5344 1126 5411 (νοτε.
1160 5348 1216 5415 6)
1244 5355 1660 5420 comprobante:

109 5414 474 5485 ligodormivi,
492 5435 545 5477 et
574 5434 969 5498 somnumcepi.
994 5439 1242 5503 quoniam
1271 5440 1524 5497 Dominus
1546 5461 1667 5501 sus-

111 5508 240 5572 repit
269 5525 377 5563 me.
410 5513 694 5583 Diligenter
719 5521 954 5587 attende,
978 5526 1097 5591 quia
1134 5526 1244 5595 Ego
1278 5535 1483 5586 surrexi
1510 5536 1668 5603 dixit,

114 5611 211 5649 non
246 5608 423 5654 autem
461 5604 554 5668 ait,
602 5606 710 5675 Ego
757 5610 984 5665 dormivi
1015 5626 1062 5667 et
1098 5616 1164 5670 ab
1191 5618 1297 5672 alio
1327 5625 1672 5681 resuscitatus

113 5694 344 5756 apparui.
378 5694 440 5747 Et
468 5695 519 5749 iu
562 5697 789 5752 Jeremia
826 5719 835 5752 :
868 5702 1145 5759 Inebriabo
1175 5710 1403 5766 animam
1429 5720 1671 5773 esurien-

114 5786 233 5847 tem,
284 5793 336 5836 ιιι
387 5788 616 5842 animam
649 5794 972 5848 esurientem
1008 5798 1235 5865 imp'chu
1270 5820 1279 5853 :
1317 5820 1527 5874 propter
1573 5812 1669 5867 hoc

1782 1930 2027 1984 Surrexit
2054 1931 2307 1987 Dominus
2330 1950 2471 1997 vere,
2494 1946 2547 1990 et
2572 1937 2715 1991 visus
2734 1948 2815 1993 est
2836 1938 2903 1993 ab
2926 1940 3005 1994 eis
3033 1940 3180 2011 (Luc.
3205 1959 3349 2007 xuii,

1780 2024 1843 2077 ‘24
1875 2022 1912 2090 ).
1952 2023 2012 2077 Et
2042 2026 2215 2094 angeli
2264 2027 2571 2081 mulieribus
2604 2051 2615 2080 :
2650 2029 2761 2083 Non
2789 2041 2870 2084 est
2911 2032 3028 2095 hic,
3061 2036 3354 2088 resurrexit

1781 2117 1920 2168 cnim
1949 2116 2084 2169 sicut
2106 2117 2245 2171 dixit
2272 2118 2485 2187 (Matth.
2514 2136 2703 2190 xxvul,
2732 2122 2805 2190 6).
2837 2123 2901 2177 Et
2932 2124 3042 2193 ipse
3064 2125 3353 2181 Dominus:

1784 2204 1920 2258 Ecce
1938 2206 2271 2261 ascendimus
2295 2208 2701 2280 Jerosolymam.
2726 2221 2778 2267 et
2807 2212 2971 2268 Filius
2998 2214 3227 2271 hominis
3250 2228 3354 2270 tra-

1782 2297 1937 2351 detur
1969 2301 2019 2352 in
2052 2301 2296 2354 manibus
2336 2302 2605 2357 hominum
2654 2316 3027 2372 peccatorum;
3059 2320 3111 2362 et
3141 2309 3352 2363 tradent

1783 2403 1901 2442 eum
1926 2393 2171 2458 gentibus
2197 2392 2257 2445 rd
2283 2394 2607 2449 illudendum
2637 2407 2691 2450 et
2716 2399 3152 2468 cruciﬁgeudum,
3176 2411 3227 2455 et
3250 2413 3352 2455 ter-

1786 2480 1853 2534 tia
1886 2479 1970 2535 die
2017 2493 2249 2552 resurget
2290 2482 2517 2554 (Matth.
2552 2502 2639 2551 xx,
2694 2487 2819 2555 18).
2856 2488 2919 2542 Et
2960 2491 3149 2543 iterum
3190 2509 3200 2544 :
3247 2493 3365 2561 Ego.

1785 2586 1900 2626 Sum
1930 2576 2247 2629 resurrectio
2267 2585 2319 2629 et
2346 2579 2450 2630 vita
2493 2578 2671 2648 (Joan.
2710 2595 2781 2641 xi,
2813 2580 2926 2647 ‘25).
2953 2581 3049 2647 Qui
3082 2584 3351 2640 hominem

1786 2665 2119 2718 resuscitavit
2140 2680 2167 2718 a
2199 2668 2439 2732 mortuis,
2466 2678 2518 2722 et
2542 2672 2985 2725 resurrectionem
3014 2673 3132 2728 vitae
3159 2689 3184 2728 s
3208 2700 3211 2703 -
3237 2691 3356 2730 esse

1786 2754 2081 2822 perdocuit,
2105 2772 2209 2810 non
2242 2767 2386 2811 caret
2419 2759 2651 2826 potentia
2680 2762 2911 2815 (li-italis.

2329 2870 2550 2927 CAPUT
2599 2874 2811 2928 XXXII.

1860 2957 1957 3010 Ubi
1983 2958 2156 3011 dicunt
2190 2962 2324 3028 quod
2357 2979 2454 3015 non
2484 2964 2544 3015 tle
2581 2963 2716 3032 Deo,
2749 2969 2835 3021 81d
2864 2986 2929 3023 ea:
2960 2968 3063 3024 [λυ
3106 2974 3286 3026 exierit

2475 3051 2661 3109 Filius.

1857 3140 2014 3211 391
2049 3139 2103 3193 Si
2135 3142 2225 3195 tibi
2257 3141 2288 3195 d
2316 3144 2491 3197 xerint
2525 3163 2535 3196 :
2568 3148 2688 3215 quia
2720 3148 2837 3203 ideo
2866 3151 3035 3205 minor
3064 3162 3142 3205 est
3168 3152 3351 3221 Filius,

1780 3234 1901 3299 quia
1932 3246 2032 3285 non
2057 3231 2123 3285 de
2158 3232 2282 3298 Deo,
2314 3234 2407 3288 sed
2438 3250 2499 3289 ex
2533 3236 2639 3291 Deo
2665 3254 2724 3292 se
2756 3241 2998 3307 probavit
3025 3256 3166 3299 esse.

1857 3321 2152 3391 Responsio.
2184 3322 2306 3380 Sive
2334 3331 2474 3380 enim
2520 3345 2582 3382 ex
2616 3330 2742 3395 Deo,
2774 3332 2884 3387 sive
2927 3332 2993 3388 de
3038 3334 3147 3389 Deo
3190 3335 3352 3391 Filius

1782 3410 1975 3464 dicitur
1997 3413 2195 3478 exisse,
2225 3415 2449 3469 detrime
2493 3426 2601 3471 tum
2633 3420 2839 3489 aliquod
2887 3423 3053 3491 ipsius
3097 3426 3352 3480 ineﬂabili

1781 3502 1814 3555 (ι
1852 3502 1963 3555 itati
1996 3518 2095 3555 non
2128 3514 2299 3571 potest
2326 3508 2625 3574 provenire,
2656 3510 2771 3577 ipso
2808 3513 2856 3564 in
2902 3513 3189 3582 Evangelia
3216 3524 3345 3571 atte-

1782 3603 1953 3647 SIaute
1986 3612 1997 3647 :
2034 3596 2142 3663 Ego
2184 3611 2210 3647 a
2244 3597 2352 3651 Deo
2384 3598 2538 3653 Patre
2568 3600 2729 3665 exivi,
2776 3612 2828 3655 ct
2860 3605 3017 3669 Venit
3050 3604 3209 3657 Joan.
3241 3622 3351 3668 xvi,

1780 3685 1895 3752 27).
1931 3686 1993 3739 Et
2034 3687 2084 3740 in
2117 3687 2351 3756 Epistola
2377 3689 2599 3744 Joannis
2632 3693 2857 3759 apOsloli
2904 3712 2914 3746 :
2950 3696 3049 3761 Qui
3093 3705 3247 3751 natus
3272 3708 3354 3752 cst

1781 3774 1845 3829 de
1874 3778 2003 3841 Deo,
2041 3780 2133 3843 ait,
2166 3796 2271 3833 non
2304 3792 2484 3849 peccat
2515 3781 2569 3850 (1
2597 3781 2751 3837 Joan.
2786 3802 2862 3852 ut,
2891 3788 2969 3856 9).
3007 3789 3066 3842 Et
3094 3790 3146 3843 in
3179 3789 3357 3843 Evan-

1779 3870 1921 3938 gelio
1964 3870 2213 3925 Pharisaai
2262 3872 2653 3943 interrogantes
2679 3875 2925 3931 d‘cebant
2960 3897 2973 3931 :
3024 3879 3213 3945 Rabbi,
3245 3884 3350 3935 sci-

1780 3977 1898 4017 mus
1924 3964 2050 4032 quia
2099 3981 2126 4017 a
2162 3965 2270 4020 Deo
2296 3969 2490 4021 venisti
2522 3970 2775 4038 magister
2807 3989 2817 4023 :
2854 3988 2887 4025 ιι
2924 3988 3010 4025 mo
3040 3984 3211 4043 potest
3241 3976 3351 4032 hrec

1779 4054 1926 4123 signa
1967 4054 2138 4109 facere
2164 4073 2282 4125 qua:
2330 4067 2383 4111 tu
2419 4060 2570 4125 lacis,
2602 4060 2702 4113 nisi
2744 4061 2899 4115 fuerit
2931 4064 3066 4118 Deus
3096 4080 3218 4119 cum
3264 4068 3352 4119 illo

1782 4144 1959 4214 (Joan.
1993 4162 2072 4209 ιιι,
2116 4147 2195 4215 2).
2231 4147 2493 4215 Agnosco,
2537 4151 2785 4217 quoniam
2830 4154 2917 4218 qui
2965 4168 3023 4207 se
3068 4154 3239 4221 ipsum
3287 4158 3352 4210 de

1784 4238 1893 4291 Deo
1920 4255 1931 4300 ;
1956 4250 2007 4291 et
2037 4254 2141 4291 non
2170 4254 2234 4293 ex
2268 4241 2395 4304 Deo,
2425 4250 2481 4294 ut
2512 4241 2625 4309 ipse
2650 4244 3013 4309 calunmiaris,
3040 4246 3234 4301 fatetur
3255 4264 3351 4304 cx-

1781 4328 1928 4391 iissc,
1959 4343 2054 4381 nec
2078 4328 2295 4383 inferior
2313 4330 2599 4398 iudicatur,
2626 4347 2795 4403 neque
2822 4335 2887 4388 ab
2907 4337 3157 4403 mquitate
3177 4349 3350 4410 pater.

1781 4433 1864 4472 na:
1892 4420 2137 4487 pmentia:
2162 4431 2462 4488 separatur.

2311 4534 2534 4590 CAPUT
2574 4537 2805 4592 XXXIII.

2059 4622 2181 4677 Non
2205 4640 2310 4679 esse
2332 4626 2513 4680 bonum
2546 4629 2641 4682 nisi
2683 4631 2846 4683 solum
2885 4632 3063 4687 Deum.

1848 4728 1901 4784 Si
1932 4732 2020 4785 tibi
2050 4738 2394 4802 opposuerint
2420 4740 2559 4806 quod
2600 4741 2712 4808 ip'se
2746 4742 2906 4797 Filius
2930 4745 3126 4801 dixerit
3161 4766 3171 4800 :
3207 4751 3341 4816 Quéd

1777 4836 1862 4874 me
1897 4821 2026 4877 dicis
2058 4824 2295 4879 bonum?
2327 4844 2429 4881 non
2462 4842 2544 4884 est
2569 4831 2764 4900 bonus,
2800 4837 2897 4890 nisi
2933 4854 3067 4894 unus
3097 4841 3251 4896 Deus.

1849 4913 2149 4982 Responsio.
2181 4918 2308 4985 Quis
2342 4923 2535 4975 malum
2562 4925 2761 4992 judicet
2783 4968 2796 4989 ,
2829 4930 2918 4995 qui
2962 4948 3020 4987 se
3054 4933 3223 5002 ipsum
3256 4954 3346 5005 pa-

1779 5013 1975 5060 storem
2019 5008 2214 5062 bonum
2249 5017 2593 5079 pronuntiet?
2621 5017 2723 5071 Aut
2752 5024 2871 5087 quis
2904 5027 3215 5095 tua‘q‘ualem
3250 5028 3343 5080 I’a-

1781 5096 1842 5149 tri
1867 5098 2113 5164 aitirmet,
2140 5103 2226 5171 qui
2256 5118 2315 5157 se
2339 5121 2499 5159 unum
2524 5123 2641 5162 cum
2671 5110 2825 5167 Patre
2852 5130 2968 5168 esse
2990 5116 3181 5170 demon
3218 5126 3341 5172 trat.

1777 5184 1888 5253 Ego
1918 5202 2058 5254 sum,
2106 5192 2199 5257 ait,
2251 5206 2431 5263 pastor
2468 5197 2660 5255 bonus.
2716 5204 2778 5257 Et
2823 5205 2981 5259 David
3021 5206 3071 5260 in
3120 5223 3347 5276 perswa

1778 5273 1943 5331 Patris
1994 5279 2180 5334 Filium
2233 5285 2543 5354 iulimantis,
2600 5294 2649 5345 in
2698 5296 2898 5362 psalmo
2938 5273 3351 5366 quadragesimo.

1777 5380 1964 5433 quarto
2003 5371 2171 5427 dicit:
2208 5375 2475 5432 Eructavit
2516 5396 2608 5436 cor
2642 5386 3074 5441 meum,verbum
3122 5391 3338 5443 Ianum.

1780 5456 1843 5509 Et
1886 5458 2185 5520 Jeremias:
2220 5466 2394 5524 Bonus
2436 5483 2517 5525 est
2556 5473 2809 5529 Dominus
2850 5478 2928 5531 eis
2958 5468 3043 5546 qui
3080 5479 3351 5535 siistinent

1777 5564 1919 5612 eum,
1952 5559 2006 5604 et
2052 5552 2101 5605 in
2131 5554 2216 5609 die
2247 5558 2605 5617 tribulationis
2641 5575 2890 5633 agnoscet
2921 5581 3012 5620 eos
3038 5569 3124 5637 qui
3160 5570 3350 5625 timent

1776 5651 1897 5691 eum
1933 5639 2145 5707 (Tltrett.
2192 5661 2271 5713 ιιι,
2303 5649 2415 5718 25).
2454 5651 2515 5704 Et
2549 5653 2659 5721 ipse
2692 5653 2940 5709 Dominus
2976 5674 2989 5709 :
3039 5660 3116 5713 An
3159 5662 3343 5717 oculus

1778 5736 1897 5781 tuus
1927 5745 2152 5799 nequam
2185 5748 2285 5800 est,
2334 5742 2451 5807 quia
2492 5757 2588 5809 ego
2621 5742 2787 5795 bonus
2817 5759 2931 5797 sum
2965 5751 2986 5817 '(
3021 5749 3204 5805 illrum.
3255 5771 3342 5821 xx,

1780 5818 1900 5887 15)?
1943 5823 2007 5877 Et
2033 5824 2082 5878 in
2131 5828 2332 5894 psalmo
2374 5833 2666 5888 contuimo
2697 5844 2884 5889 octavo
2916 5838 3120 5899 decimo
3150 5848 3167 5908 (
3202 5818 3345 5902 γεγε.
