3938 6376
458 306 559 364 575

1775 294 2008 354 YIGILll
2040 293 2411 348 TAPSENSiS

3631 297 3738 350 5'16

459 416 548 485 68)
581 433 591 466 :
628 414 804 468 Bonus
833 429 914 478 es,
943 413 1193 479 Domine,
1223 419 1286 470 ct~
1320 410 1373 463 in
1414 409 1650 462 bonitate
1680 416 1765 459 tua
1798 410 1933 460 doce
1961 420 2046 458 me
2082 410 2123 466 Α
2157 405 2308 458 Meus
2337 415 2418 459 est
2447 404 2588 462 enim
2621 404 2767 458 orbis
2796 413 2949 464 terra:
2981 415 3032 461 et
3063 407 3345 475 plenitudo.
3369 407 3509 474 ejus,
3557 408 3736 463 Nam“,

461 506 871 576 justiticatioues
919 517 1057 561 tuas.
1094 506 1157 559 Et
1205 503 1532 572 Apostolus:
1578 500 1842 566 Quoniam
1873 499 2044 552 bonus

461 554 870 576 .-------s—--~--~-
921 554 1056 561 -—--~-
1095 554 1155 559 -ν
1205 554 1274 572 --τ
1305 554 1341 557 ν-
1475 554 1482 555 κ
1589 554 1618 566 ς

421 554 596 666 iotlor
619 600 814 654 Christi
841 616 1046 666 smnus,
1080 600 1130 653 in
1159 597 1238 650 his
1266 597 1350 664 qui
1384 595 1512 648 salvi
1543 595 1694 656 liunt,
1717 604 1771 646 et
1804 593 1852 642 in
1885 591 2043 662 392

463 695 543 746 his
569 692 660 763 qui
694 701 918 762 pereunt
943 689 1039 759 (II
1071 688 1192 744 Cor.
1226 705 1283 752 ιι,
1318 686 1435 755 15).
1471 685 1631 738 Vides
1672 687 1790 753 quia
1824 699 1928 735 non
1956 697 2043 734 ca-

466 797 546 837 ret
592 785 850 849 bonitate,
896 783 982 851 qui
1026 796 1238 846 omuem
1285 781 1335 832 in
1377 794 1435 832 se
1473 777 1767 830 divio‘tatis
1808 775 2070 830 conzinet'

470 876 874 946 plenitudinem.

1001 982 1227 1052 CAPUT
1271 979 1511 1037 χχχιι.

467 1129 766 1183 Declaratur
808 1129 898 1180 hoc
936 1127 1071 1194 quod
1116 1124 1302 1177 dicitur
1334 1123 1383 1174 in
1428 1121 1667 1188 Apostolo
1701 1136 1721 1194 :_
1755 1117 1837 1194 Ur
1861 1133 2044 1194 cogno—

532 1209 672 1252 scant
700 1209 747 1251 te
773 1187 1138 1251 solum-verunt
1184 1195 1361 1256 Deum,
1395 1200 1437 1244 et
1476 1187 1624 1257 quem
1657 1190 1838 1242 misisti
1863 1187 2051 1240 Jesttm.

532 1269 812 1323 Christum.

535 1416 590 1471 Si
623 1415 857 1468 dixerint
886 1411 1014 1465 illud
1046 1408 1186 1479 quod
1217 1408 1354 1461 idem
1385 1405 1550 1458 Filius
1580 1403 1773 1456 dixerit
1813 1417 1824 1454 :
1859 1401 1925 1456 Ut
1955 1415 2044 1456 ρο·
2081 1383 2088 1390 ’

461 1517 721 1577 gnoscant
753 1518 804 1560 te
836 1505 1006 1558 solum
1038 1518 1219 1555 verum
1252 1501 1439 1561 Deum,
1465 1507 1516 1550 et
1544 1512 1699 1564 quem
1734 1494 1922 1546 misisti
1955 1493 2042 1551 Je-

462 1615 578 1653 sum
611 1597 904 1651 Christum.

545 1689 846 1758 Responsio.
894 1687 1086 1749 Filium
1122 1699 1304 1737 verum
1334 1696 1482 1744 esse,
1519 1689 1572 1732 ut
1604 1678 1762 1735 Pater
1791 1685 1892 1741 cst,
1927 1689 2046 1743 pro-

472 1780 700 1849 plteticis
746 1777 1175 1845 evangelicisque
1204 1773 1420 1827 vocibus
1449 1771 1885 1838 comprobamus,
1915 1767 2046 1820 Isaia
2084 1778 2134 1836 Β

462 1875 705 1928 dicente:
729 1871 1091 1927 Servientibus
1117 1883 1244 1920 Vero
1271 1866 1396 1919 mihi
1427 1864 1701 1918 vocabitur
1725 1876 1920 1914 nomen
1946 1877 2041 1913 no-

463 1981 612 2031 vum,
641 1964 782 2032 quod
826 1962 1166 2017 benedicetur
1195 1973 1352 2024 super
1382 1941 1599 2022 teram,
1630 1963 1682 2006 ct
1731 1953 2045 2008 benedicent

469 2059 634 2112 lieum
660 2071 868 2118 verum,
919 2064 966 2109 et
996 2053 1084 2120 qui
1125 2053 1301 2117 jtn-ant
1336 2063 1498 2116 super
1545 2056 1762 2108 terram,
1789 2043 2047 2116 jurabunt

469 2152 520 2201 in
568 2147 734 2200 Deum
769 2159 948 2198 verum
993 2141 1166 2213 (Isai.
1202 2139 1435 2206 t.xv,_15
1459 2139 1501 2207 ).
1538 2137 1600 2192 Et
1633 2140 1681 2188 in
1711 2135 1995 2190 Salomone
2029 2154 2041 2190 :

468 2229 802 2295 Verebuntur
832 2251 944 2299 eos,
977 2250 1111 2305 quos
1149 2242 1335 2301 putant
1383 2231 1512 2284 deos
1553 2244 1580 2281 a
1634 2229 1825 2296 quibus
1869 2237 2045 2282 exter-

463 2311 1116 2398 minabuntur,‘videntes
1166 2332 1337 2396 illum,
1383 2341 1539 2396 quem
1581 2325 1710 2378 olim
1745 2311 2042 2395 negabant,

464 2427 630 2482 Deum
647 2438 1176 2497 verttmagnoverunt
1200 2424 1354 2495 (Sap.
1385 2419 1609 2486 xu,27).
1639 2417 1703 2471 Et
1730 2419 1778 2471 in
1805 2419 2040 2486 psalmo:

465 2518 678 2573 Veritas
698 2519 763 2574 de
791 2527 928 2572 terra
955 2527 1067 2573 orta
1087 2526 1188 2583 est,
1210 2526 1262 2572 et
1274 2515 1477 2585 justitia
1523 2517 1592 2572 de
1611 2514 1749 2567 coelo
1773 2510 2045 2581 prospexit

465 2611 633 2680 (Psal.
669 2628 886 2677 Lxxxtv,
923 2612 1031 2682 12).
1084 2613 1150 2666 Et
1183 2612 1439 2667 Dominus
1468 2613 1521 2666 in
1570 2609 1858 2678 Evangelio
1888 2626 1898 2658 :
1935 2606 2044 2675 Ego

461 2719 580 2756 sum
610 2704 711 2767 via,
741 2705 937 2758 veritas
959 2713 1013 2758 et
1051 2702 1157 2756 vita
1184 2702 1363 2774 (Joan.
1394 2718 1503 2767 xtv,
1545 2702 1622 2772 6).
1651 2703 1712 2756 Et
1748 2702 1815 2754 ibi
1849 2700 1912 2752 ad
1948 2697 2044 2752 Pa-

386 2859 392 2865 ,
462 2803 598 2849 trem
625 2812 638 2847 :
669 2793 860 2852 Sermo
891 2806 1011 2847 tuus
1041 2795 1236 2848 veritas
1262 2804 1344 2848 est
1377 2793 1556 2864 (Joan.
1587 2809 1711 2855 xvii,
1744 2792 1852 2860 l7).
1900 2791 1961 2843 Et
1991 2790 2043 2843 in

465 2884 702 2954 Epistola
725 2886 946 2940 Joannis
974 2886 1202 2954 apostoli
1235 2904 1248 2940 :
1280 2883 1516 2948 Scimus,
1561 2885 1654 2944 ait,
1697 2883 1838 2950 quod
1881 2881 2046 2936 Filius

469 2973 560 3028 Dei
587 2975 752 3042 venit,
787 2986 836 3028 et
870 2975 1016 3029 dedit
1044 2976 1197 3029 nobis
1222 2976 1554 3036 intellectum
1577 2985 1632 3027 ut
1653 2974 1883 3028 sciamus
1907 2973 2045 3040 quod

463 3076 546 3120 est
575 3081 776 3129 verum,
813 3077 866 3125 et
897 3068 1061 3120 simus
1091 3068 1143 3120 in
1178 3083 1303 3120 vero
1334 3067 1468 3120 Filio
1498 3067 1613 3136 ejus
1653 3067 1778 3119 Jcsu
1805 3064 2038 3141 Christo.

407 3221 412 3224 _
465 3157 563 3212 llic
591 3165 674 3210 est
700 3156 838 3210 Deus
869 3173 1046 3222 verus,
1079 3167 1132 3210 ct
1167 3158 1268 3210 vi'a
1297 3170 1496 3211 :eterna
1539 3157 1557 3228 (
1588 3156 1611 3208 1
1643 3155 1799 3208 Joan.
1830 3172 1882 3221 ν,
1910 3156 2038 3224 20).

467 3249 543 3302 Ex
573 3251 674 3302 hoc
713 3250 890 3319 itaque
919 3249 1082 3304 debes
1125 3251 1297 3304 Patris
1337 3259 1393 3304 et
1429 3250 1844 3306 Filii‘nnitatem
1883 3264 2044 3316 agno-

465 3352 636 3405 scere,
669 3322 917 3408 quoniam
951 3340 1086 3403 sicut
1117 3340 1350 3405 Patrem,
1385 3342 1455 3394 ita
1490 3343 1650 3395 etiam
1687 3339 1872 3392 Filium
1903 3339 2044 3392 Scri-

466 3439 617 3498 ptura
642 3429 816 3486 divina
847 3431 1012 3486 Deum
1045 3447 1229 3486 verum
1264 3448 1368 3486 non
1393 3432 1592 3487 desinit
1622 3429 1932 3498 praedicare.

1010 3569 1236 3625 CAPUT
1273 3569 1490 3624 XXXV.

470 3677 565 3731 Ubi
593 3680 779 3732 dicitur
810 3697 825 3730 :
862 3678 982 3732 Pete
1020 3695 1051 3731 a
1079 3695 1177 3740 me.
1209 3690 1255 3732 et
1293 3681 1423 3733 dabo
1451 3681 1538 3734 tibi
1578 3690 1748 3748 gentes
1775 3681 2046 3733 haeredita-

1107 3759 1202 3801 tem
1229 3758 1392 3804 tuam.

535 3861 591 3914 Si
624 3862 724 3914 tibi
753 3863 1101 3929 oppos-ierint
1129 3865 1267 3930 quod
1301 3864 1350 3915 in
1399 3865 1602 3928 psalmo
1645 3865 1840 3916 dicitur
1867 3881 1880 3918 ε
1917 3865 2046 3916 Pos-

467 3952 574 4005 tula
600 3967 630 4004 a
657 3968 764 4018 me,
788 3962 842 4006 et
867 3952 1007 4007 dabo
1037 3952 1129 4005 tibi
1164 3965 1346 4022 gentes
1376 3953 1739 4007 btereditatcm
1790 3964 1954 4018 tuam,
1990 3965 2044 4008 et

350 4077 370 4095 .
466 4045 856 4111 possessionem
885 4055 1025 4097 tuam
1062 4046 1320 4098 terminos
1351 4054 1506 4099 terra.-
1532 4044 1703 4114 (Psal.
1741 4061 1796 4103 ιι,
1824 4047 1898 4111 8).

529 4137 691 4207 393
717 4137 1014 4207 Responsio.
1039 4136 1169 4190 Cum
1195 4138 1373 4190 omnia
1390 4137 1612 4192 visibilia
1644 4147 1700 4190 et
1731 4137 2010 4190 invisibilia
2029 4179 2041 4199 ,

465 4232 574 4285 sive
597 4233 794 4295 throni,
820 4233 930 4284 sive
947 4232 1360 4294 dominationes,
1393 4233 1512 4285 sive
1543 4231 1906 4300 principatus,
1934 4231 2049 4284 sive

467 4331 796 4384 potestatesa
813 4323 1237 4390 Filio-antequam
1261 4323 1724 4386 essentexierunt,
1750 4335 1906 4390 quam
1933 4320 2045 4374 ba:-

467 4413 743 4466 reditatem
768 4412 944 4465 dicitis
967 4414 1286 4482 postulando
1311 4415 1499 4466 Filium
1523 4430 1551 4466 a
1575 4415 1731 4468 Patre
1753 4413 2044 4482 accepisse,

2151 494 2216 548 de
2247 494 2362 563 ipso
2389 495 2439 547 in
2469 497 2863 564 septuagesimo
2886 496 3058 565 primo
3087 496 3286 551 dicitur
3313 500 3524 566 psalmo
3552 497 3726 564 (Ven.

2152 585 2203 654 8)
2233 603 2246 638 :
2280 585 2652 640 Dominabitur
2683 602 2711 639 a
2735 588 2868 640 mari
2904 603 3067 657 usque
3083 589 3150 642 ad
3181 605 3349 655 mare,
3383 602 3431 644 et
3466 607 3496 642 a
3525 592 3737 646 [lumine

2153 692 2317 751 usque
2339 678 2405 732 ad
2439 679 2696 734 terminos
2723 679 2871 732 orbis
2899 688 3075 734 teme.
3121 681 3190 735 Ut
3226 697 3348 736 cum
3398 684 3518 738 haec
3561 685 3734 737 omnia

2151 767 2194 820 F
2197 767 2318 821 ilius
2347 783 2440 822 sua
2491 783 2610 822 esse
2647 770 2950 837 prophetica
2978 773 3384 827 annuntiatione
3423 776 3736 844 signaret-it,

2149 872 2243 911 vos
2269 874 2410 913 nunc
2436 860 2704 914 05tendite
2737 876 2896 930 quam
2924 861 3082 916 aliam
3107 862 3481 923 litercditatem
3523 881 3553 919 a
3584 865 3736 926 Patre

2150 951 2318 1017 potuit
2347 947 2510 1006 Filius
2544 951 2861 1026 postulando
2888 951 3159 1023 accipere.

2683 1098 2905 1158 CAPUT
2947 1099 3190 1161 XXXVI.

2357 1236 2453 1289 Ubi
2487 1237 2670 1289 dicitur
2700 1235 2907 1290 Patrem
2935 1238 3273 1304 sanctiﬁcasse
3315 1238 3533 1292 Filium.

2220 1358 2277 1413 Si
2307 1359 2400 1413 tibi
2432 1360 2726 1428 objecerint
2757 1361 2896 1429 quod
2947 1362 2998 1414 in
3042 1363 3327 1432 Evangelia
3361 1364 3429 1416 de
3469 1379 3531 1417 se
3575 1364 3737 1417 Filius

2151 1451 2348 1506 dixerit
2379 1468 2393 1504 :
2426 1453 2594 1518 Quem
2642 1453 2798 1506 Pater
2842 1454 3217 1519 sanctilicavit,
3249 1463 3304 1508 et
3333 1454 3483 1509 misit
3512 1456 3568 1508 in
3607 1456 3741 1508 hunc

2152 1541 2408 1596 mundum
2442 1541 2618 1611 (Joan.
2649 1560 2703 1608 ι,
2730 1545 2840 1610 56).

2227 1635 2529 1705 Responsio.
2562 1637 2617 1690 ln
2645 1638 2860 1691 deitatis
2886 1637 3309 1692 sanctiﬁcatione
3328 1640 3485 1692 Pater
3501 1649 3556 1693 et
3584 1638 3742 1693 Filius

2154 1743 2314 1780 tinum
2343 1736 2492 1793 sunt,
2521 1729 2663 1795 quod
2691 1729 2850 1782 etiam
2881 1730 3123 1797 Apostoli
3156 1729 3468 1784 testimonio
3490 1745 3737 1798 compro-

2155 1820 2313 1874 batur
2343 1837 2354 1872 :
2385 1820 2485 1886 Qui
2512 1821 2807 1874 sanctiﬁcat
2855 1832 2904 1874 et
2948 1821 3042 1889 qui
3081 1821 3506 1886 sanctilicantnr,
3554 1821 3740 1888 inquit,

2150 1929 2213 1966 ex
2247 1928 2352 1965 uno
2381 1927 2568 1966 omnes
2603 1911 2789 1980 (Hebr.
2818 1927 2874 1975 tl,
2908 1912 3016 1979 Ir).
3050 1911 3117 1966 Ut
3138 1927 3163 1962 a
3190 1913 3482 1980 semetipso
3511 1914 3738 1966 sanctiﬁ-

2148 2016 2321 2059 catum
2351 2005 2542 2059 Filium
2575 2005 2881 2069 doceamus,
2935 2005 3103 2072 ipsius
3148 2021 3213 2059 ex
3263 2006 3553 2074 Evangelia
3597 2007 3740 2060 testi-

2149 2098 2386 2150 monium
2437 2096 2824 2162 adhibeamus,
2885 2097 2958 2149 ait
2986 2114 2996 2147 :
3023 2096 3139 2151 Misi
3177 2111 3270 2150 eos
3316 2098 3369 2149 io
3408 2099 3551 2151 hunc
3589 2113 3739 2150 mun-

2149 2187 2296 2254 dum,
2329 2198 2387 2242 et
2414 2203 2508 2256 pro
2532 2190 2612 2241 eis
2635 2187 2968 2242 san'ctitieavi
2991 2188 3252 2254 meipsum
3278 2187 3604 2257 (10%.!7",
3631 2188 3736 2256 18).

2154 2279 2220 2332 Et
2260 2293 2472 2333 rursum
2537 2279 2586 2332 itt
2636 2278 2837 2346 psalmo
2881 2277 3298 2348 quadragesimo
3340 2278 3505 2349 395
3556 2281 3738 2348 quinto

2147 2369 2324 2441 (Vera.
2375 2369 2464 2440 5),
2502 2371 2569 2425 de
2608 2370 2790 2438 temp!i
2832 2371 3074 2437 corporis
3125 2371 3248 2439 ejus
3300 2369 3730 2423 s-inctiﬁcatione

2148 2462 2289 2516 canit
2318 2469 2372 2516 et
2405 2460 2533 2515 dicit
2565 2479 2578 2512 :
2607 2460 2976 2514 Sanctilicabit
3019 2461 3423 2515 tabernaculum
3453 2475 3609 2514 suum
3650 2462 3733 2514 Al-

2150 2553 2419 2614 tissimus;
2442 2553 2578 2607 Deus
2599 2553 2651 2606 in
2677 2551 2853 2606 medio
2879 2552 2994 2620 ejus
3016 2567 3125 2606 non
3147 2553 3592 2606 commovebitur.
3609 2553 3736 2606 Etet

2152 2647 2289 2701 hanc
2321 2646 2797 2702 sanctiﬁcationem
2823 2661 2958 2716 Opus
2997 2662 3284 2702 commune
3314 2650 3592 2703 Trinitatis
3621 2665 3734 2705 esse

2151 2737 2489 2806 perdoceam,
2535 2739 2775 2805 Apostoli
2829 2740 3042 2806 profero
3096 2739 3146 2792 in
3196 2739 3334 2794 hanc
3375 2741 3735 2796 defensionem

2149 2829 2474 2885 sententiam
2528 2849 2538 2880 :
2579 2829 2684 2883 Sed
2729 2829 2842 2883 haec
2891 2829 3104 2898 quidem
3150 2829 3358 2894 fuistis,
3401 2832 3596 2897 inquit,
3650 2836 3733 2887 sed

2153 2921 2320 2975 abluti
2353 2922 2504 2984 esus,
2531 2929 2584 2974 et
2622 2912 2938 2975 sanctiticati
2968 2923 3126 2985 estis,
3154 2931 3208 2974 et
3231 2923 3505 2989 justiticati
3533 2923 3669 2977 estis
3692 2926 3737 2978 in

2154 3013 2370 3066 nomine
2404 3013 2610 3065 Domini
2637 3012 2806 3066 nostri
2829 3011 2951 3066 Jesu
2979 3010 3176 3065 Christi
3208 3023 3261 3067 et
3291 3013 3497 3080 Spiritu
3529 3015 3615 3069 Dei
3645 3031 3736 3068 no.

2072 3130 2120 3194 ο
2148 3105 2246 3158 slri
2271 3102 2320 3171 (Ι
2347 3102 2465 3157 Cor.
2499 3118 2569 3170 vt,
2606 3103 2718 3170 ll).
2749 3101 2974 3172 Respice
2997 3102 3208 3156 tandein
3252 3105 3340 3169 qui
3366 3104 3481 3158 hac
3526 3105 3735 3168 astruis,

2148 3197 2398 3265 quoaiam
2431 3196 2522 3263 qui
2550 3195 2898 3263 semetipsum
2921 3195 3308 3260 sanctiﬁcavit,
3353 3197 3583 3252 alterius
3627 3213 3737 3251 san-

2148 3289 2473 3345 etiticatione
2500 3301 2602 3341 non
2634 3288 2802 3356 eguit.

2677 3412 2907 3485 CAPUT
2948 3428 3208 3484 xxxvn.

2196 3569 2292 3622 Ubi
2336 3569 2520 3622 dicitur
2555 3585 2571 3621 :
2609 3567 2748 3622 Dixit
2785 3566 3032 3620 Dominus
3086 3565 3302 3619 Domino
3333 3583 3467 3630 meo,
3499 3566 3633 3621 Sede
3674 3584 3706 3619 tr

2757 3659 2950 3712 dea-tri:
2991 3659 3135 3711 meis.

2221 3784 2275 3837 Si
2313 3792 2488 3838 autem
2540 3781 2634 3836 tibi
2689 3781 2988 3850 objecerint
3037 3779 3169 3834 illud
3223 3781 3310 3832 ubi
3364 3781 3570 3833 dictum
3619 3789 3730 3833 est:

2151 3874 2293 3929 Dixit
2332 3875 2585 3927 Dominus
2647 3873 2870 3928 Domino
2917 3886 3055 3935 meo,
3120 3870 3261 3925 Sede
3310 3886 3338 3923 a
3381 3871 3591 3925 dextris
3618 3873 3738 3924 meis

2152 3965 2319 4036 (Psal.
2355 3981 2460 4034 Ctx,
2497 3967 2583 4035 l);
2617 3967 2698 4018 vel
2730 3963 2863 4017 illud
2895 3962 3135 4032 Apostoli
3172 3980 3184 4014 :
3213 3961 3574 4017 Constittteus
3601 3965 3734 4016 illum

2153 4057 2220 4111 ad
2245 4059 2521 4110 dexteram
2555 4070 2702 4108 suam
2735 4051 2952 4124 (Ep/res.
2989 4069 3022 4116 ι,
3057 4053 3170 4121 ‘20).

2231 4148 2526 4216 Responsio.
2556 4146 2742 4199 Filium
2776 4145 2840 4198 ad
2875 4145 3155 4198 dexteram
3184 4143 3360 4197 Patris
3392 4160 3500 4197 non
3527 4144 3740 4198 alterius

2148 4240 2390 4308 jussione
2412 4239 2637 4302 sedisse,
2667 4237 2758 4290 sed
2790 4238 2999 4305 propria
3027 4245 3326 4305 potestate,
3371 4249 3436 4289 ex
3475 4237 3558 4289 his
3603 4239 3741 4289 testi-

2153 4332 2347 4385 moniis
2373 4331 2546 4384 divina
2581 4331 2900 4383 auctoritate
2932 4327 3166 4381 fotidatis
3195 4329 3480 4381 veriaatem
3500 4344 3739 4396 agnos-:9,

2157 4421 2319 4474 Paulo
2366 4420 2612 4488 apostolo
2662 4419 2986 4487 pimdirante
3032 4438 3041 4469 :
3085 4419 3290 4471 Cereus
3323 4435 3540 4488 quoque
3575 4419 3740 4471 0"th

473 4515 801 4568 monstrate,
853 4521 972 4557 eum
1024 4504 1137 4571 ipse
1189 4505 1240 4561 in
1303 4505 1592 4573 Evangelio
1643 4506 1786 4559 dicat
1818 4523 1830 4558 :
1860 4504 2049 4559 Omn'a
2082 4507 2135 4570 ι),
2159 4514 2321 4568 verbo
2349 4514 2558 4566 virtutis
2585 4529 2714 4578 sua,
2751 4513 3064 4582 purgatione
3087 4522 3426 4579 peccatorum
3451 4528 3483 4564 a
3507 4530 3564 4566 se
3590 4515 3743 4570 facta,

467 4613 584 4650 mea
614 4607 702 4650 tua
735 4606 881 4661 sunt,
925 4606 979 4651 et
1031 4607 1117 4649 tua
1165 4595 1340 4647 omnia
1386 4611 1500 4648 mea
1546 4605 1669 4648 sunt
1697 4595 1877 4666 (Joan.
1909 4587 2042 4658 xvii,

468 4687 579 4758 '10).
611 4685 668 4740 In
698 4686 836 4750 libro
859 4687 1051 4753 etiam,
1085 4702 1190 4750 quo
1235 4685 1430 4759 Estjier
1469 4686 1688 4744 historia
1717 4687 2040 4752 continetur,

467 4782 536 4829 ita
567 4777 824 4846 scriptum
853 4791 971 4832 esse
1005 4765 1366 4846 comperimus
1395 4794 1406 4830 :
1445 4777 1554 4844 Ego
1594 4777 1803 4839 audivi,
1846 4777 2044 4846 inquit,

468 4872 516 4920 in
552 4867 702 4922 libris
734 4869 887 4934 meis,
924 4868 1166 4930 Demine,
1186 4869 1309 4936 quia
1340 4881 1392 4922 tu
1416 4867 1748 4936 assumpsisti
1776 4869 1866 4921 tibi
1886 4869 2044 4922 Israel

462 4974 526 5010 ex
557 4959 810 5012 omnibus
837 4959 1084 5027 gentibus
1106 4959 1156 5012 in
1187 4960 1552 5018 hmreditatem
1584 4967 1836 5015 aeternam
1871 4958 2045 5029 (Estli.

463 5065 572 5114 xiv,
606 5049 677 5117 5).
717 5049 904 5102 Nonne
936 5049 1131 5103 dicitur
1174 5051 1224 5103 in
1276 5051 1634 5120 octnagesimo
1672 5059 1862 5104 octavo
1908 5052 2047 5119 psal-

463 5155 549 5192 mo
583 5138 756 5210 (Vers.
797 5140 885 5209 η)
909 5156 923 5194 :
950 5141 1050 5194 Tui
1074 5152 1195 5196 sunt
1214 5144 1333 5196 cceli
1361 5152 1415 5197 et
1438 5155 1521 5196 tua
1546 5153 1628 5197 est
1655 5154 1828 5205 terra;
1858 5143 2044 5197 orbem

461 5242 724 5284 terrarum
768 5239 822 5283 rt
870 5231 1252 5299 plenitudinem
1305 5231 1420 5300 ejus
1467 5243 1518 5286 tu
1566 5231 1833 5286 fundasti?
1861 5232 2046 5285 Nonne

459 5315 677 5391 ule'ipso
714 5323 767 5376 in
810 5323 1083 5377 tricesimo
1123 5325 1360 5378 secundo
1388 5323 1583 5378 dicitur
1616 5325 1819 5392 psalmo
1864 5322 2042 5388 (γεγε.

464 5412 551 5480 1'2)
582 5429 595 5464 :
631 5414 861 5482 Populus
891 5429 1048 5484 quem
1091 5414 1252 5483 elegit
1301 5415 1554 5472 Dominus
1596 5419 1648 5469 iu
1681 5414 2049 5472 hrcreditatem

463 5503 602 5556 sibi?
629 5505 817 5559 Noane
849 5505 964 5572 ipse
990 5504 1123 5558 dixit
1149 5507 1197 5560 in
1229 5507 1434 5574 psalmo
1461 5507 1869 5575 quadragesimo
1906 5519 2047 5558 llOltO

497 5592 642 5646 Vera.
677 5596 764 5662 10)
791 5612 801 5646 :
833 5595 961 5649 Mea:
992 5607 1117 5650 sunt
1141 5612 1328 5651 omnes
1361 5599 1547 5650 bestite
1569 5597 1736 5659 silvae,
1770 5611 1956 5663 pecora
1991 5595 2043 5648 in

467 5685 736 5740 montibus
779 5695 831 5739 et
872 5687 1056 5756 boves,
1113 5689 1333 5756 cognovi
1378 5688 1554 5741 omnia
1603 5687 1836 5739 volatilia
1891 5686 2041 5748 coeli,

469 5777 673 5857 species
699 5780 806 5847 agri
841 5796 1046 5836 mecum
1073 5793 1152 5837 est
1180 5800 1189 5834 :
1222 5783 1264 5838 si
1295 5784 1535 5838 esui-iero
1561 5796 1664 5832 non
1705 5778 1873 5833 dicam
1900 5779 1994 5831 tibi
2032 5796 2040 5827 :

1279 6034 1309 6046 ς

2138 4591 2294 4657 sedit
2325 4604 2388 4656 ad
2421 4603 2698 4656 dexteram
2734 4602 3030 4670 majestatis
3059 4603 3111 4655 in
3144 4602 3375 4656 execls's
3407 4603 3575 4670 (Πρὸ.
3604 4621 3642 4661 ι,
3673 4602 3743 4668 '5).

2155 4695 2222 4748 Et
2251 4697 2439 4750 iterum
2476 4713 2486 4747 :
2519 4694 2630 4748 Non
2660 4695 2802 4748 enim
2830 4695 2878 4746 in
2907 4683 3064 4746 manu
3096 4693 3309 4746 fabrica:
3331 4703 3518 4746 sancta
3545 4694 3745 4748 introiit

2151 4787 2327 4849 Jesns,
2357 4797 2476 4854 qua:
2501 4795 2582 4839 est
2613 4785 2863 4854 allegOria
2891 4785 3194 4846 verborum,
3225 4784 3316 4836 sed
3347 4783 3396 4836 in
3419 4785 3602 4850 ipsum
3639 4800 3743 4838 cm-

2153 4878 2260 4930 lum
2293 4876 2537 4944 apparuit
2565 4891 2594 4928 a
2620 4875 2825 4929 dextris
2853 4875 2942 4928 Dei
2976 4874 3134 4942 (Ileb.
3166 4889 3238 4934 tx,
3268 4871 3380 4940 24).
3414 4874 3484 4926 Et
3515 4876 3746 4926 iterum:

2155 4969 2442 5022 Curramtts
2482 4967 2545 5020 ad
2603 4967 2930 5034 propositum
2983 4964 3134 5016 nobis
3191 4965 3468 5031 prtemium
3518 4963 3749 5032 agonis,

2156 5057 2506 5124 re~picientes
2545 5056 2608 5107 ad
2657 5055 2947 5121 principem
2993 5053 3110 5106 ﬁdei
3157 5052 3516 5120 perfectorem
3568 5051 3752 5103 Domi-

2157 5161 2304 5207 num,
2348 5142 2433 5213 qui
2481 5145 2751 5212 proposito
2789 5143 2990 5211 gaudio
3036 5140 3288 5195 sustinuit
3331 5155 3576 5200 crucem,
3622 5155 3750 5194 con-

2158 5246 2400 5290 temnens
2430 5235 2797 5288 confusionem
2823 5233 3018 5294 erucis,
3049 5233 3101 5284 in
3138 5231 3358 5284 dextera
3404 5229 3588 5282 throni
3617 5229 3752 5282 sedit

2156 5327 2314 5394 (Πρὸ.
2350 5343 2441 5391 xit,
2478 5326 2548 5395 l).
2583 5327 2646 5379 Et
2679 5327 2728 5378 in
2763 5323 3083 5394 Apocalypsi
3112 5339 3123 5372 ξ
3155 5320 3253 5388 Qui
3286 5319 3492 5383 vicerit,
3514 5319 3755 5372 daboilli

2155 5427 2202 5468 ut
2239 5416 2423 5470 sedeat
2447 5431 2652 5475 mecum
2681 5415 2734 5467 in
2767 5413 2893 5468 sede
2925 5428 3061 5472 mea,
3092 5411 3229 5463 sicut
3259 5423 3362 5478 ego
3384 5409 3509 5470 vici,
3537 5419 3599 5461 et
3640 5410 3758 5476 sedi

2151 5523 2268 5559 cum
2299 5507 2454 5560 Patre
2482 5521 2600 5560 meo
2624 5507 2675 5558 in
2707 5504 2834 5558 sede
2877 5503 3016 5554 illius
3046 5501 3232 5569 (Apoc.
3261 5514 3367 5558 ιιι,
3414 5497 3531 5564 21).
3591 5499 3660 5550 Et
3707 5500 3756 5549 in

2153 5596 2360 5662 psalmo
2411 5611 2552 5647 nouo
2596 5594 2772 5664 (l’ers.
2809 5593 2902 5657 5):
2945 5590 3221 5655 Quoniam
3266 5586 3431 5640 iecisti
3479 5585 3756 5653 judicium

2153 5700 2327 5738 meum
2362 5697 2409 5737 et
2438 5699 2654 5737 causam
2685 5697 2879 5742 meam,
2921 5679 3102 5731 sedisti
3148 5692 3314 5744 super
3352 5677 3617 5729 thronum
3668 5678 3758 5744 qui

2152 5776 2360 5844 judicas
2391 5778 2714 5844 atqnitatcm.
2757 5773 2977 5838 lle-pice
3017 5769 3304 5837 diligenter
3338 5782 3450 5835 qu:c
3484 5767 3560 5820 ab
3605 5766 3757 5836 Apo-

3917 4471 3928 4530 Ξ
