3938 6376
197 338 292 398 577

1347 344 1613 402 CONTRA
1659 348 2064 406 VARIMADUM
2104 352 2231 408 LIB.
2274 351 2312 408 I.

3343 362 3446 420 378

193 448 327 503 stolo
350 449 596 517 superius
622 449 760 504 dicta
791 461 916 508 sunt
945 457 955 505 ὲ
991 453 1306 523 Purgatiane
1331 471 1358 508 a
1390 473 1448 511 se
1469 457 1602 512 facta
1624 458 1760 512 sedit
1788 497 1837 555 Α
1865 475 1965 529 ego
1989 461 2125 516 dabo
2146 464 2217 527 ei,
2252 478 2356 517 non
2387 463 2531 518 sitiet
2582 465 2633 518 in
2686 473 2942 522 aeternum
2991 468 3170 538 (Joau.
3220 486 3292 538 tv,
3333 469 3443 541 I3).

195 539 256 593 ad
281 540 556 595 dexteram
591 543 682 597 Dei
710 544 892 612 (Hebr.
927 563 961 611 ι,
992 548 1050 615 5)
1076 549 1104 582 ⁸
1126 547 1286 602 ﬁnem
1321 548 1464 603 iacit.
1490 550 1760 604 Rursus‘.

697 653 921 708 CAPUT
962 655 1243 711 XXXVIII.

193 761 288 816 Ubi
318 763 492 816 dicunt
534 761 730 817 Filium
769 782 800 818 a
840 766 1037 821 Juda'is
1074 770 1280 822 irrisum
1316 781 1362 823 et
1395 772 1446 823 in
1477 775 1625 824 cruce
1651 786 1764 824 sus-

862 855 1091 907 pensum.

252 947 413 1018 395
444 947 497 1003 Si
533 949 624 1003 tibi
654 949 877 1004 dixerint
912 970 922 1004 :
959 951 1080 1006 Ideo
1126 953 1300 1006 minor
1326 961 1427 1017 est,
1477 951 1599 1022 quia
1647 952 1764 1021 ipse

189 1035 351 1090 Filius
371 1051 661 1105 suspensus
690 1055 717 1091 a
748 1039 946 1095 Judaeis
977 1043 1164 1096 irrisus
1192 1051 1293 1095 est.

257 1125 557 1194 Responsio.
588 1132 624 1148 "
656 1128 1030 1197 lnseparabilis
1050 1143 1191 1185 esset
1220 1132 1374 1196 Filio,
1395 1145 1494 1186 nec
1515 1131 1760 1198 injuriam

185 1218 422 1281 pertulit,
469 1233 567 1272 nec
605 1222 836 1288 passioui
887 1224 1168 1292 subjacuit,
1202 1225 1293 1278 sed
1335 1225 1446 1277 sola
1489 1232 1759 1292 assumpta

181 1323 306 1362 caro
327 1324 581 1378 suspensa
609 1321 691 1365 est
711 1313 876 1375 cruci,
901 1329 1018 1382 quae
1044 1329 1071 1366 a
1096 1314 1296 1368 Judmis
1317 1323 1370 1368 et
1396 1314 1561 1368 teneri
1593 1314 1764 1381 potuit

181 1409 230 1449 et
260 1399 434 1468 ligari.
469 1401 696 1456 Proinde
728 1403 892 1457 Filius
931 1405 1023 1458 Dei
1061 1413 1118 1458 ut
1158 1405 1318 1458 homo
1347 1419 1660 1472 suspensus,
1709 1407 1758 1458 iu

179 1504 340 1543 cruce
367 1488 555 1543 irrisus
579 1501 692 1556 est;
717 1501 772 1544 ut
797 1493 934 1547 Deus
961 1507 1136 1548 autem
1182 1494 1376 1548 sedens
1405 1494 1456 1546 iu
1495 1493 1632 1548 caelo
1664 1495 1761 1547 im-

180 1577 295 1641 pios
327 1579 582 1633 irrisurus
610 1591 710 1640 est.
745 1582 1025 1636 Psalmista
1057 1583 1307 1637 dicente:
1340 1583 1440 1650 Qui
1471 1581 1675 1637 habitat
1707 1586 1756 1638 in

175 1667 328 1719 cmiis
384 1667 652 1722 deridebit
692 1686 803 1735 eos,
859 1681 913 1725 et
973 1673 1226 1726 Dominus
1272 1674 1620 1726 subsannabit
1665 1691 1757 1728 eos

177 1756 348 1824 (Psal.
376 1775 434 1823 ιι,
468 1759 541 1827 4).
584 1761 645 1816 Ut
671 1763 831 1817 homo
861 1773 1085 1817 mortem
1122 1764 1314 1827 timuit,
1335 1772 1392 1816 ut
1418 1763 1554 1817 Deus
1579 1775 1755 1818 autem

1873 551 1937 604 Ut
1989 556 2152 608 homo
2202 556 2432 610 amicum
2473 573 2626 610 suum
2677 556 2932 612 Lazarum
2983 559 3152 623 ﬂevit;
3197 570 3252 614 ut
3307 560 3446 614 Deus

1869 655 2047 699 autem
2077 662 2172 712 pro
2194 663 2253 701 se
2281 650 2592 716 patientium
2633 651 2896 720 lacrymas
2934 651 3316 706 misericordiae
3356 668 3448 720 pe—

1869 734 2051 788 nicillo
2078 737 2372 806 absterget,
2403 740 2722 809 Apocalypsi
2747 749 3076 809 protesmnte
3103 759 3113 793 :
3147 741 3214 794 Et
3239 740 3447 795 abster-

1866 833 1954 893 εει
1979 825 2119 878 Deus
2143 841 2356 881 onmem
2393 829 2680 900 lacrymam
2713 829 2780 882 ab
2825 831 2994 884 oculis
3032 845 3214 882 eorum
3257 831 3440 900 (Apoc.

1869 931 1982 979 xxt,
2007 913 2084 983 Δ).
2114 914 2180 968 Ut
2209 915 2370 971 homo
2392 919 2710 972 vestimenta
2751 918 2866 988 ejus
2897 929 3041 974 sorte
3087 919 3254 972 divisa
3285 926 3442 983 sunt;

1867 1013 1924 1058 ut
1956 1003 2094 1058 Deus
2125 1013 2302 1058 autem
2335 1007 2529 1074 populo
2566 1023 2664 1062 suo
2705 1009 2756 1062 in
2793 1019 2992 1063 sortem
3039 1019 3232 1061 terram
3265 1023 3447 1076 repro-

1865 1095 2139 1148 missionis
2167 1093 2296 1148 dare
2326 1094 2575 1164 dignatus
2609 1107 2728 1160 est,
2770 1098 3048 1152 Psalmista
3092 1098 3299 1151 dicente
3333 1115 3344 1148 :
3379 1095 3446 1150 Et

1864 1185 2025 1255 ejecit
2049 1201 2077 1238 a
2108 1186 2240 1240 facie
2271 1201 2456 1241 eorum
2505 1197 2714 1257 gentes,
2751 1199 2807 1244 et
2848 1200 2993 1245 sorte
3039 1189 3308 1244 distribuit
3341 1189 3444 1244 illis

1867 1288 2065 1333 terram
2099 1279 2151 1332 iu
2184 1279 2417 1333 funiculo
2447 1280 2776 1336 barreditatis
2808 1281 2980 1351 (Psal.
3020 1298 3218 1346 uxvu,
3242 1281 3351 1349 5i).
3377 1281 3448 1336 Ut

1867 1370 2028 1424 homo
2059 1369 2336 1433 dormivit,
2381 1379 2438 1423 ut
2479 1370 2623 1426 Deus
2658 1381 2834 1426 autem
2872 1389 3141 1442 nunquam
3184 1373 3444 1443 corporali

1864 1476 2052 1516 somno
2083 1461 2367 1532 subjacuit,
2403 1460 2660 1531 prOpheta
2684 1462 2897 1516 dicente
2923 1482 2934 1517 :
2962 1465 3097 1521 Ecce
3121 1483 3225 1520 non
3253 1466 3448 1520 dormi-

1864 1554 2018 1618 tabit,
2070 1569 2241 1623 neque
2281 1553 2607 1620 obdormiet,
2656 1553 2745 1622 qui
2795 1556 3028 1610 custodit
3068 1558 3228 1612 Israel
3270 1555 3442 1624 (Psal.

1862 1662 1988 1708 cxx,
2021 1645 2098 1715 4).
2133 1647 2413 1701 Postremo
2445 1657 2500 1700 ut
2525 1648 2746 1714 plurima
2771 1651 3195 1716 prmtcrmittam,
3217 1651 3446 1704 uthomo

1863 1746 2104 1790 mortuus
2131 1748 2315 1801 est,,et
2363 1738 2415 1790 in
2470 1737 2755 1805 sepulchro
2806 1739 3009 1806 positus
3059 1741 3347 1808 requietit;
3390 1750 3447 1795 ut

175 1860 416 1902 mortuos
441 1851 738 1918 suscitabi',
771 1853 886 1922 ipso
913 1853 1122 1910 dicente
1147 1873 1158 1908 :
1186 1855 1334 1908 Sicut
1361 1855 1512 1908 Pater
1536 1855 1752 1908 suscitat

1866 1826 2004 1879 Deus
2037 1837 2212 1905 autem
2238 1828 2394 1881 tertio
2417 1827 2502 1882 die
2543 1844 2826 1898 resurgens
2854 1845 2883 1882 a
2914 1832 3140 1884 mortuis
3176 1848 3187 1882 :
3220 1830 3447 1900 quadra-

174 1951 438 2006 tuortuos,
468 1951 522 1994 et
547 1943 803 2011 viviﬁcat,
835 1945 913 1999 sic
940 1956 990 2000 et
1017 1946 1178 1998 Filius
1217 1961 1350 2012 (μιν-ε
1391 1945 1500 1998 vult
1531 1946 1760 1998 viviﬁcat

176 2027 351 2090 (Joan.
381 2046 434 2094 v,
461 2031 573 2100 ει).
602 2031 663 2087 Ut
699 2033 854 2087 homo
880 2044 1172 2104 consputus
1197 2042 1302 2096 est,
1333 2044 1390 2086 ut
1423 2035 1560 2088 Deus
1582 2045 1756 2087 autern

171 2119 234 2170 de
257 2127 419 2185 sputo
449 2135 546 2173 suo
567 2137 767 2176 cmcum
792 2123 1094 2179 illuminare
1119 2125 1364 2194 dignatus
1393 2134 1494 2191 est,
1522 2125 1761 2192 Evange-

175 2208 295 2260 lsta
325 2209 578 2265 dicente:
609 2211 837 2281 Exspuit
883 2215 935 2269 in
983 2225 1146 2282 terra,
1198 2226 1253 2270 et
1301 2216 1424 2273 fecit
1471 2216 1637 2270 lutum
1691 2216 1758 2269 de

169 2306 354 2362 sputo,
383 2310 436 2352 et
467 2300 635 2355 linivit
661 2319 820 2372 super
842 2307 1028 2361 oculos
1053 2307 1170 2377 ejus
1192 2306 1368 2378 (Joan.
1411 2323 1458 2360 ιιι
1479 2348 1493 2371 ,
1523 2308 1578 2374 6)
1602 2351 1616 2373 ,
1649 2317 1755 2362 etc.

171 2384 239 2439 Ut
278 2386 439 2441 homo
468 2391 636 2457 spinis
685 2405 972 2449 coronatus
1019 2406 1122 2461 est,
1168 2407 1224 2450 ut
1265 2397 1410 2450 Deus
1449 2409 1624 2451 autem
1664 2411 1758 2450 co-

170 2490 304 2527 rona
329 2477 528 2544 speciei
551 2482 850 2547 appellatus
879 2492 983 2550 est,
1021 2485 1155 2539 Isaia
1199 2486 1456 2554 pr0plteta
1496 2486 1707 2540 dicente
1743 2501 1756 2539 :

169 2565 292 2618 Erit
323 2566 578 2622 Dom'nu‘s
601 2584 794 2624 corona
823 2574 1043 2642 speciei,
1071 2591 1188 2640 qua:
1218 2575 1496 2643 complexa
1519 2585 1597 2629 est
1630 2577 1761 2630 resi-

167 2657 276 2709 dua
303 2643 594 2724 populiisui
627 2660 780 2727 (Isai.
825 2679 1009 2725 xxvnt.
1054 2665 1129 2725 ὅ).
1179 2664 1246 2720 Ut
1278 2665 1438 2719 homo
1467 2666 1759 2736 ﬂagellatus

164 2753 275 2808 est,
303 2756 357 2799 ut
390 2746 528 2802 Deus
558 2759 733 2804 autem
764 2753 890 2806 nihil
922 2768 1106 2808 eorum
1158 2769 1445 2824 perpessus
1483 2765 1565 2809 est
1586 2799 1599 2819 ,
1637 2772 1760 2822 pro-

168 2834 330 2899 pheta
354 2836 571 2892 dicente
600 2857 612 2891 :
644 2840 756 2894 Non
803 2843 1062 2916 accedent
1098 2845 1162 2897 ad
1212 2853 1262 2898 te
1292 2845 1452 2908 mala,
1493 2856 1546 2900 et
1573 2845 1753 2916 ﬂagel-

171 2926 282 2977 lum
317 2940 422 2977 non
451 2930 899 2998 approtiiuquabit
931 2933 1274 2988 tabernaculo
1312 2944 1404 2989 tuo
1445 2935 1615 3004 (Psal.
1663 2953 1750 3003 xc,

169 3012 285 3082 10).
315 3012 383 3068 Ut
404 3013 563 3070 homo
586 3037 593 3065 :
617 3019 752 3087 lapis
781 3035 956 3075 cazsus
982 3033 1084 3086 est,
1117 3035 1171 3076 ut
1203 3024 1346 3078 Deus
1367 3035 1541 3078 autem
1585 3041 1752 3095 aquas

165 3103 392 3172 pugillo,
417 3113 472 3159 et
501 3121 712 3162 omnem
744 3112 865 3165 ςαξΙί
897 3113 1154 3166 ambitum
1189 3115 1364 3181 palmo
1393 3119 1749 3182 comprehen-

163 3193 265 3257 dit,
295 3193 429 3248 Isaia
457 3195 666 3252 dicente
697 3219 708 3253 :
736 3201 866 3267 Quis
895 3215 1217 3260 mensus-est
1246 3206 1445 3275 pugillo
1476 3222 1670 3276 aquas,
1698 3217 1752 3263 et

162 3284 337 3339 caalos
383 3285 560 3352 palmo
599 3291 916 3358 pouderavit
959 3283 1113 3364 (lsai.
1166 3313 1258 3358 χιι,
1307 3297 1439 3365 1'2)?
1483 3298 1550 3353 Ut
1594 3302 1754 3355 homo

167 3375 444 3432 tristitiam
480 3382 715 3447 pertulit,
766 3394 823 3438 ut
863 3385 1001 3440 Deus
1045 3397 1219 3441 autem
1258 3404 1392 3442 mces
1422 3390 1464 3442 is
1507 3400 1560 3442 et
1607 3392 1753 3444 omni

168 3465 514 3521 tribulatione
539 3471 794 3525 confectis
820 3477 1240 3532 consolationem
1274 3480 1546 3543 attribu-t,
1595 3479 1756 3532 l‘aulo

161 3557 414 3624 apostolo
455 3557 704 3614 dicente:
739 3561 889 3616 Sicut
929 3565 1200 3620 abundant
1236 3569 1515 3634 passiones
1556 3568 1754 3623 Christi

163 3647 216 3700 in
249 3647 426 3714 nobis,
452 3648 525 3702 ita
557 3659 611 3704 et
641 3667 734 3718 per
765 3653 1033 3709 Christum
1063 3657 1298 3710 abundat
1337 3659 1633 3712 consolatio
1655 3677 1754 3714 Ino-

161 3751 279 3794 stra
303 3740 368 3812 (ll
394 3740 513 3797 Cor.
545 3758 579 3808 ι,
612 3744 693 3813 5).
731 3743 794 3800 Ut
820 3744 980 3800 homo
1006 3747 1129 3803 felle
1155 3759 1203 3803 et
1232 3760 1383 3805 aceto
1410 3759 1621 3820 potatus
1649 3761 1751 3817 est,

161 3839 221 3884 ut
254 3832 391 3887 Deus
415 3845 593 3890 autem
626 3843 824 3890 terram
848 3837 1099 3894 ﬂuentem
1133 3841 1270 3895 lacte
1295 3851 1348 3895 et
1375 3842 1532 3897 melle
1557 3843 1752 3912 pepulo

159 3939 266 3978 suo
295 3925 425 3980 dare
471 3927 724 3996 dignatus
778 3939 881 3996 εει,
934 3931 1067 3986 libro
1118 3932 1533 3990 Deuteronomio
1576 3947 1752 4005 prote-

157 4022 344 4067 stante
392 4032 406 4067 :
458 4015 592 4070 Cum
644 4028 820 4074 autem
881 4021 1149 4077 induxerit
1195 4033 1248 4078 te
1311 4025 1566 4080 Dominus
1613 4028 1752 4080 Deus

155 4105 331 4175 396
358 4115 479 4160 tuus
517 4108 569 4160 iu
611 4118 806 4163 terram
853 4112 1102 4169 ﬂuentem
1146 4117 1280 4171 lacte
1313 4127 1368 4172 et
1401 4120 1577 4182 melle,
1623 4135 1752 4173 cave

161 4196 269 4248 tlbi
293 4210 360 4249 ne
389 4189 941 4257 cumimanducaveris
971 4215 1025 4258 et
1049 4216 1319 4261 saturatus
1352 4211 1534 4286 fueris,
1567 4210 1753 4262 oblivi-

157 4286 338 4343 scaris
370 4292 601 4346 nominis
632 4295 836 4348 Domini
873 4297 965 4350 Dei
991 4287 1089 4350 tui
1141 4298 1317 4367 (Deut.
1353 4309 1447 4368 vr).
1483 4303 1549 4356 Ut
1593 4303 1753 4356 homo

154 4397 184 4432 a
221 4379 431 4438 Joanne
463 4385 514 4438 in
551 4385 786 4442 Jordane
837 4389 1186 4458 baptizandus
1224 4393 1472 4456 advenit,
1515 4407 1570 4448 ut
1612 4394 1751 4450 DI'US

156 4484 345 4528 autem
377 4475 428 4528 in
471 4477 670 4546 Spiritu
717 4491 902 4556 sancto
945 4481 1236 4550 discipulos
1277 4485 1579 4553 baptizavit,
1635 4489 1750 4556 ipso

157 4567 377 4621 dicente
404 4568 553 4649 :IVos
577 4581 752 4626 autem
786 4573 838 4625 in
878 4573 1078 4642 Spiritu
1111 4586 1297 4630 sancto
1327 4578 1743 4648 baptizabimini,
1779 4605 1825 4664 υ

155 4672 317 4727 quem
348 4667 403 4712 et
439 4646 713 4727 accepturi
757 4664 889 4717 estis
921 4665 1054 4734 (Act.
1088 4682 1124 4731 t,
1158 4669 1237 4732 5).
1272 4667 1335 4722 Et
1365 4669 1597 4724 Joannes
1641 4646 1741 4724 Ba?

157 4751 321 4816 ptista
353 4769 364 4802 :
401 4751 587 4806 Veniet
618 4753 805 4809 fortior
837 4771 941 4819 me,
972 4758 1059 4826 qui
1088 4774 1182 4812 vos
1213 4760 1443 4829 baptizet
1466 4764 1516 4815 in
1540 4763 1740 4831 Spiritu

154 4849 348 4894 sancta
375 4851 428 4895 et
465 4843 585 4912 igne
613 4844 762 4914 (Luc.
807 4863 892 4913 ιιι,
927 4848 1034 4914 16).
1079 4849 1144 4904 Ut
1184 4851 1342 4906 homo
1372 4868 1401 4907 a
1431 4854 1644 4910 diabolo
1689 4857 1740 4910 iu

153 4931 379 4986 deserto
407 4942 640 4989 tentatus
670 4946 774 4999 est,
808 4946 868 4992 ut
900 4939 1038 4994 Deus
1075 4951 1251 4996 autem
1281 4945 1530 5000 eumdem
1560 4948 1744 5003 diabo-

155 5022 264 5076 lum
295 5022 620 5098 increpavit,
654 5027 770 5096 ipso
810 5029 1021 5085 dicente
1054 5049 1067 5085 :
1098 5032 1244 5088 Vade
1279 5045 1446 5100 retro,
1490 5038 1740 5105 Satanas,

155 5129 263 5188 non
301 5115 531 5169 tentabis
569 5117 849 5173 Dominum
883 5121 1050 5176 Deum
1088 5131 1234 5178 tuum
1269 5125 1478 5195 (Matth.
1523 5145 1595 5195 tv,
1632 5129 1738 5199 10).

158 5206 225 5258 llt
259 5205 424 5262 homo
450 5210 657 5271 esuriit,
690 5220 749 5264 ut
776 5212 914 5268 Deus
944 5225 1120 5270 autem
1151 5217 1218 5272 de
1255 5220 1488 5290 quinque
1521 5225 1740 5289 panibus

155 5297 395 5365 quinque
425 5300 587 5354 millia
613 5300 886 5358 hominum
919 5311 1200 5364 saturavit.
1245 5311 1311 5366 Ut
1353 5312 1512 5380 homo
1555 5316 1739 5373 sitiens

155 5403 182 5439 a
208 5388 550 5449 Samaritana
580 5395 801 5452 muliere
832 5401 1116 5467 pauxillum
1153 5417 1300 5472 aqua:
1337 5407 1518 5464 bibere
1559 5419 1740 5478 postu-

159 5479 324 5545 lavit;
357 5491 412 5534 ut
443 5483 582 5538 Deus
610 5497 786 5540 autem
821 5490 1018 5546 fontem
1045 5510 1199 5564 aqua:
1226 5497 1360 5552 vivze‘
1384 5508 1601 5555 aeterna:
1627 5518 1740 5560 cre-

160 5570 416 5626 dentibus
446 5577 762 5643 propinavit,
795 5579 908 5648 ipso
930 5582 1138 5639 dicente
1174 5604 1186 5638 :
1216 5587 1314 5654 Qui
1338 5588 1532 5646 biberit
1552 5571 1621 5648 ex
1648 5593 1747 5651 hac

159 5674 324 5728 aqua,
361 5663 504 5749 sitiet
529 5667 742 5734 iterum,
766 5672 852 5740 qui
885 5681 1059 5729 autem
1105 5679 1291 5734 biberit
1333 5680 1399 5738 de
1427 5665 1746 5756 aquaquam

234 5805 253 5822 '
283 5800 378 5856 llic
409 5803 599 5862 desunt
631 5812 910 5866 itanttulla.

1864 1918 2070 1986 gesimo
2099 1919 2185 1970 die
2207 1919 2272 1971 ad
2297 1919 2491 1973 cazlum
2524 1920 2858 1984 conscendit,
2890 1932 2942 1975 et
2973 1933 3093 1990 post
3119 1922 3302 1975 decem
3335 1923 3446 1976 die-

1864 2024 1979 2061 rum
2015 2009 2266 2076 spatium,
2299 2009 2528 2078 Spiritus
2570 2013 2737 2063 sancti
2777 2013 3182 2078 iromissionem
3214 2011 3447 2080 discipu-

1866 2099 1928 2152 lis
1962 2100 2125 2152 misit.
2159 2101 2405 2168 Aguosce
2429 2095 2668 2167 tandem,
2693 2101 2966 2167 hmrctice,
2989 2103 3107 2172 quis
3141 2103 3227 2157 ille
3257 2103 3328 2156 sit
3356 2103 3445 2171 qui

1862 2194 2037 2244 crucis
2069 2192 2317 2259 iniuriam
2352 2195 2592 2262 pertulit,
2617 2206 2667 2249 et
2691 2197 2810 2264 quis
2831 2212 2946 2250 ean:
2973 2197 3024 2251 in
3046 2206 3321 2267 assumpto
3346 2196 3444 2250 ho-

1864 2284 2006 2336 mine
2037 2288 2240 2352 positus
2269 2285 2471 2340 sentire
2503 2302 2606 2338 non
2638 2289 2824 2353 potuit.

2390 2373 2620 2429 CAPUT
2663 2376 2908 2430 XXXIX.

1869 2463 1966 2517 Ubi
1994 2464 2168 2517 dicunt
2195 2463 2402 2518 Patrem
2426 2467 2476 2517 in
2501 2483 2705 2540 carnem
2733 2485 3044 2532 conversum,
3079 2479 3124 2523 ct
3148 2470 3209 2522 de
3241 2469 3446 2540 Virgine

2411 2552 2522 2587 cum
2549 2535 2686 2589 Filio
2717 2548 2910 2590 natum.

1931 2626 2090 2696 397
2137 2623 2191 2678 Si
2236 2624 2327 2678 tibi
2375 2624 2642 2680 dixerint:
2688 2627 2745 2681 Si
2773 2629 2928 2680 Pater
2965 2638 3019 2681 et
3069 2628 3231 2682 Filius
3283 2645 3445 2683 tinum

1862 2728 2006 2786 sunt,
2041 2732 2170 2794 ergo
2193 2727 2246 2770 et
2280 2717 2434 2770 Pater
2467 2719 2517 2771 in
2553 2732 2768 2772 carnem
2804 2733 3100 2775 conversus
3126 2763 3141 2788 ,
3188 2720 3254 2774 ad
3290 2721 3447 2791 virgi-

1860 2827 1980 2866 nem
2007 2811 2171 2879 venit,
2201 2819 2256 2865 et
2286 2825 2406 2864 cum
2443 2811 2580 2866 Filio
2609 2822 2762 2867 natus
2788 2815 3052 2882 apparuit.

1936 2904 2240 2972 Responsio.
2293 2902 2400 2956 Nos
2450 2903 2680 2957 Verbum
2735 2905 2910 2959 Patris
2954 2905 3180 2960 dicimus
3228 2920 3445 2960 carnem

1861 2998 2078 3059 factum,
2112 3013 2216 3050 non
2241 2996 2450 3052 Patrem
2485 2999 2537 3052 in
2571 3014 2784 3054 carnem
2817 3016 2939 3056 isse
2985 3016 3326 3067 conversum,
3356 3013 3448 3058 aut

1857 3087 2153 3143 secundum
2187 3103 2282 3142 vos
2311 3089 2360 3142 in
2392 3088 2602 3143 diversa
2638 3101 2898 3144 mutatum
2922 3133 2936 3155 ,
2985 3093 3313 3162 evangelista
3367 3093 3446 3146 di-

1857 3189 2050 3235 cente:
2085 3179 2150 3234 Et
2177 3183 2395 3234 verbum
2428 3198 2556 3236 caro
2597 3183 2792 3237 factum
2833 3196 2909 3240 est
2943 3227 2956 3250 ,
3001 3196 3054 3240 et
3101 3187 3360 3240 habitavit
3391 3187 3444 3241 in

1860 3272 2014 3326 nobis
2040 3270 2218 3342 (Joan.
2251 3289 2296 3335 t,
2333 3272 2450 3342 ει).
2488 3274 2660 3340 Ipsum
2699 3275 2931 3330 Verbum
2975 3277 3132 3332 Pater
3180 3278 3344 3344 misit,
3392 3288 3446 3332 et

1859 3363 2069 3416 sanavit
2101 3377 2219 3415 nos.
2248 3362 2422 3430 Ipsum
2451 3363 2680 3419 Verbum
2703 3368 2963 3422 eructavit
2991 3383 3057 3421 ex
3096 3369 3278 3423 corde.
3326 3370 3446 3436 Ipso

1859 3452 2036 3507 Verbo
2077 3453 2198 3506 C(PIi
2250 3453 2443 3507 [innati
2491 3466 2643 3518 sunt,
2691 3473 2916 3525 quorum
2965 3460 3130 3512 virtus
3158 3475 3222 3514 ex
3257 3461 3444 3529 spiritu

1859 3543 1968 3596 oris
1999 3542 2118 3610 ejus
2152 3553 2408 3612 perpetuo
2438 3545 2652 3598 fundata
2679 3557 2876 3602 manet.
2905 3549 3023 3618 Ipse
3053 3552 3191 3602 servi
3220 3550 3443 3604 formam

1859 3630 2054 3695 induit,
2082 3632 2133 3683 in
2158 3646 2257 3700 qua
2295 3631 2434 3685 Patri
2463 3633 2719 3688 obediens
2756 3636 2882 3701 fuit,
2919 3648 2972 3693 et
3013 3638 3318 3693 .Iudazorum
3350 3656 3443 3708 op-

1857 3721 2074 3790 probria
2105 3721 2396 3776 toleravit:
2430 3723 2568 3778 Deus
2606 3726 2748 3778 enim
2791 3727 3134 3796 impassibilis
3170 3737 3274 3795 est,
3321 3731 3442 3798 quia

1856 3827 2148 3880 corporeus
2180 3828 2284 3866 non
2316 3823 2428 3877 est,
2471 3815 2563 3870 sed
2610 3818 2723 3872 sola
2766 3833 2890 3874 caro
2919 3831 3190 3890 assumpta
3231 3824 3446 3892 pertulit

1860 3904 2160 3973 passionem
2191 3922 2309 3973 qum
2338 3908 2576 3974 angelica
2611 3913 3015 3968 annuntiatione
3043 3924 3290 3969 contenta
3317 3917 3444 3969 ado-

1857 3997 1982 4050 levit
2023 3997 2074 4049 in
2119 3995 2354 4066 Virgine,
2404 3999 2648 4055 Gabriele
2688 4006 2876 4070 angelo
2929 4007 3181 4061 dicente:
3211 4007 3442 4075 Spiritus

1855 4098 2074 4141 sanctus
2105 4090 2448 4156 superveniet
2471 4092 2523 4142 in
2557 4102 2607 4144 te
2629 4133 2642 4155 ,
2679 4104 2731 4145 et
2771 4097 2938 4147 virtus
2970 4097 3229 4150 Altissimi
3257 4101 3436 4151 olnnn-

1857 4179 2034 4231 brabit
2066 4179 2182 4241 tibi,
2215 4187 2494 4247 propterea
2526 4182 2664 4249 quod
2695 4194 2942 4237 nascetur
2982 4202 3043 4239 ex
3085 4195 3137 4240 te
3175 4200 3436 4251 sanctum,

1857 4270 2136 4323 vocabitur
2169 4269 2332 4323 Filius
2378 4271 2466 4324 Dei
2504 4272 2662 4346 (Luc.
2710 4290 2759 4340 ι,
2807 4277 2920 4345 '55).
2961 4279 3058 4342 Qui
3107 4281 3245 4332 enim
3278 4281 3442 4336 Fi'ius

1856 4367 1961 4424 εει,
1989 4359 2148 4412 Pater
2179 4361 2362 4426 utique
2398 4376 2500 4414 non
2533 4373 2613 4416 est
2649 4379 2662 4415 :
2691 4366 2938 4433 quoniam
2972 4383 3126 4421 nemo
3154 4371 3232 4421 sui
3263 4381 3315 4423 et
3346 4371 3442 4424 Pa-

1857 4459 1938 4504 ter
1964 4459 2016 4503 et
2049 4449 2217 4504 Filius
2243 4451 2346 4504 dici
2379 4460 2571 4519 potest.
2602 4454 2661 4506 Et
2685 4454 2728 4507 si
2767 4455 2816 4508 in
2847 4472 3072 4525 persona
3107 4459 3276 4514 Patris
3321 4478 3438 4528 pro-

1857 4543 2014 4612 pheta
2046 4543 2218 4596 dicit:
2257 4543 2524 4598 luvocabit
2567 4561 2681 4611 me,
2719 4555 2772 4601 et
2817 4551 3095 4604 exaudiam
3128 4568 3270 4618 cum,
3316 4568 3434 4606 cum

1851 4636 1971 4705 ipso
2000 4652 2118 4690 sum
2156 4638 2207 4690 in
2243 4637 2607 4706 tribulatione,
2642 4647 2694 4693 et
2718 4641 2937 4710 eripiam
2975 4660 3093 4699 eum
3135 4644 3303 4716 (Pial.
3350 4664 3433 4710 xc,

1851 4729 1963 4797 15),
1999 4729 2452 4794 ἀίειηεηετιιίοιιεηι
2486 4730 2703 4785 unitatis
2729 4734 2965 4787 ostendit
2993 4753 3006 4789 :
3035 4752 3154 4789 nam
3181 4738 3434 4791 divinitas

1849 4821 2044 4885 Patris,
2068 4829 2120 4874 et
2146 4821 2296 4884 Filii,
2329 4835 2448 4890 qua:
2479 4836 2581 4875 una
2622 4831 2735 4887 est,
2775 4826 3035 4892 passionis
3078 4827 3204 4882 vitio
3250 4829 3431 4898 subju-

1848 4926 1971 4966 cere
1995 4928 2101 4966 non
2128 4911 2318 4981 potuit.

2451 4985 2532 5040 CA
2547 4985 2679 5041 PUT
2720 4987 2852 5044 XI...

1855 5073 1951 5128 Ubi
1997 5073 2173 5127 dicunt
2217 5075 2412 5129 Filium
2455 5094 2556 5131 non
2605 5079 2787 5134 habere
2823 5085 3189 5150 prwscientiam
3227 5086 3428 5151 futuro-

2578 5166 2714 5204 rum.

1919 5236 1973 5290 Si
2016 5235 2249 5292 dixerint
2285 5258 2298 5291 :
2337 5239 2504 5294 Filius
2547 5242 2634 5295 Dei
2674 5257 2778 5296 non
2818 5243 2998 5297 habuit
3042 5245 3428 5313 prmscientiam

1847 5327 2170 5395 futurorum,
2205 5345 2305 5399 pro
2329 5345 2394 5384 co
2443 5332 2586 5400 quod
2629 5334 2900 5389 immundo
2947 5333 3154 5402 spiritui
3190 5335 3381 5388 dixerit
3412 5353 3428 5387 :

1847 5420 1998 5487 Quod
2033 5435 2224 5477 nomen
2251 5434 2333 5477 est
2358 5423 2487 5477 tibi?
2517 5425 2679 5495 398
2714 5436 2767 5478 et
2813 5426 2952 5492 quod
3001 5435 3209 5493 tempus
3241 5437 3320 5480 est
3361 5442 3427 5482 ex

1851 5525 1956 5580 quo
1986 5512 2033 5564 ei
2067 5511 2167 5566 hoc
2192 5514 2422 5566 accidit?

1924 5600 2233 5669 Responsio.
2263 5604 2454 5659 Filium
2488 5605 2579 5660 Dei
2615 5606 2950 5674 praesentiam
2968 5607 3259 5662 futurorum
3285 5609 3432 5675 igno-

1856 5708 1974 5754 rare
2005 5709 2108 5748 non
2144 5710 2304 5763 posse
2340 5715 2402 5751 ex
2440 5699 2613 5751 divina
2647 5699 2962 5752 auctoritate
2995 5714 3241 5768 agnosce,
3283 5704 3435 5760 lere-

1929 5832 1968 5855 “
1999 5835 2064 5889 Iit
2096 5835 2177 5890 hic
2202 5852 2406 5905 quoque
2439 5837 2584 5894 tlccst
2613 5839 2827 5908 aliquid.
