3938 6376
446 384 551 439 579

1759 383 1979 439 VIGILII
2022 382 2388 438 TAPSENSIS

3599 388 3702 443 530

447 514 550 553 nua
595 501 849 571 propheta
898 504 1111 556 dicente
1150 519 1160 552 ε
1193 498 1304 567 Ego
1346 512 1461 551 sum
1497 496 1747 549 Dominus
1775 505 2019 549 scrutans
2050 498 2099 557 Α
2126 503 2245 549 ctus
2274 495 2325 546 in
2373 492 2524 548 caelis
2568 492 2786 562 subjecit
2840 493 2938 547 sibi
2986 492 3201 561 angelos
3230 504 3280 548 et
3308 502 3622 561 potestates,
3654 507 3703 548 et

447 591 609 643 corda
636 604 686 645 et
712 594 944 659 probans
975 610 1151 655 renes,
1187 601 1241 643 ut
1264 590 1383 643 dem
1413 588 1696 656 unicuique
1725 586 2022 640 secundum

449 681 562 733 vias
585 682 722 748 ejus,
752 694 805 736 et
834 683 1125 738 secundum
1151 681 1375 735 fructum
1407 680 1703 733 studiorum
1743 678 1857 747 ejus
1889 676 2020 748 (Jer.

448 788 478 825 κ
491 790 577 838 vit,
612 776 714 843 t0).
735 776 797 829 Et
815 776 976 829 Isaias
994 794 1003 829 :
1023 774 1276 829 Dominus
1290 773 1437 825 novit
1452 772 1801 840 cogitationes
1815 770 2025 838 sapien-

450 863 603 931 tium,
630 869 877 934 quoniam
896 881 1045 921 vana:
1067 862 1351 933 sunt(lsai.
1374 879 1457 929 LV,
1482 863 1542 924 8;
1573 860 1714 915 Psal.
1744 876 1890 924 xcnt,
1913 859 2021 928 II).

450 954 645 1009 Paulus
661 967 835 1010 autem
854 956 1126 1024 apostolus
1144 955 1329 1011 eadem
1342 954 1471 1007 dicit
1495 953 1558 1005 ad
1575 951 1826 1005 llebrtcos
1841 969 1852 1002 :
1865 949 2026 1003 Vivus

448 1053 533 1097 est
554 1045 697 1099 enim
730 1061 908 1100 sermo
937 1044 1027 1100 Dei
1052 1054 1105 1099 et
1134 1044 2024 1111 efﬁcax,etacutiorsuperomnetn

446 1134 681 1201 gladium
713 1147 948 1201 acutum,
989 1143 1045 1188 et
1083 1144 1369 1203 penetrans
1407 1146 1575 1201 usque
1617 1132 1679 1184 ad
1711 1129 2025 1185 divisionem

448 1225 661 1290 animae,
694 1235 747 1280 et
776 1228 1018 1296 spiritus,
1047 1234 1101 1280 et
1126 1224 1546 1293 cogitationum,
1586 1232 1638 1276 et
1674 1220 2026 1275 medullarum

448 1318 708 1380 omnium,
742 1327 795 1373 et
822 1320 983 1388 jutlex
1011 1320 1389 1388 cogitationum
1421 1318 1619 1380 cordis,
1654 1325 1707 1370 et
1736 1330 1837 1369 non
1869 1317 2024 1369 estin

448 1408 644 1462 saculo
694 1408 891 1463 fabrica
936 1412 1112 1480 aliqua
1167 1409 1476 1464 abscondita
1528 1423 1555 1461 a
1598 1415 1887 1477 conspectu
1913 1405 2028 1473 ejus

446 1499 629 1567 (Hebr.
660 1517 732 1567 tv,
766 1501 919 1572 4,5).
954 1502 1043 1555 Ait
1081 1512 1133 1555 et
1178 1502 1288 1569 ipse
1314 1518 1326 1554 :
1351 1500 1480 1554 Cum
1523 1497 1723 1553 venerit
1772 1496 2030 1550 Dominus

446 1606 494 1646 et
522 1594 903 1647 illutninaverit
928 1595 1237 1649 abscondita
1262 1594 1622 1659 tenebrarum,
1640 1599 1691 1644 et
1717 1588 2024 1643 mattil‘estao

444 1698 488 1736 ν·
514 1684 577 1736 rit
609 1685 960 1755 cogitationes
988 1685 1193 1751 cordis,
1225 1693 1279 1738 et
1299 1695 1422 1737 tunc
1453 1684 1567 1737 laus
1597 1684 1698 1736 erit
1743 1681 2027 1748 unicuique

442 1790 471 1826 a
508 1774 678 1843 lleo(l
707 1775 826 1830 Cor.
861 1791 930 1839 Iv,
960 1775 1037 1845 5).
1066 1776 1124 1828 Et
1151 1776 1199 1827 itt
1231 1775 1553 1828 Salomone:
1585 1774 1640 1827 Si
1671 1783 1848 1826 autem
1879 1771 2027 1824 dixe-

446 1865 537 1927 ris,
572 1866 763 1918 Nescio
787 1867 947 1927 hunc,
978 1868 1112 1920 scito
1142 1868 1389 1935 quoniam
1430 1867 1683 1919 Dominus
1722 1863 1882 1918 corda
1905 1878 2024 1916 om-

444 1954 590 2008 nium
646 1957 792 2009 novit
846 1955 1031 2028 (Eccli.
1094 1973 1242 2021 xxm,
1286 1957 1402 2024 27).
1443 1958 1507 2010 Et
1542 1957 1613 2010 ibi
1662 1974 1676 2009 :
1720 1955 1870 2009 Oculi
1922 1954 2024 2007 Do-

444 2046 574 2098 miui
630 2046 796 2102 multo
836 2048 1063 2117 amplius
1111 2049 1397 2104 lucidiores
1432 2059 1555 2103 sunt
1601 2049 1753 2103 Sole:
1791 2048 2024 2102 circum-

442 2138 926 2206 inspiciuntomnes
948 2142 1059 2196 vias
1084 2142 1381 2207 hominum,
1408 2152 1459 2197 et
1479 2142 1796 2211 profundum
1820 2142 2025 2212 abyssi,

444 2242 498 2284 et
542 2231 813 2286 hominum
852 2234 1012 2287 corda
1059 2236 1358 2299 intuentur,
1388 2244 1443 2290 et
1471 2235 1809 2289 absrooditas
1847 2243 2023 2303 partes

445 2318 634 2390 (lbid.,
661 2322 775 2391 28).
809 2323 875 2377 Et
900 2324 951 2377 itt
979 2325 1281 2393 Regnorum
1305 2342 1318 2380 :
1345 2325 1616 2379 llecedant
1644 2335 1820 2379 vetera
1844 2324 1910 2378 de
1931 2338 2023 2378 ore

443 2420 641 2476 vestro,
674 2415 924 2481 quoniam
973 2416 1321 2471 scientiarum
1368 2416 1625 2471 Dominus
1670 2424 1755 2471 est
1811 2415 1862 2485 (I
1892 2416 2021 2485 Reg.

444 2518 516 2568 ιι,
568 2505 643 2571 5).
689 2505 750 2558 Et
794 2506 845 2560 in
899 2507 1319 2562 Machahtcornm
1353 2509 1532 2565 :Deus
1576 2510 1757 2564 mundi
1789 2519 2024 2575 creatur,

443 2592 703 2649 Iortttator
743 2595 1010 2665 hominis,
1045 2602 1131 2668 qui
1174 2615 1383 2655 omnem
1430 2610 1701 2655 scrutatur
1746 2612 1923 2654 actum
1971 2609 2026 2655 et

445 2700 506 2737 or
528 2687 736 2754 ginem,
786 2689 898 2757 ipse
947 2692 1093 2745 vobis
1133 2692 1375 2761 spiritum
1399 2702 1453 2746 et
1480 2692 1639 2746 vitam
1670 2694 1861 2746 iterum
1901 2706 2027 2745 cum

445 2778 811 2833 misericordia
844 2783 1035 2837 reddet
1056 2782 1142 2852 (ll
1174 2783 1348 2839 Much.
1378 2799 1468 2849 vn,
1506 2784 1622 2854 23).
1650 2784 1714 2837 Et
1741 2784 2027 2853 Evangeli-

445 2878 526 2922 sta
562 2887 575 2923 :
631 2871 749 2939 Ipse
794 2882 971 2928 autem
1016 2875 1171 2930 Jesus
1224 2892 1329 2931 non
1378 2877 1635 2931 credebat
1677 2877 2022 2946 semetipsum

446 2961 546 3024 eis,
576 2976 639 3015 ρο
667 2964 807 3031 quod
839 2964 953 3034 ipse
983 2977 1164 3020 nosset
1207 2983 1426 3030 omnes,
1477 2976 1531 3021 ct
1576 2969 1695 3036 quia
1743 2982 1876 3036 opus
1919 2981 2024 3020 non

447 3062 584 3111 erat.
629 3062 687 3106 ut
726 3057 842 3122 quis
895 3058 1261 3111 testimonium
1308 3059 1610 3127 perhiberet
1654 3058 1721 3112 de
1769 3058 2020 3112 homine:

449 3139 564 3208 ipse
588 3143 728 3196 enim
761 3145 963 3199 sciebat
990 3146 1115 3215 quid
1139 3157 1279 3201 esset
1306 3148 1355 3200 in
1386 3148 1598 3201 homine
1622 3145 1798 3216 (Ιυαη.
1830 3162 1884 3212 ιι,
1909 3148 2019 3217 24).

448 3233 513 3286 Et
542 3234 803 3291 Jeremias
830 3230 915 3292 sic
938 3238 1066 3292 d.cit
1099 3257 1109 3291 :
1147 3240 1430 3303 Dominus,
1458 3241 1545 3309 qui
1575 3238 1699 3293 fecit
1736 3238 1927 3293 ttelum
1972 3250 2025 3293 et

450 3336 676 3393 tetram,
724 3330 855 3384 nihil
895 3331 1164 3387 occultare
1196 3342 1371 3401 potest
1408 3348 1435 3384 a
1463 3348 1567 3398 me,
1604 3332 1723 3401 quia
1754 3347 1853 3401 ego
1891 3331 2027 3385 facio

452 3417 874 3474 mi~ericordiam
906 3421 957 3473 itt
988 3422 1174 3487 millia,
1203 3432 1257 3476 et
1288 3422 1455 3478 reddo
1487 3431 1697 3490 peccata
1740 3430 1943 3489 patrum
1975 3423 2025 3476 in

450 3507 590 3561 ﬁlios
613 3524 796 3563 eorum
833 3522 1067 3579 posteus
1094 3512 1227 3583 (λεν.
1261 3530 1426 3574 xxxii,
1465 3514 1570 3582 l8).
1612 3514 1675 3567 Et
1712 3512 1821 3566 illi:
1856 3513 1919 3567 Et
1950 3513 2028 3567 la-

450 3608 566 3683 ctus
595 3610 677 3653 est
707 3614 885 3656 setmo
917 3603 1126 3658 Domini
1158 3606 1223 3658 ad
1257 3621 1342 3660 me
1369 3608 1550 3660 dicens
1578 3606 1739 3675 :lEgo
1773 3606 2027 3659 Dominus

455 3690 593 3744 lli-us
624 3693 888 3747 universae
915 3698 1129 3761 carnis;
1176 3700 1409 3765 nunquid
1442 3699 1637 3766 aliquid
1677 3714 1705 3751 a
1744 3712 1828 3751 me
1849 3698 2028 3751 occul-

452 3788 591 3832 tatur
616 3780 804 3849 (lbid.,
833 3783 959 3851 27)?
998 3786 1058 3837 Et
1098 3786 1151 3838 in
1193 3787 1408 3839 Daniele
1438 3805 1449 3837 :
1484 3787 1622 3840 Detts
1664 3796 1893 3841 aeternus
1939 3787 2028 3856 qui

450 3872 780 3924 occultorum
813 3891 871 3927 ts
900 3876 1170 3943 cognitor,
1213 3877 1299 3944 qui
1350 3877 1489 3930 nosti
1519 3879 1697 3931 omnia
1742 3888 2026 3945 antequam

450 3974 759 4031 uascmtur,
804 3977 855 4019 ιιι
883 3968 989 4021 scis
1016 3972 1135 4038 quia
1162 3970 1350 4023 falsum
1373 3972 1735 4026 testimonium
1770 3972 1821 4025 hi
1846 3972 2029 4027 dicunt

448 4058 728 4113 adversum
755 4076 840 4115 me
866 4060 1028 4129 (Dan.
1066 4080 1178 4131 xm,
1224 4066 1336 4133 42).
1380 4066 1443 4119 Et
1482 4066 1768 4132 Apostolus
1803 4068 1868 4119 ad
1918 4067 2028 4120 Ro-

450 4164 634 4205 manos
666 4170 677 4203 :
706 4155 759 4205 ln
788 4152 873 4207 die
902 4169 1004 4222 qua
1036 4156 1294 4224 judicabit
1336 4157 1475 4211 Deus
1516 4157 1721 4210 occulta
1754 4157 2025 4211 hominum

445 4242 735 4295 secundum
768 4244 930 4315 399
956 4246 1296 4314 Evangeliutn
1333 4263 1504 4301 meum
1536 4263 1631 4316 per
1659 4247 1841 4301 Jcsum
1870 4247 2027 4302 Cliti-

450 4340 590 4383 stum
622 4333 797 4399 (Itoni.
845 4350 902 4397 ιι,
969 4334 1073 4405 16).
1124 4338 1223 4402 Qui
1273 4338 1433 4391 corda
1476 4348 1528 4392 et
1573 4347 1720 4393 actus
1754 4339 2025 4393 hominum

455 4433 842 4488 petscrutatur,
873 4428 1002 4479 etin
1036 4428 1209 4481 lucem
1237 4429 1481 4490 addtttct.
1524 4432 1860 4499 pra-sentiam
1893 4433 2027 4486 lutu-

450 4527 631 4565 rorum
667 4514 913 4583 ignorare
943 4533 1046 4569 non
1079 4528 1271 4584 potest.

1035 4609 1260 4665 CAPUT
1302 4611 1434 4664 XLI.

723 4699 823 4753 Ubi
849 4702 1021 4755 dicunt
1051 4700 1243 4755 Filium
1282 4703 1422 4755 Patri
1454 4703 1751 4773 subjectum.

521 4792 577 4845 Si
609 4791 743 4846 forte
768 4792 1059 4859 objecerint
1090 4796 1229 4865 quod
1264 4794 1431 4848 Itilius
1452 4794 1726 4863 subjectus
1756 4804 1833 4848 est
1859 4796 2022 4855 Patri,

448 4884 574 4951 quia
606 4883 861 4951 scriptum
890 4896 971 4939 est
1004 4904 1016 4936 :
1047 4886 1194 4939 Tunc
1216 4897 1266 4939 et
1293 4887 1403 4954 ipse
1434 4885 1702 4954 subjectus
1730 4886 1832 4940 erit
1863 4887 1908 4941 ei
1937 4888 2023 4956 qui

448 4975 519 5027 illi
544 4974 720 5029 omnia
754 4976 977 5044 subjecit
1007 4975 1058 5048 (Ι
1086 4977 1200 5031 Cor.
1234 4995 1323 5043 xv,
1350 4979 1465 5049 28).

520 5063 823 5127 Responsio.
874 5066 943 5121 Ut
976 5077 1152 5121 autem
1190 5069 1490 5137 agnoscatis
1530 5070 1618 5123 Dei
1673 5070 1861 5123 Filium
1909 5071 2022 5124 uni-

444 5173 597 5211 versa
621 5157 721 5211 sibi
750 5158 961 5226 propria
1010 5168 1270 5227 potestate
1316 5160 1635 5222 subdidisse,
1671 5160 1881 5214 Petrum
1928 5177 2017 5214 au-

444 5249 552 5302 dite
580 5251 876 5319 apostolum
909 5251 973 5305 de
1001 5251 1102 5306 hoc
1132 5252 1245 5321 ipso
1289 5252 1443 5305 latius
1475 5254 1866 5320 prtetlicantem.
1910 5256 2019 5308 Ali-

442 5341 674 5407 quando.
712 5342 903 5411 inquit,
936 5343 986 5396 in
1009 5342 1198 5397 diebus
1225 5342 1337 5397 Noe
1358 5385 1372 5409 ,
1402 5344 1592 5413 quibus
1621 5345 1796 5399 adhuc
1823 5361 2019 5415 exspe-

442 5435 623 5485 ctabat
646 5433 736 5487 Dei
767 5434 1040 5503 patientia,
1072 5450 1192 5490 cum
1224 5436 1572 5492 labricaretur
1602 5453 1745 5504 arca,
1779 5438 1830 5492 in
1863 5455 2018 5509 quam

446 5524 758 5584 introierunt
791 5532 975 5598 pauci,
1016 5531 1066 5585 id
1105 5543 1189 5587 est
1227 5543 1349 5588 octo
1390 5535 1582 5589 anima:
1627 5541 1827 5587 tantum
1856 5534 2020 5587 salva:

449 5617 598 5671 facta:
629 5629 751 5673 sunt
775 5637 868 5689 per
892 5639 1105 5691 aquam.
1133 5625 1283 5691 Quod
1312 5634 1364 5679 et
1395 5639 1488 5678 vos
1506 5641 1644 5677 nunc
1666 5624 1827 5678 simili
1851 5623 2019 5677 forma

450 5708 695 5775 ιιειινίεηιὶ
726 5714 901 5767 salvtts
930 5716 1073 5779 facit,
1109 5734 1211 5771 non
1253 5719 1430 5771 carnis
1460 5717 1721 5783 depositio
1758 5717 2017 5779 sordium,

449 5804 546 5860 sed
576 5807 913 5863 cumcientite
946 5811 1093 5864 botu-
1126 5810 1470 5880 it.t0t'l‘ugali0
1512 5813 1560 5862 ιιι
1607 5809 1793 5873 Deum,
1846 5810 2018 5877 prole-

2054 4585 2105 4642 Ι)

2128 588 2351 641 virtutes
2398 586 2449 656 (Ι
2497 584 2641 643 Petr.
2690 601 2765 650 ιιι,
2812 586 3029 654 20-22).
3066 587 3128 639 lit
3169 587 3361 640 Paulus
3393 595 3697 654 apostolus:

2128 678 2258 732 Cum
2304 678 2643 733 evacuaverit
2689 692 2901 731 omnem
2953 678 3338 745 principatum,
3384 687 3439 732 et
3493 695 3698 734 omnem

2130 779 2468 840 potestatem,
2516 779 2571 825 et
2610 770 2886 834 virtutem,
2930 778 2983 823 et
3021 770 3462 838 dominationem,
3495 782 3700 838 oportet

2128 860 2274 915 illutn
2300 875 2542 931 regnare,
2568 861 2737 915 donec
2766 869 2929 929 ponat
2954 876 3141 914 omnes
3170 861 3414 915 inimicos
3445 877 3571 915 suos
3607 864 3700 916 sub

2129 952 2355 1021 pedibus
2403 952 2513 1006 suis
2566 951 2615 1023 (ι
2664 952 2781 1005 Cor.
2831 967 2919 1018 xv,
2951 951 3065 1020 ει).
3099 952 3163 1005 Et
3205 952 3267 1006 ad
3295 950 3694 1022 Pl)i|ipp¢ﬂ$"$:

2131 1040 2323 1096 Nostra
2358 1044 2498 1096 enim
2528 1044 2867 1097 conversatio
2896 1044 2948 1097 in
2970 1043 3120 1097 caelis
3141 1054 3223 1098 est
3248 1058 3259 1094 :
3286 1043 3428 1097 unde
3466 1045 3699 1098 Salvato-

2128 1148 2241 1187 rem
2294 1143 2662 1201 exspectamus
2713 1134 2991 1187 Dominum
3042 1134 3221 1189 Jesum
3268 1134 3564 1200 Christum,
3615 1138 3698 1205 qui

2131 1224 2530 1292 transtigurabit
2558 1239 2753 1293 corpus
2791 1225 3101 1279 humilitatis
3136 1236 3332 1280 nostrze
3362 1228 3700 1281 conformans

2129 1316 2340 1382 corpori
2372 1315 2635 1369 claritatis
2660 1331 2789 1383 sum,
2825 1317 3114 1371 secundum
3157 1332 3308 1371 suam
3350 1318 3698 1381 voluntatem,

2128 1418 2186 1461 ut
2218 1408 2385 1477 possit
2423 1407 2523 1462 sibi
2569 1408 2832 1475 subjicere
2878 1410 3052 1463 omnia
3083 1408 3341 1480 (Philipp.
3376 1425 3452 1472 ut,
3483 1409 3596 1480 20).
3631 1409 3701 1463 De

2130 1502 2230 1557 hoc
2272 1502 2386 1573 ipso
2429 1511 2485 1558 et
2530 1502 2694 1556 David
2753 1504 2802 1557 in
2854 1504 3059 1571 psalmo
3102 1503 3435 1573 sexagesimo
3478 1504 3701 1572 septimo

2129 1595 2307 1669 (Ven.
2346 1596 2433 1666 I9)
2475 1610 2703 1665 agnosce
2746 1596 3047 1650 dicentem:
3081 1594 3335 1649 Ascendit
3384 1595 3440 1648 in
3488 1596 3698 1659 caelum,

2128 1690 2388 1755 captivam
2422 1687 2571 1741 duxit
2599 1686 2990 1755 captivitatem,
3032 1686 3173 1739 dedit
3208 1686 3346 1739 dona
3380 1685 3700 1738 hominibus.

2131 1778 2197 1833 Et
2226 1779 2275 1831 in
2311 1779 2541 1845 Epistola
2586 1779 2738 1833 Jutlte
2774 1778 2999 1844 aposmli
3030 1794 3043 1831 :
3080 1777 3311 1845 Angelos
3352 1790 3581 1845 quoque,
3630 1778 3701 1827 in-

2056 1854 2261 1937 Bquit,
2298 1869 2385 1939 qui
2432 1869 2828 1938 dereliquerunt
2874 1882 3025 1922 suum
3072 1868 3459 1936 principatum,
3507 1867 3702 1920 catenis

2125 1961 2294 2031 igneis
2324 1962 2519 2031 ligans,
2535 1970 2589 2016 et
2620 1960 2915 2015 tettehmsis
2946 1958 3248 2013 carceribus
3279 1960 3582 2019 retrodeus.
3619 1972 3701 2011 re-

2124 2056 2355 2109 servavit
2380 2052 2774 2121 l'uturojudit-io
2801 2051 3099 2121 puniendos
3128 2049 3324 2120 (lude,
3356 2065 3391 2114 ι,
3423 2049 3499 2115 6).
3526 2049 3599 2102 Ex
3624 2049 3703 2101 bis

2124 2148 2289 2217 igitur
2310 2162 2537 2217 agnosce
2560 2146 2867 2211 Dominum,
2901 2145 3152 2214 quoniam
3179 2142 3441 2211 sultjectio
3464 2142 3577 2195 Filii
3597 2156 3702 2194 non

2124 2250 2207 2295 est
2242 2240 2483 2303 deitatis,
2535 2238 2627 2292 sr'd
2658 2238 2855 2305 carnis,
2896 2235 2980 2291 cui
3006 2236 3130 2289 dum
3158 2235 3211 2288 in
3244 2235 3346 2287 line
3374 2233 3559 2287 saeculi
3582 2232 3702 2285 sub-

2122 2332 2259 2402 jccta
2292 2333 2487 2386 fuerint
2509 2332 2756 2385 universa
2789 2330 3002 2384 humani
3025 2328 3233 2398 generis
3265 2328 3414 2391 vitia,
3442 2336 3494 2380 et
3524 2326 3703 2379 absor-

2128 2437 2213 2493 pta
2235 2424 2396 2495 400
2424 2423 2578 2477 fuerit
2612 2436 2753 2476 mors
2773 2421 2823 2473 itt
2856 2421 3077 2474 victoria
3098 2460 3111 2483 ,
3147 2428 3270 2471 tunc
3295 2426 3349 2471 ct
3380 2418 3495 2485 ipse
3533 2416 3700 2468 homi-

2126 2515 2210 2568 nis
2240 2514 2406 2567 Filius
2452 2512 2817 2579 subjiciendus
2844 2509 3039 2564 dicitur
3072 2509 3247 2572 Patri,
3277 2523 3383 2561 non
3417 2509 3469 2560 in
3498 2506 3703 2561 deitatis

2127 2614 2337 2670 natura,
2367 2604 2457 2659 sed
2482 2604 2532 2658 in
2557 2602 2787 2657 hominis
2819 2601 3075 2669 assumpti
3107 2600 3427 2655 substantia.

2695 2688 2921 2747 CAPUT
2975 2690 3134 2744 XLII.

2190 2784 2231 2837 U
2241 2787 2287 2837 bi
2313 2786 2508 2849 dicunt,
2537 2785 2668 2837 diem
2690 2784 2882 2855 judicii
2902 2781 3093 2835 Filium
3124 2782 3249 2834 scire
3270 2797 3368 2835 non
3399 2782 3638 2850 potuisse.

2200 2877 2252 2931 Si
2284 2888 2459 2931 autem
2502 2876 2849 2945 oppositerint
2902 2874 3042 2944 quod
3102 2873 3265 2926 Filius
3316 2873 3366 2925 in
3427 2871 3703 2940 Evangelio

2127 2967 2367 3022 ᾶίιιιτίιε
2419 2968 2492 3022 De
2540 2968 2627 3022 die
2676 2976 2854 3020 autem
2903 2974 2957 3019 ct
2998 2965 3125 3018 hora
3174 2978 3333 3017 nemo
3374 2964 3496 3027 scit,
3536 2976 3704 3029 neque

2127 3058 2301 3127 angeli
2318 3061 2594 3123 caelorum,
2612 3074 2782 3127 neque
2804 3058 2993 3120 Filius,
3020 3057 3117 3110 nisi
3142 3055 3297 3109 Pater
3320 3054 3467 3108 solus
3492 3052 3701 3125 (Matth.

2128 3165 2271 3215 xxrv,
2305 3149 2418 3219 36).

2051 3211 2099 3273 Ο
2205 3211 2503 3308 Responso.
2553 3239 2717 3293 Filius
2766 3226 2943 3307 itaque
2975 3253 3079 3290 non
3126 3244 3295 3304 potest
3341 3234 3481 3288 diem
3526 3234 3705 3302 judicii

2132 3334 2377 3401 ignorare
2402 3374 2417 3397 ,
2452 3333 2516 3384 de
2545 3347 2645 3400 qua
2683 3330 2970 3398 discipulos
3006 3342 3129 3381 suos
3162 3334 3286 3379 ante
3327 3326 3473 3379 visus
3509 3333 3595 3378 est
3625 3340 3706 3393 pa-

2130 3432 2279 3477 terna
2310 3423 2677 3476 admonitione
2711 3422 2975 3475 instruere
3013 3436 3025 3471 :
3058 3418 3191 3473 Cum
3223 3415 3486 3479 videritis,
3520 3416 3702 3483 inquit,

2131 3516 2310 3583 pratiia
2344 3524 2397 3567 et
2427 3513 2704 3581 opinimes
2730 3510 3055 3579 pra-liorom,
3086 3508 3259 3561 videte
3288 3522 3357 3561 ne
3386 3506 3704 3559 turbetnini:

2130 3603 2508 3672 Oporteteitn
2555 3602 2666 3655 haec
2720 3602 2860 3663 fieri,
2910 3601 3001 3654 sed
3050 3599 3280 3652 nondum
3330 3597 3449 3649 ﬁnis
3495 3594 3703 3665 (Matth.

2132 3713 2276 3760 xxiv,
2303 3696 2376 3764 ϐ).
2412 3696 2538 3749 Item
2583 3695 2652 3749 ibi
2683 3712 2693 3746 :
2723 3693 2871 3757 Sicut
2897 3692 3035 3746 euim
3068 3691 3177 3744 exit
3203 3686 3461 3755 fulgurab
3481 3686 3704 3749 oriettte,

2130 3797 2180 3840 et
2212 3796 2360 3855 paret
2392 3801 2559 3854 usque
2590 3786 2652 3836 ad
2684 3784 3015 3837 occidentem
3036 3824 3049 3849 ,
3085 3782 3153 3834 ita
3184 3779 3445 3833 adventus
3474 3775 3592 3830 Filii
3618 3776 3706 3828 bo-

2133 3877 2293 3931 miois
2320 3875 2510 3947 (Ib.’d.,
2533 3876 2645 3943 9.7).
2673 3874 2737 3928 Et
2760 3860 3088 3927 Zacharias:
3125 3873 3261 3925 Ecce
3302 3870 3482 3924 veniet
3531 3867 3707 3919 Domi-

2132 3987 2232 4024 nus
2261 3985 2430 4033 meus,
2486 3984 2775 4037 omnesque
2820 3968 2987 4020 sancti
3034 3980 3153 4019 cum
3196 3978 3281 4028 eo,
3324 3973 3377 4016 et
3424 3962 3478 4014 in
3506 3959 3598 4013 die
3626 3959 3704 4011 illa

2132 4079 2179 4116 ιι·
2206 4079 2237 4115 ιι
2269 4062 2368 4116 erit
2401 4062 2509 4129 lux,
2555 4062 2648 4115 sed
2698 4062 2861 4128 l'rigus
2908 4070 2959 4113 et
3005 4060 3122 4128 ge‘u
3152 4076 3163 4108 :
3193 4066 3248 4110 et
3278 4055 3391 4109 dics
3422 4054 3560 4119 hate,
3595 4066 3707 4122 qua

2132 4166 2253 4207 nota
2304 4164 2384 4207 est
2438 4152 2663 4206 Domino
2705 4152 2890 4221 (Zach.
2937 4166 3044 4218 xiv,
3090 4150 3166 4218 5).
3203 4148 3269 4202 Et
3300 4148 3351 4201 in
3374 4146 3704 4200 Salomone:

2132 4245 2266 4309 Quid
2290 4246 2547 4312 sapientia
2581 4243 2917 4312 locupletius,
2961 4257 3078 4311 qum
3116 4241 3292 4294 omnia
3322 4237 3619 4307 operatur?
3650 4236 3711 4289 Et

2132 4337 2173 4388 si
2200 4351 2389 4389 sensus
2422 4344 2691 4403 operatur,
2723 4335 2840 4403 quis
2872 4334 3059 4387 horum
3090 4333 3296 4387 videtur
3325 4346 3445 4385 esse
3478 4328 3711 4384 artifex?

2132 4427 2225 4479 sed
2258 4427 2299 4478 si
2326 4426 2585 4493 justitiam
2616 4426 2734 4495 quis
2764 4425 2953 4493 diligit,
2987 4425 3197 4478 labores
3226 4423 3341 4492 ejus
3374 4437 3600 4490 magnas
3626 4420 3711 4471 ha-

2134 4519 2260 4572 bent
2285 4529 2505 4573 v.rtutes
2534 4537 2544 4570 :
2572 4519 2915 4572 sobrLctatent
2935 4518 3074 4573 enim
3102 4515 3502 4584 ctprudentia‘m
3525 4516 3704 4577 docet,

2128 4610 2388 4679 justitiam
2423 4622 2474 4664 et
2506 4613 2754 4663 virtutem
2804 4609 2894 4663 dat
2939 4607 3277 4662 credentibus
3323 4607 3463 4670 sibi,
3514 4607 3710 4675 quibus

2129 4704 2260 4756 nihil
2294 4704 2473 4757 utilius
2501 4703 2655 4756 estin
2682 4702 2789 4755 vita
2822 4700 3147 4755 Imtninibus.
3188 4698 3293 4754 Sed
3332 4700 3377 4753 si
3416 4699 3711 4753 multitudi-

2131 4812 2249 4849 nem
2274 4796 2512 4848 scientite
2538 4796 2657 4862 quis
2686 4793 2977 4855 desiderat,
3011 4801 3188 4845 notam
3219 4791 3367 4845 faciet
3396 4808 3408 4843 :
3438 4792 3550 4844 scit
3572 4806 3709 4858 pra:-

2130 4889 2315 4953 terita,
2347 4899 2405 4942 et
2439 4887 2598 4941 futuri
2641 4901 2877 4955 praesaga
2922 4896 3002 4940 est
3031 4902 3042 4936 :
3076 4887 3179 4939 scit
3206 4884 3466 4939 versutias
3503 4899 3713 4938 sermo-

2129 4996 2278 5045 num,
2312 4990 2365 5033 et
2390 4980 2691 5034 solutiones
2720 4986 3170 5045 argumentorum,
3204 4976 3351 5043 signa
3382 4984 3431 5028 et
3466 4974 3714 5045 prodtgia

2127 5073 2228 5124 scit
2258 5081 2540 5140 antequam
2568 5071 2725 5133 ﬁant,
2771 5079 2823 5123 et
2862 5070 3021 5122 linem
3058 5077 3354 5135 temporum
3392 5075 3443 5119 ct
3485 5066 3715 5119 sarculo-

2128 5180 2241 5217 rum
2277 5181 2381 5217 non
2415 5165 2621 5232 ignorat
2648 5164 2804 5232 (Snp.
2848 5177 2957 5227 vttt,
2986 5161 3123 5228 5-8).
3164 5163 3229 5214 Et
3276 5162 3440 5214 Lucas
3472 5175 3713 5230 evange.

2128 5258 2245 5310 lista
2275 5276 2287 5309 :
2324 5258 2791 5326 lnterrogaveruut
2813 5270 2933 5309 eum
2957 5254 3231 5321 Pharisaei,
3262 5264 3313 5306 et
3342 5251 3603 5305 dixerunt
3627 5254 3677 5307 ei
3702 5273 3714 5303 :

2128 5350 2349 5415 Quando
2378 5352 2551 5413 veniet
2594 5363 2818 5419 regnum
2842 5347 2967 5402 Dei?
2998 5347 3290 5415 Respmtdit
3332 5346 3407 5399 eis
3442 5356 3499 5398 et
3538 5346 3713 5399 dixit:

2128 5442 2241 5496 Non
2276 5442 2454 5496 veniet
2484 5456 2703 5509 riguum
2739 5440 2831 5494 Dei
2862 5454 2980 5494 cum
3004 5438 3398 5500 obsrrvatione,
3423 5450 3603 5504 neque
3628 5436 3715 5489 die

2128 5544 2248 5588 cent
2281 5548 2295 5589 :
2327 5533 2466 5587 Ecce
2513 5532 2618 5598 hic,
2665 5543 2751 5585 aut
2776 5545 2901 5586 ecce
2951 5531 3057 5584 illic
3092 5544 3105 5579 :
3154 5544 3279 5584 cet-c
3313 5528 3448 5582 enim
3480 5543 3716 5597 regnum

2130 5623 2221 5678 Dei
2255 5626 2390 5677 intra
2419 5638 2513 5677 vos
2544 5634 2643 5677 cst.
2681 5623 2744 5676 Et
2771 5622 2844 5675 ait
2873 5620 2937 5674 ad
2968 5619 3257 5689 discipulos
3283 5633 3443 5673 suos:
3479 5616 3719 5671 \‘coiettt

2128 5716 2261 5779 dies,
2293 5715 2506 5784 quando
2529 5714 2850 5768 desideretis
2874 5728 3034 5767 unum
3058 5711 3197 5765 diem
3243 5708 3421 5764 videre
3460 5708 3587 5762 Filii
3618 5709 3717 5759 ho-

2130 5809 2216 5861 Illlt
2246 5808 2316 5869 is,
2368 5818 2418 5860 et
2468 5824 2571 5861 tton
2607 5807 2852 5860 videbitis
2893 5821 2903 5856 τ
2940 5813 2991 5859 et
3014 5803 3190 5857 dicent
3224 5803 3391 5866 vobis,
3427 5800 3567 5854 Ecce
3602 5801 3715 5861 hic,
