3938 6376
248 359 345 414 381

1404 354 1675 412 CONTRA
1716 355 2118 413 VARIIIADUM
2157 355 2283 412 LIB.
2327 357 2365 411 I.

3398 365 3505 421 382

246 477 340 521 aut
368 482 495 522 ecce
524 466 652 520 illic.
678 466 851 521 Nolite
876 468 972 531 ire,
994 480 1165 535 neque
1188 466 1465 521 sectemini
1495 483 1507 518 :
1537 481 1656 519 nam
1686 465 1821 519 sicut
1849 469 1901 527 Α
1929 475 2035 521 tem
2066 467 2233 522 :Cnm
2256 468 2442 534 oratis,
2467 466 2655 536 inquit,
2684 466 2848 522 nolite
2871 468 3097 524 multum
3120 470 3261 542 loqui
3286 472 3501 543 (Matth.

248 560 425 627 fulgur
445 573 728 613 coruscans
756 558 822 611 de
852 558 1012 620 caelo,
1045 556 1094 609 in
1125 572 1185 610 ea
1211 555 1368 627 ἀοι
1397 571 1515 625 quae
1554 555 1653 609 sub
1685 555 1825 609 cmlo

250 660 373 705 sunt
396 650 579 720 fulget,
612 650 681 702 ita
709 650 811 702 erit
840 648 1098 701 adventus
1124 646 1243 700 Filii
1276 645 1507 700 hominis
1537 644 1587 699 in
1610 644 1698 699 die
1728 658 1822 698 sua

249 742 405 811 (Luc.
438 756 565 802 xvn,
596 739 812 809 20-21).
844 738 901 794 Si
929 738 1045 792 dies
1079 738 1191 790 haec
1224 736 1389 805 ipsius
1414 745 1524 801 est,
1557 732 1823 803 quomodo

247 847 345 885 vos
374 847 495 885 eum
535 831 712 884 dicitis
740 832 877 885 scire
924 843 1028 882 non
1075 826 1331 897 potuisse,
1361 826 1442 881 vel
1483 838 1642 894 posse
1680 823 1821 894 quod

248 938 403 977 suum
422 935 499 977 eSt
518 924 541 976 ?

809 989 1036 1046 CAPUT
1076 988 1255 1042 XLIII.

250 1105 351 1159 Ubi
394 1105 567 1157 dicunt
614 1102 808 1157 Filium
852 1101 1071 1155 Verbum
1117 1099 1388 1151 breviatum
1434 1102 1819 1163 nuncupatum,

874 1174 947 1225 vel
986 1175 1191 1241 factum.

318 1289 374 1343 Si
401 1298 575 1341 autem
605 1285 856 1348 dixerint,
884 1283 1005 1352 quia
1033 1280 1195 1333 Filius
1226 1278 1277 1332 in
1306 1293 1371 1332 eo
1401 1278 1575 1330 minor
1600 1282 1680 1330 est
1701 1272 1818 1343 quia

238 1382 313 1434 de
364 1394 428 1433 eo
484 1376 737 1447 propheta
793 1373 925 1427 dixit
976 1389 991 1426 :
1035 1370 1270 1425 Verbum
1324 1367 1619 1421 breviatum
1665 1364 1820 1419 faciet

241 1474 506 1527 Dominus
536 1470 586 1524 in
621 1470 869 1521 universo
896 1465 1025 1521 orbe
1060 1464 1235 1533 (Rom.
1270 1478 1343 1526 Ix,
1375 1460 1488 1531 28).

319 1559 620 1631 Responsio.
646 1556 877 1612 Verbum
902 1554 1194 1607 breviatum
1221 1550 1357 1619 quod
1390 1548 1642 1603 Dominus
1664 1545 1818 1600 faciet

238 1665 407 1716 snper
459 1661 677 1712 terram,
713 1662 817 1699 nou
863 1643 1287 1698 imminutionem
1334 1639 1545 1695 deita'is
1588 1638 1639 1691 in
1686 1635 1819 1690 Filio

241 1739 342 1794 Dei
385 1737 663 1807 signiﬁcat,
712 1736 805 1790 sed
854 1733 1301 1804 dispensationem
1342 1738 1603 1798 susceptae
1640 1728 1818 1781 cernis

236 1830 541 1891 annuntiat,
574 1827 625 1880 in
654 1841 756 1894 qua
784 1823 1179 1893 dispensatione
1211 1838 1314 1874 non
1345 1820 1515 1874 solum
1547 1819 1685 1872 Patri
1718 1816 1813 1874 hoc
1846 1823 1890 1883 Β

238 1920 402 1973 minis
430 1918 619 1980 lilium,
650 1915 743 1969 sed
784 1915 941 1968 etiam
972 1912 1175 1982 angelis
1210 1912 1430 1979 legimus
1468 1909 1812 1976 minoratnm,

236 2010 410 2064 Paulo
434 2008 677 2077 apostolo
708 2014 1037 2075 protestante
1068 2022 1080 2058 :
1108 2003 1240 2057 Eum
1279 2012 1453 2055 autem
1486 2002 1574 2070 qui
1606 2000 1812 2055 modice

237 2110 298 2154 et
320 2100 495 2153 minus
520 2114 675 2168 quam
704 2097 875 2165 angeli
905 2099 1199 2149 minoratus
1228 2103 1329 2159 est,
1363 2094 1602 2147 videmus
1629 2092 1812 2147 Iesum

238 2201 463 2261 propter
487 2189 787 2261 passionem
814 2190 999 2243 mortis
1020 2188 1186 2258 gloria
1204 2196 1255 2240 ct
1275 2186 1477 2241 honore
1503 2198 1811 2242 coronatum

238 2281 400 2353 (Πρὸ.
432 2297 490 2343 ιι,
521 2282 600 2349 9).
643 2281 707 2335 Et
750 2280 882 2333 infra
931 2298 942 2331 :
992 2280 1217 2348 Propter
1259 2294 1414 2348 quam
1458 2294 1670 2334 causam
1706 2295 1811 2335 non

236 2371 585 2426 confunditur
630 2372 820 2425 fratres
863 2385 959 2425 eos
1007 2385 1224 2435 vocare,
1276 2370 1459 2424 dicens
1496 2389 1511 2425 :
1551 2371 1816 2426 Nuntiabo

239 2477 438 2515 nomen
468 2471 615 2515 tuum
658 2460 907 2515 fratribus
939 2463 1107 2524 meis;
1141 2461 1191 2514 in
1224 2461 1398 2514 medio
1425 2462 1674 2516 Ecclesiae
1704 2465 1818 2518 lau-

238 2552 381 2605 dabo
413 2563 461 2605 te
491 2550 680 2623 (Ibid.,
716 2550 823 2619 11).
866 2550 930 2604 Et
970 2554 1024 2605 in
1054 2552 1259 2610 psalmo
1288 2564 1476 2607 octavo
1506 2554 1678 2623 (Vers.
1711 2556 1765 2627 6)
1799 2575 1813 2612 :

239 2642 515 2695 Miuorasti
543 2657 663 2694 eum
708 2642 861 2709 paulo
902 2641 1075 2695 minus
1108 2643 1173 2695 ab
1202 2645 1422 2712 angelis,
1454 2646 1617 2713 gloria
1641 2658 1695 2701 et
1723 2649 1818 2703 ho-

239 2746 376 2785 nore
413 2732 683 2787 coronasti
714 2746 857 2786 eum.
906 2732 967 2786 Et
1008 2743 1064 2786 ut
1109 2732 1339 2788 Verbum
1369 2735 1460 2790 Dei
1494 2738 1663 2795 Putris
1689 2742 1815 2798 bte-

236 2824 439 2877 viatum
464 2839 566 2878 non
589 2838 707 2879 esse
730 2825 782 2879 in
806 2823 939 2878 Filio
965 2825 1272 2893 doceamus,
1291 2840 1353 2881 ex
1377 2827 1522 2882 Isaiae
1542 2832 1814 2900 propheta:

232 2917 511 2973 volumine
554 2920 875 2975 sententiam
920 2923 1276 2990 approbamus
1304 2941 1315 2975 :
1349 2922 1594 2991 Nunquid
1625 2924 1811 2980 abbre-

234 3016 416 3065 viatus
457 3011 627 3067 factus
671 3023 754 3068 est
788 3028 967 3068 sermo
1012 3030 1184 3081 meus,
1227 3020 1317 3070 a‘ut
1354 3034 1569 3086 parvus,
1609 3028 1667 3073 ut
1708 3036 1810 3075 non

235 3103 436 3169 possim
466 3103 758 3158 redimere?
798 3113 888 3158 aut
933 3121 1037 3159 non
1068 3116 1148 3161 est
1179 3108 1228 3160 in
1260 3124 1344 3162 me
1375 3110 1545 3165 virtus
1582 3111 1646 3164 ad
1685 3112 1811 3165 lihe-

1924 570 2001 621 vt,
2030 558 2111 626 7).
2142 558 2206 612 Et
2234 558 2367 613 inira
2396 557 2534 613 :Vos
2556 567 2731 613 autem
2760 573 2880 614 cum
2905 561 3089 626 oratis,
3117 560 3317 617 dicite:
3346 563 3504 619 Pater

1926 655 2132 713 noster,
2163 649 2250 716 qui
2278 662 2338 703 es
2368 647 2419 701 in
2450 648 2600 703 cmlis
2628 647 2813 721 (lbid.,
2841 649 2918 720 9),
2938 659 3042 705 etc.
3067 650 3181 705 Non
3212 654 3351 707 enim
3380 667 3503 723 pro-

1926 740 2082 809 pheta
2109 742 2300 796 Filium
2326 742 2421 797 Dei
2444 744 2496 797 in
2520 742 2622 798 hoc
2642 744 2874 813 capitulo
2898 745 3193 801 minoratus
3208 746 3503 815 designavit

1925 828 1978 883 in
2024 830 2209 896 verbo,
2242 832 2491 899 quoniam
2537 832 2607 888 ita
2661 835 2711 887 in
2762 834 3034 903 prophetis
3082 847 3227 892 retro
3262 846 3501 908 tempore

1924 916 2241 985 loquebatur
2266 936 2281 973 :
2312 921 2399 989 qui
2430 922 2590 977 etiam
2624 938 2763 978 nunc
2790 938 2884 993 per
2908 926 3179 994 apostolos
3207 936 3263 983 et
3284 941 3501 997 aposto-

1924 1006 2056 1061 licos
2101 1012 2246 1063 viros
2289 1012 2581 1067 novissimo
2617 1022 2856 1083 tempore
2895 1015 3170 1085 loquitur:
3203 1018 3316 1089 Ego
3357 1034 3495 1083 sum,

1923 1097 2111 1167 inquit,
2141 1099 2232 1167 qui
2256 1100 2513 1169 loquebar
2547 1102 2598 1155 in
2633 1118 2819 1160 servos
2846 1120 2993 1161 mens
3021 1106 3310 1176 prophetas
3335 1126 3348 1162 :
3372 1124 3499 1163 ecce

1921 1192 2105 1245 adsum
2136 1191 2346 1262 (Jerem.
2376 1210 2468 1257 vn,
2494 1194 2607 1265 25).
2639 1196 2703 1250 Et
2728 1197 2865 1251 alius
2892 1199 3145 1268 pr0pheta
3174 1217 3187 1252 :
3218 1200 3383 1255 Sleuti
3415 1210 3498 1255 est

1920 1281 1989 1335 ab
2017 1281 2189 1348 initio,
2224 1284 2295 1337 ita
2327 1298 2493 1353 usque
2520 1283 2571 1338 in
2599 1286 2875 1349 smculum,
2914 1303 3086 1356 neque
3126 1288 3390 1358 adjectum
3414 1300 3497 1344 est

1920 1378 1989 1442 ei,
2026 1393 2197 1445 neque
2228 1380 2495 1435 minuetur
2528 1381 2626 1447 illi,
2658 1384 2908 1449 quoniam
2952 1389 3065 1453 ipse
3111 1394 3193 1441 est
3241 1386 3495 1440 Dominus

1918 1476 2177 1522 creatura:
2220 1482 2350 1522 sure.
2394 1470 2529 1523 Ecce
2574 1471 2731 1539 quale
2773 1473 2991 1527 verbum
3031 1474 3323 1530 breviatum
3369 1475 3496 1531 fecit

1921 1554 2179 1610 Dominus
2209 1556 2259 1610 in
2291 1557 2425 1613 orbe
2454 1568 2738 1625 terrarum,
2773 1576 2876 1616 non
2906 1564 3015 1630 qui,
3046 1572 3103 1617 ut
3135 1580 3231 1619 vos
3275 1568 3490 1634 putat‘s,

1920 1648 2230 1706 inferiorem
2253 1649 2397 1704 Patri
2423 1651 2693 1707 intimaret
2722 1653 3024 1709 hominibus
3046 1656 3260 1724 Filium,
3289 1657 3381 1713 sed
3405 1657 3492 1727 qui

1921 1743 2271 1800 novissimum
2303 1744 2419 1814 ejus
2441 1747 2778 1802 annuntiaret
2806 1748 3113 1805 adventum.

2482 1834 2705 1892 CAPUT
2744 1837 2924 1892 XLIV.

1958 1926 2057 1983 Ubi
2087 1927 2261 1981 dicunt
2291 1926 2484 1981 Fiiium
2514 1944 2616 1981 non
2646 1929 2709 1982 de
2751 1928 2924 1985 Patris
2959 1931 3233 1984 substantia
3263 1943 3455 1991 natum.

1987 2019 2043 2075 Si
2071 2030 2246 2077 autem
2275 2020 2505 2074 dixerint
2532 2039 2544 2074 :
2572 2022 2762 2075 Filium
2796 2039 2899 2077 non
2922 2023 2987 2078 de
3009 2033 3222 2093 paterna
3240 2026 3494 2081 substan-

1916 2118 1986 2172 tia
2012 2125 2215 2182 natum,
2244 2115 2336 2171 sed
2367 2115 2434 2171 de
2461 2115 2561 2170 alia
2591 2116 2885 2172 substantia
2915 2126 3244 2185 generatum.

1988 2206 2151 2279 503
2186 2208 2486 2277 Responsio.
2525 2207 2633 2262 Nos
2657 2222 2867 2277 quoque
2887 2208 2974 2277 qui
3006 2208 3156 2263 unius
3182 2206 3491 2261 substantia:

1916 2296 2128 2350 Patrem
2158 2307 2212 2350 et
2249 2296 2441 2350 Filium
2473 2296 2811 2361 confitemur,
2840 2296 2907 2352 de
2943 2297 3235 2352 substantia
3272 2296 3365 2350 Dei
3393 2294 3492 2349 Pa-

1918 2384 2015 2437 tris
2038 2384 2229 2437 Filinm
2252 2399 2373 2439 esse
2398 2385 2572 2438 divina
2603 2388 2919 2440 auctoritate
2941 2385 3237 2447 docuimus,
3260 2383 3489 2438 Ieremia

1918 2475 2177 2543 propheta
2207 2474 2417 2528 dicente
2448 2492 2459 2525 :
2490 2475 2660 2541 Super
2691 2485 2899 2528 mrntes
2938 2474 3159 2541 accipite
3198 2472 3487 2537 planctum,

1918 2573 1972 2619 et
1998 2580 2157 2632 super
2186 2564 2405 2618 semitas
2433 2563 2629 2617 deserti
2656 2563 3110 2625 lamentationem,
3140 2561 3257 2626 quia
3279 2559 3490 2613 defece-

1920 2661 2063 2714 runt,
2096 2668 2159 2705 eo
2188 2652 2327 2719 quod
2361 2668 2465 2706 non
2496 2653 2605 2706 sint
2632 2651 2893 2713 homines.
2919 2650 3041 2719 quia
3081 2648 3265 2702 audire
3296 2648 3485 2702 nolue-

1918 2752 2043 2796 runt
2072 2758 2256 2797 vocem
2288 2744 2596 2800 substantiae
2621 2758 2775 2811 meat,
2799 2758 2829 2797 a
2855 2742 3161 2797 volucribus
3182 2741 3301 2795 creli
3324 2754 3490 2809 usque

1917 2833 1983 2886 ad
2026 2833 2263 2901 jumenta
2308 2845 2489 2889 mente
2529 2833 2841 2889 exciderunt
2878 2832 3090 2903 (Jerem.
3125 2846 3200 2894 ix,
3226 2828 3332 2898 10).
3361 2829 3488 2883 Item

1916 2922 1987 2975 ibi
2016 2940 2028 2975 :
2055 2924 2184 2988 Quis
2213 2924 2359 2978 stetit
2399 2925 2449 2978 in
2477 2924 2771 2978 substantia
2801 2923 3033 2986 Domini,
3066 2930 3119 2976 et
3147 2921 3345 2976 videbit
3373 2935 3490 2973 ver-

1915 3010 2039 3065 bum
2060 3012 2187 3067 Dei?
2213 3015 2332 3081 quis
2354 3029 2535 3067 aurem
2565 3013 2787 3081 prmbuit
2812 3023 2865 3067 et
2886 3012 3085 3066 audivit
3100 3010 3311 3081 (Jeretn.
3333 3024 3487 3072 unt,

1917 3100 2041 3171 18)?
2081 3102 2142 3156 Et
2171 3102 2241 3157 ibi
2282 3118 2296 3157 :
2331 3102 2385 3157 Si
2429 3104 2703 3158 stetissent
2746 3104 2797 3157 in
2846 3102 3137 3157 substantia
3185 3112 3323 3162 mea.
3363 3109 3416 3155 et
3444 3101 3487 3153 si

236 3192 484 3259 randum,
511 3193 642 3247 dicit
682 3194 937 3249 Dominus
967 3196 1308 3264 omnipotens
1345 3196 1495 3269 (Isai.
1531 3216 1581 3264 ι,
1622 3198 1713 3268 2)?
1747 3200 1807 3254 Et
1836 3192 1884 3255 C
1914 3194 2189 3249 audissent
2214 3196 2373 3251 verba
2397 3212 2535 3259 mea.
2560 3205 2613 3250 et
2636 3197 2679 3251 si
2702 3194 3271 3263 docuissentpopulum
3292 3208 3486 3258 meum,

234 3284 428 3337 iterum
454 3299 467 3336 :
495 3283 616 3338 Ilaec
646 3284 774 3338 dicit
806 3286 1059 3339 Dominus
1088 3287 1228 3341 Deus
1256 3292 1597 3357 omnipotens
1622 3306 1635 3345 :
1661 3289 1809 3344 Nun-

232 3372 363 3440 quid
394 3374 696 3429 abbreviata
721 3386 802 3429 est
832 3392 1015 3430 manus
1042 3393 1180 3443 mea,
1210 3390 1263 3431 nt
1290 3380 1497 3434 salvare
1519 3397 1622 3434 non
1648 3384 1811 3449 possit

237 3466 390 3534 (lsai.
420 3481 525 3531 ιιι,
554 3466 638 3535 I)?
664 3467 768 3519 Aut
799 3484 900 3521 non
935 3477 1106 3534 potest
1128 3470 1396 3523 viviﬁcarc
1417 3485 1509 3523 cor
1534 3471 1808 3525 humilium

233 3567 288 3609 et
318 3554 563 3624 spiritum
594 3556 965 3610 contritorum.
998 3556 1063 3610 Et
1093 3566 1148 3611 ut
1177 3557 1450 3611 brachium
1494 3558 1666 3613 Patris
1692 3575 1812 3629 quas

234 3661 425 3698 manus
447 3656 547 3710 est,
582 3646 773 3699 Filium
814 3662 932 3701 esse
964 3646 1203 3713 doceret,
1244 3645 1421 3701 intulit
1458 3647 1681 3702 dicens:
1714 3649 1811 3702 Pa-

234 3739 379 3793 ravit
423 3739 678 3793 Dominus
732 3740 1004 3793 brachium
1056 3749 1297 3793 sanctum
1345 3755 1496 3794 suum
1547 3740 1597 3793 in
1643 3741 1811 3794 oculis

234 3829 473 3882 omnium
496 3830 751 3897 gentium,
779 3838 831 3881 et
854 3829 1308 3884 videbuntomnes
1334 3829 1464 3883 lines
1486 3838 1641 3884 terra:
1671 3830 1810 3883 salu-

237 3927 351 3971 tare
374 3919 487 3986 ejus
517 3917 666 3987 (Isai.
700 3934 787 3982 LII,
814 3918 923 3986 to).
953 3917 1081 3971 Nam
1111 3918 1233 3972 etin
1262 3918 1552 3973 novissimo
1570 3926 1809 3986 tempore

238 4008 326 4059 h7c
348 4020 536 4060 sensus
563 4022 665 4059 non
697 4007 924 4060 inaniter
958 4008 1150 4073 poterit
1177 4008 1435 4075 coaptari,
1466 4008 1516 4059 in
1544 4022 1650 4074 qtto
1672 4014 1807 4061 tem-

238 4110 368 4159 pore
402 4095 654 4147 Dominus
678 4094 838 4164 402
869 4111 960 4162 pro
991 4096 1355 4164 redemptione
1387 4105 1567 4151 nostra
1595 4110 1806 4151 carnem

237 4181 577 4249 suscipiendo
616 4182 856 4244 advenit,
890 4192 944 4235 ut
972 4194 1025 4236 et
1056 4184 1203 4237 illum
1229 4186 1319 4252 qui
1364 4184 1587 4239 habebat
1623 4186 1811 4239 mortis

237 4270 521 4337 imperium
551 4284 643 4324 sna
674 4280 844 4325 morte
870 4272 1191 4335 destrueret,
1220 4282 1274 4326 et
1302 4287 1396 4325 eos
1424 4288 1556 4341 quos
1580 4274 1630 4325 in
1666 4284 1811 4327 tene-

236 4358 347 4411 bris
370 4368 423 4413 et
446 4360 629 4413 umbra
662 4364 849 4414 mort's
878 4362 1117 4429 captivos
1144 4362 1447 4430 subegerat,
1476 4362 1668 4417 virtute
1696 4378 1808 4417 sua:

232 4450 486 4517 potentia:
530 4451 582 4504 in
628 4452 743 4519 ipso
797 4468 959 4519 parvo
1007 4461 1062 4506 et
1107 4453 1298 4522 exiguo
1340 4457 1597 4523 temporis
1635 4455 1807 4521 spatio

232 4538 506 4594 liberaret.
555 4541 629 4594 De
674 4540 773 4594 hoc
818 4543 977 4595 etiam
1016 4542 1207 4611 exiguo
1249 4552 1487 4610 tempore
1522 4545 1806 4611 discipulos
1838 4556 1884 4613 υ

232 4628 549 4693 ἰιιςιιιιεειιειι,
582 4629 706 4683 dum
749 4644 843 4683 e's
890 4632 940 4683 in
994 4631 1187 4696 lucem,
1230 4645 1350 4685 cum
1397 4632 1569 4686 adhuc
1604 4643 1808 4701 tempus

232 4716 510 4780 haberent,
539 4717 785 4773 incedere
819 4720 1166 4787 proponebat.
1202 4715 1380 4786 Pueri,
1412 4722 1600 4790 inquit,
1627 4724 1803 4777 novis-

228 4807 365 4858 sima
400 4806 526 4860 hora
554 4816 667 4874 est;
700 4822 819 4861 cum
846 4810 1015 4862 lucem
1048 4808 1275 4873 habetis,
1300 4810 1567 4865 ambulate
1591 4812 1643 4863 in
1668 4811 1805 4873 luce,

230 4911 299 4947 ne
335 4909 427 4948 vos
459 4898 690 4949 tenebrat
723 4898 1177 4964 comprehendant
1201 4897 1380 4967 (Joatt.
1406 4916 1499 4962 ιιι,
1528 4900 1618 4970 55)
1667 4902 1725 4954 Et
1750 4903 1801 4956 in

227 4983 546 5037 (hiiionicis:
574 4984 764 5047 Filioli,
794 4987 1078 5041 novissima
1106 4987 1231 5041 hora
1254 4997 1334 5041 est
1357 4988 1405 5056 (Ι
1431 4989 1583 5042 Joan.
1614 5007 1668 5055 ιι,
1690 4994 1801 5059 18).

231 5075 295 5125 lat
330 5076 468 5127 unde
499 5078 694 5128 scimus
722 5078 841 5142 quia
874 5078 1162 5130 novissima
1196 5079 1323 5131 hora
1349 5080 1465 5132 est?
1504 5081 1621 5143 quia
1656 5082 1801 5136 multi

229 5163 709 5232 pseudoprophetn-
734 5168 976 5219 exierUut
1000 5167 1049 5218 in
1080 5166 1217 5219 hunc
1236 5167 1509 5220 mundum.
1537 5169 1597 5220 Et
1615 5169 1804 5223 Paulus

227 5253 507 5318 apostolus
536 5269 550 5306 :
580 5253 811 5321 Tempus
837 5256 979 5308 enim
1014 5255 1173 5309 breve
1203 5265 1286 5310 est
1311 5254 1364 5324 (Ι
1396 5255 1514 5308 Cor.
1553 5272 1649 5322 vit,
1685 5258 1799 5325 20).

227 5339 296 5391 Et
337 5340 524 5393 iterum
555 5359 566 5392 :
603 5342 843 5396 Praeterit
871 5344 1011 5397 enim
1043 5344 1204 5409 Iigttra
1234 5344 1392 5411 hujus
1412 5345 1594 5399 mundi
1617 5344 1801 5414 (lbid.,

225 5430 343 5495 51).
379 5431 444 5483 Et
473 5432 662 5485 iterum
691 5448 704 5485 ε
728 5433 913 5487 Omnia
939 5433 1049 5487 hazc
1070 5434 1136 5486 ad
1160 5435 1542 5488 correCtiOnem
1568 5443 1801 5488 nostram

227 5523 367 5573 iacta
410 5530 556 5585 sunt,
598 5522 650 5575 in
679 5538 808 5590 quos
848 5523 965 5576 ﬁnis
1008 5525 1326 5578 saeculorum
1359 5525 1573 5577 obvenit
1599 5522 1652 5594 (I
1684 5524 1800 5577 Cor.

227 5628 282 5674 κ,
320 5609 426 5678 11).
460 5610 589 5663 Nam
636 5620 690 5665 et
732 5612 985 5665 Dominus
1024 5612 1076 5666 in
1119 5612 1227 5681 ipsa
1258 5612 1509 5667 Oratione
1539 5612 1802 5667 dominica

229 5700 494 5753 breviavit
521 5716 1088 5768 outnetn-sermonem,
1118 5702 1242 5754 dum
1284 5719 1377 5754 nos
1409 5718 1436 5753 a
1472 5704 1804 5772 multiloquio

231 5787 544 5856 prohibens,
574 5790 747 5843 omnia
778 5790 1017 5844 docuerit
1045 5806 1161 5858 qua:
1210 5791 1505 5858 pertineant
1552 5792 1614 5845 ad
1662 5793 1799 5846 salte

1912 3293 2204 3339 averterem
2236 3300 2329 3340 eos
2356 3300 2383 3337 a
2414 3286 2603 3339 studiis
2624 3300 2806 3340 eorum
2832 3284 3076 3353 pessimis
3099 3284 3309 3353 (Jerem.
3336 3298 3485 3344 mn,

1911 3372 2025 3442 22).
2055 3374 2121 3428 Et
2149 3376 2435 3444 Apostolus
2462 3393 2474 3427 :
2502 3377 2631 3444 Cum
2658 3376 2727 3430 sit
2752 3375 3005 3444 splendor
3032 3374 3214 3441 gloriae
3240 3381 3292 3425 et
3326 3373 3488 3439 ligura

1912 3443 2222 3522 substantia:
2249 3469 2365 3537 ejus
2396 3443 2582 3539 (Hebr.
2624 3484 2661 3532 ι,
2702 3443 2792 3537 5).
2832 3468 2959 3521 Item
3010 3466 3123 3533 ipse
3154 3482 3167 3517 :
3201 3464 3488 3531 Participes

1912 3558 2053 3612 enim
2082 3560 2171 3614 Dei
2192 3560 2311 3613 facti
2338 3575 2541 3624 sumus,
2573 3560 2777 3613 initium
2800 3558 3113 3613 substantia:
3135 3557 3251 3624 ejus
3279 3556 3487 3609 firmum

1913 3650 2236 3705 retineamus
2268 3652 2455 3719 (Hebr.
2497 3667 2577 3712 ιιι,
2622 3650 2731 3714 Ii).
2783 3649 2847 3701 Et
2891 3649 2941 3701 in
2989 3646 3318 3702 Salomone:
3351 3646 3488 3700 Sub-

1912 3743 2102 3796 stantia
2132 3757 2247 3795 mea
2273 3742 2501 3796 dulcedo
2533 3755 2647 3793 mea
2678 3748 2758 3793 cst
2789 3738 2943 3807 (Sap.
2989 3752 3093 3799 χιιι,
3129 3735 3242 3803 it).
3279 3735 3354 3789 Ex
3390 3737 3488 3789 hoc

1912 3832 2124 3886 tardem
2168 3846 2397 3900 agnosce
2437 3830 2685 3899 quoniam
2724 3828 2813 3896 qni
2852 3828 2944 3882 Dei
2984 3826 3157 3880 Patris
3192 3825 3486 3878 substantia

1910 3929 2264 3987 nuncupatur,
2298 3920 2366 3973 ab
2392 3920 2575 3974 eadem
2604 3918 2809 3972 alienus
2837 3932 2958 3972 esse
2988 3931 3091 3970 non
3124 3914 3377 3971 creditur.

2479 4059 2705 4113 CAPUT
2745 4020 2903 4111 XLV:

1917 4171 2013 4224 Ubi
2042 4171 2216 4221 dicunt
2256 4168 2497 4219 minorem
2538 4182 2644 4217 esse
2693 4163 2911 4227 Filium,
2938 4167 3055 4227 quia
3086 4178 3173 4227 per
3201 4177 3314 4215 eam
3347 4160 3489 4215 Patri

2441 4238 2617 4305 gratia:
2645 4238 2955 4303 referuntur.

1980 4338 2035 4391 Si
2074 4337 2167 4391 tibi
2209 4335 2441 4389 dixerint
2476 4334 2650 4403 :,ldeo
2679 4333 2855 4388 minor
2890 4343 2973 4388 est
3012 4332 3202 4397 Filius,
3232 4332 3353 4402 quia
3394 4347 3488 4401 per

1911 4429 2081 4497 ipsum
2116 4426 2222 4480 Deo
2248 4425 2388 4481 Patri
2418 4424 2604 4494 gratia:
2629 4422 2951 4477 referuntur.

1984 4518 2281 4586 Responsio.
2336 4514 2413 4568 Ex
2463 4514 2565 4567 hoc
2610 4512 2807 4580 quippe
2854 4510 3169 4579 apostolico,
3206 4508 3348 4563 unde
3386 4508 3487 4563 hoc
3550 4560 3551 4563 η

1910 4604 2160 4659 videmini
2189 4619 2386 4673 ponere
2418 4603 2804 4663 testimonium,
2836 4617 2899 4655 ex
2929 4602 3043 4669 ipso
3078 4610 3133 4655 et
3165 4616 3262 4655 nos
3287 4600 3487 4668 absque

1910 4694 2001 4749 ﬁlii
2044 4694 2255 4748 nomine
2292 4694 2536 4748 eumdem
2582 4693 2753 4761 ipsum
2799 4706 3169 4761 sarpenumero
3208 4692 3315 4745 Deo
3344 4690 3485 4745 Patri

1907 4786 2105 4855 gratias
2135 4786 2383 4839 retulisse
2424 4783 2732 4853 probamus,
2778 4782 2897 4851 ipso
2937 4780 3191 4835 Romana:
3234 4780 3485 4834 Ecclesia:

1908 4876 2175 4930 scribente
2208 4892 2220 4927 :
2253 4874 2464 4929 Gratias
2497 4883 2675 4928 autem
2726 4873 2859 4936 Deo,
2910 4872 3100 4941 inquit,
3145 4872 3266 4939 quia
3312 4870 3485 4926 fuistis

1908 4971 2047 5026 servi
2078 4972 2279 5039 percati
2303 4971 2477 5038 (Rom.
2505 4984 2576 5033 γι,
2606 4969 2719 5038 17).
2753 4968 2822 5022 Et
2853 4967 2983 5023 infra
3014 4986 3026 5020 :
3055 4964 3283 5021 Liberali
3305 4972 3482 5018 autem

1907 5077 1936 5114 a
1965 5073 2204 5130 peccato,
2237 5061 2378 5116 servi
2403 5061 2524 5117 facti
2545 5060 2930 5129 estisjustitite.
2961 5060 3026 5114 Et
3050 5060 3115 5113 ad
3139 5056 3481 5112 Corinthios:

1909 5153 2021 5208 Deo
2063 5162 2239 5207 autem
2288 5154 2510 5223 gratias,
2552 5154 2640 5223 qui
2687 5154 2831 5209 dedit
2874 5153 3027 5207 nobis
3073 5149 3348 5204 victoriam
3389 5162 3483 5215 per

1912 5244 2192 5299 Dominum
2224 5252 2465 5299 nostrum
2495 5245 2676 5300 Jesum
2704 5243 2974 5299 Christum
3008 5240 3059 5311 (1
3090 5240 3206 5294 Cor.
3245 5254 3333 5303 xv,
3365 5236 3479 5305 57).

1907 5337 2038 5391 Item
2073 5336 2142 5391 ibi
2172 5357 2187 5393 :
2218 5337 2328 5391 Deo
2356 5346 2535 5392 autem
2564 5336 2781 5406 gratias,
2814 5336 2899 5405 qui
2931 5347 3144 5399 semper
3171 5344 3265 5384 nos
3293 5329 3481 5383 trium-

1912 5425 2074 5495 phare
2102 5426 2226 5481 facit
2254 5428 2303 5480 in
2333 5426 2549 5481 Christo
2579 5423 2666 5496 (II
2698 5425 2817 5479 Cor.
2865 5439 2921 5487 ll,
2966 5421 3077 5491 14).
3112 5421 3176 5474 Et
3203 5418 3267 5473 ad
3299 5416 3479 5486 Ephe-

1914 5521 2022 5574 sios
2051 5537 2064 5571 :
2091 5520 2257 5588 Hujus
2287 5520 2361 5573 rei
2393 5520 2560 5588 gratia
2604 5518 2758 5571 flecto
2795 5530 2965 5585 genua
3005 5528 3120 5565 mea
3160 5511 3225 5565 ad
3270 5512 3480 5566 Patrem

1910 5609 2115 5663 Domini
2137 5610 2301 5663 nostri
2315 5609 2441 5663 Jesu
2455 5607 2651 5663 Christi
2674 5605 2885 5675 (Ep/tes.
2906 5618 2981 5667 ut,
3005 5601 3111 5670 11).
3132 5602 3188 5655 Et
3208 5600 3276 5654 ad
3290 5600 3480 5655 Colos-

1907 5715 2090 5755 senscs
2115 5717 2127 5752 ε
2152 5700 2315 5770 ωε,
2335 5696 2625 5753 Confortati
2654 5693 2945 5748 secundum
2978 5692 3268 5759 potentiam
3291 5690 3481 5761 gloriae

1907 5792 2020 5861 ejus
2053 5792 2103 5845 in
2136 5806 2348 5847 omnem
2392 5786 2697 5859 patientiam
2738 5795 2791 5841 ct
2830 5785 3277 5853 longanimitatcm
3316 5803 3325 5837 :
3361 5800 3482 5841 cum
