3938 6376
511 387 612 444 583

1812 385 2032 443 VlGlLIl
2075 344 2434 441 TAPSEZVSIS
3586 405 3658 460 εει

517 498 707 568 gaudio
732 498 927 567 gratias
952 508 1165 568 agentes
1194 499 1301 553 Deo
1328 512 1378 553 et
1410 500 1548 553 Patri
1571 500 1702 569 (Cal.
1734 517 1769 563 t,
1801 502 1909 570 11).
1938 502 1999 553 Et
2018 500 2083 553 ad
2114 500 2159 557 A
2190 500 2354 555 Jacob
2386 504 2522 556 idem
2558 504 2813 558 Dominus
2839 506 2970 559 dixit
2994 526 3006 561 :
3034 508 3144 575 Ego
3173 524 3280 563 sum
3310 512 3433 567 Deus
3456 518 3525 582 qui
3554 520 3659 573 visus

514 592 849 645 Timotheum
882 611 893 645 :
930 591 1137 645 Gratias
1165 608 1262 661 ago
1296 593 1402 645 Deo
1436 608 1574 658 meo,
1603 595 1685 647 cui
1717 595 1893 647 servio
1922 612 1949 648 a
1982 596 2080 662 pri-

512 684 928 751 mogenitoribus
971 685 1103 738 meis
1131 686 1179 736 in
1209 685 1309 736 Iide
1334 684 1416 752 (II
1448 685 1580 738 Tim.
1613 702 1650 753 ι,
1689 689 1766 753 5).
1811 691 2078 754 Agnosco,

506 773 758 839 quoniam
791 775 930 828 sicut
958 776 1006 827 in
1040 777 1197 829 Patre
1227 784 1281 829 et
1310 776 1358 828 in
1388 776 1519 829 Filio
1551 793 1650 829 una
1681 786 1763 831 est
1798 778 2079 831 credulitas
2116 816 2131 821 ρ

508 872 563 915 et
587 863 873 927 confessio,
894 880 994 933 qua
1022 865 1303 917 Chri~ti.tni
1336 881 1584 919 vocamur
1610 877 1662 919 et
1686 883 1898 928 sumus;
1933 869 2000 920 ita
2028 869 2076 920 in

506 956 585 1008 eis
615 956 901 1022 gratiarum
935 958 1072 1010 actio
1103 972 1200 1009 una
1230 966 1333 1022 est,
1361 958 1486 1011 dum
1533 962 1759 1027 petimus
1790 972 1843 1014 ut
1881 962 2077 1030 aliquid

509 1060 827 1108 intereamur,
858 1046 939 1099 vel
967 1061 1084 1099 cum
1119 1063 1213 1114 pro
1245 1048 1453 1101 collatis
1486 1052 1777 1117 gratiarum
1812 1053 2074 1106 actionem

506 1133 864 1201 tependimus.

532 1207 538 1213 ’
1071 1227 1296 1285 CAPUT
1336 1231 1516 1285 XLvt.

610 1314 709 1368 Ubi
737 1316 857 1367 dicit
888 1310 1096 1371 Filius:
1122 1320 1276 1373 Paler
1307 1324 1427 1375 milii
1451 1328 1707 1378 constituit
1737 1344 1972 1397 regnum.

573 1404 627 1458 Si
653 1407 1081 1477 autem‘dixerint
1104 1412 1243 1479 quod
1275 1413 1388 1481 ipse
1424 1416 1590 1468 Filius
1632 1418 1900 1485 discipulis
1923 1421 2072 1475 dixe-

500 1495 570 1547 rit
596 1537 604 1545 .
633 1496 742 1564 Ego
769 1497 923 1550 vobis
951 1501 1240 1568 constituo,
1272 1504 1408 1557 sicut
1447 1506 1573 1558 mihi
1618 1507 1772 1561 Pater
1798 1512 2073 1573 constituit

501 1574 721 1653 regnum
755 1586 908 1656 (Luc.
939 1605 1072 1655 xxu,
1106 1590 1218 1660 2⁸)).

528 1660 531 1665 ’
569 1677 867 1747 Responsio.
913 1681 1065 1734 Sicut
1113 1684 1265 1737 Pater
1304 1684 1436 1739 Filio
1472 1701 1569 1740 suo
1612 1706 1829 1757 regnum
1872 1696 2070 1749 consti-

493 1769 657 1823 tuisse
684 1770 899 1837 diritur,
929 1773 1001 1825 ita
1030 1774 1196 1827 Filius
1224 1775 1366 1830 Patri
1410 1794 1625 1847 regnum
1661 1784 1941 1840 tradidisse
1972 1788 2069 1840 do-

490 1872 661 1926 eotur,
694 1863 952 1930 Apostolo
992 1866 1376 1921 contirmante:
1414 1872 1784 1943 Unusquisque
1807 1886 1980 1932 autem
2014 1882 2063 1934 in
2097 1865 2140 1924 Β
2171 1874 2268 1912 ¹¹¹¹⁵
2314 1864 2571 1914 "imam"
2613 1878 2625 1913 ³

491 1964 589 2003 suo
630 1951 839 2017 ordine,
882 1956 997 2006 ait:
1031 1956 1233 2009 initium
1282 1958 1545 2026 Christus,
1579 1964 1770 2019 deinde
1812 1970 1900 2035 qui
1941 1980 2065 2024 sunt

495 2041 716 2106 Christi,
740 2045 825 2110 qui
851 2045 900 2097 in
925 2045 1205 2100 adventum
1231 2049 1349 2115 ejus
1375 2065 1667 2121 resurgeut.
1700 2056 1896 2113 Deinde
1922 2061 2062 2128 linis,

492 2146 611 2183 cum
658 2133 930 2188 tradiderit
972 2151 1189 2204 regnum
1224 2138 1331 2192 Deo
1371 2140 1536 2206 Patri,
1569 2160 1685 2197 cum
1724 2154 2063 2207 etacuaverit

491 2240 701 2278 omnem
745 2227 1097 2296 principatum
1127 2241 1177 2284 et
1208 2246 1421 2286 omnem
1462 2245 1778 2303 potestatem
1810 2252 1862 2294 et
1896 2243 2061 2296 virtu-

491 2325 594 2369 tem
629 2316 678 2385 (Ι
711 2316 829 2371 Cor.
861 2336 949 2385 xv,
998 2320 1113 2387 95).
1163 2322 1229 2376 Et
1278 2326 1328 2377 in
1377 2328 1693 2398 Apocalypsi
1728 2350 1737 2381 :
1776 2332 2058 2389 Iledemisti

489 2422 519 2457 n
560 2422 584 2458 s
610 2408 716 2461 Deo
748 2409 798 2475 in
834 2412 1091 2479 sanguine
1123 2425 1230 2480 tuo,
1259 2430 1320 2469 ex
1352 2420 1495 2471 omni
1530 2421 1690 2487 tribtt,
1714 2436 1758 2476 et
1792 2424 1984 2493 lingua,
2006 2437 2061 2481 et

485 2511 664 2567 gente,
697 2511 749 2554 et
775 2502 945 2557 fecisti
985 2519 1082 2558 nos
1124 2506 1233 2561 Deo
1261 2524 1477 2577 regnum
1512 2512 1695 2582 (Apoc.
1726 2531 1779 2580 v,
1808 2517 1882 2586 9).
1907 2518 2056 2583 Quod

484 2607 611 2645 vero
643 2609 802 2647 unum
832 2606 990 2664 atque
1019 2612 1307 2655 commune
1341 2601 1568 2656 habeant
1604 2606 1757 2659 Pater
1788 2618 1838 2660 et
1872 2609 2055 2673 Filius,

484 2684 545 2734 al
584 2682 841 2752 Ephesios
871 2687 1109 2742 scribens
1138 2692 1325 2757 probat
1353 2696 1661 2761 Apostolus,
1696 2699 1915 2754 dicens:
1950 2703 2056 2756 IIoc

481 2774 623 2827 enim
656 2776 863 2841 scitote,
894 2778 1247 2848 intelligentes
1270 2785 1409 2850 quod
1441 2787 1615 2839 omnis
1641 2788 1946 2855 fornicator,
1968 2805 2056 2849 aut

480 2866 803 2932 immundus,
837 2879 927 2922 aut
964 2885 1175 2938 avarus,
1208 2876 1346 2943 quod
1379 2884 1460 2930 est
1505 2876 1766 2933 idolorum
1806 2885 2055 2952 servitus,

482 2969 586 3007 non
608 2955 764 3010 habet
789 2959 1151 3016 haereditatem
1182 2966 1232 3017 in
1258 2980 1422 3034 regno
1442 2968 1640 3022 Christi
1663 2980 1714 3024 et
1734 2972 2052 3043 Dei(Ephes.

479 3060 534 3108 vr,
564 3046 641 3114 5).
670 3048 799 3104 Cum
832 3051 992 3120 igitur
1020 3054 1242 3110 videatis
1284 3073 1445 3112 unum
1486 3074 1605 3115 esse
1634 3066 2054 3131 regnum,Patris

478 3145 531 3191 et
562 3136 700 3204 Filii,
725 3155 821 3195 cur
848 3158 945 3196 vos
980 3144 1142 3215 impio
1179 3147 1426 3217 dogmate
1458 3151 1577 3205 talia
1609 3152 1675 3207 de
1711 3153 1803 3208 illo
1842 3172 2055 3213 asseve-

477 3240 596 3282 rare
619 3234 919 3287 conamini?

1020 3323 1247 3383 CAPUT
1289 3330 1495 3387 XLVII.

480 3404 580 3459 Ubi
606 3408 775 3463 dicunt
809 3411 1027 3480 Filium,
1052 3433 1152 3470 non
1183 3417 1413 3485 Patrem,
1441 3415 1741 3493 dpparttisse
1767 3428 2045 3498 praphetis.

543 3507 704 3580 405
751 3511 806 3566 Si
861 3515 953 3568 tibi
1004 3516 1234 3572 dixerint
1277 3536 1290 3573 :
1338 3521 1393 3575 In
1449 3523 1547 3576 hoc
1599 3524 1764 3579 Filius
1813 3542 1841 3580 a
1894 3528 2049 3584 Patre

476 3602 781 3665 agnoscitur
819 3604 1041 3659 minoris
1083 3622 1202 3663 esse
1249 3610 1477 3678 virtutis,
1512 3614 1631 3682 quia
1678 3617 1823 3671 solus
1862 3619 2049 3688 legitur

476 3688 787 3754 apparuisse
813 3692 1105 3758 prophetis.
1468 3765 1471 3767 _

551 3775 855 3844 Responsio.
885 3780 1339 3845 Quemadmodum
1372 3790 1536 3845 Filius
1565 3797 1817 3862 apostolis
1842 3814 1903 3854 ac
1930 3816 2047 3869 pro-

478 3866 655 3934 phetis
682 3871 993 3937 apparuisse
1031 3873 1209 3930 divina
1240 3882 1551 3936 auctoritate
1583 3887 1855 3951 probatur,
1893 3866 1962 3945 ita
1994 3905 2047 3947 et

476 3955 687 4011 Patrem
708 3963 1017 4028 apparuisse
1044 3964 1227 4041 iisdem
1256 3968 1445 4025 litteris
1471 3974 1742 4041 edocetur,
1774 3979 2046 4038 Ezechiele

475 4047 731 4116 pr0pheta
761 4049 971 4107 dicente
1002 4072 1013 4107 :
1045 4054 1111 4109 Et
1139 4056 1271 4112 facta
1298 4069 1378 4114 est
1407 4076 1569 4131 super
1603 4081 1688 4121 me
1720 4084 1904 4125 manus
1946 4071 2047 4125 Do-

474 4138 625 4205 mini,
652 4152 706 4195 et
746 4144 818 4197 ait
853 4146 918 4200 ad
950 4163 1036 4203 me
1067 4167 1079 4203 :
1114 4149 1302 4222 Surge,
1333 4156 1588 4225 egredere
1619 4159 1669 4213 in
1701 4176 1963 4229 campum,
1994 4176 2047 4220 (ιι

472 4228 543 4283 ibi
572 4231 757 4301 loquar
784 4235 850 4288 ad
896 4247 967 4292 te.
1014 4240 1077 4293 Et
1118 4244 1368 4309 surrexit,
1404 4257 1453 4301 et
1492 4251 1621 4303 exiit
1654 4268 1669 4304 :
1699 4262 1754 4306 et
1788 4228 1911 4309 ecce
1940 4256 2047 4309 illic

473 4320 724 4387 majestas
775 4325 987 4381 Domini
1030 4332 1222 4399 stabat,
1259 4336 1395 4389 sicut
1442 4341 1689 4408 majestas
1735 4346 1849 4413 ejus
1888 4364 2044 4415 quem

472 4411 671 4487 vidi'ad
702 4414 916 4470 ﬂuvium
940 4419 1149 4475 Chobar
1172 4423 1380 4490 (Ezeclt.
1406 4444 1481 4494 ιιι,
1500 4432 1610 4501 22).
1637 4436 1705 4488 Et
1727 4411 1775 4489 in
1796 4411 2043 4496 DanirIe:

475 4498 752 4567 Videbam,
776 4515 827 4558 et
856 4522 979 4563 ecce
1006 4512 1156 4579 quasi
1187 4514 1342 4568 sedes
1366 4521 1547 4584 positae
1570 4498 1710 4588 sunt,
1733 4536 1783 4580 et
1808 4540 2044 4587 vetustus

474 4589 677 4646 dierum
723 4596 973 4668 sedebat,
1026 4613 1078 4657 et
1127 4608 1439 4664 vestimenta
1490 4613 1604 4681 ejus
1645 4620 1864 4674 candida
1907 4626 2043 4681 sicut

473 4682 583 4749 nix,
612 4692 666 4763 et
685 4688 855 4754 capilli
879 4694 1063 4760 capitis
1087 4696 1201 4765 ejus
1230 4710 1283 4753 ut
1306 4701 1419 4755 lana
1451 4705 1639 4757 munda
1664 4707 1823 4775 (Dan.
1847 4728 1932 4777 vn,
1963 4716 2037 4784 9).

472 4771 539 4826 Et
567 4782 624 4826 ut
652 4775 857 4857 Patrem
889 4780 1048 4838 fuisse
1069 4784 1282 4844 doceret
1302 4807 1457 4860 quem
1481 4771 1704 4863 viderat,
1732 4771 2041 4865 prosecutus

471 4872 553 4915 est
582 4864 763 4921 dicens
792 4885 806 4923 :
837 4869 1089 4947 Videbam
1122 4877 1172 4930 in
1196 4880 1313 4947 visu
1348 4884 1537 4948 noctis,
1570 4894 1623 4940 et
1648 4902 1771 4944 ecce
1804 4891 1853 4944 in
1885 4896 2036 4948 nubi-

471 4951 569 5006 bus
611 4948 731 5031 coeli
780 4962 927 5027 quasi
975 4963 1113 5020 illius
1144 4966 1371 5024 hominis
1402 4975 1662 5040 veniebat,
1693 4986 1746 5033 et
1777 4997 1941 5050 usque
1971 4984 2036 5038 ad

469 5050 734 5100 vetustum
764 5048 967 5105 dierum
1000 5058 1236 5122 pervenit
1265 5060 1446 5129 (lbid.,
1490 5067 1597 5136 13).
1632 5068 1695 5123 Et
1733 5071 1781 5125 in
1822 5048 2038 5130 Actibus

469 5138 853 5206 apostolorum,
871 5141 936 5196 de
957 5145 1128 5212 primo
1152 5161 1383 5221 martyre
1408 5152 1676 5222 Stephano
1694 5162 1759 5215 ita
1780 5163 2033 5221 refertur:

470 5223 586 5289 Ipse
625 5237 802 5282 autem
840 5246 956 5285 cum
999 5243 1142 5290 esset
1173 5238 1356 5305 plenus
1386 5242 1583 5311 Spiritu
1630 5260 1834 5315 sancto,
1869 5254 2038 5308 inten—

468 5314 598 5367 dens
630 5315 679 5369 in
710 5319 927 5388 etelum,
956 5324 1094 5401 vidit
1122 5328 1342 5396 gloriam
1379 5332 1487 5398 Dei,
1520 5343 1572 5389 et
1600 5337 1777 5394 Jesutn
1809 5314 2036 5400 stantem

468 5408 532 5458 ad
563 5407 833 5493 dexteram
865 5414 953 5470 Dei
988 5416 1121 5487 (Act.
1148 5436 1240 5485 vtt,
1272 5424 1385 5491 55).
1419 5426 1484 5480 Et
1513 5410 1762 5488 Dominus
1790 5435 1839 5489 in
1867 5436 2038 5493 Evan-

469 5496 605 5560 g'elio
636 5499 782 5555 Isaia:
814 5510 1103 5576 praphette,
1138 5513 1275 5582 quod
1325 5515 1417 5571 Dei
1461 5518 1630 5576 Patris
1662 5524 1882 5593 gloriam
1916 5544 2037 5597 pro-

473 5588 598 5651 priis
637 5591 905 5650 obtutibus
941 5606 1334 5674 conspexisset,
1381 5612 1604 5677 prmbuit
1652 5588 2032 5686 testimoni-um,

470 5674 652 5731 dicens
684 5697 697 5730 :
731 5683 851 5739 Haec
875 5688 1011 5742 dixit
1044 5692 1222 5758 Isaias,
1248 5674 1461 5764 quan—d0
1495 5702 1621 5756 vidit
1650 5705 1870 5772 gloriam
1898 5674 2030 5778 ejus;

471 5774 525 5820 et
556 5766 758 5824 locutus
786 5786 863 5829 est
894 5776 956 5831 de
986 5796 1049 5833 eo
1078 5782 1250 5851 (Joan.
1292 5803 1381 5849 xu,
1420 5789 1527 5856 Η).
1566 5793 1627 5845 Iit
1652 5766 1711 5847 in
1744 5766 1943 5852 Genesi
1968 5766 2031 5856 ad

992 5938 1014 5969 l

2185 607 2299 645 sum
2332 594 2420 646 tibi
2454 594 2504 647 iu
2538 596 2652 647 loco
2683 595 2798 660 Dei,
2827 597 2911 650 ubi
2944 598 3136 652 unxisti
3169 601 3287 654 mihi
3316 603 3507 666 lapidem
3532 618 3574 661 et
3596 626 3657 662 vo-

2184 682 2301 735 visti
2327 684 2453 735 tnihi
2478 693 2654 737 votum
2679 684 2827 753 (Gen.
2851 703 2996 751 χχχι,
3020 688 3125 758 15).
3153 692 3212 743 Et
3236 694 3282 744 itt
3305 694 3351 746 Iil
3372 710 3423 747 ro
3442 696 3656 753 Jndicnnt:

2181 773 2308 826 Cum
2332 775 2503 828 adhuc
2526 788 2662 829 esset
2690 779 2902 831 Gedeon
2929 780 2977 832 in
3002 782 3211 849 Cophes
3233 794 3325 851 pati
3341 785 3381 838 is
3403 786 3477 838 lilii
3502 788 3661 855 llesilri,

2181 863 2387 916 loeutus
2434 873 2517 918 est
2566 876 2719 921 nocte
2761 868 2846 921 illa
2891 870 3165 937 Dominus,
3212 873 3382 927 dicens
3418 893 3426 925 :
3464 877 3591 943 Vade,
3624 888 3662 933 et

2180 964 2358 1010 everte
2404 974 2548 1010 aram
2602 959 2753 1024 Baal,
2796 976 2951 1029 quam
2996 963 3275 1017 aediﬁcavit
3313 977 3445 1032 pater
3482 979 3661 1035 tuus,et

2179 1047 2352 1099 locum
2376 1048 2462 1113 qui
2493 1056 2575 1102 est
2602 1064 2762 1117 super
2791 1051 2930 1103 illam
2956 1052 3139 1106 excide
3165 1071 3175 1104 :
3204 1063 3255 1106 et
3274 1055 3663 1115 azdilicahisaftare

2180 1134 2290 1189 Deo
2321 1145 2408 1189 tuo
2448 1138 2534 1204 qui
2567 1138 2709 1190 κεί-ηε
2735 1149 2817 1192 est
2848 1141 2939 1193 tibi
2989 1142 3038 1194 itt
3088 1145 3280 1198 vertice
3307 1148 3479 1200 montis
3506 1149 3659 1203 ilaroth

2177 1224 2230 1276 in
2261 1226 2596 1282 ordinatione
2627 1228 2819 1297 (Judic.
2860 1247 2931 1293 vt,
2976 1233 3088 1299 2‘).
3122 1234 3246 1287 Item
3272 1235 3319 1288 in
3340 1236 3509 1291 Genesi
3532 1239 3582 1291 ad
3600 1240 3653 1293 Ia-

2175 1314 2306 1368 cbb:
2336 1315 2475 1369 Dixit
2497 1328 2670 1370 autem
2706 1319 2843 1374 Deus
2865 1322 2929 1374 ad
2958 1323 3118 1378 Jacob
3145 1344 3156 1375 :
3186 1310 3482 1380 Aseende‘in
3506 1329 3657 1384 Bellel.

2173 1416 2228 1461 et
2258 1407 2433 1460 habita
2463 1409 2527 1462 ibi
2549 1450 2562 1470 ,
2592 1420 2644 1464 et
2676 1410 2753 1464 fac
2788 1412 2857 1465 ibi
2889 1415 3057 1469 altare
3101 1416 3207 1469 Deo
3237 1420 3318 1481 qui
3350 1419 3473 1473 visus
3508 1430 3571 1472 est
3596 1422 3660 1474 tibi

2173 1494 2224 1547 in
2270 1498 2378 1559 via,
2423 1513 2541 1550 cum
2596 1499 2805 1568 fugeres
2853 1518 2879 1554 a
2919 1501 3080 1573 406
3117 1504 3250 1559 facie
3283 1507 3408 1561 Esau
3446 1507 3589 1563 fratris
3611 1513 3659 1563 tui

2173 1588 2327 1665 (Gen.
2356 1605 2514 1650 xxxv.
2548 1591 2621 1659 1).
2661 1593 2828 1646 Unum
2862 1596 2952 1648 tibi
2977 1597 3114 1663 quod
3148 1598 3370 1652 volueris
3392 1600 3656 1669 t-ligeedno

2172 1661 2271 1733 bus
2297 1662 2422 1733 :lant
2447 1682 2652 1735 Patrem
2678 1684 2839 1736 dicito
2860 1661 3167 1753 apparuisse
3188 1691 3430 1757 pergenti,
3454 1701 3495 1745 et
3518 1692 3659 1745 Filium

2170 1774 2485 1833 revertenti;
2518 1782 2609 1825 aut
2639 1773 2829 1827 Filium
2862 1775 3101 1842 fugienti,
3130 1789 3181 1833 et
3221 1782 3415 1833 Pattem
3457 1782 3657 1834 nihilomi-

2674 1880 2987 1933 quocunque
3035 1869 3175 1921 enim
3230 1870 3440 1937 teipSum
3472 1872 3656 1936 verteris,

2166 1950 2421 2003 evadendi
2448 1956 2654 2020 copiam
2684 1971 2784 2008 non
2816 1956 3061 2031 habebis.

2709 2039 2932 2093 CAPUT
2970 2039 3194 2096 XLVIII.

2170 2123 2267 2201 Ubi
2295 2126 2356 2177 de
2378 2128 2573 2201 syllaba
2595 2138 2645 2180 et
2668 2140 2941 2181 causantur
2957 2147 2973 2193 ,'
2994 2134 3113 2198 quin
3134 2135 3319 2185 dictant
3342 2146 3406 2188 est
3427 2136 3661 2201 discipulis:

2239 2193 2337 2257 lle,
2372 2195 2619 2262 baptiznte
2651 2210 2826 2270 gentes
2858 2201 2906 2251 in
2950 2193 3147 2255 nomine
3178 2202 3366 2270 Patris,
3401 2217 3443 2258 et
3485 2193 3599 2269 Filii,
3630 2216 3661 2257 et

2237 2265 2459 2333 Spiritus
2496 2269 2678 2321 sancti.

2202 2356 2287 2408 (Si
2334 2366 2509 2408 autem
2556 2357 2791 2412 tlixetint
2836 2362 2972 2425 quod
3022 2364 3223 2430 syllaba
3265 2378 3329 2428 et,
3371 2382 3458 2435 pro
3487 2382 3540 2420 eo
3563 2368 3659 2434 quod

2164 2444 2326 2497 Fil'us
2352 2446 2625 2514 discipulis
2654 2449 2883 2502 dixerit:
2922 2454 3255 2522 Baptizautes
3298 2458 3346 2509 in
3382 2458 3564 2509 nomine
3597 2456 3653 2508 Pal

2163 2534 2278 2598 tris,
2308 2546 2359 2587 et
2388 2535 2527 2601 Filii,
2563 2547 2614 2590 et
2645 2538 2873 2607 Spiritus
2900 2545 3090 2610 sancti,
3120 2544 3261 2600 inter
3282 2556 3511 2614 utrosque
3528 2546 3660 2598 dividit

2160 2625 2375 2693 (Matth.
2410 2644 2589 2693 xxvttt,
2623 2630 2733 2698 19).

2198 2758 2201 2759 ν
2233 2719 2531 2787 Responsio.
2566 2724 2620 2777 Si
2653 2728 2794 2778 enim
2842 2727 2955 2781 hzec
3004 2730 3225 2798 syllaba,
3268 2750 3381 2800 qum
3422 2733 3562 2801 magis
3597 2745 3663 2799 pro

2159 2812 2537 2877 conjunctione
2585 2824 2692 2867 tam
2732 2818 3013 2873 verborum
3064 2838 3221 2889 quam
3267 2828 3417 2878 etiam
3451 2825 3660 2878 nominum

2158 2902 2391 2967 punitur,
2434 2919 2463 2956 a
2504 2904 2660 2960 Patre
2712 2907 2920 2973 Filium,
2964 2922 3017 2964 et
3060 2914 3314 2979 Spiritum
3367 2927 3593 2982 sanctum,
3627 2922 3660 2967 ut

2158 2990 2357 3057 dicitis,
2396 3004 2630 3063 separat,
2675 3015 2894 3056 necesse
2937 3014 3019 3058 est
3064 3016 3120 3059 ut
3169 3024 3363 3071 nomen
3404 3011 3482 3065 Dei
3520 3010 3659 3073 Patris,

2157 3097 2311 3149 quem
2342 3085 2565 3141 Genesis
2607 3091 2758 3144 tertia
2806 3096 3124 3162 repetitione
3171 3102 3274 3154 sub
3309 3103 3455 3155 trium
3498 3102 3663 3168 patriar.

2156 3174 2372 3229 charum
2395 3179 2671 3245 vocabulo,
2706 3181 2755 3235 id
2786 3192 2868 3239 est
2896 3186 3183 3253 Abraham,
3213 3202 3271 3245 et
3304 3193 3457 3255 Isaac,
3480 3204 3525 3247 et
3543 3191 3661 3244 Jacolt

2154 3268 2381 3333 positum
2408 3268 2653 3337 legimus,
2682 3274 2731 3326 in
2756 3279 3040 3345 semetipso
3062 3282 3307 3343 videatur
3328 3300 3439 3339 esse
3461 3286 3659 3343 divisum;

2152 3367 2240 3409 aut
2274 3360 2322 3410 in
2359 3361 2513 3413 unius
2561 3362 2650 3415 Dei
2702 3368 2979 3434 vocabulo,
3021 3373 3160 3438 quod
3204 3373 3313 3429 dici
3346 3375 3484 3430 nefas
3510 3385 3592 3440 est,
3614 3374 3661 3425 sit

2153 3447 2380 3503 divisus.
2412 3452 2583 3517 Absit,
2615 3458 2862 3522 quoniam
2894 3476 2997 3514 non
3025 3463 3289 3520 dividitur
3316 3468 3446 3537 quod
3477 3484 3605 3520 unum
3626 3468 3661 3517 in

2150 3538 2361 3593 deitatis
2409 3542 2705 3598 substantia
2757 3552 3163 3620 comprobatur,
3211 3558 3329 3627 ipso
3378 3560 3573 3612 Domino
3606 3556 3661 3609 di-

2149 3641 2301 3686 cente
2336 3652 2346 3685 :
2379 3634 2488 3703 Ego
2531 3652 2646 3691 sum
2692 3640 2831 3695 Deus
2872 3645 3158 3711 Abraham,
3193 3661 3247 3704 et
3293 3652 3428 3706 Deus
3467 3653 3600 3709 Isaac.
3625 3658 3660 3702 et

2149 3725 2287 3781 Deus
2330 3728 2493 3784 Jacob
2526 3731 2721 3800 (Exod.
2762 3751 2838 3800 ut,
2873 3738 2947 3807 6).
2992 3740 3103 3809 Ipse
3136 3738 3325 3799 iterum
3362 3746 3423 3799 ad
3454 3746 3657 3813 Moysen:

2092 3878 2095 3881 _
2149 3818 2204 3871 Si
2237 3826 2307 3883 te,
2341 3820 2526 3887 inquit.
2573 3824 3014 3895 interrogaver‘nt
3040 3832 3313 3889 dicentes:
3348 3837 3487 3903 Quod
3516 3850 3660 3888 nomen

2148 3918 2226 3961 est
2260 3909 2371 3962 illi»?
2400 3910 2545 3967 dices
2574 3914 2638 3969 ad
2663 3932 2756 3970 eos
2789 3935 2803 3972 :
2838 3920 2972 3975 Deus
2999 3922 3289 3994 Abraham,
3314 3940 3363 3983 et
3396 3929 3519 3982 Deus
3539 3928 3657 3983 Isaac.

2148 4009 2200 4053 et
2231 3999 2366 4055 Deus
2395 4004 2569 4056 Jacob-
2591 4008 2733 4061 misit
2764 4024 2847 4064 me
2878 4013 2942 4065 ad
2974 4030 3096 4079 vos;
3132 4017 3233 4072 hoc
3258 4021 3383 4073 mihi
3417 4037 3581 4074 nomen
3606 4027 3662 4071 ed

2148 4088 2198 4141 iu
2229 4091 2612 4159 sempiternum
2650 4097 2835 4165 (Ibid.,
2870 4104 2980 4172 15).
3019 4106 3177 4161 Vides
3205 4112 3451 4175 quoniam
3490 4126 3568 4177 per
3588 4108 3663 4176 syl-

2150 4177 2322 4231 Iahatn
2356 4192 2400 4234 et
2428 4198 2529 4236 non
2565 4186 2817 4242 dividitur
2844 4194 2982 4258 quod
3015 4211 3173 4249 unum
3204 4214 3323 4253 esse
3349 4199 3677 4274 cognosciturz‘

2148 4276 2202 4320 et
2232 4268 2351 4323 ideo
2383 4270 2546 4327 Filius
2583 4287 2635 4329 et
2680 4277 2906 4344 Spiritus
2946 4296 3158 4339 sanctus
3202 4304 3297 4355 pro
3332 4268 3430 4342 hac
3453 4288 3617 4357 syllaba
3643 4300 3662 4333 ³

2149 4355 2302 4413 Patre
2340 4376 2445 4415 non
2474 4352 2615 4417 sunt
2664 4366 2839 4436 divisi,
2874 4373 2959 4439 qui
2997 4376 3209 4430 sibimet
3253 4390 3456 4445 natura,
3491 4378 3661 4439 deitatr,

2148 4462 2192 4515 p.
2221 4453 2380 4504 tentia
2407 4452 2666 4510 docentur
2696 4474 2813 4513 esse
2839 4463 3129 4530 conjuncti.

2707 4548 2932 4608 CAPUT
2969 4555 3149 4611 XLIX.

2190 4630 2229 4683 Π
2240 4632 2288 4683 bi
2310 4633 2483 4687 dicunt
2508 4653 2527 4689 :
2556 4636 2711 4693 Pater
2728 4645 2871 4712 prius
2896 4658 2941 4697 et
2973 4659 3141 4713 postea
3175 4650 3348 4706 Filius
3374 4654 3640 4705 nominatur.

2216 4719 2372 4791 407
2411 4725 2463 4780 Si
2509 4727 2599 4781 tibi
2649 4730 3025 4790 dixerintzob
3074 4738 3172 4791 hoc
3222 4742 3387 4796 Filius
3428 4742 3554 4796 Patri
3591 4752 3666 4789 tron

2146 4825 2468 4880 coa'qunlur,
2505 4819 2624 4884 quia
2653 4822 2702 4874 itt
2740 4824 3027 4893 Scripturis
3056 4831 3250 4886 divinis
3285 4835 3426 4902 prius
3467 4835 3668 4893 Patent!

2147 4911 2326 4969 postea
2361 4904 2535 4959 Filius
2554 4912 2879 4967 nominatur.

2219 4992 2515 5061 Responsio.
2562 4995 2754 5057 Pau'us
2784 5008 3075 5074 apostolus,
3108 5017 3346 5082 gentium
3393 5018 3611 5082 magister
3632 5020 3669 5063 et

2142 5081 2347 5149 doctor,
2376 5102 2479 5140 non
2510 5091 2629 5158 quia
2671 5092 2880 5149 Patrem
2931 5101 3079 5167 prius
3109 5106 3422 5171 nominavit,
3459 5106 3577 5159 Filio
3601 5102 3668 5152 di:-

2142 5175 2360 5239 rugavit,
2413 5179 2493 5231 vel
2550 5179 2690 5235 Patri
2735 5184 3037 5242 inferiorem
3082 5194 3355 5257 Ostendit;
3406 5172 3669 5261 cum/privs

2142 5265 2332 5321 Filium
2382 5279 2435 5325 et
2483 5273 2736 5341 Sp'ritum
2784 5291 3023 5335 sanctum
3065 5300 3091 5335 a
3125 5286 3279 5340 Patre
3322 5289 3489 5342 denuo
3531 5282 3668 5337 nomi-

2141 5368 2341 5423 nasset,
2373 5359 2515 5416 Patri
2560 5364 2741 5433 utique
2782 5384 2877 5422 nec
2919 5372 3163 5440 injuriam
3206 5378 3348 5445 fecit,
3383 5392 3541 5445 neque
3568 5372 3670 5427 Filio

2141 5454 2193 5500 et
2235 5447 2452 5516 Spiritui
2503 5464 2688 5509 sancto
2730 5458 3030 5515 inferiorem
3078 5463 3237 5518 fuisse
3268 5468 3551 5535 prrdocuit,
3582 5464 3669 5531 ipso

2140 5537 2395 5597 Romame
2436 5543 2693 5601 Ecelesiaa
2746 5553 3126 5620 comprobante
3153 5575 3164 5608 :
3192 5557 3371 5613 Ilabeo
3404 5558 3548 5627 igitur
3579 5554 3669 5620 ἔξιθ’

2140 5628 2272 5682 riam
2307 5631 2357 5683 in
2389 5633 2607 5690 Christo
2633 5638 2757 5692 Jesu
2791 5640 2854 5695 ad
2888 5643 3051 5697 Deum
3081 5644 3253 5714 (Rom.
3290 5663 3380 5712 xv,
3410 5647 3508 5717 17).
3541 5645 3596 5697 Et
3619 5637 3669 5693 ad

2140 5718 2642 5780 Thessalonicenses
2685 5746 2697 5779 :
2739 5730 2949 5801 Itaque,
2997 5737 3215 5799 fratres,
3257 5748 3394 5793 state
3438 5722 3485 5792 et
3528 5720 3670 5790 tenete

2143 5810 2449 5867 traditiones
2478 5831 2609 5885 quas
2640 5819 2923 5891 didicistis,
2950 5826 3061 5881 sive
3091 5845 3181 5896 per
3209 5831 3447 5894 verbum,
3476 5830 3572 5882 site
3594 5838 3668 5893 I'“r
