3938 6376
251 304 348 360 385

1363 302 1629 360 CONTRA
1675 300 2076 360 VARIMADUM
2120 303 2247 360 LIB.
2290 332 2327 361 ι.

3383 322 3484 378 586

251 413 538 482 Epistulam
562 421 794 467 nostram
821 430 835 467 :
859 412 976 483 Ipse
997 421 1169 466 autem
1195 412 1446 468 Dominus
1473 414 1626 468 Jesus
1651 416 1802 468 Ctiri-
1833 422 1880 477 Α
1909 415 1970 466 ad
2014 417 2335 484 agnitionem
2384 415 2622 472 veritatis
2667 420 2849 475 venire
2897 422 2947 491 (I
2980 422 3113 477 Tim.
3145 441 3202 489 ιι,
3235 427 3310 498 5).
3358 430 3483 484 Itoni

247 514 376 565 suis,
393 513 446 557 et
466 500 625 569 Deus,
644 514 696 558 et
717 503 870 558 Pater
893 515 1073 558 nnster
1093 505 1179 574 qui
1201 504 1386 558 dilexit
1408 520 1502 559 nos
1525 501 1609 576 (Il
1631 505 1805 559 Thess.

247 609 304 656 ιι,
349 593 454 664 Il).
506 594 573 647 Et
615 595 666 647 in
711 594 1156 663 Apocalypsizfﬂt
1201 595 1326 659 vidi,
1358 604 1412 649 et
1458 611 1584 650 ecce
1633 600 1810 663 Agnus

244 686 419 740 Stabat
451 701 610 754 super
639 695 868 738 montem
902 687 1048 748 Sion,
1095 695 1148 740 et
1173 702 1291 739 cum
1325 687 1414 740 illo
1440 699 1650 742 centum
1681 702 1810 756 qua-

199 776 486 847 .draginta
530 789 756 844 quatuor
808 776 991 839 millia,
1038 777 1292 830 habentes
1343 792 1535 830 nomen
1588 777 1706 845 'ejus
1757 786 1812 830 et

246 879 443 917 nomen
495 863 661 916 Patris
704 862 819 930 ejus
867 863 1045 932 (tpoc.
1097 879 1203 927 xiv,
1243 863 1314 930 I).
1365 865 1427 917 Et
1473 867 1526 916 in
1581 863 1809 932 Iipistola

243 955 464 1008 Joannis
491 973 501 1005 :
527 955 570 1021 Q
595 956 625 1009 ii
672 963 824 1022 negat
855 954 1064 1019 Filium,
1093 970 1190 1010 nec
1235 955 1444 1009 Patrem
1491 955 1666 1010 habet.
1711 955 1811 1022 Qui

242 1046 527 1099 conﬁtetur
551 1047 761 1111 Filium,
782 1056 835 1099 et
857 1045 1044 1099 Filium
1067 1054 1122 1100 et
1144 1046 1353 1100 Patrem
1387 1046 1546 1099 habet
1572 1044 1621 1115 (1
1651 1044 1808 1098 Jonn.

244 1154 304 1201 ιι,
328 1138 442 1207 25).
475 1139 603 1191 Item
635 1137 741 1189 ibi:
769 1136 918 1202 Quod
945 1137 989 1190 si
1021 1138 1071 1190 in
1097 1138 1259 1190 verbo
1283 1135 1608 1196 manseritis,
1634 1146 1686 1188 et
1715 1149 1812 1190 vos

243 1230 297 1281 in
330 1229 462 1281 Fdio
491 1237 542 1281 et
573 1228 724 1280 Patre
755 1226 1034 1279 manebitis
1066 1224 1252 1294 (Ibid.,
1283 1226 1392 1294 ‘25).
1427 1229 1549 1279 Item
1585 1227 1812 1291 Aposto-

242 1324 365 1375 lus:
397 1323 503 1375 iloc
548 1336 722 1374 autem
773 1323 990 1385 scitote,
1037 1321 1396 1390 intelligentes
1442 1323 1576 1388 quoi
1638 1321 1812 1373 omnis

241 1413 555 1477 fornicator,
579 1422 668 1464 aut
701 1415 1022 1478 immundus,
1055 1425 1143 1466 aut
1169 1430 1380 1478 avarus,
1410 1415 1549 1483 quod
1590 1423 1669 1468 est
1700 1415 1812 1466 ido-

239 1506 412 1554 lormn
469 1502 723 1563 servitus,
771 1517 872 1556 non
924 1503 1081 1555 habet
1127 1502 1488 1556 haereditate")
1541 1504 1590 1556 in
1649 1516 1812 1571 regno

237 1593 438 1646 Christi
467 1604 518 1647 et
552 1596 636 1648 Dei
670 1593 878 1662 (Ep'ies.
915 1609 963 1652 v.
991 1592 1070 1661 5).
1103 1595 1238 1647 Ecce
1288 1593 1475 1646 Filium
1507 1594 1667 1663 priori
1695 1593 1811 1646 loco

235 1701 266 1737 a
305 1685 458 1738 Patre
479 1685 805 1738 ostendimus
837 1687 1184 1738 nominatum.
1215 1686 1349 1739 Audi
1373 1689 1530 1739 etiam
1555 1686 1806 1754 Spiritum

1911 503 1979 556 ibi
2008 521 2017 554 :
2047 505 2240 559 Fidelis
2267 515 2441 560 autem
2475 508 2630 572 Deus,
2656 509 2743 577 qui
2786 527 2882 565 nos
2929 515 3136 569 vocavit
3164 518 3215 570 in
3257 522 3479 588 gratiam

1910 594 2062 648 iS'am
2117 597 2168 650 in
2211 613 2310 666 qua
2351 610 2570 661 stamus,
2615 609 2668 654 et
2710 603 3000 669 gloriamur
3047 607 3097 660 in
3147 623 3242 676 spe
3288 611 3476 679 gloriae

1913 685 2138 739 ﬁliorttm
2177 689 2263 740 Dei
2297 689 2474 759 (Rom.
2509 707 2558 754 v,
2582 693 2658 762 2).
2685 693 2813 747 Item
2843 696 2910 748 ibi
2938 715 2948 748 :
2975 696 3266 753 Confortati
3295 717 3485 757 secun-

1911 778 2035 830 dum
2089 791 2402 847 pOICSL'I‘CtII
2445 787 2626 853 gloria:
2675 790 2811 854 ejus,
2845 789 2897 843 in
2939 794 3084 846 onmi
3130 796 3380 862 patientia
3433 809 3486 854 et

1913 867 2335 933 longanimitate,
2366 874 2415 924 iu
2447 878 2638 940 gaudio
2677 882 2873 946 gratias
2919 893 3134 948 agentes
3173 883 3333 956 409
3374 888 3483 942 Deo

1910 968 1962 1010 et
1997 959 2155 1022 I’atri,
2179 962 2266 1028 qui
2301 965 2503 1016 vocavit
2533 981 2629 1020 nos
2662 968 2712 1021 in
2745 971 3054 1028 societatem
3085 978 3242 1031 sortis
3271 991 3484 1036 sancto-

1913 1062 2026 1100 rum
2054 1045 2188 1115 (Col.
2219 1065 2255 1111 ι,
2293 1051 2400 1116 II).
2429 1053 2481 1104 Si
2514 1069 2608 1121 per
2635 1056 2843 1112 Patrem
2877 1062 2926 1114 in
2957 1065 3127 1130 gratia
3158 1066 3275 1122 Filii
3318 1071 3396 1124 sui
3430 1082 3485 1126 et

1911 1137 1964 1189 in
1991 1137 2273 1206 adoptione
2299 1139 2526 1195 ﬁliorum
2555 1160 2824 1214 vocamur,
2856 1162 2908 1204 ut
2941 1169 3065 1210 vere
3096 1158 3185 1211 ﬁlii
3214 1174 3330 1216 esse
3360 1178 3484 1232 pos-

1911 1226 2098 1292 simus,
2131 1237 2183 1281 et
2211 1229 2276 1282 ad
2308 1229 2519 1285 Patieai
2555 1247 2648 1302 per
2675 1237 2864 1292 Filium
2897 1248 3252 1313 pervenimus,
3282 1226 3399 1320 quae
3431 1254 3482 1307 in

1913 1316 1992 1368 eis
2014 1315 2262 1370 distantia
2294 1321 2485 1385 poterit
2525 1325 2843 1390 approbari?
2870 1330 2994 1384 dum
3037 1351 3170 1403 quos
3200 1315 3355 1394 vocat
3381 1341 3484 1393 Pa-

1914 1411 2015 1467 ter,
2049 1404 2212 1458 Filius
2236 1409 2515 1476 suscipiet,
2547 1424 2599 1464 et
2629 1428 2761 1481 quos
2791 1430 2942 1472 vocat
2970 1422 3154 1491 Filius,
3187 1431 3297 1496 pari
3323 1433 3481 1486 etiam

1913 1493 2070 1545 modo
2098 1494 2305 1549 Patrem
2351 1499 2621 1568 suscipere
2651 1519 2806 1571 posse
2834 1511 3010 1566 nullus
3050 1517 3151 1569 nisi
3185 1493 3486 1578 incredulus

1911 1585 2097 1640 abnuit
2128 1589 2207 1641 vel
2236 1588 2445 1643 reieliit.

2528 1681 2754 1738 CAPUT
2790 1686 2870 1740 LI.

233 1786 479 1829 sanetum
504 1792 529 1828 a
557 1777 710 1830 Patre
751 1788 800 1830 et
845 1774 981 1830 Filio
1021 1778 1177 1846 priori
1224 1779 1340 1832 loco
1369 1787 1621 1832 laxatum.
1663 1779 1802 1832 Idem
1838 1777 1884 1835 B
1973 1764 2071 1819 Ubi
2096 1767 2288 1834 άίίυηιο
2312 1770 2431 1838 quia
2461 1770 2557 1824 80Ιὶ
2590 1770 2736 1826 Patri
2765 1778 3077 1845 sacriﬁcium
3109 1785 3422 1844 immolatur.

236 1867 308 1919 ad
351 1865 843 1934 EpltcsioszUnum
888 1871 1099 1935 Cot'p.is,
1130 1876 1182 1921 et
1223 1883 1357 1920 unus
1403 1868 1632 1937 Spiritus
1672 1870 1810 1923 sient

236 1960 412 2012 vocati
437 1959 563 2012 estis
590 1959 642 2013 iu
675 1975 777 2011 una
816 1974 910 2026 spe
942 1958 1231 2012 vocationis
1275 1969 1464 2013 vesti-tie
1490 1979 1500 2012 :
1528 1975 1662 2013 unus
1701 1961 1806 2013 Do-

237 2050 436 2114 minus,
464 2065 562 2102 una
599 2051 747 2114 lidcs,
782 2066 939 2103 unum
967 2050 1246 2117 baptisma,
1281 2066 1413 2104 unus
1447 2051 1584 2106 Deus
1612 2061 1665 2105 et
1707 2051 1806 2106 Pa-

240 2153 330 2196 ter
371 2143 604 2195 omnium
637 2140 847 2210 (Ep/res.
884 2157 953 2204 tv,
987 2140 1064 2210 4).
1113 2141 1355 2210 Nunquid
1401 2143 1520 2210 quia
1560 2142 1810 2197 dixerunt

233 2233 461 2300 apostoli
488 2249 501 2285 :
527 2231 633 2286 Nos
659 2241 819 2306 testes
846 2247 1049 2293 sumus,
1078 2243 1126 2287 et
1152 2232 1380 2300 Spiritus
1409 2243 1622 2286 sanctus
1651 2250 1806 2302 quem

232 2325 382 2379 dedit
412 2324 550 2378 Deus
573 2325 907 2378 credentibus
937 2324 1035 2377 sibi
1071 2325 1206 2392 (Act.
1234 2341 1284 2389 v,
1308 2326 1423 2394 3'2),
1454 2326 1650 2379 idcirco
1676 2341 1804 2394 apo-

233 2416 360 2469 stoli
393 2416 556 2484 Spirit
580 2417 611 2468 ti
643 2425 827 2469 saneto
861 2418 1064 2493 priores
1093 2416 1302 2470 dicendi
1346 2418 1503 2470 sunt?
1548 2419 1650 2471 Aut
1685 2421 1806 2487 quia

238 2508 495 2561 Dominus
543 2507 596 2560 in
647 2508 932 2575 Evangelio
959 2524 986 2558 ιι
1020 2507 1219 2573 Spiritu
1255 2518 1438 2560 sancto
1469 2524 1656 2576 aquam
1705 2511 1811 2578 pri-

238 2597 402 2651 mitus
431 2598 744 2659 noruinavit,
774 2613 895 2650 eum
925 2597 1212 2650 Nicodcmo
1244 2597 1469 2667 principi
1499 2599 1808 2655 Judmorum

234 2673 706 2758 intimaretbos
747 2689 1067 2742 sacramenti
1114 2691 1442 2766 baptismatis
1473 2694 1806 2762 mysterium,

231 2779 304 2833 ob
334 2778 434 2833 hoc
465 2795 652 2849 aquam
699 2781 915 2849 Spiritui
967 2791 1153 2835 Sancto
1195 2775 1807 2854 pra-tulisse'eognOSci-

181 2933 184 2942 ι
232 2871 357 2923 tur?
387 2871 441 2926 Si
469 2872 608 2940 quis,
653 2853 839 2939 inquit,
875 2887 977 2925 non
1025 2885 1242 2927 renatus
1291 2874 1445 2927 fuerit
1489 2891 1553 2929 ex
1591 2892 1724 2944 aqua
1755 2885 1808 2930 et

179 2953 185 3034 ξ
230 2961 428 3028 Spiritu
470 2971 672 3026 sancto,
719 2976 824 3014 non
869 2972 1039 3038 potest
1085 2963 1286 3018 intrare
1340 2965 1389 3017 in
1437 2981 1657 3034 regnum
1713 2967 1804 3021 Dei

169 3045 182 3116 ᾖ
229 3053 406 3120 (Joan.
441 3069 516 3117 ιιι,
537 3053 613 3120 5).
650 3053 710 3105 Ει
745 3055 925 3121 utique
951 3053 1126 3107 nullus
1156 3063 1236 3108 est
1263 3054 1313 3108 in
1345 3072 1386 3108 ri
1406 3057 1502 3108 bus
1533 3058 1800 3126 humanis,

229 3144 320 3211 qui
367 3159 554 3208 agnam
612 3153 796 3197 Sancto
848 3143 1062 3212 Spiritui
1093 3147 1286 3222 ,possit
1339 3163 1671 3215 praeponere,
1719 3149 1797 3203 vel
1827 3145 1871 3206 C

229 3236 553 3304 eoa-qualem
602 3236 821 3303 Spiritui
856 3235 1116 3304 judicare,
1147 3252 1266 3291 cum
1296 3254 1400 3298 non
1430 3241 1494 3292 ab
1520 3255 1652 3308 aqua
1684 3241 1802 3308 Spi-

230 3325 390 3378 ritum
439 3317 700 3391 sanctum,
735 3325 827 3378 si'd
877 3342 1066 3394 aquam
1097 3343 1123 3378 a
1159 3328 1357 3396 Spiritu
1401 3337 1584 3384 sancto
1624 3331 1803 3400 puriﬁ-

229 3417 339 3471 cari
368 3417 661 3471 certissime
696 3418 1017 3472 noverimus.

851 3517 1073 3572 CAPUT
1114 3518 1172 3572 L.

338 3616 437 3668 Ubi
457 3616 632 3668 dicunt
655 3635 673 3670 :
697 3615 860 3670 Nemo
883 3620 1014 3672 venit
1035 3621 1100 3671 ad
1131 3618 1339 3674 Patrem
1361 3623 1460 3675 nisi
1480 3639 1567 3692 per
1595 3641 1690 3678 me.

237 3685 241 3688 ⁵
301 3706 355 3762 Si
399 3708 632 3764 dixerint
667 3709 806 3776 quod
859 3709 1112 3765 Dominus
1161 3713 1211 3765 in
1254 3685 1538 3784 Evangelio
1567 3717 1799 3772 dixerit:

230 3797 394 3853 Nemo
422 3799 566 3852 venit
586 3799 650 3851 ad
681 3799 884 3854 Patrem
917 3801 1024 3872 nisi,
1048 3817 1138 3870 per
1164 3819 1248 3857 me
1273 3804 1449 3872 (Joan.
1481 3822 1588 3872 xiv,
1615 3808 1692 3876 6).

301 3889 599 3956 Responsio.
647 3889 698 3941 lu
738 3893 905 3959 gratia
955 3892 1073 3946 ﬁdei
1125 3909 1223 3947 una
1273 3906 1356 3950 est
1400 3897 1541 3952 Patri
1582 3909 1636 3954 et
1667 3899 1800 3955 Filio

228 3979 457 4042 vocatio,
489 3979 738 4047 quoniam
769 3982 906 4034 sicut
946 3998 1036 4048 per
1069 3983 1259 4038 Filium
1292 3986 1356 4040 :id
1389 3989 1595 4042 Patrem
1633 3989 1698 4043 ad
1722 3992 1801 4044 lu-

228 4069 419 4128 cimur,
453 4068 521 4120 ita
571 4083 664 4136 per
706 4069 916 4124 Patrem
961 4073 1010 4124 in
1056 4073 1175 4126 Filii
1219 4078 1544 4143 agnitionem
1574 4081 1798 4133 attrahi-

231 4173 371 4220 nmr,
403 4158 518 4223 ipso
565 4158 862 4214 Dominoin
909 4162 1191 4232 Evangelia
1236 4172 1800 4234 pr.itestatite:Nolite

230 4263 563 4301 murmurare
589 4249 809 4304 invicem
836 4268 849 4306 :
877 4264 1225 4322 nemo-potest
1254 4259 1439 4314 venire
1467 4261 1530 4314 ad
1564 4278 1667 4326 me,
1698 4264 1799 4317 nisi

229 4339 386 4393 Pater
412 4339 501 4409 qui
540 4356 624 4394 me
673 4342 836 4408 misit,
871 4348 1088 4399 traxerit
1125 4363 1246 4402 eum
1285 4350 1352 4404 ad
1389 4367 1474 4405 me
1511 4353 1690 4422 (Joan.
1722 4371 1797 4426 vr,

225 4427 340 4494 Η).
367 4417 454 4482 Et
501 4429 696 4485 Paulus
741 4433 804 4486 ad
848 4434 1177 4492 'Ihessaloni-
1198 4454 1358 4513 enses
1401 4460 1416 4497 :
1456 4417 1561 4498 Nos
1597 4417 1795 4513 autem,

224 4519 415 4587 inquit,
449 4519 705 4575 debemus
735 4527 930 4591 gratias
961 4541 1119 4596 agere
1141 4511 1250 4586 Deo
1275 4545 1488 4601 semper
1509 4551 1603 4604 pro
1625 4511 1796 4606 vobis,

225 4608 419 4664 fratres
446 4611 602 4665 electi
633 4630 658 4663 ιι
692 4613 823 4680 Deo,
857 4615 978 4692 quia
1008 4621 1216 4684 vocavit
1261 4638 1358 4678 nos
1395 4626 1462 4680 ab
1501 4627 1650 4682 initio
1697 4643 1797 4685 sa:-

221 4703 333 4757 culi
363 4702 412 4755 in
445 4705 698 4772 salutem,
730 4708 782 4760 in
823 4709 1298 4769 sanctificationem
1349 4719 1567 4786 spiritus
1592 4731 1647 4776 et
1675 4724 1797 4778 ﬁdei

221 4793 462 4847 veritatis
493 4795 544 4848 in
571 4811 676 4864 quo
708 4801 914 4853 vocavit
936 4816 1034 4855 nos
1059 4818 1154 4872 per
1184 4805 1525 4877 Evangelium
1553 4823 1793 4870 nostrum

225 4883 283 4935 in
333 4883 671 4952 ad0ptionem
723 4887 906 4956 gloria:
957 4890 1162 4948 Domini
1212 4896 1394 4952 nostri
1425 4899 1554 4956 .Iesu
1604 4904 1800 4962 Christi

227 4971 317 5041 (II
354 4972 531 5029 Thess.
563 4992 621 5040 ιι,
668 4977 784 5050 12).
836 4981 962 5036 Item
1010 4983 1080 5038 ibi
1122 5003 1135 5039 :
1173 4988 1398 5045 Oramus
1444 5008 1656 5064 semper
1706 5015 1800 5067 pro

223 5064 402 5131 vobis,
437 5075 492 5119 ιιι
517 5083 609 5120 vos
637 5068 832 5139 dirigat
882 5077 1158 5130 voca‘ione
1186 5094 1280 5133 sua
1315 5081 1471 5149 Deus,
1503 5094 1556 5138 et
1584 5064 1800 5156 impleat

223 5169 444 5209 omnem
490 5159 811 5216 voluntatem
855 5164 1125 5237 bonitatis,
1156 5179 1209 5224 et
1244 5186 1374 5241 opus
1425 5175 1548 5231 .‘idci
1599 5178 1648 5232 in
1691 5183 1797 5234 vir-

227 5257 364 5311 tute,
391 5259 439 5301 et
469 5249 788 5307 clarilicetur
818 5271 1010 5311 nomen
1047 5260 1251 5317 Domini
1283 5269 1446 5323 nostri
1491 5269 1612 5325 Jeut
1644 5273 1796 5328 Chri-

223 5337 295 5389 sti
321 5337 374 5389 in
399 5339 564 5402 Vobis,
589 5350 643 5394 et
666 5357 760 5395 vos
785 5345 834 5397 in
863 5346 952 5400 illo
981 5349 1062 5418 (ΙΙ
1084 5350 1259 5425 Thess.
1279 5371 1314 5418 ι,
1345 5358 1452 5428 II).
1483 5360 1545 5413 Et
1570 5362 1792 5420 iterum:

228 5422 300 5479 Ut
329 5425 610 5516 ambuletis
640 5431 794 5499 digne
837 5434 962 5499 Deo,
993 5441 1079 5508 qui
1099 5422 1206 5495 vos
1241 5422 1448 5500 vo.-avit
1478 5449 1528 5504 in
1574 5468 1792 5522 regnum

227 5531 387 5569 suum
414 5527 467 5571 ct
490 5520 708 5588 gloriam
733 5522 784 5591 (Ι
814 5523 986 5582 Thess.
1013 5545 1070 5593 ιι,
1103 5531 1210 5601 I2).
1237 5535 1303 5588 Et
1331 5539 1394 5589 ad
1427 5520 1794 5614 Timotheum:

229 5605 346 5660 Hoc
375 5608 511 5662 cnim
544 5612 735 5666 bonum
775 5626 827 5670 et
861 5632 1133 5688 acceptum
1176 5635 1258 5679 est
1295 5643 1471 5684 coram
1518 5633 1795 5694 Salvatore

225 5705 413 5752 nostro
445 5700 567 5766 Deo,
601 5703 687 5772 qui
719 5720 900 5762 omnes
946 5711 1187 5769 lIOJIIfIC‘S
1235 5719 1339 5772 vult
1371 5719 1543 5778 salvos
1574 5726 1706 5795 ﬁeii,
1741 5712 1801 5787 et.

1981 1855 2037 1910 Si
2083 1870 2207 1911 vero
2251 1858 2506 1923 dixerint,
2536 1861 2587 1913 in
2634 1864 2732 1918 hoc
2781 1867 2936 1922 Pater
2983 1871 3116 1926 Filio
3156 1880 3325 1947 major
3366 1899 3486 1940 esse

1909 1943 2154 2012 ducetur,
2183 1947 2303 2016 quia
2335 1949 2411 2002 illi
2436 1951 2532 2005 soli
2565 1955 2880 2010 sacriﬁcium
2918 1959 3241 2019 immolatur.

1979 2033 2285 2102 Responsio.
2333 2037 2397 2091 Ut
2445 2054 2592 2094 vana:
2644 2047 2992 2112 propositioni
3044 2064 3235 2108 vestra:
3287 2059 3485 2128 absque

1910 2124 2016 2177 ulla
2043 2126 2337 2181 subtilitate
2383 2137 2475 2183 aut
2513 2137 2899 2200 compositione
2943 2143 3220 2198 verborum
3257 2164 3284 2200 a
3327 2124 3432 2204 noti
3459 2169 3485 2207 s

1909 2225 2220 2282 competens
2263 2230 2317 2270 et
2355 2233 2646 2288 congruum
2679 2227 2930 2282 reddatur
2959 2247 3270 2303 responsum
3298 2257 3310 2291 :
3339 2241 3488 2298 Sicut

1910 2301 2078 2370 Patri,
2113 2307 2180 2357 ita
2209 2307 2368 2359 etiam
2401 2308 2537 2362 Filio
2584 2327 2689 2366 non
2736 2316 2907 2370 solum
2937 2301 3251 2380 Christianis
3284 2340 3486 2401 tempa-

1912 2393 2079 2460 ribus,
2111 2411 2295 2448 verum
2347 2397 2506 2451 etiam
2545 2415 2573 2452 a
2614 2405 2772 2470 prisci
2818 2411 3073 2476 temporis
3122 2393 3486 2478 sacerdotibus

1911 2483 2090 2538 multis
2129 2487 2396 2553 variisque
2423 2491 2594 2544 modis
2624 2495 2910 2558 probamus
2955 2503 3272 2560 sacriﬁcium
3323 2510 3485 2568 fuisse

1909 2575 2165 2643 oblatum,
2197 2578 2413 2634 Daniele
2443 2584 2698 2652 pr0p|ieta
2747 2587 3134 2650 dicentezNon
3187 2610 3267 2654 est
3308 2602 3478 2672 locus,

1916 2669 2159 2738 inquiunt
2191 2681 2298 2727 tres
2331 2677 2498 2740 pueri,
2529 2679 2594 2730 ad
2623 2681 3029 2739 sacriﬁcandum
3063 2692 3261 2745 nomini
3290 2704 3397 2760 tuo,
3432 2669 3487 2752 et

1913 2759 2154 2815 invenire
2185 2763 2626 2834 misericordiam,
2654 2771 2745 2823 sed
2790 2771 2842 2825 in
2888 2775 3061 2830 anima
3091 2788 3140 2832 et
3169 2777 3357 2849 'spiritu
3385 2784 3486 2839 Im-

1910 2850 2151 2904 militatis
2182 2856 2535 2924 suscipiamur
2581 2860 2718 2914 sicut
2765 2863 2817 2916 in
2863 2864 3317 2927 holocaustomate
3346 2881 3485 2931 ar'c-

1909 2950 2018 2995 tum
2050 2951 2103 2996 et
2134 2953 2424 3010 taurorum,
2451 2960 2501 3002 et
2534 2952 2875 3010 multitudine
2901 2973 3155 3027 agnorum
3187 2964 3454 3035 pinguium

1907 3033 1975 3085 ita
2015 3033 2103 3087 ﬁat
2130 3037 2446 3092 Sacriﬁcium
2479 3050 2716 3101 nostrum
2745 3044 2796 3099 in
2825 3061 3111 3118 conspectu
3162 3063 3249 3106 tuo
3286 3033 3474 3126 hodie:

1907 3131 1962 3176 ut
1993 3123 2192 3191 placeat
2239 3128 2328 3180 tibi
2379 3129 2538 3198 (Dan.
2589 3147 2662 3198 ιιι,
2711 3137 2824 3204 58).
2877 3139 2942 3192 Et
2990 3151 3045 3196 ιιι
3074 3141 3264 3198 Filium
3318 3123 3482 3205 [ιιι-εις

1903 3230 2181 3284 agnoscas,
2215 3220 2297 3272 cui
2327 3220 2378 3272 hi
2409 3231 2516 3275 tres
2545 3227 2691 3290 pueri
2741 3231 3055 3286 sacriﬁcium
3098 3249 3156 3288 se
3200 3235 3323 3291 faSsi
3355 3250 3481 3296 sunt

1903 3305 2196 3372 obtulisse;
2220 3325 2284 3362 ex
2318 3311 2482 3377 ipsius
2512 3317 2648 3381 regis
2680 3332 2740 3371 ac
2773 3326 3005 3392 tyranni,
3036 3329 3123 3393 qui
3157 3345 3250 3384 eos
3282 3333 3332 3385 in
3367 3333 3480 3386 for-

1903 3408 2086 3448 nacem
2134 3396 2268 3462 ignis
2313 3401 2450 3453 mitti
2499 3418 2845 3476 prmcvperat,
2875 3413 3209 3472 confessione
3240 3422 3475 3485 addisce,

1903 3482 1993 3552 qui
2022 3499 2079 3536 se
2105 3500 2226 3537 cum
2259 3487 2426 3541 tribus
2477 3505 2720 3560 quartum
2754 3498 2803 3551 in
2839 3501 2950 3567 ipso
2983 3511 3253 3562 mstnantis
3285 3515 3475 3568 camini

1908 3575 2154 3632 incendio
2211 3583 2469 3637 sociatum
2531 3589 2759 3656 prodidit
2821 3599 3164 3664 conspexisse
3206 3621 3218 3654 :
3260 3604 3476 3674 Nonne,

1905 3663 2094 3734 inquit,
2130 3678 2236 3723 tres
2283 3673 2424 3726 viros
2467 3675 2706 3732 misimus
2754 3680 2804 3734 in
2848 3663 3112 3742 fornacem
3151 3693 3376 3749 vinctos.
3411 3699 3473 3752 Et

1903 3756 2151 3814 dixerunt
2175 3766 2222 3817 ei
2250 3782 2261 3817 :
2292 3764 2427 3820 Vere
2455 3783 2566 3821 rex.
2596 3769 2662 3824 Et
2687 3771 2819 3826 dixit
2846 3791 2858 3827 :
2885 3776 3019 3831 Ecce
3048 3793 3146 3847 ego
3177 3784 3331 3838 video
3352 3803 3476 3855 qua-

1903 3856 2022 3900 tuor
2068 3853 2212 3906 viros
2253 3855 2458 3911 solutos
2490 3867 2545 3912 et
2575 3858 2976 3920 deambulantes
3008 3868 3057 3920 in
3087 3873 3261 3926 medio
3302 3853 3474 3944 ignis,

1901 3948 1954 3993 et
1983 3945 2256 4010 corruptio
2283 3948 2424 4000 nulla
2449 3959 2528 4002 est
2561 3952 2610 4002 in
2640 3953 2738 4018 eis,
2770 3964 2821 4006 et
2848 3969 3094 4023 aspectus
3123 3965 3292 4028 quarti
3328 3967 3469 4019 simi~

1900 4028 1966 4082 Iis
1996 4041 2078 4084 est
2118 4033 2253 4087 Filio
2283 4034 2374 4090 Dei
2407 4038 2594 4104 (lbid.,
2619 4040 2708 4106 9i,
2741 4042 2852 4110 9‘2).
2886 4043 3010 4098 Item
3044 4048 3136 4102 Del
3185 4053 3351 4107 Filius
3385 4072 3478 4122 per

1901 4121 2214 4186 prepbetam
2260 4125 2496 4193 loquitur
2535 4127 2720 4182 dicens
2747 4147 2759 4180 :
2791 4132 2869 4183 Ab
2900 4143 3017 4187 ortu
3047 4139 3175 4190 solis
3215 4121 3472 4210 usquead

1901 4224 2147 4264 occasum
2190 4215 2504 4269 sacriﬁcium
2547 4218 2767 4274 oIfertur
2796 4223 2995 4277 nomini
3024 4241 3163 4296 meo,
3194 4238 3246 4283 et
3277 4232 3474 4286 obtatTo

1903 4298 2122 4362 munda,
2152 4302 2272 4368 quia
2304 4319 2550 4372 magnum
2582 4319 2664 4362 est
2689 4324 2879 4365 nomen
2917 4329 3091 4368 meum
3125 4317 3176 4369 in
3203 4323 3471 4390 gentibus,

1903 4385 2028 4440 dicit
2062 4389 2312 4447 Dominus
2348 4394 2599 4463 (M-alach.
2635 4415 2671 4464 ι,
2709 4399 2818 4470 tt).
2871 4403 2935 4457 Et
2969 4405 3128 4460 David
3161 4385 3226 4462 ιη’
3255 4385 3474 4479 psalmis

3459 3013 3484 3058 ι

1828 4505 1874 4563 υ
1901 4473 2064 4548 410
2100 4481 2171 4533 ait
2203 4498 2216 4535 :
2253 4483 2307 4536 In
2363 4487 2561 4554 templo
2614 4498 2722 4552 tuo,
2751 4490 3067 4561 Jerusalem,
3098 4499 3190 4551 tibi
3247 4473 3476 4559 oderunt

1906 4579 2058 4633 reges
2087 4584 2304 4625 munera
2337 4573 2508 4643 (Psal.
2539 4594 2696 4644 urit,
2728 4581 2839 4647 50).
2893 4583 2956 4638 Et
2995 4596 3049 4639 ut
3095 4586 3208 4643 haec
3244 4591 3309 4645 de
3341 4593 3476 4649 Filio

1906 4656 1996 4710 Dei
2039 4671 2099 4712 se
2138 4659 2336 4717 dixisse
2380 4666 2616 4733 doceret,
2649 4671 2702 4725 in
2732 4674 2838 4727 alio
2877 4679 3082 4745 psalmo
3111 4680 3360 4751 loquitur,
3393 4686 3475 4740 di-

1902 4759 2030 4800 cens
2055 4765 2068 4800 :
2095 4747 2268 4819 Reges
2294 4753 2508 4810 Tliarsis
2529 4767 2584 4812 et
2609 4760 2793 4815 insulae
2815 4780 3026 4821 muni-ra
3047 4747 3291 4835 offerent,
3318 4747 3472 4842 reges

1905 4835 2139 4891 Arabum
2171 4849 2223 4894 et
2251 4837 2388 4896 Stiba
2429 4845 2565 4899 dona
2608 4848 2724 4902 addi
2749 4863 2889 4917 cent,
2923 4865 2976 4909 et
3025 4860 3320 4915 adorabunt
3348 4835 3471 4918 eum

1905 4939 2092 4981 omnes
2123 4944 2279 4998 reges
2325 4941 2500 5000 terrai,
2529 4952 2716 4994 omnes
2746 4953 2933 5011 gentes
2963 4951 3196 5005 servient
3218 4954 3264 5006 ei
3299 4952 3476 5022 (Psal.

1906 5032 2057 5110 aut,
2244 5022 2310 5076 Et
2359 5033 2415 5079 ut
2452 5027 2567 5083 hac
2611 5033 2792 5087 omnia
2838 5041 3084 5106 superius
3115 5019 3408 5110 designata,
3439 5061 3471 5101 a

1906 5104 2062 5161 Patre
2095 5107 2226 5164 Filio
2254 5112 2344 5167 Dei
2371 5113 2655 5172 doceamus
2687 5121 2848 5180 fuisse
2875 5104 3084 5193 oblata,
3117 5130 3167 5182 in
3197 5104 3471 5189 nativitato

1901 5193 2138 5262 ejusdem
2188 5197 2303 5254 Filii
2340 5202 2428 5258 Dei
2461 5219 2578 5274 qua:
2617 5213 2906 5267 secundum
2949 5229 3162 5270 carnem
3205 5219 3336 5272 facta
3365 5230 3467 5290 est,

1903 5284 2188 5350 probamus
2219 5289 2381 5354 tuisse
2410 5298 2692 5365 completa,
2721 5301 3005 5372 Evangelia
3046 5309 3425 5375 comprobante

1901 5372 2050 5439 Quod
2082 5391 2201 5432 cum
2240 5390 2394 5451 natus
2438 5397 2583 5442 esset
2631 5389 2782 5444 Jesus
2812 5393 2866 5445 in
2899 5394 3167 5449 Bethleem
3214 5397 3380 5463 Judr,
3416 5403 3468 5458 in

1902 5463 2087 5520 diebus
2119 5468 2344 5526 llerodfs
2367 5479 2528 5545 ,reg‘s,
2560 5493 2686 5533 ecce
2712 5482 2848 5550 magi
2879 5483 2945 5535 ab
2972 5483 3187 5537 Oriente
3210 5501 3468 5548 venerunt

1897 5552 2302 5629 Jerosolymam,
2346 5565 2742 5624 dicenteszUbi
2788 5583 2869 5626 est
2915 5575 3001 5641 qui
3049 5587 3203 5631 natus
3247 5591 3328 5633 εει
3375 5601 3466 5640 rex

1896 5644 2196 5726 Judzeorum
2230 5651 2441 5723 (ΜαιιΙι.
2484 5671 2540 5723 ιι,
2589 5660 2676 5726 I)?
2709 5661 2773 5714 Et
2816 5661 2946 5714 infra
2974 5679 2987 5715 :
3017 5665 3080 5717 Et
3125 5669 3380 5727 intrantes
3411 5676 3464 5732 in

1896 5723 2134 5807 domum,
2166 5741 2480 5799 invenerunt
2510 5760 2732 5815 puerum
2762 5759 2811 5804 ct
2839 5750 3057 5806 Mariam
3081 5767 3302 5814 matrem
3326 5764 3459 5834 ejus,
