3938 6376
530 333 632 389 387

1835 339 2053 396 VIGILII
2092 340 2465 396 TAPSENSIS
3633 357 3705 415 Sis

531 457 581 502 et
609 446 948 517 procitlentes
976 448 1331 505 adoraverunt
1359 465 1503 517 eum,
1536 459 1589 506 et
1615 451 1812 520 apertis
1840 452 2104 506 thesauris
2136 460 2183 516 Α
2213 453 2290 504 vel
2342 452 2553 505 diabolo
2594 451 2776 518 crede,
2809 454 2895 522 qui
2947 465 3130 507 contra
3181 456 3376 522 opiﬁcis
3405 461 3475 512 sui
3514 462 3702 521 lilr'lllttn

531 538 640 591 suis
658 538 965 592 obtulerunt
985 539 1034 593 ei
1061 555 1276 593 munera
1303 540 1538 609 (Matth.,
1554 556 1613 605 tt,
1643 541 1753 610 11).
1775 541 2102 595 Sacriﬁcium

530 626 708 696 itaque
735 628 874 697 quod
905 642 935 681 a
961 628 1277 682 Christianis
1299 630 1464 683 sacris
1484 630 1742 685 altaribus
1763 632 2100 697 admovetur,

529 730 635 769 non
663 715 837 771 Solum
883 717 991 771 Deo
1027 717 1189 780 Patri,
1218 718 1309 771 sed
1349 720 1509 772 etiam
1543 720 1677 773 Filio
1705 724 1972 775 communi
2006 724 2103 776 tle-

528 806 743 861 votione
787 806 1021 868 offertur,
1050 806 1298 875 quoniam
1342 823 1439 861 nec
1495 809 1635 863 Patri
1685 814 1800 865 sine
1844 811 1980 865 Filio
2026 812 2105 864 of-

530 893 655 949 ferri
687 900 727 961 ',
756 911 927 964 neque
955 910 984 949 a
1013 896 1145 949 Filio
1170 898 1284 950 sine
1311 896 1466 951 Patre
1494 899 1708 953 sanciri.

1126 985 1351 1039 CAPUT
1395 987 1500 1039 Lll.

532 1054 628 1109 Ubi
678 1056 850 1108 dicunt
898 1052 1093 1108 Filium
1145 1058 1339 1108 nullam
1399 1074 1514 1109 cum
1573 1055 1731 1111 Patre
1783 1076 2098 1113 communem

1072 1141 1275 1196 operam
1307 1128 1563 1181 habuisse.

595 1214 651 1271 Si
677 1214 905 1269 dixerint
932 1214 1123 1268 Filium
1154 1216 1350 1270 nullam
1382 1231 1502 1271 cum
1530 1218 1683 1273 Patre
1711 1221 2100 1275 communionis

526 1320 744 1376 operam
773 1305 1044 1361 habuisse.

593 1394 896 1467 Responsio.
937 1397 1089 1464 Quod
1132 1408 1309 1452 autem
1355 1414 1693 1455 communem
1739 1418 1955 1471 operam
2007 1405 2101 1457 ha-

522 1485 682 1541 beant
717 1488 873 1541 Pater
916 1497 969 1542 tt
1013 1488 1051 1542 F
1058 1488 1208 1555 ilius,
1240 1490 1339 1544 hoc
1380 1491 1538 1545 modo
1581 1493 1836 1549 doctrmur
1880 1514 1889 1548 :
1935 1497 2096 1551 Deum

524 1576 678 1643 primi
730 1576 961 1631 hominis
1008 1578 1208 1645 plasma
1256 1580 1321 1633 ad
1368 1580 1649 1649 imaginem
1696 1582 1785 1637 Dei
1828 1587 2097 1640 communi

522 1664 845 1732 operationis
868 1666 1063 1723 virtute
1086 1667 1277 1725 fecisse
1295 1672 1540 1737 refertur,
1557 1672 1830 1742 Scriptura
1852 1676 2093 1733 dicente:

523 1754 800 1810 Faciamus
844 1756 1111 1811 hominem
1152 1760 1219 1813 ad
1265 1761 1546 1830 imaginem
1586 1774 1639 1818 et
1686 1764 2092 1831 similitudinem

521 1859 757 1902 nostram
788 1847 938 1918 (Gen.
971 1866 1006 1914 ι,
1036 1850 1150 1920 26).
1185 1852 1312 1907 ltcm
1343 1854 1411 1908 ibi
1445 1874 1456 1907 :
1484 1857 1763 1911 Faciamus
1800 1861 1847 1913 ei
1890 1862 2098 1930 adjuto-

522 1936 662 1990 rium
694 1937 869 1991 simile
898 1937 1050 2007 (Gen.
1084 1955 1143 2003 ll,
1178 1942 1286 2012 18).
1324 1942 1455 1998 Item
1487 1946 1556 1999 ibi
1583 1964 1594 1999 :
1627 1949 2018 2004 Dcscendamus
2046 1960 2100 2006 et

520 2028 907 2084 confundamus
956 2031 1163 2100 linguas
1201 2048 1387 2088 eorum
1434 2036 1588 2107 (Gen.
1624 2053 1660 2101 ι,
1698 2038 1799 2109 11).
1839 2043 1933 2105 Et,
1964 2042 2100 2097 Pluit

524 2116 783 2171 Dominus
812 2119 878 2173 de
902 2120 1039 2176 cmlo
1087 2122 1260 2191 ignem
1297 2134 1352 2178 et
1377 2127 1598 2195 sulphur
1629 2144 1788 2198 super
1813 2131 2097 2187 Sodomam

524 2204 681 2275 (Gen.
710 2223 820 2273 ιιι,
849 2209 961 2277 24).
1010 2210 1076 2264 Et
1103 2212 1154 2266 in
1190 2213 1480 2282 Evattgelio
1509 2232 1522 2269 :
1547 2216 1705 2272 Pater
1746 2235 1897 2274 meus
1934 2236 2099 2290 usque

523 2299 684 2353 modo
729 2312 1011 2370 operatur,
1048 2314 1100 2357 et
1140 2318 1238 2373 ego
1277 2320 1472 2374 Operul'
1517 2305 1692 2377 (Joan.
1727 2324 1778 2375 v,
1815 2311 1927 2376 17).
1970 2311 2097 2365 Item

521 2391 632 2445 ibi:
659 2394 815 2446 Pater
847 2398 897 2447 in
940 2409 1023 2449 me
1060 2410 1282 2451 manens
1314 2397 1437 2452 facit
1462 2413 1623 2468 opera
1655 2401 1786 2453 lucc.
1824 2402 1910 2466 Et,
1943 2404 2099 2469 Quze-

518 2493 727 2551 cunque
767 2483 922 2538 Pater
964 2484 1124 2551 facit,
1156 2486 1343 2540 eadem
1386 2497 1438 2541 et
1484 2487 1653 2543 Filius
1690 2491 1816 2545 facit
1852 2494 2098 2549 similiter

517 2567 704 2638 (Ibid.,
734 2572 848 2644 19),
879 2583 985 2629 etc.
1211 2574 1340 2641 Quae
1370 2592 1468 2646 t-go
1503 2577 1637 2633 facio
1668 2595 1772 2634 non
1802 2592 1925 2635 sunt
1954 2599 2093 2650 mea,

515 2660 610 2716 sed
639 2661 754 2731 ejus
772 2665 861 2732 qui
894 2680 978 2720 me
1004 2668 1150 2722 misit
1176 2666 1346 2723 Patris
1374 2668 1550 2738 (Joan.
1577 2687 1689 2735 vttt,
1718 2672 1835 2742 28).
1870 2675 1953 2743 Ει,
1990 2677 2096 2745 Ego

516 2763 571 2809 et
601 2754 757 2810 Pater
782 2756 847 2810 ad
875 2773 996 2812 eum
1036 2760 1330 2826 veniemus,
1354 2770 1409 2816 et
1440 2764 1767 2818 mansionem
1805 2770 1942 2834 apud
1972 2784 2094 2822 eum

517 2844 775 2901 faciemus
796 2848 979 2919 (luan.
1011 2866 1119 2915 xtv,
1153 2852 1267 2921 25).
1300 2854 1429 2921 Quae
1459 2855 1640 2908 omnia
1671 2872 1776 2909 non
1804 2857 2093 2915 discretam

516 2937 691 2993 Patris
720 2950 773 2994 et
804 2940 920 2996 Filii
950 2945 1240 3012 potentiam
1282 2955 1570 3014 praestant,
1603 2948 1697 3002 sed
1728 2964 1885 3002 unam
1922 2950 2096 3006 deita-

517 3028 588 3085 ﬁs
610 3032 971 3101 operationem
999 3039 1315 3093 annuntiant
1343 3057 1355 3091 :
1382 3050 1435 3095 et
1464 3042 1509 3096 is
1539 3044 1627 3111 qui
1658 3054 1935 3112 paternum
1962 3060 2094 3115 opus

516 3126 844 3195 exsequitur,
877 3129 1115 3197 paternis
1153 3133 1404 3200 operibus
1443 3133 1649 3188 alienus
1677 3150 1798 3191 esse
1836 3152 1942 3191 non
1977 3152 2091 3193 cre-

516 3217 679 3273 ditur.

1099 3291 1321 3348 CAPUT
1371 3293 1501 3348 Llll.

554 3378 654 3434 Ubi
680 3380 852 3433 dicunt
883 3382 1049 3435 solum
1084 3372 1303 3436 Patrem.
1328 3382 1646 3439 Attissimum
1682 3400 2049 3457 nuncupatum.

586 3467 643 3523 Si
674 3471 815 3524 enim
848 3472 974 3526 illud
1006 3475 1374 3542 projiheticum
1404 3476 1469 3530 de
1494 3477 1609 3531 solo
1640 3476 1794 3533 Patre
1823 3494 2089 3548 opposue-

516 3560 624 3612 rint
674 3561 1031 3616 testimonium
1086 3578 1190 3633 quo
1248 3564 1447 3619 dictum
1497 3575 1579 3621 est
1619 3584 1630 3619 :
1677 3568 1855 3622 Sciant
1905 3579 2092 3636 gentes

516 3652 766 3720 quoniam
809 3668 1002 3708 nomen
1053 3655 1143 3710 tibi
1187 3655 1465 3722 Dominus,
1501 3666 1554 3710 tu
1590 3659 1739 3713 solus
1786 3659 2091 3714 Altissimus

518 3752 676 3807 super
701 3754 913 3795 omnem
944 3752 1142 3796 terram
1172 3744 1341 3814 (Psal.
1375 3762 1574 3811 LXXXII,
1604 3748 1713 3818 19).

590 3829 892 3897 Responsio.
942 3832 999 3886 Si
1051 3842 1226 3887 autem
1284 3850 1351 3889 ex
1406 3838 1696 3905 Evangelio
1754 3836 1941 3891 Filium
2000 3839 2089 3892 Dei

519 3934 870 3989 cognosceres
892 3921 1224 3976 Altissimum
1251 3934 1631 3994 nuncupatum,
1657 3942 1923 3996 nunquam
1957 3928 2092 3984 Filio

517 4009 800 4081 derogans,
835 4011 933 4067 hoc
961 4013 1027 4067 de
1068 4018 1183 4068 so‘o
1224 4015 1379 4070 Patre
1416 4018 1617 4071 dictum
1665 4032 1895 4085 poneres
1942 4020 2092 4073 testi-

515 4102 772 4167 monium,
804 4118 922 4158 cum
950 4105 1204 4174 scriptum
1236 4106 1344 4160 sit:
1374 4108 1475 4172 Tu,
1511 4122 1660 4176 puer,
1696 4110 1955 4177 propheta
1998 4110 2092 4161 Al-

515 4192 702 4247 tissimi
749 4195 1023 4250 vocaberis
1067 4193 1228 4267 (Luc.
1266 4212 1302 4262 ι,
1338 4196 1447 4268 76).
1498 4196 1600 4254 Sed
1652 4208 1709 4253 ut
1758 4198 1922 4254 Filius
1967 4215 2088 4254 cum

516 4281 670 4335 Patre
715 4283 998 4339 indiscrete
1055 4286 1106 4338 in
1157 4287 1427 4340 altissimis
1480 4287 1751 4344 habitasse
1796 4290 2086 4353 credatur,

516 4369 814 4425 Salomonis
864 4375 1166 4426 testimonio
1212 4376 1625 4443 comprobatur:
1656 4379 1771 4450 Ego
1798 4381 2087 4449 sapientia,

518 4458 708 4528 inquit,
753 4460 984 4516 habitavi
1035 4464 1088 4516 in
1134 4464 1430 4531 altissimis,
1461 4476 1514 4522 et
1561 4470 1786 4526 thronus
1836 4487 1987 4527 meus
2033 4474 2084 4526 in

2208 542 2389 596 sedem
2421 542 2521 595 sibi
2553 542 2782 597 voluerit
2811 544 3095 597 collocare.

2791 631 3019 685 CAPUT
3068 632 3197 687 LlV.

2316 717 2613 776 Ubi,dicunt
2660 718 2856 773 Filium
2893 722 3111 791 seipsum
3138 724 3335 778 initium
3371 731 3628 797 appellasse.

2273 808 2433 879 412
2476 810 2529 865 Si
2578 826 2704 865 vero
2753 813 2986 867 dixerint
3026 814 3215 869 Filium
3259 833 3322 872 ex
3370 820 3510 876 Patre
3548 826 3703 881 initium

2206 897 2476 963 habuisse,
2520 916 2615 969 pro
2663 917 2726 954 eo
2766 902 2906 970 quod
2955 904 3153 960 Jutlzcis
3200 908 3622 981 interrogantibus,
3648 919 3702 968 'I'tt

2203 991 2321 1056 quis
2350 991 2441 1045 es?
2473 993 2825 1069 responderit,
2862 996 3070 1049 Initium
3113 998 3253 1067 quod
3296 1010 3346 1054 ct
3390 1002 3557 1072 loquor
3594 1010 3704 1059 vobis

2205 1076 2387 1148 (Joan.
2426 1096 2537 1146 vni,
2564 1068 2682 1149 95).
2845 1094 2849 1098 '

2275 1167 2572 1238 Responsio.
2614 1172 2810 1227 Paulus
2852 1174 3123 1243 apostolus
3168 1176 3353 1232 Filium
3399 1178 3481 1234 Dei
3517 1197 3597 1235 nec
3631 1182 3702 1234 ini-

2204 1258 2330 1311 tium
2363 1261 2591 1327 dierum,
2621 1277 2719 1317 nec
2749 1262 2906 1317 ﬁnem
2940 1265 3061 1318 vita:
3093 1266 3288 1322 habere
3333 1284 3476 1337 posse
3500 1273 3700 1329 scribens.

2202 1350 2255 1404 in
2286 1351 2521 1420 Epistola
2564 1368 2684 1422 qua:
2730 1353 3073 1409 Hebraeorum
3118 1359 3331 1411 nomine
3379 1359 3605 1427 titulatur,
3633 1362 3702 1414 hoc

2201 1442 2360 1497 modo
2407 1443 2668 1507 edisserit,
2708 1443 2932 1497 dicens:
2962 1446 3054 1500 llic
3103 1446 3480 1502 Melchisedech
3509 1451 3700 1505 sacerdos

2201 1531 2294 1586 Dei
2324 1532 2548 1597 summi,
2576 1533 2662 1601 qui
2705 1532 2940 1587 obviavit
2986 1536 3214 1590 Abrahae
3264 1552 3495 1606 regresso
3534 1556 3557 1592 a
3598 1544 3700 1593 unde

2201 1636 2411 1692 regum;
2441 1632 2493 1676 et
2529 1624 2798 1677 benedixit
2827 1624 2912 1690 ei;
2951 1627 3036 1679 cui
3067 1627 3301 1681 decimas
3331 1630 3544 1682 omnium
3569 1631 3700 1682 divisit

2199 1713 2463 1767 Abraham
2493 1732 2504 1765 :
2534 1715 2759 1781 primum
2786 1716 2999 1784 quidem
3023 1717 3396 1786 interpretatur
3416 1721 3699 1788 rexjustit'm,

2129 1824 2172 1884 Β
2199 1805 2389 1861 deinde
2421 1822 2508 1859 rex
2536 1806 2712 1861 Salem
2743 1808 2860 1862 sine
2888 1818 3055 1877 patre,
3086 1810 3201 1864 sine
3230 1822 3415 1875 matre,
3440 1812 3539 1864 sine
3556 1828 3698 1879 genea-

2204 1896 2367 1966 logia,
2397 1913 2569 1966 neque
2599 1898 2804 1952 initium
2831 1898 3059 1966 dierum,
3081 1916 3179 1955 nec
3204 1901 3362 1954 ﬁnem
3382 1904 3494 1957 vita:
3522 1904 3697 1957 habens:

2201 1989 2524 2044 assimilatas
2553 1999 2637 2044 est
2681 2000 2856 2045 autem
2891 1991 3025 2045 Filio
3059 1993 3150 2046 Dei
3182 1992 3367 2064 (Hebr.
3398 2010 3480 2058 vn,
3510 1994 3570 2061 l).
3599 1994 3646 2045 Et
3667 1996 3698 2043 in

2204 2082 2336 2134 Isaia
2369 2101 2382 2135 :
2411 2082 2465 2135 In
2497 2082 2794 2138 humilitate
2815 2082 3074 2151 judicium
3098 2084 3211 2152 ejus
3237 2086 3489 2139 sublatum
3518 2099 3599 2150 εει,
3619 2088 3699 2153 quia

2203 2174 2416 2228 tolletur
2460 2174 2527 2228 de
2567 2186 2705 2229 terra
2747 2178 2853 2228 vita
2892 2178 3038 2242 ejus,
3072 2177 3399 2230 nativitatem
3440 2189 3589 2229 autem
3624 2180 3701 2243 cjas

2200 2265 2317 2333 quis
2352 2265 2620 2318 enarraltit
2663 2262 2826 2333 (Isai.
2870 2281 2989 2329 LIII,
3036 2267 3122 2334 8).
3166 2266 3232 2319 Et
3277 2268 3327 2319 in
3374 2267 3699 2334 Evangi-liozht

2202 2352 2459 2420 principio
2490 2362 2603 2406 erat
2633 2353 2885 2419 Verbum,
2918 2364 2970 2408 et
3003 2354 3239 2408 Verbum
3273 2367 3386 2409 erat
3413 2357 3535 2423 apud
3564 2356 3697 2409 Deum.

2198 2450 2251 2493 et
2277 2439 2413 2493 Deus
2437 2451 2552 2493 erat
2578 2440 2805 2495 Verbum
2829 2440 3008 2512 (Joan.
3036 2457 3073 2505 ι,
3103 2441 3175 2512 1).
3207 2444 3262 2496 ltt
3296 2447 3393 2496 isto
3424 2446 3562 2514 igitur
3588 2448 3700 2497 vello

2198 2531 2338 2601 quod
2370 2530 2566 2585 dicitur
2605 2541 2734 2597 erat,
2763 2533 2997 2587 ostendit
3040 2534 3231 2588 Filium
3286 2551 3489 2604 semper
3523 2538 3567 2588 in
3593 2535 3700 2587 Patre

2200 2631 2530 2688 manentem,
2569 2624 2720 2692 cujus
2750 2625 2926 2679 nullus
2971 2626 3275 2680 mortalium
3329 2643 3421 2681 nec
3459 2628 3627 2680 initium
3649 2626 3700 2677 itt-

2199 2714 2464 2783 vestigare
2496 2724 2690 2783 potest,
2721 2729 2820 2769 nec
2847 2715 3025 2769 ﬁnem.

2805 2807 3029 2862 CAPUT
3069 2807 3176 2862 LV.

2202 2892 2300 2948 Ubi
2325 2894 2513 2948 dicitur
2535 2911 2554 2949 :
2578 2894 2734 2961 Deus,
2762 2894 2899 2950 Deus
2930 2914 3092 2967 meus,
3124 2916 3286 2968 quare
3320 2917 3396 2953 me
3422 2897 3700 2969 dereliquisti?

2270 2984 2325 3041 Si
2366 2985 2456 3040 tibi
2498 2987 2749 3053 dixerint,
2783 2989 2903 3043 Ideo
2950 2991 3125 3045 minor
3162 3002 3248 3045 est
3302 2994 3476 3061 Filius,
3501 2992 3600 3061 quia
3626 2994 3700 3056 ipse

2198 3076 2440 3144 pendens
2475 3078 2528 3131 in
2568 3094 2727 3133 cruce
2770 3079 3189 3146 dixeritzbcus,
3224 3085 3367 3140 Deus
3411 3099 3561 3147 meus,
3589 3096 3701 3152 quare

2121 3190 2168 3255 ρ
2200 3183 2285 3225 me
2317 3169 2652 3239 dereliquisti
2679 3170 2894 3241 (Matth.
2926 3188 3090 3236 xxvtt,
3123 3175 3252 3244 40)?

2272 3264 2574 3334 Responsio.
2617 3264 2687 3320 Ut
2731 3270 3031 3336 agnoscatis
3073 3268 3110 3322 F
3116 3270 3266 3324 ilium
3301 3288 3330 3324 a
3362 3271 3535 3335 Patre,
3560 3278 3605 3323 ut
3637 3281 3698 3317 vos

2197 3355 2424 3409 inaniter
2452 3357 2817 3425 suspicamini,
2851 3373 2957 3411 non
2991 3359 3151 3413 fuisse
3196 3361 3410 3429 penitus
3436 3360 3697 3414 derelictum,

2195 3446 2299 3502 hoc
2325 3448 2393 3502 de
2432 3448 2547 3518 ipso
2578 3450 2628 3502 itt
2661 3449 2952 3520 Evangelio
2992 3454 3168 3521 p'osuit
3202 3457 3566 3509 testimonium.
3596 3454 3702 3505 l‘ater

2194 3553 2373 3605 meus,
2397 3540 2583 3609 inquit,
2610 3555 2814 3595 mecum
2846 3552 2958 3607 est;
2983 3559 3087 3598 non
3117 3545 3449 3616 derelinquet
3474 3564 3548 3602 me
3562 3549 3699 3603 solum,

2194 3631 2444 3701 quoniam
2475 3645 2593 3701 qua:
2623 3642 2747 3687 sunt
2771 3635 2820 3689 ei
2851 3636 3040 3703 placita
3068 3637 3202 3692 facio
3224 3654 3441 3711 semper
3460 3638 3606 3711 (Joan.
3625 3652 3698 3695 \‘llh

2191 3721 2305 3791 29).
2338 3721 2499 3792 ᾧιθ
2544 3723 2609 3777 Ει
2639 3723 2829 3778 iterum
2850 3726 2990 3779 :Non
3022 3743 3136 3780 sum
3168 3729 3343 3797 solus,
3374 3731 3461 3785 sed
3489 3739 3536 3784 et
3558 3744 3647 3795 ego.
3666 3736 3701 3774 rt

2193 3816 2282 3886 qui
2312 3832 2397 3870 me
2428 3816 2571 3870 misit
2609 3816 2767 3871 Pater
2802 3816 2989 3888 (Ibid.,
3025 3820 3135 3889 16).
3162 3820 3227 3875 Et
3262 3824 3450 3877 iterum
3477 3821 3600 3875 :Non
3623 3833 3700 3870 crv-

2193 3907 2295 3969 dis.
2322 3909 2443 3979 quia
2471 3923 2570 3979 ego
2597 3910 2647 3963 in
2681 3908 2836 3965 Patre
2862 3922 2915 3965 et
2938 3912 3094 3967 Pater
3118 3915 3167 3967 in
3201 3930 3289 3970 me
3320 3914 3487 3986 (Joan.
3512 3907 3702 3978 stulti)?

2194 3998 2259 4052 Et
2291 4001 2575 4063 Apostolus
2602 4018 2613 4051 :
2642 4001 2778 4054 Deus
2815 4009 2931 4055 erat
2962 4004 3015 4056 in
3047 4003 3264 4059 Christo
3296 4009 3534 4060 mundum
3561 4015 3701 4058 recon-

2192 4090 2380 4145 cilians
2409 4091 2508 4144 sibi
2548 4090 2633 4163 (II
2660 4091 2780 4146 Cor.
2811 4108 2864 4158 v,
2903 4095 3017 4163 19).
3068 4096 3135 4149 Et
3169 4098 3219 4151 in
3261 4100 3476 4153 Actibus
3502 4093 3702 4165 apostolu-

2193 4198 2308 4238 rum
2336 4202 2349 4239 :
2375 4184 2469 4239 Hic
2492 4187 2877 4254 perambulavit
2911 4188 3253 4245 benefaciens
3282 4202 3335 4247 et
3356 4194 3553 4246 salvans
3570 4197 3703 4240 omnei

2193 4274 2285 4344 qui
2315 4274 2752 4344 deprimebantur
2794 4294 2823 4332 a
2851 4278 3083 4345 diabolo,
3118 4285 3371 4350 quoniam
3420 4286 3542 4337 l‘etts
3564 4288 3649 4334 erat
3670 4276 3703 4326 in

2195 4366 2283 4419 illo
2315 4365 2451 4436 (Act.
2482 4381 2535 4431 ι,
2566 4365 2677 4435 38).
2713 4367 2778 4420 Et
2817 4367 3063 4424 Habacuc
3089 4387 3102 4423 :
3132 4371 3396 4440 Egressus
3422 4387 3507 4438 es,
3539 4366 3703 4423 Domine

2197 4456 2357 4519 Deus,
2376 4454 2431 4510 in
2459 4456 2683 4511 salutem
2710 4458 2890 4526 populi
2924 4459 3019 4522 tui,
3043 4474 3161 4514 cum
3190 4460 3406 4516 Christo
3433 4471 3515 4514 tuo
3537 4456 3702 4527 (ﬂabat.

516 4552 762 4605 columna
790 4554 945 4608 nubis
971 4552 1156 4625 (Eccti.
1187 4570 1330 4623 xxiv,
1360 4558 1434 4625 7).
1484 4559 1548 4613 Et
1576 4560 1628 4614 in
1674 4561 1884 4631 psalmo
1922 4579 2083 4617 nona-

2194 4562 2269 4612 ιιι,
2304 4548 2415 4617 15).
2471 4548 2533 4602 Ει
2579 4548 3006 4618 prophetazQui
3046 4552 3230 4622 genuit
3276 4568 3383 4619 me,
3416 4547 3638 4622 requievit
3670 4545 3703 4596 in

516 4646 717 4712 gesimo
764 4647 934 4716 primo
978 4648 997 4719 (
1023 4646 1164 4703 Vers.
1196 4648 1413 4720 9):Tu
1461 4661 1637 4707 autem
1686 4655 1987 4711 Altissimus
2034 4662 2085 4711 in

516 4744 796 4805 :eternum,
818 4737 1055 4805 Domine,
1074 4742 1326 4810 quoniam
1350 4757 1478 4799 ecce
1496 4743 1693 4800 inimici
1718 4748 1793 4803 tui
1818 4749 2087 4816 peribunt.

516 4826 647 4881 Nam
675 4842 794 4883 cum
822 4828 1064 4887 diabolus
1085 4834 1248 4889 vellet
1274 4835 1523 4891 thronum
1554 4852 1711 4894 suum
1732 4849 1917 4895 contra
1941 4856 2090 4897 crea-

516 4923 648 4976 toris
686 4922 768 4977 sui
799 4922 1047 4981 thronum
1072 4926 1124 4981 in
1154 4928 1426 4984 altissimis
1464 4932 1764 5001 collocare,
1797 4934 1971 4990 elatus
2000 4952 2089 4991 su-

516 5011 718 5080 perbia,
747 5011 863 5069 hac
889 5014 1033 5070 visus
1065 5028 1149 5071 est
1180 5018 1406 5074 nefando
1441 5037 1537 5078 ore
1569 5039 1814 5093 promere
1840 5044 1853 5081 ε
1882 5027 2083 5083 Ponam

512 5104 695 5159 sedem
722 5121 895 5161 meam
925 5107 992 5163 ad
1035 5110 1357 5180 aquilonem,
1388 5115 1576 5185 inquit,
1600 5118 1884 5173 ascendam
1923 5135 2087 5189 super

513 5195 688 5251 sidera
727 5198 877 5265 cmli,
910 5200 1108 5256 sedebo
1151 5204 1313 5272 super
1350 5217 1559 5262 montes
1595 5210 1866 5279 excelsos,
1898 5222 1951 5266 et
1991 5228 2086 5266 cro

512 5285 700 5341 similis
719 5289 1160 5359 AltissimoUsai.
1178 5309 1286 5360 11v,
1312 5296 1422 5366 15).
1443 5296 1570 5353 Item
1598 5300 1666 5354 ibi
1689 5300 1743 5355 in
1765 5301 2081 5359 SalomOne:

513 5378 590 5434 Ne
618 5380 841 5448 dixeris,
872 5386 1108 5452 peccavi,
1139 5398 1191 5442 et
1219 5389 1346 5458 quid
1376 5392 1565 5446 accidit
1608 5394 1740 5448 mihi
1773 5394 1962 5450 triste?
1990 5400 2081 5450 Al-

514 5563 746 5618 auditum
790 5567 965 5622 cordis
1001 5570 1074 5623 tui
1112 5573 1402 5641 Scripturis
1433 5590 1535 5630 non
1568 5577 1646 5631 tis
1675 5581 2082 5634 accommodare

516 5651 730 5718 divinis,
754 5673 868 5724 qua:
902 5660 1090 5717 Filium
1121 5657 1466 5720 Altissitnum'
1483 5666 1675 5723 docent
1699 5681 2079 5739 nuncupatum,

591 5758 610 5779 ‘
634 5757 728 5812 llic
755 5761 888 5814 adde
916 5775 1089 5831 potest.

2190 4639 2533 4693 tabernaculo
2558 4654 2678 4693 meo
2706 4638 2892 4708 (Eccli.
2925 4656 3074 4708 xxrv,
3102 4644 3212 4714 12).
3247 4645 3325 4699 Ex
3361 4646 3475 4710 hoc,
3506 4638 3703 4696 infelices.

2190 4732 2463 4802 agnoscite
2502 4731 2751 4799 quoniam
2774 4733 2862 4801 qui
2888 4733 2940 4785 in
2969 4748 3128 4789 carne
3161 4746 3344 4790 nostra
3368 4734 3559 4795 moctali
3579 4727 3704 4783 adhuc

2190 4835 2398 4875 comma
2440 4834 2537 4875 ens
2564 4836 2831 4890 nunquam
2859 4838 2888 4874 a
2920 4822 3078 4880 Patre
3105 4824 3375 4891 discessit,
3405 4825 3548 4879 Patre
3573 4819 3705 4885 utique

2193 4910 2368 4966 minor
2394 4912 2494 4965 tlici
2528 4927 2632 4965 non
2662 4913 2872 4981 poterit.

2776 5024 3002 5080 CAPUT
3043 5026 3171 5081 LVI.

2192 5134 2285 5189 Ub:
2331 5138 2503 5190 dicunt
2547 5139 2722 5192 testari
2762 5138 3060 5207 Apostolum
3102 5138 3366 5221 Christum
3402 5158 3452 5196 se
3490 5132 3706 5193 secundum

2745 5226 2949 5263 carnem
2980 5226 3211 5264 ιιεεειδεε.

2258 5322 2313 5378 Si
2346 5324 2435 5378 tibi
2465 5325 2758 5395 objecerint
2788 5328 2928 5396 quod
2958 5330 3247 5399 Apostolus
3270 5332 3338 5385 de
3367 5330 3564 5386 Christo
3588 5321 3705 5377 dicit:

2186 5415 2243 5470 Si
2277 5432 2598 5471 noveramus
2624 5417 2893 5471 Christum
2923 5421 3212 5474 secundum
3237 5424 3473 5484 carnem,
3499 5416 3581 5472 sed
3606 5417 3708 5465 nu"c

515 5471 747 5528 tissimus
788 5477 929 5529 enim
984 5480 1185 5546 patiens
1231 5490 1314 5536 est
1357 5483 1592 5539 redditor
1621 5485 1807 5556 (Eat-li.
1839 5502 1891 5551 v,
1916 5487 1992 5555 4).
2027 5490 2082 5543 Si

2194 5507 2291 5570 iam
2325 5521 2429 5560 non
2461 5508 2703 5561 novimus
2737 5506 2823 5577 (ll
2851 5471 3175 5583 Corivptﬁ)

2260 5597 2557 5667 Responsio.
2602 5598 2717 5652 Non
2750 5600 3037 5667 respicitis,
3060 5604 3257 5667 miseri,
3286 5601 3424 5670 quod
3450 5594 3706 5654 Manichao-

2186 5702 2302 5740 rum
2347 5688 2465 5740 talia
2500 5699 2879 5758 proponentes,
2908 5693 3203 5760 sequamini
3241 5706 3456 5760 prorst‘s
3491 5695 3707 5744 errorem.

2188 5776 2311 5830 dum
2345 5780 2480 5832 sicut
2508 5780 2625 5847 ipsi,
2652 5780 2719 5833 ita
2752 5780 2913 5834 etiam
2943 5797 3037 5837 vos
3070 5782 3118 5834 itt
3154 5783 3239 5835 illo
3271 5789 3545 5849 assumptze
3570 5771 3707 5829 carnis
