3938 6376
205 322 301 377 3S9

1368 321 1631 377 CONTRA
1666 325 2072 387 VARIMADUSI
2114 330 2239 386 LIB.
2267 331 2307 387 I.

3357 347 3461 402 5‘30

202 442 455 483 evacuare
488 428 710 481 nitimini
739 434 1151 493 sacramentum,
1185 437 1241 481 ut
1269 438 1385 496 post
1422 433 1774 485 resurrectin-
1804 442 1849 500 Α
1882 437 2070 491 iterum
2100 458 2111 492 :
2137 440 2287 494 Tunc
2336 441 2587 497 videbunt
2636 443 2826 501 Filium
2878 446 3109 505 hominis
3156 454 3457 512 venientem

203 540 318 576 ncm
364 540 391 576 a
439 524 660 576 mortuis
708 523 910 577 nullum
961 523 1012 576 in
1062 538 1127 577 eo
1176 525 1407 579 credatis
1457 529 1777 583 remansisse

205 616 545 668 Immanitatis
589 615 839 669 indicium
869 634 882 669 :
911 629 1013 670 non
1044 614 1453 669 considerantes
1498 634 1615 671 cmn
1662 630 1780 687 post

200 724 315 760 cam
352 708 709 761 venerabilem
744 707 1045 774 passionem
1082 706 1177 760 hac
1210 723 1337 762 voce
1368 710 1657 777 d..~cipolns
1694 726 1780 763 ar-

201 806 447 865 guentem
476 816 486 848 :
515 797 650 863 Quid
693 797 884 851 turbati
914 799 1071 862 estis,
1106 810 1156 851 et
1199 801 1554 867 cogitationes
1586 817 1778 856 ascen-

200 890 330 941 dunt
379 888 429 940 in
478 887 639 941 corde
684 890 900 941 vestro?
932 887 1144 955 Palpate
1187 898 1241 941 et
1292 889 1496 953 videte,
1529 892 1778 958 quoniam

200 979 418 1045 spiritus
447 992 661 1031 carnem
690 986 743 1031 et
767 992 885 1031 ossa
927 992 1033 1031 non
1087 977 1248 1031 habet
1292 979 1429 1032 sicut
1478 998 1560 1033 me
1592 982 1779 1037 viletis

201 1070 397 1122 lubere
442 1069 591 1138 (an.
626 1084 776 1131 xxnv,
807 1069 916 1137 59).
956 1069 1019 1122 Et
1062 1068 1255 1123 iterum
1284 1086 1296 1122 :
1321 1068 1451 1123 Cum
1483 1084 1621 1125 esset
1651 1088 1779 1143 ergo

197 1174 321 1212 sero
347 1158 431 1211 die
459 1160 544 1211 illa
578 1174 678 1211 una
713 1159 1076 1224 sabbatorum,
1109 1168 1163 1213 et
1212 1159 1350 1214 l‘ores
1376 1172 1557 1216 es<ent
1585 1152 1779 1218 clausa:

197 1250 288 1302 nhi
319 1260 471 1303 erant
505 1249 773 1317 discipuli,
808 1260 1024 1318 propter
1051 1261 1248 1305 metum
1280 1253 1611 1318 Judzcorum,
1635 1256 1779 1311 venit

195 1338 350 1393 Jesus
378 1351 428 1393 et
460 1344 602 1393 stetit
628 1341 677 1393 in
707 1340 880 1393 medio
912 1355 1121 1409 eorum,
1150 1351 1204 1394 et
1242 1342 1373 1396 dixit
1406 1346 1485 1397 eis
1510 1363 1523 1399 :
1549 1345 1649 1399 Pax
1681 1364 1775 1399 vo-

196 1430 297 1483 bis.
336 1432 397 1484 Et
428 1430 526 1484 hoc
552 1447 669 1485 cum
701 1432 922 1485 dixisset
946 1472 958 1494 ,
991 1432 1229 1486 ostendit
1272 1435 1351 1488 eis
1397 1451 1583 1489 manus
1611 1447 1663 1489 et
1696 1438 1775 1492 la-

196 1523 511 1591 tuszgavisi
553 1531 676 1575 sunt
724 1537 850 1592 ergo
895 1524 1141 1591 discipuli
1188 1524 1300 1579 viso
1342 1526 1565 1581 Domino
1597 1527 1773 1599 (Joan.

193 1629 294 1678 xx,
326 1613 433 1681 I9).
484 1614 549 1667 Et
594 1612 783 1666 iterum
810 1629 822 1665 :
852 1612 976 1666 Post
1021 1612 1135 1667 dies
1164 1625 1285 1669 octo
1330 1627 1482 1671 erant
1528 1618 1774 1687 discipuli

194 1706 361 1772 intus,
386 1716 433 1759 et
466 1704 700 1758 Thomas
731 1720 850 1758 cum
880 1706 990 1768 eis;
1021 1704 1164 1759 venit
1193 1705 1344 1760 Jesue
1372 1708 1550 1775 jannis
1581 1711 1776 1765 clausis

1884 528 1933 580 iu
1966 531 2193 584 nubibus
2221 532 2365 599 caeli,
2397 549 2515 587 cum
2549 535 2739 590 virtute
2780 551 2970 606 magna
3014 549 3068 594 et
3113 544 3301 611 gloria,
3334 556 3460 603 tunc

1882 624 2049 675 mittet
2082 626 2299 693 angelos
2331 642 2456 681 suos
2504 628 2553 681 in
2602 629 2722 681 tuba
2774 645 2984 699 magna,
3018 644 3068 687 et
3116 640 3459 705 congregabit

1878 713 2080 767 electos
2108 731 2233 768 suos
2255 733 2283 769 a
2316 730 2542 785 quatuor
2587 721 2778 787 ventis,
2812 738 2837 773 a
2870 737 3079 777 summo
3110 737 3261 781 terra:
3294 746 3459 799 usque

1877 802 1943 854 ad
1974 817 2239 858 summum
2271 808 2391 861 caeli
2417 809 2629 879 (Matth.
2657 829 2799 879 xxrv,
2826 814 2935 880 50).
2981 817 3045 869 Et
3070 819 3257 873 iterum
3288 841 3298 872 :
3324 822 3457 877 Cum

1879 893 2083 973 venerit
2116 893 2279 947 Filius
2308 896 2558 962 hominis,
2584 910 2635 955 et
2664 916 2847 957 omnes
2870 907 3040 974 angeli
3072 923 3189 963 cum
3219 925 3301 976 eo,
3330 922 3458 967 tunc

1879 983 2083 1037 sedebit
2107 998 2267 1052 super
2296 988 2476 1043 sedem
2500 993 2798 1057 majestatis
2819 1010 2951 1063 sure,
2978 1007 3032 1053 et
3057 1003 3459 1071 congregaban-

1880 1084 1964 1130 tur
2010 1087 2133 1131 ante
2181 1094 2300 1134 eum
2331 1096 2517 1137 omnes
2556 1097 2778 1155 gentes,
2814 1099 2866 1143 et
2905 1095 3205 1161 segregabit
3252 1111 3345 1149 eos
3391 1099 3460 1150 ab

1880 1167 2139 1232 invicem,
2171 1170 2305 1225 sieut
2344 1183 2524 1240 pastor
2570 1189 2813 1247 segregat
2862 1196 3026 1249 agnos
3066 1184 3133 1237 ab
3178 1186 3373 1251 hmdis,
3405 1197 3458 1239 et

1877 1268 2075 1314 szatuet
2112 1277 2274 1331 agnos
2311 1264 2374 1315 aJ
2417 1266 2688 1320 dexteram
2730 1286 2902 1337 suam,
2946 1273 3125 1328 limdos
3170 1286 3344 1330 autem
3389 1278 3454 1331 ad

1878 1351 2149 1405 sinistram
2204 1354 2423 1419 (Matth.
2476 1373 2612 1421 xxv,
2662 1360 2782 1428 51).
2834 1362 2897 1415 Et
2946 1366 3459 1433 Aposoluszthnet

1877 1444 2019 1496 ettim
2068 1444 2212 1509 tuba,
2244 1454 2298 1498 et
2342 1450 2534 1501 mortui
2585 1462 2865 1520 resurgeut
2918 1455 3231 1527 incorrupti,
3258 1470 3311 1513 et
3360 1477 3456 1516 nos

1880 1532 2279 1589 immutabimur
2317 1536 2369 1607 (1
2405 1538 2524 1591 Cor.
2560 1556 2652 1605 xv,
2687 1542 2801 1601 52).
2848 1544 2912 1597 Et
2942 1545 3137 1602 Isaias:
3165 1552 3299 1606 Ecce
3344 1557 3457 1619 ipse

1881 1622 2133 1679 Dominus
2164 1627 2213 1679 in
2238 1628 2494 1696 judicium
2530 1632 2705 1687 veniet
2733 1650 2851 1688 cum
2888 1639 3191 1696 senioribus
3218 1656 3270 1697 et
3304 1647 3453 1730 prin-

1878 1714 2082 1782 cipibus
2126 1718 2237 1771 suis
2288 1722 2515 1777 reddere
2561 1724 2846 1781 vindictam
2879 1730 2929 1782 in
2961 1730 3058 1795 ira,
3095 1734 3146 1787 in
3189 1714 3453 1794 llam.mam

192 1808 241 1850 et
284 1799 430 1851 stetit
472 1798 523 1850 in
570 1796 744 1850 medio
790 1812 997 1860 eorum,
1024 1805 1079 1850 et
1124 1797 1258 1851 dixit
1304 1799 1419 1851 eis:
1448 1799 1551 1853 I’ax
1604 1801 1772 1855 vobis.
1806 1803 1853 1863 B
1882 1802 2016 1871 ignis
2048 1804 2198 1873 (lsai.
2233 1824 2311 1873 Ill,
2343 1810 2452 1877 H).
2489 1813 2563 1867 Ex
2598 1814 2678 1870 his
2710 1818 2921 1873 tandem
2952 1836 3240 1889 agnoscere
3269 1828 3452 1895 debes,

194 1888 396 1942 Deinde
424 1888 552 1941 dicit
579 1888 796 1942 Thomas
822 1906 834 1940 :
860 1886 1000 1941 Inl‘cr
1026 1887 1244 1957 digitum
1288 1898 1432 1942 tuum
1460 1888 1623 1961 414,
1650 1891 1769 1958 huc,

189 1988 243 2034 et
275 1979 395 2034 vide
422 1987 606 2032 manus
634 1993 797 2043 meas,
828 1989 881 2034 et
918 1982 1067 2034 mitte
1116 1997 1328 2034 manum
1367 1992 1509 2034 tuam
1554 1985 1604 2037 in
1640 1988 1773 2039 latus

189 2088 393 2139 meum,
414 2084 467 2127 et
494 2073 599 2127 noli
620 2088 739 2127 esse
761 2073 1093 2135 incredulus,
1124 2076 1216 2127 sed
1254 2074 1419 2128 ﬁdelis
1440 2074 1625 2144 (lant,
1653 2078 1767 2147 ‘20).

191 2165 255 2218 Et
293 2164 483 2218 iterum
513 2165 694 2218 :Mane
724 2174 901 2217 autem
938 2163 1096 2229 facto,
1130 2167 1275 2218 stetit
1304 2165 1457 2219 Je~ns
1490 2169 1538 2219 in
1574 2170 1768 2233 litore,

190 2269 299 2308 non
349 2264 523 2307 tamen
576 2264 909 2323 agnoverunt
954 2254 1196 2322 discipuli
1249 2257 1366 2323 quia
1416 2256 1570 2311 ,ιι-ειη
1616 2268 1768 2312 erat:

186 2346 323 2398 dixit
351 2361 476 2415 ergo
521 2347 597 2399 eis
637 2344 825 2399 Jcsus:
854 2344 1032 2407 Pueri,
1070 2345 1305 2414 nunquid
1358 2348 1771 2415 pn|:i.eutarium

190 2434 440 2488 habetis?
476 2438 542 2488 At
584 2435 655 2487 illi
687 2435 993 2488 obtulerunt
1041 2434 1090 2489 ei
1138 2443 1341 2504 partem
1386 2438 1545 2504 piscis
1585 2439 1689 2491 τιεμί
1719 2446 1775 2493 et

188 2527 370 2579 favum
394 2526 588 2583 mellis.
614 2527 676 2580 Et
703 2542 824 2580 cum
850 2527 1193 2582 manducaret
1220 2543 1398 2582 coram
1428 2532 1528 2587 eis.
1553 2544 1771 2585 sumens

186 2616 445 2683 reliquias
475 2616 619 2670 dedit
646 2617 722 2671 eis
751 2615 932 2687 (Joan.
976 2634 1083 2680 ut,
1119 2618 1193 2687 4).
1240 2619 1305 2672 Et
1335 2620 1384 2672 in
1419 2620 1768 2690 Apicilypsi:

190 2706 258 2760 Et
289 2707 541 2762 videbunt
584 2723 704 2762 eum
744 2722 929 2762 omnes
962 2718 1175 2778 gentes,
1206 2711 1293 2779 qui
1334 2726 1455 2764 eum
1489 2714 1770 2766 cruciﬁxi:-

184 2807 333 2862 runt,
365 2808 417 2852 et
461 2800 709 2867 plangent
752 2814 811 2853 se
861 2813 1023 2867 super
1068 2815 1187 2853 eum
1217 2799 1401 2869 (Apoc.
1434 2816 1470 2864 ι,
1515 2800 1589 2869 τ).
1626 2803 1681 2855 Et
1718 2804 1767 2856 in

184 2890 410 2943 Actibus
439 2888 799 2957 apostolorum
827 2904 841 2942 :
872 2888 983 2943 Viri
1033 2889 1256 2952 Galilzei,
1289 2890 1412 2958 quid
1443 2893 1593 2945 statis
1624 2894 1769 2962 aspi-

182 2982 391 3035 cientes
442 2981 489 3032 in
536 2979 769 3033 coelum?
803 2978 894 3032 llic
932 2979 1087 3033 Jesus
1130 2980 1216 3048 qui
1262 2993 1568 3050 assump'us
1619 2992 1699 3036 est
1736 2998 1766 3038 a

182 3088 233 3126 vi
258 3072 362 3136 bis,
390 3073 464 3126 sic
494 3073 667 3126 veniet
698 3070 1144 3138 quemadmodum
1174 3072 1377 3127 vidistis
1404 3090 1523 3126 enm
1550 3085 1763 3131 euntem

1877 1896 2129 1963 quoniam
2169 1900 2257 1968 qui
2294 1901 2555 1957 adversus
2607 1918 2793 1975 gentes
2843 1908 2893 1961 in
2927 1912 3186 1978 judicium
3226 1932 3450 1986 congre-

1876 1988 2076 2055 gandas
2097 1992 2315 2057 angelos
2340 1994 2541 2063 dirigit,
2556 1997 2740 2067 utique
2758 2001 3198 2071 archangelorum
3213 2009 3453 2075 jussione

1876 2078 2057 2132 venire
2087 2096 2189 2133 non
2222 2085 2408 2151 possit.

2228 2239 2238 2245 _
2435 2175 2661 2233 cum
2701 2181 2881 2239 Lvm.

2020 2262 2117 2317 Ubi
2144 2266 2318 2320 dicunt
2344 2270 2507 2322 solum
2540 2272 2740 2329 Patrem
2761 2295 2791 2329 tt
2817 2280 3051 2346 ﬁdelibus
3082 2286 3308 2341 adorari.

1946 2354 2000 2410 Si
2032 2367 2206 2410 autem
2252 2360 2522 2417 dixerint:
2558 2365 2610 2418 In
2640 2366 2743 2422 hoc
2782 2369 2921 2425 Patri
2969 2373 3132 2430 Filius
3165 2394 3269 2433 non
3300 2396 3441 2434 cout-

1874 2456 2086 2513 quatur,
2118 2448 2241 2515 quia
2269 2452 2412 2504 solus
2444 2453 2596 2508 Pater
2631 2472 2658 2509 a
2690 2458 2936 2515 fidelibus
2966 2464 3235 2521 adorator.

1949 2534 2249 2607 Responsio.
2282 2540 2335 2593 Si
2365 2557 2642 2610 grassante
2671 2548 2889 2616 perﬁdia
2916 2554 3109 2608 mentis
3140 2559 3322 2610 oculos
3344 2577 3448 2615 non

1875 2628 2169 2695 amitteres,
2192 2648 2512 2699 agnosceres
2536 2638 2649 2693 sine
2671 2640 2832 2694 dubio
2858 2646 3109 2713 quoniam
3132 2650 3266 2701 sient
3285 2652 3335 2703 in
3353 2650 3421 2703 Pa
3438 2684 3452 2693 -

1876 2725 1957 2770 tre
1989 2717 2176 2786 Filius,
2212 2722 2277 2775 ita
2302 2723 2455 2778 Pater
2480 2725 2529 2779 in
2557 2725 2690 2780 Filio
2717 2730 2993 2799 adorator,
3024 2734 3158 2788 Isaia
3192 2741 3448 2808 pr0pheta

1873 2806 2123 2863 dici‘nte:
2157 2810 2244 2865 Sic
2273 2812 2403 2866 dicit
2438 2816 2689 2871 Dominus
2726 2818 2863 2874 Deus
2892 2820 3160 2878 Sabaoth:
3214 2806 3445 2881 Labora-

1874 2900 1946 2951 vit
1967 2899 2249 2971 lEgyptus,
2274 2913 2328 2959 et
2359 2921 2626 2961 mercatus
2648 2920 2731 2963 est
2757 2910 3044 2985 Aithiopas
3068 2932 3080 2978 ;
3107 2916 3322 2973 Sabaim
3346 2921 3444 2973 viri

1870 2994 2063 3046 excelsi
2089 2995 2155 3047 ad
2180 3005 2229 3049 te
2264 2998 2582 3060 lraltsibttlll,
2616 3009 2671 3053 et
2693 3003 2764 3056 tui
2794 3015 2947 3057 erunt
2979 3008 3141 3069 servi.
3169 3018 3223 3062 ct
3253 3020 3372 3078 post
3397 3022 3447 3064 te

1870 3093 2160 3149 sequentur
2177 3085 2376 3155 alligati
2407 3108 2420 3135 ι
2438 3090 2647 3156 incolis,
2674 3101 2725 3145 et
2747 3093 3065 3162 adorabunt,
3090 3109 3142 3151 et
3167 3108 3218 3153 te
3248 3102 3444 3169 depre-

183 3164 237 3217 itt
280 3168 471 3217 cmlutn
505 3163 641 3234 (Λα.
679 3179 716 3228 t,
754 3164 859 3231 Il).
910 3163 1039 3216 Item
1082 3164 1150 3217 ibi
1179 3180 1192 3216 :
1220 3164 1369 3219 Dedit
1419 3180 1537 3219 eum
1593 3170 1761 3221 tuani-
1790 3170 1836 3233 C
1869 3172 2130 3227 Cabtttttur
2182 3175 2331 3244 (lsttt'.
2392 3194 2512 3245 XLV,
2551 3179 2658 3249 M).
2695 3181 2761 3235 Ει
2795 3184 2845 3236 in
2878 3187 3238 3257 Apocalypsi:
3274 3163 3339 3243 Et
3370 3194 3445 3242 vi.

178 3255 377 3309 festum
410 3256 521 3310 ﬁeri
560 3257 709 3310 nobis
757 3257 1001 3319 tesdbus,
1033 3255 1122 3325 qui
1171 3257 1531 3325 praedestinati
1580 3276 1762 3315 sumus

179 3362 211 3400 a
238 3348 370 3414 Deo,
401 3349 487 3416 qui
531 3348 686 3401 siuml
738 3346 1202 3411 manducavimus,
1233 3356 1287 3400 et
1332 3350 1629 3401 conversati
1675 3364 1759 3401 su-

179 3452 304 3490 mus
335 3451 427 3504 per
457 3436 570 3489 dies
601 3434 949 3504 quadraginta
978 3449 1097 3487 cum
1141 3448 1228 3498 eo,
1257 3443 1531 3503 postquam
1580 3452 1761 3488 resur-

179 3527 320 3579 rexit
348 3541 375 3578 a
417 3527 638 3579 mortuis
668 3527 799 3593 (Act.
835 3540 887 3587 ι,
919 3522 1032 3593 40).
1079 3522 1358 3590 Respicitis
1393 3528 1642 3594 quoniam
1672 3526 1760 3594 qui

180 3632 279 3684 per
308 3616 655 3686 quadraginta
680 3618 792 3668 die.
822 3617 1027 3667 intrans
1049 3622 1103 3668 et
1125 3614 1309 3667 exiens
1336 3629 1456 3668 cum
1487 3616 1762 3686 discipulis

176 3723 529 3766 conversatus
569 3721 668 3769 est.
702 3710 952 3772 comedit,
999 3718 1052 3763 et
1101 3708 1350 3778 reliquias
1402 3722 1641 3775 sumens,
1674 3713 1762 3762 iis-

175 3801 302 3855 dem
356 3800 720 3855 benedicendo
750 3800 1007 3868 porrexit,
1039 3799 1420 3867 cicatricesque
1450 3816 1511 3855 ac
1542 3803 1756 3855 vulnera

175 3892 232 3944 in
266 3907 387 3946 vero
417 3908 639 3961 corpore
681 3903 1005 3953 ntimstrins,
1032 3891 1349 3960 discipulum
1393 3908 1550 3947 suum
1578 3894 1646 3945 ah
1678 3894 1758 3947 in-

173 3983 508 4037 credulitatis
548 3982 673 4035 vitio
721 3982 1076 4036 liberavitzin
1123 3998 1285 4036 carne
1323 3997 1445 4037 eum
1494 3986 1757 4038 veraciter

172 4071 563 4135 resnrrexisse,
594 4086 698 4125 non
726 4072 824 4124 nisi
869 4072 1282 4126 Manicbazorum
1310 4084 1362 4126 et
1393 4085 1566 4127 vesm
1609 4084 1756 4128 secta

176 4178 290 4217 non
322 4178 412 4216 rec
436 4171 528 4229 p.t.

757 4251 980 4306 CAPUT
1021 4252 1176 4307 LVII.

176 4365 283 4421 Ubi
309 4364 484 4417 dicunt
530 4362 726 4436 Filium
755 4366 805 4416 in
841 4367 992 4435 jussu
1021 4373 1069 4417 et
1098 4380 1215 4416 voce
1247 4365 1572 4436 archangeli,
1615 4375 1661 4419 et
1708 4367 1759 4420 in

531 4435 651 4487 tuba
678 4435 771 4488 Dei
799 4471 806 4485 .
832 4452 860 4488 c
883 4436 1004 4488 malo
1035 4437 1412 4488 descettsurum.

1865 3265 1994 3333 ginti
2020 3282 2247 3336 quatuor
2291 3272 2531 3326 seniores
2570 3274 2909 3342 procidentcs
2941 3290 3065 3332 ante
3095 3281 3277 3334 sedem
3308 3283 3437 3335 ado-

1866 3368 2117 3411 ravernnt
2148 3360 2410 3415 viventem
2460 3365 2511 3416 in
2543 3365 2736 3417 smcula
2768 3367 3085 3421 sanctilorum
3128 3371 3315 3442 (Apoc.
3348 3387 3398 3424 tv
3426 3410 3440 3434 ,

1871 3446 1977 3515 Μ).
2024 3448 2149 3502 Item
2200 3451 2317 3505 ibi:
2357 3452 2420 3506 Et
2445 3453 2548 3505 vidi
2583 3454 2746 3507 alium
2794 3457 3040 3524 angelum
3087 3462 3352 3515 volantem
3386 3463 3440 3516 in

1868 3538 2042 3591 medio
2092 3541 2270 3607 etelo,
2320 3542 2601 3598 habentem
2647 3546 2988 3615 Evangelium
3038 3560 3337 3616 teternnm,
3388 3563 3443 3607 ut

1866 3632 2253 3699 evattgeliearet
2284 3636 2646 3693 habitantibus
2668 3654 2829 3707 super
2855 3649 3072 3708 terram,
3098 3642 3283 3698 dicens
3309 3662 3439 3702 voce

1866 3735 2048 3789 magna
2078 3740 2090 3775 :
2134 3723 2341 3780 Timete
2384 3727 2548 3799 416
2587 3730 2775 3798 Deum,
2808 3742 2863 3785 et
2882 3732 3003 3787 date
3037 3736 3110 3790 illi
3141 3735 3440 3807 honorem,

1862 3818 1985 3885 quia
2016 3817 2157 3871 venit
2189 3819 2314 3873 hora
2342 3821 2527 3889 judicii
2574 3825 2732 3899 ejus‘,
2785 3824 3008 3883 adorato
3038 3843 3162 3883 eum
3192 3832 3280 3899 qui
3316 3834 3437 3893 l'ecit

1862 3907 2055 3961 cwlum
2087 3921 2140 3962 et
2180 3919 2413 3977 terram,
2474 3930 2621 3970 mare
2659 3891 2719 3971 οἶ
2739 3916 2912 3973 futiles
2940 3934 3195 3988 aquarum
3256 3924 3441 3994 (Apoc.

1862 4014 1971 4060 xrv,
1994 4001 2068 4067 6).
2100 4001 2163 4054 Et
2187 4004 2458 4072 iupsalmo
2485 4012 2880 4076 septuages‘mo
2907 4013 3081 4078 primo
3110 4012 3285 4083 (Vcrs.
3322 4016 3434 4084 Il).

1864 4088 1930 4141 Et
1958 4090 2255 4145 adorabunt
2294 4109 2417 4147 eum
2441 4111 2628 4149 omnes
2662 4098 2791 4151 lines
2815 4107 2971 4151 terra:
2995 4140 3008 4161 ,
3041 4115 3228 4155 omnes
3250 4117 3440 4171 gentes

1861 4181 2098 4234 servient
2123 4183 2192 4236 ei.
2229 4184 2293 4237 Et
2322 4186 2373 4237 in
2405 4188 2744 4255 sexagesimo
2773 4190 2957 4257 quinto
2991 4191 3166 4260 (Vera.
3196 4194 3281 4263 4):
3316 4199 3443 4248 Uni-

1862 4274 1944 4326 nis
1971 4283 2109 4327 terra
2140 4275 2326 4330 adoret
2360 4286 2432 4345 te,
2461 4288 2515 4332 et
2541 4279 2729 4347 psallat
2752 4282 2864 4335 tibi.
2900 4282 2967 4336 Et
2998 4284 3049 4337 in
3102 4286 3391 4356 Evangelia
3418 4306 3431 4342 :

1864 4362 2181 4418 Invenerunt
2230 4381 2448 4435 puerum
2479 4378 2533 4423 et
2560 4370 2777 4425 Mariam
2808 4381 3032 4427 matrem
3058 4376 3175 4443 ejus
3194 4417 3207 4439 ,
3234 4388 3286 4429 et
3315 4395 3437 4447 pro-

1863 4458 2103 4515 cidentes
2128 4460 2484 4517 adoraverunt
2508 4480 2628 4518 eum
2650 4464 2864 4535 (Matth.
2892 4482 2950 4532 tt,
2978 4468 3088 4537 Il).
3116 4471 3181 4524 Et
3204 4472 3431 4527 Esdras:

251 4576 308 4631 Si
339 4574 431 4629 libi
456 4573 749 4641 obiecerim
775 4573 903 4627 illud
936 4574 1075 4643 quod
1109 4573 1394 4643 Apostolus
1421 4574 1552 4629 dixi,
1581 4591 1596 4630 ς
1625 4576 1754 4631 Nam
1784 4533 1835 4595 Ῑ)
1862 4552 1938 4606 Tn
1964 4552 2217 4609 Dominus
2249 4556 2388 4611 Deus
2415 4558 2559 4611 solus
2593 4533 2680 4627 qui
2705 4558 2876 4615 fecisti
2909 4533 3125 4628 chu-m,
3150 4576 3205 4618 et
3238 4566 3432 4621 eat-lum

166 4667 291 4737 ipse
337 4664 586 4719 Dominus
636 4665 685 4717 in
719 4663 876 4732 jussu
923 4665 1247 4734 archangeli,
1283 4674 1335 4717 et
1387 4664 1438 4719 in
1489 4666 1609 4718 tuba
1660 4667 1754 4723 Dei

168 4758 467 4815 descendet
490 4757 555 4812 de
581 4757 719 4811 c-nlo
753 4755 804 4829 (Ι
838 4756 1012 4810 Tltcss.
1046 4772 1118 4823 tv,
1150 4756 1263 4825 15).

148 4854 157 4915 Ι
247 4849 552 4920 Responsio.
595 4848 896 4917 Aiquumne
946 4848 1097 4902 vobis
1142 4850 1348 4903 videtur
1393 4859 1448 4904 ut
1497 4851 1581 4904 cui
1626 4860 1750 4908 ante

170 4943 478 5013 passionem
509 4942 561 4995 in
592 4956 753 4997 carne
800 4940 975 4995 adhuc
1022 4942 1212 5009 posito,
1245 4942 1420 5012 angeli
1466 4946 1747 4999 servitium

166 5033 542 5101 reddiderunt,
566 5032 631 5087 de
654 5033 804 5087 etelis
828 5032 881 5087 in
900 5032 1153 5100 judicium
1175 5033 1416 5097 veniens,
1437 5033 1747 5104 angelorum

82 5131 87 5138 '
167 5127 397 5195 imperio
437 5124 828 5193 compellatur?
858 5123 1030 5189 Absit,
1060 5123 1176 5192 quia
1211 5125 1420 5193 propria
1451 5125 1625 5177 veniet
1655 5139 1750 5192 po-

166 5226 385 5278 testate.
420 5224 476 5270 ut
493 5215 652 5285 justis
695 5216 990 5284 prmmium’,
1020 5224 1075 5270 et
1106 5215 1335 5284 injustis,
1373 5230 1493 5270 cum
1536 5216 1748 5272 diabolo

165 5323 333 5378 quem
360 5308 527 5362 secuti
558 5316 707 5370 sunt,
738 5306 931 5361 tribuat
960 5316 1217 5362 aeternum
1263 5306 1599 5376 supplicium,
1633 5308 1748 5375 ipso

167 5398 221 5451 in
254 5397 543 5465 Evangelia
573 5406 899 5467 protestante
922 5414 935 5450 :
960 5395 1091 5451 Cum
1121 5397 1330 5452 venerit
1372 5397 1536 5451 Filius
1576 5398 1749 5452 homi-

165 5492 251 5544 nis
280 5488 444 5561 415
472 5490 522 5544 in
556 5491 833 5559 majestate
854 5505 970 5555 sua,
1003 5498 1127 5544 tunc
1156 5492 1329 5545 mittet
1358 5490 1576 5560 angelos
1598 5505 1745 5557 suos,

163 5587 220 5635 et
245 5580 497 5648 Colligent
520 5579 583 5633 die
612 5595 773 5649 riguo
804 5596 918 5644 e,ns
940 5579 1117 5633 omnia
1147 5580 1416 5642 scandala.
1448 5590 1502 5634 et
1532 5594 1625 5633 eos
1656 5580 1747 5649 qui

163 5680 456 5739 cperantur
488 5671 632 5739 iniqu
660 5684 839 5735 tatem,
861 5685 909 5726 et
938 5671 1111 5725 mittet
1132 5686 1224 5725 eos
1256 5671 1306 5724 in
1340 5672 1551 5726 camino
1575 5670 1741 5740 ignis:

167 5764 235 5817 ibi
269 5762 371 5817 erit
399 5762 551 5819 ﬂetus
573 5776 622 5819 et
651 5763 847 5817 stridor
878 5762 1112 5817 dentium
1143 5762 1352 5833 (llatt/t.
1382 5781 1494 5831 xm,
1528 5764 1643 5833 fil).
1679 5764 1745 5818 Et

1857 4643 2137 4710 calorum,
2169 4655 2219 4700 et
2250 4659 2437 4700 omnes
2486 4650 2710 4703 virtutes
2756 4663 2965 4723 eorum,
2990 4661 3208 4718 terram,
3231 4663 3286 4708 et
3314 4672 3435 4725 qua:

1855 4735 1911 4790 in
1938 4750 1999 4789 ea
2027 4772 2042 4799 ,
2071 4744 2124 4790 ct
2147 4752 2314 4804 mare,
2348 4750 2399 4793 et
2430 4756 2551 4809 qna:
2581 4741 2632 4794 in
2664 4756 2730 4795 co
2756 4751 2898 4805 sunt,
2927 4753 2980 4797 et
3006 4744 3286 4798 vivilicasd
3315 4760 3431 4799 om-

1855 4829 1963 4895 nia,
2000 4840 2053 4885 et
2081 4831 2305 4885 virtutes
2334 4833 2455 4887 caeli
2490 4843 2539 4886 te
2568 4834 2791 4888 adirent
2819 4833 2904 4905 (II
2934 4834 3090 4891 Eutr.
3122 4852 3196 4903 tx,
3221 4838 3297 4906 6).
3326 4838 3427 4904 Qui

1853 4920 1994 4974 enim
2023 4919 2273 4975 adorator
2295 4930 2353 4975 ut
2379 4922 2554 4987 Pater,
2588 4934 2640 4978 et
2660 4923 2841 4978 divino
2866 4927 3166 4979 cumulatur
3189 4924 3417 4991 honore,

1852 5010 1970 5080 quis
1995 5025 2116 5065 eum
2139 5010 2269 5065 dicit
2298 5012 2437 5066 Patri
2480 5015 2747 5084 cotequari
2774 5032 2877 5069 non
2908 5018 3107 5087 posse?

2441 5124 2666 5181 CAPUT
2705 5127 2839 5183 LIX.

2035 5211 2131 5266 Ubi
2170 5214 2342 5268 dicunt
2382 5214 2578 5270 Filium
2614 5218 2754 5272 Patri
2782 5221 2971 5289 gratias
2995 5223 3241 5277 retulisse.

1923 5303 1977 5360 Si
2007 5315 2182 5360 autem
2217 5309 2307 5361 tibi
2336 5308 2596 5365 dixerint:
2622 5312 2747 5366 Ideo
2775 5314 2947 5366 minor
2977 5325 3057 5367 est
3089 5315 3271 5379 Filius,
3296 5316 3421 5382 quia

1852 5396 1885 5461 ἰ,
1909 5411 1965 5449 δέ
1990 5398 2127 5451 I'atri
2159 5403 2358 5465 gratias
2380 5405 2554 5471 egissi:
2588 5404 2918 5472 perhibetur,
2951 5420 3044 5471 per
3072 5421 3229 5473 quem
3258 5406 3417 5459 disci-

1850 5487 1957 5555 puli
1983 5490 2181 5557 gratias
2212 5493 2529 5550 retulerunt.

1922 5582 2227 5649 Responsio.
2269 5587 2728 5654 Quemadmodum
2765 5587 2925 5639 Filius
2957 5586 3005 5637 in
3039 5593 3293 5657 assumpti
3326 5592 3419 5641 Im.

1850 5672 2008 5725 minis
2033 5673 2196 5728 lorma
2228 5692 2322 5743 pro
2352 5677 2504 5729 nobis
2529 5684 2724 5743 gratas
2757 5680 2885 5743 eg‘t,
2920 5676 2987 5725 ita
3016 5675 3168 5729 l’ater
3190 5678 3411 5733 οιΙοιϊυι

1850 5762 1968 5817 Filii
2008 5768 2085 5819 sui
2129 5776 2181 5818 et
2222 5781 2331 5818 sua:
2378 5766 2578 5819 notitia,-
2604 5769 2651 5817 in
2680 5766 2821 5817 ntuui
2857 5765 2972 5814 loco
3015 5779 3107 5829 per
3143 5772 3419 5833 apostolos
