3978 6380
535 338 632 394 591

1863 327 2082 388 γιςιιιι
2119 320 2488 387 TAPSENSIS
3694 334 3780 390 392

478 429 480 434 ’
531 449 878 502 innotescere
901 444 1048 512 lcclt,
1069 438 1240 498 Paulo
1262 441 1503 496 dicente:
1530 438 1738 493 Gratias
1754 440 1962 509 agimus
1984 440 2113 504 Deo,
2146 443 2197 503 Α
2223 456 2325 509 que
2351 439 2610 502 constitit,
2640 438 2834 508 quibus
2862 447 3018 491 terra:
3051 437 3289 507 partibus
3321 441 3496 508 potuit
3527 439 3579 494 in
3615 457 3776 510 regem

530 535 742 605 quinos
767 533 1098 600 triumphare
1129 531 1253 585 facit
1283 533 1334 584 in
1365 529 1599 594 Christo,
1625 536 1677 580 et
1717 528 1938 582 odorem
1970 530 2104 582 noti-

534 628 620 680 tia:
646 641 756 680 sua:
787 625 1089 680 manifestat
1113 640 1207 692 per
1235 639 1330 676 nos
1362 623 1413 676 in
1437 623 1579 675 omni
1611 623 1749 686 loco,
1776 621 1899 692 quia
1924 623 2100 676 bonus

531 719 667 773 odor
702 719 902 774 Christi
934 731 1117 771 sumus
1143 717 1194 769 in
1238 715 1318 768 his
1342 715 1430 782 qui
1455 714 1590 768 salvi
1639 714 1804 779 ﬁunt,
1837 723 1891 768 et
1930 715 1981 766 in
2025 713 2108 766 his

530 813 620 882 qui
646 821 866 881 pereunt
896 809 977 878 (Il
1013 809 1131 862 Cor.
1177 825 1232 871 it,
1279 810 1388 875 14).
1431 806 1562 860 Nam
1592 807 1729 875 quod
1760 823 1862 860 una
1891 806 2107 859 cadent-

530 918 634 970 que
659 903 728 954 sit
755 901 922 970 gratia
964 899 1135 952 Patris
1161 909 1216 951 et
1247 897 1388 960 Filii,
1419 912 1511 964 per
1543 911 1700 964 quam
1728 911 1822 949 nos
1851 895 2106 948 liberatos

529 1007 649 1047 esse
671 991 808 1044 idem
827 989 1295 1056 docetApostolus,
1317 988 1417 1042 hoc
1441 986 1598 1040 modo
1624 987 1876 1048 insinuat,
1892 987 2104 1039 dicens:

527 1084 724 1136 Omnes
747 1082 889 1135 enim
919 1085 1294 1147 peccaverunt,
1327 1088 1380 1132 et
1411 1087 1567 1145 egent
1593 1076 1761 1145 gloria
1788 1075 1917 1139 Dei,
1949 1075 2105 1143 justi-

534 1172 670 1226 licati
699 1172 865 1240 gratis
910 1185 1006 1238 per
1051 1171 1276 1237 gratiam
1308 1168 1505 1235 ipsius,
1538 1183 1633 1236 per
1683 1167 2104 1234 redemptionem

524 1278 642 1332 qua:
675 1273 755 1315 est
795 1263 846 1312 in
880 1261 1096 1314 Christo
1134 1259 1260 1312 Jesu
1291 1259 1467 1327 (Rom.
1500 1273 1554 1310 iii
1577 1299 1588 1320 ,
1622 1256 1736 1328 25).
1775 1256 1838 1310 Et
1871 1258 2060 1310 iterum
2089 1272 2102 1310 :

522 1353 576 1408 Si
607 1354 745 1407 enini
777 1353 845 1405 tib
875 1352 1029 1404 unius
1058 1350 1310 1404 delictum
1346 1349 1493 1402 inulti
1526 1350 1718 1402 morini
1753 1357 1908 1411 sunt,
1937 1349 2106 1399 inulto

521 1446 686 1513 magis
715 1447 879 1512 gratia
929 1443 1044 1505 Dei,
1075 1452 1128 1495 et
1159 1441 1356 1495 donum
1390 1443 1440 1494 in
1483 1441 1656 1509 gratia
1689 1441 1846 1492 unius
1873 1440 2105 1492 hominis

520 1533 643 1587 Jesu
689 1533 885 1586 Christi
934 1532 1114 1584 mntis
1144 1530 1443 1583 abundavit
1472 1532 1650 1602 (Rom.
1683 1546 1736 1593 v,
1766 1530 1877 1596 15).
1917 1532 1979 1582 l-Zt
2010 1531 2105 1583 ite—

520 1638 670 1677 rum:
700 1624 1034 1691 Stipendium
1066 1624 1268 1691 peccati
1296 1637 1458 1686 mors,
1485 1624 1650 1690 gratia
1677 1631 1854 1674 autem
1888 1622 1976 1673 Dei
1997 1622 2102 1674 vita

522 1725 722 1768 wteriia
747 1715 799 1767 in
823 1714 1034 1766 Christo
1062 1714 1187 1766 .Icsu
1224 1713 1446 1764 Domino
1475 1723 1655 1765 nostro
1683 1713 1856 1779 (Rom.
1886 1727 1958 1771 γι,
1981 1711 2095 1776 ‘25).

2216 530 2464 583 constitui
2493 530 2581 598 qui
2605 530 2764 591 cmio,
2782 537 2957 593 terrae,
2984 529 3192 598 ahyssis
3217 530 3538 584 naturaliter
3561 533 3778 585 noscitur

2211 621 2474 675 dominari
2503 621 2526 673 ἲ

2805 687 3030 743 CAPUT
3072 689 3204 742 LXI.

2251 803 2348 858 Ubi
2376 804 2549 856 dicunt
2582 803 2774 859 Filium
2804 805 3098 869 inferiorem
3130 803 3288 856 Patre
3316 821 3422 858 esse
3454 816 3498 859 et’
3533 809 3746 873 potentia

2853 883 2900 925 ει
2937 888 3142 925 natura.

2282 987 2336 1042 Si
2367 1001 2492 1040 vero
2521 987 2760 1040 dixerint
2785 984 2852 1040 de
2885 986 3041 1050 Filio,
3069 988 3162 1054 qui
3190 988 3331 1040 sicut
3353 987 3581 1040 inferior
3601 1000 3680 1043 est
3703 1009 3780 1044 na-

2211 1089 2346 1154 tura,
2376 1079 2444 1130 ita
2477 1077 2695 1129 inferior
2719 1086 2801 1130 est
2823 1085 2876 1129 et
2903 1077 3160 1144 potentia.

2281 1168 2585 1236 Responsio.
2624 1167 2848 1220 Inferior
2872 1177 3081 1230 natura,
3113 1182 3140 1218 a
3173 1167 3328 1220 Patre
3361 1165 3532 1222 Filius
3561 1184 3665 1222 non
3687 1181 3775 1232 est,

2207 1257 2330 1320 quia
2357 1259 2494 1310 Dens
2525 1259 2593 1310 de
2626 1257 2753 1318 Deo,
2785 1272 2847 1308 ac
2882 1256 3151 1324 perlectus
3177 1256 3243 1308 de
3272 1256 3539 1324 perfecto,
3569 1268 3624 1309 et
3653 1270 3775 1311 totus

2207 1351 2274 1405 de
2298 1360 2405 1403 toto
2434 1349 2598 1402 Filius
2630 1358 2782 1401 natus
2825 1358 2927 1412 est,
2958 1363 3064 1401 nozi
3100 1347 3382 1416 inaequalis
3407 1351 3626 1416 genitus
3653 1364 3680 1400 a
3707 1353 3771 1418 gi-

2207 1452 2400 1510 gnente
2446 1441 2737 1508 processit,
2765 1438 2858 1491 sed
2885 1439 3175 1507 comqualis
3220 1450 3442 1505 prorsus
3474 1441 3544 1491 de
3571 1451 3774 1507 paterno

2209 1543 2358 1586 utero
2383 1541 2537 1584 natus
2565 1531 2749 1593 exivit,
2774 1540 2828 1583 ut
2857 1536 2911 1583 et
2943 1539 3180 1597 paternae
3208 1532 3541 1599 aequalitatis
3563 1532 3772 1598 plenitu.

2205 1624 2380 1677 dinem
2415 1621 2730 1690 possideret,
2758 1630 2812 1674 et
2834 1621 3177 1675 nihilominus
3197 1624 3264 1674 ab
3279 1622 3651 1690 omnipotente
3672 1641 3774 1673 οιιι·

2207 1716 2560 1784 nipotentiam
2607 1714 2896 1778 obtineret,
2923 1715 3165 1782 apostolo
3200 1715 3368 1768 Paulo
3417 1727 3772 1784 protestante:

525 1809 590 1861 Et
613 1809 836 1861 iterum:
884 1807 1044 1859 Misi-r
1065 1819 1164 1873 ego
1194 1807 1374 1871 homo,
1405 1806 1524 1872 quis
1553 1818 1635 1857 me
1661 1802 1820 1872 417
1849 1803 2102 1856 liberabit
2141 1803 2180 1860 Β
2211 1812 2306 1876 Qui
2333 1824 2451 1863 cuni
2487 1810 2538 1862 iii
2571 1810 2736 1863 forma
2773 1809 2866 1863 Dei
2917 1823 3056 1862 esset
3089 1812 3413 1864 constitutus
3437 1851 3452 1875 ,
3511 1829 3616 1864 non
3649 1815 3774 1880 rapi-

521 1899 588 1952 de
610 1912 837 1964 corpore
863 1895 1052 1948 mortis
1083 1894 1281 1962 hujus?
1312 1894 1490 1947 Gratia
1509 1893 1598 1946 Dei
1630 1909 1724 1960 per
1747 1893 1926 1945 .lcsum
1954 1891 2103 1960 Chri-

521 1997 663 2042 stum
695 1987 977 2039 Doiiiinuiii
1011 1994 1250 2046 nostrum
1277 1983 1455 2053 (Rom.
1485 2000 1576 2048 vti,
1607 1983 1701 2050 2i,
1733 1983 1851 2050 25).
1885 1983 2014 2036 Nam
2049 1992 2105 2036 et

522 2079 699 2144 Patri,
731 2087 960 2145 excepto
1009 2079 1222 2130 nomine
1256 2076 1398 2137 Filii,
1443 2076 1689 2144 discipuli
1729 2090 2104 2142 smpenumero

525 2169 722 2239 gratias
744 2167 1053 2220 retulerunt.
1085 2166 1137 2220 Si
1166 2165 1598 2236 prosecutionem
1632 2176 1870 2220 nostrain
1897 2182 1923 2217 :i
1950 2163 2102 2221 nobis

525 2259 769 2328 superius
799 2273 892 2327 pro
935 2257 1036 2310 hac
1071 2272 1126 2309 re
1155 2258 1416 2326 prolatam
1447 2259 1790 2312 considerare
1820 2258 2054 2311 Volueris
2085 2297 2098 2321 ,

524 2352 642 2406 sine
667 2350 842 2419 aliqua
871 2349 1212 2418 ambiguitate
1240 2362 1523 2417 agnosces.

1120 2460 1345 2515 CAPUT
1385 2461 1497 2516 LX.

701 2554 797 2608 L-"bi
827 2554 998 2607 dicunt
1051 2551 1243 2606 Filium
1273 2553 1324 2604 in
1358 2552 1484 2606 Sion
1517 2559 1682 2606 monte
1706 2569 1737 2606 α
1769 2552 1924 2608 Patre

1035 2640 1206 2692 regem
1243 2624 1594 2676 Constitutum.

589 2735 645 2790 Si
692 2735 786 2788 tibi
832 2735 1180 2803 apposuerint
1223 2735 1364 2804 quod
1425 2750 1520 2815 per
1578 2737 1890 2804 prophetam
1935 2735 2100 2788 Filius

521 2828 755 2882 dixerit:
792 2827 901 2898 Ego
927 2838 1104 2881 autem
1133 2829 1460 2882 constitutus
1485 2844 1602 2882 sum
1631 2845 1720 2882 rex
1754 2830 1819 2882 ab
1848 2843 1914 2883 eo
1937 2844 2101 2897 super

520 2919 647 2974 Sion
679 2926 912 2973 niontetu
945 2929 1187 2972 sanctum
1217 2921 1331 2987 ejus
1359 2919 1529 2990 (Paul.
1563 2935 1621 2985 ιι,
1664 2920 1744 2990 6).

590 3009 889 3077 Ιέεδροηςίο.
923 3007 1092 3062 Filius
1123 3010 1176 3062 in
1207 3011 1308 3062 hoc
1338 3011 1478 3080 quod
1532 3011 1756 3065 Verbum
1788 3011 1962 3064 Patris
1989 3017 2093 3075 est,

515 3111 568 3155 et
601 3102 741 3155 Deus
770 3117 994 3155 manens
1021 3102 1073 3154 in
1104 3101 1214 3155 Deo
1246 3111 1353 3165 est,
1403 3103 1716 3156 naturaliter
1761 3119 1881 3155 cuni
1943 3101 2096 3154 Patre

2208 1915 2328 1954 nam
2359 1902 2646 1954 arbitratus
2677 1911 2757 1953 est
2783 1914 2902 1954 esse
2931 1915 2990 1954 se
3013 1903 3270 1970 aequalem
3301 1904 3430 1966 Deo,
3465 1904 3561 1956 sed
3591 1915 3770 1956 semet

2209 1997 2378 2063 ipsum
2409 1993 2726 2058 exinanivit,
2783 1993 3007 2046 fortnam
3058 1995 3202 2046 servi
3248 1995 3524 2062 accipietis
3555 1994 3764 2063 (Philip.

2207 2099 2266 2149 ii,
2296 2084 2373 2154 li).
2408 2084 2536 2138 Nam
2570 2093 2624 2138 et
2651 2084 3076 2152 omnipotentem
3109 2100 3228 2137 eum
3257 2099 3379 2138 esse
3403 2095 3464 2138 ut
3501 2086 3652 2138 Pater
3683 2096 3770 2146 est,

2205 2183 2318 2230 non'
2338 2177 2582 2232 human-.c
2609 2177 2880 2244 sapientia:
2911 2176 3107 2236 verbis,
3141 2176 3234 2229 sed
3265 2176 3460 2229 divinis
3485 2180 3761 2229 astruimus

2205 2270 2569 2335 dueumentis,
2618 2269 2879 2322 Zacliaria
2913 2267 3172 2337 pmpheta
3212 2267 3464 2322 dicente:
3511 2269 3634 2320 llaic
3661 2271 3774 2320 dicit

2207 2361 2460 2416 Dominus
2514 2361 2890 2428 omnipotens:
2940 2359 3065 2412 Pest
3113 2359 3374 2412 honorem
3427 2361 3579 2411 misit
3612 2376 3692 2412 me
3719 2365 3768 2410 ad

2203 2461 2388 2522 gentes
2420 2466 2537 2520 qua:
2565 2466 2658 2503 vos
2677 2451 3066 2518 prtedaverunt,
3108 2451 3359 2518 quoniam
3377 2449 3468 2519 qui
3500 2451 3669 2520 tangit
3695 2469 3770 2504 vos

2203 2543 2341 2595 sicut
2385 2542 2471 2610 qui
2513 2542 2679 2611 tangit
2720 2541 2970 2610 pupillam
2999 2541 3139 2596 oculi
3173 2539 3290 2610 ejus
3319 2558 3330 2593 :
3365 2545 3620 2608 quoniam
3656 2559 3768 2596 cere

2203 2647 2302 2700 ego
2333 2632 2510 2700 injiciu
2561 2644 2773 2686 manum
2806 2647 2970 2701 super
2999 2647 3094 2685 eos
3133 2633 3220 2701 qui
3255 2633 3635 2701 prmdavetunt
3661 2651 3768 2695 vos,

2207 2735 2262 2779 et
2283 2735 2442 2778 erunt
2474 2725 2523 2776 in
2569 2725 2806 2792 prtedam
2839 2724 2927 2793 qui
2958 2724 3334 2792 pracdaverunt
3364 2740 3490 2788 vos;
3523 2734 3580 2778 et
3621 2729 3770 2778 scierit

2203 2815 2322 2884 quia
2359 2815 2610 2868 Dominus
2643 2815 2780 2868 Deus
2811 2817 3156 2884 omnipotens
3188 2815 3331 2869 misit
3364 2832 3450 2870 nie
3484 2816 3673 2888 (Zacli.
3708 2833 3768 2876 ιι,

2203 2907 2260 2974 8)
2326 2905 2462 2958 Ecce
2488 2905 2556 2957 ab
2591 2904 2962 2973 omnipotente
2994 2906 3331 2974 omnipotens
3365 2909 3620 2960 mittitur.
3660 2909 3769 2972 Qua:

2203 2997 2340 3048 intra
2373 2997 2667 3049 mittentem
2687 3004 2742 3048 et
2771 2995 2991 3048 missum
3026 2996 3355 3064 inthualitas
3379 2997 3769 3066 comprobatur?

2202 3086 2307 3142 Sed
2358 3086 2402 3140 si
2454 3087 2566 3139 huic
2593 3087 2908 3154 insipientia:
2947 3097 3050 3139 tua:
3091 3086 3266 3140 adhuc
3297 3101 3457 3156 parva
3503 3088 3766 3149 videntur,

517 3194 665 3262 regni
697 3193 902 3247 obtinet
932 3191 1298 3246 dominatum:
1335 3193 1387 3245 In
1431 3208 1494 3246 eo
1526 3209 1652 3245 vero
1683 3195 1820 3261 quod
1863 3193 2093 3247 Verbum

2207 3180 2636 3248 Ulltltipoti‘ltlittln
2679 3179 2792 3246 ejus
2838 3181 2923 3248 qui
2958 3179 3150 3232 missus
3188 3189 3271 3233 est
3300 3195 3366 3234 ex
3409 3181 3768 3248 subsequenti-

518 3300 644 3338 caro
673 3289 868 3339 factum
899 3293 980 3338 est
1010 3295 1062 3338 ct
1091 3285 1352 3337 habitavit
1376 3284 1427 3338 in
1459 3285 1632 3350 nobis,
1663 3295 1716 3338 et
1742 3301 1915 3353 regem
1948 3287 2095 3340 illum

521 3380 743 3448 legimus
770 3381 1117 3434 constitutum
1137 3423 1149 3445 ,
1197 3390 1247 3431 et
1279 3379 1437 3448 paulo
1466 3379 1640 3432 minus
1669 3379 1736 3430 ab
1762 3379 1967 3448 angelis
1999 3381 2096 3432 iiii—

519 3470 1079 3536 iioratnm,Psalinista
1109 3468 1507 3535 dicentezQuid
1534 3480 1613 3522 est
1639 3469 1798 3522 homo
1819 3471 1957 3538 quod
1985 3485 2090 3523 ine-

514 3577 630 3614 mor
659 3574 718 3614 es
747 3561 883 3630 ejus,
905 3571 992 3614 aut
1021 3559 1184 3613 Filius
1217 3561 1447 3614 hominis
1473 3563 1722 3630 quoniam
1750 3562 2094 3615 visitaseuiii?

515 3655 746 3708 Miniiisti
776 3655 1135 3722 pauloiiiinus
1161 3655 1226 3705 ab
1248 3655 1471 3722 angelis,
1499 3655 1666 3720 gloria
1696 3666 1742 3707 et
1773 3656 1974 3708 honore
2003 3673 2093 3709 co-

514 3745 711 3796 ronasti
740 3758 881 3805 eum,
899 3757 949 3796 et
976 3745 1296 3797 constituisti
1321 3761 1442 3797 cuin
1470 3761 1629 3812 super
1656 3761 1815 3813 Opera
1843 3764 2089 3800 manuum

515 3841 722 3884 tuarum
764 3831 936 3899 (Psal.
970 3849 1078 3896 \‘ltl,
1104 3835 1154 3894 5,
1186 3835 1265 3899 7).
1297 3833 1350 3885 Si
1381 3834 1523 3886 enim
1558 3849 1704 3886 reeto
1729 3835 2092 3902 intelligentia:

513 3937 678 3975 sensu
710 3923 983 3990 evangelic
1004 3939 1046 3975 is
1083 3923 1386 3990 Strriptiiras
1417 3924 1694 3986 scruteris,
1729 3924 1967 3977 invenirs
2000 3924 2088 3978 Fi-

521 4014 648 4066 liuin
672 4029 699 4066 a
731 4013 886 4068 Patre
921 4030 1098 4083 regem
1116 4014 1579 4067 iionconstitutuiu
1594 4029 1734 4077 esse,
1762 4015 1852 4067 sed
1882 4023 2086 4081 natuin,

512 4107 850 4178 Evangelista
877 4109 1116 4162 dicetne:
1151 4108 1283 4162 Cum
1311 4122 1440 4176 ergo
1484 4116 1637 4160 natus
1665 4117 1811 4162 esset
1848 4107 2004 4161 Jesus
2037 4111 2085 4160 in

511 4203 778 4257 Bethleem
834 4201 1003 4263 .lndai.
1053 4203 1104 4256 iii
1163 4202 1378 4254 civitate
1434 4199 1619 4264 David,
1666 4215 1793 4254 ecce
1834 4201 1970 4270 magi
2020 4203 2087 4254 ab

508 4293 724 4346 Oriente
750 4304 1009 4347 venerunt
1029 4293 1414 4362 Jertisolymatn
1440 4293 1707 4346 dicentes:
1744 4291 1840 4346 Ubi
1869 4303 1971 4357 est,
1998 4294 2084 4362 qui

511 4395 664 4436 natus
690 4393 774 4437 est
799 4399 889 4436 rex
931 4383 1237 4436 .ludmnrum
1269 4382 1482 4450 (Matth.
1508 4401 1566 4448 ιι,
1593 4387 1642 4450 l,
1672 4383 1764 4454 ψ
1793 4373 2002 4437 Etcum
2035 4385 2082 4438 ei

513 4470 715 4523 Pilatus
735 4472 964 4524 diceret:
995 4471 1072 4524 Tti
1097 4468 1270 4525 es'rex
1297 4471 1638 4526 .liidaeoruin?
1665 4476 2077 4544 ltespoiiditilli:

514 4568 570 4620 In
601 4569 699 4620 huc
715 4577 867 4619 natus
889 4583 1026 4620 sum.
1045 4567 1131 4630 Et,
1158 4567 1395 4636 Regnum
1427 4583 1602 4620 incum
1621 4573 1662 4622 si
1687 4571 1752 4623 de
1769 4572 1868 4624 hoc
1887 4571 2085 4624 mundo

510 4667 683 4723 esset,
715 4658 938 4711 ministri
981 4659 1082 4712 tnei
1109 4667 1379 4712 certarent
1408 4674 1501 4727 pro
1533 4672 1638 4724 ine,
1671 4676 1738 4712 ne
1758 4660 1957 4714 .liidaiis
1985 4670 2089 4715 tra-

510 4749 668 4803 derer
699 4747 874 4819 (Joan.
918 4765 1063 4814 xvui,
1097 4750 1186 4815 56,
1210 4751 1323 4818 57).
1355 4750 1485 4803 Nam
1507 4792 1522 4816 ,
1556 4751 1695 4804 sicut
1718 4766 1814 4803 vos
1837 4753 2087 4805 concedi-

513 4841 580 4894 tis
601 4881 614 4906 ,
660 4850 783 4896 tunc
826 4840 992 4895 Filius
1021 4846 1070 4895 in
1099 4851 1269 4897 morte
1302 4845 1449 4911 regni
1480 4844 1705 4907 adeptus
1746 4855 1826 4898 est
1858 4855 2091 4912 potesta-

513 4943 648 4988 tem:
677 4949 804 5004 ergo
830 4945 1111 5004 antequam
1175 4952 1267 4992 rex
1304 4937 1491 4994 fuisset
1519 4957 1546 4993 a
1585 4941 1738 4996 l‘atre
1771 4941 1936 4997 Filius
1959 4958 2092 4998 con-

509 5027 755 5091 stitutus,
788 5027 990 5081 nullam
1040 5028 1092 5082 in
1124 5029 1242 5083 sinu
1295 5029 1467 5084 Patris
1513 5034 1907 5087 commiinimiis
1934 5037 2081 5103 regni

509 5116 693 5172 habuit
717 5116 1050 5189 dignitatem.
1104 5118 1162 5174 Si
1212 5123 1280 5174 ita
1329 5130 1441 5186 est,
1472 5123 1925 5190 quemadmodum
1959 5140 2084 5195 pm-

509 5208 663 5277 pheta
689 5224 866 5279 regem
890 5209 1036 5262 illum
1050 5219 1176 5265 ante
1197 5210 1390 5265 saicula
1419 5211 1583 5275 fuisse
1608 5212 1904 5282 signiﬁcat,
1923 5231 2086 5283 (λιιι-ιιι

505 5299 761 5353 εοιιθιηὶιι
789 5298 968 5353 medio
987 5308 1141 5353 terra:
1169 5298 1332 5370 418
1353 5313 1695 5370 ορειξιιιιιιιιιι
1713 5317 1836 5359 esse
1857 5305 2084 5360 incarne

507 5407 740 5462 praesaga
787 5383 1166 5448 Vaticiiiaiione
1206 5395 1552 5463 pronuntiat:
1591 5397 1728 5450 Deus
1760 5408 1938 5452 autem
1988 5415 2081 5452 rex

507 5494 708 5547 noster,
751 5484 942 5554 inquit,
975 5494 1225 5554 operatus
1254 5494 1336 5540 est
1375 5485 1604 5541 salutem
1637 5487 1689 5540 in
1721 5488 1898 5542 medio
1927 5499 2082 5544 teme

514 5574 682 5641 (Ριιιι.
722 5593 906 5643 uiuit,
930 5578 1051 5647 iii)?
1081 5578 1176 5632 llic
1201 5579 1343 5641 enim
1375 5593 1403 5632 a
1431 5578 1540 5633 Deo
1569 5579 1728 5633 Patre
1751 5593 1845 5632 rex
1879 5583 2084 5634 consti-

508 5674 652 5718 tutus
679 5676 788 5732 est,
815 5671 902 5736 qui
932 5685 1052 5722 cum
1083 5671 1220 5729 Deus
1269 5682 1437 5736 esset,
1472 5671 1633 5724 homo
1685 5685 1781 5739 pro
1829 5672 1982 5725 nobis
2011 5687 2075 5726 ex

511 5756 725 5825 Virgine
755 5762 894 5817 nasci
939 5763 1182 5832 dignatus
1212 5774 1323 5819 est:
1357 5779 1475 5818 nam
1508 5764 1596 5830 qui
1628 5778 1749 5816 cum
1779 5762 1937 5816 Patre
1966 5764 2080 5818 ubi-

2204 3271 2301 3326 bus
2323 3272 2468 3326 disee
2490 3313 2504 3334 ,
2535 3288 2650 3340 qua:
2689 3286 2828 3324 nunc
2861 3271 2990 3323 tiiilii
3032 3269 3228 3323 videris
3257 3271 3532 3339 ignorare,
3564 3275 3764 3338 Apoca-

2203 3362 2336 3432 lypsi
2383 3364 2620 3416 dicente:
2655 3363 2765 3429 Ego
2799 3385 2830 3415 α
2859 3377 2976 3413 sum
3006 3369 3059 3413 et
3089 3384 3126 3412 ω
3148 3404 3160 3428 ,
3209 3360 3338 3414 dicit
3389 3360 3650 3414 Dominus
3691 3362 3766 3428 qui

2201 3463 2334 3519 erat,
2363 3463 2413 3506 ct
2455 3454 2542 3521 qni
2571 3464 2672 3515 est,
2708 3462 2761 3506 et
2808 3451 2970 3522 419
3000 3450 3088 3520 qui
3113 3461 3371 3503 venturus
3398 3463 3483 3504 est
3529 3453 3764 3520 omnipo-

2203 3555 2318 3598 tens
2345 3545 2530 3611 (Apoc.
2562 3560 2597 3609 ι,
2633 3546 2709 3610 8).
2749 3544 2812 3596 Et
2840 3543 3066 3595 Davidin
3087 3543 3348 3596 Psalmis:
3381 3542 3543 3595 Posui
3567 3544 3766 3611 adjuto-

2201 3635 2334 3687 rium
2383 3650 2543 3702 super
2577 3643 2847 3702 potentem
2889 3631 3060 3701 (Psal.
3111 3645 3380 3696 Lxxxviit,
3412 3632 3533 3694 20).
3579 3633 3645 3685 Et
3677 3634 3761 3685 i‘e-

2199 3742 2350 3780 rum:
2388 3726 2579 3779 Potens
2615 3739 2695 3785 es,
2732 3724 2770 3776 D
2797 3724 2971 3786 uininc,
3006 3732 3062 3775 et
3091 3721 3286 3774 veritas
3317 3731 3402 3774 tua
3451 3721 3505 3774 in
3551 3723 3761 3776 circuitu

2199 3828 2287 3872 tuo
2329 3816 2514 3889 (lbid.,
2563 3814 2640 3886 9).
2695 3816 2873 3882 itaque
2932 3828 3070 3866 nunc
3110 3814 3394 3877 Convenit,
3431 3822 3488 3864 ut
3522 3820 3758 3875 tanquam

2199 3923 2390 3974 pravus
2412 3907 2598 3961 doctor
2621 3909 2869 3958 ostendas
2891 3921 3006 3972 qua:
3025 3905 3074 3957 in
3104 3904 3496 3970 uiniiipoteniia
3526 3903 3693 3955 Patris
3713 3914 3760 3953 et

2199 3997 2315 4051 Filii
2349 3999 2514 4066 possit
2536 4012 2657 4050 esse
2686 3995 2959 4050 distantia.

2777 4106 2998 4162 C.\PUT
3041 4107 3194 4160 Lle.

2267 4219 2364 4275 Ubi
2394 4221 2573 4273 dicunt
2599 4237 2614 4272 :
2637 4220 2869 4272 Jubeiitis
2899 4230 2944 4272 et
2965 4221 3190 4288 facientis
3220 4230 3440 4287 potestas
3471 4235 3573 4270 una
3605 4234 3698 4268 non

2819 4301 2980 4358 potest
3012 4307 3132 4342 esse.

2261 4405 2317 4457 Si
2341 4412 2516 4456 autem
2553 4402 2644 4456 tibi
2669 4402 3074 4455 solita.v.iiiitate
3097 4401 3332 4453 dixerint
3361 4401 3578 4454 Patrem
3606 4411 3656 4454 et
3684 4400 3761 4452 Fi-

2193 4497 2319 4549 lium
2354 4511 2512 4548 unum
2540 4488 2661 4548 esSe
2688 4509 2791 4546 non
2822 4507 2976 4560 posse
2998 4535 3012 4558 ,
3039 4493 3160 4561 quia
3183 4491 3420 4560 jubentis
3442 4501 3498 4545 et
3537 4491 3765 4544 facientis

2203 4596 2435 4656 potestas
2457 4601 2556 4638 una
2587 4599 2690 4638 non
2723 4592 2896 4652 potest
2921 4599 3059 4636 esse.

2214 4697 2216 4700 ν
2275 4675 2570 4743 Responsio.
2597 4675 2875 4742 Nunquam
2909 4675 3066 4739 plane
3095 4687 3190 4725 nos
3209 4671 3388 4740 aliquo
3417 4671 3616 4723 divina:
3630 4671 3765 4724 Scri-

2203 4775 2370 4831 ptura:
2408 4764 2524 4818 loco
2554 4766 2777 4838 legimus
2810 4766 3018 4818 Patrem
3061 4763 3258 4816 dixisse
3291 4763 3463 4815 Filio:
3498 4762 3602 4815 Fac
3630 4770 3762 4830 quini

2201 4858 2293 4912 tibi
2313 4858 2472 4928 jubeo
2492 4857 2571 4911 vel
2601 4856 2875 4926 pra-cipio,
2891 4853 3194 4922 utjubentis
3206 4853 3580 4906 auctoritatem
3595 4864 3766 4904 osten-

2202 4947 2382 5004 deret:
2413 4948 2494 5000 vel
2536 4947 2729 5001 Filium
2763 4945 3141 5015 respondisse:
3179 4941 3360 5007 Facio,
3397 4951 3455 4992 ut
3491 4943 3767 5009 obtempec

2193 5039 2359 5093 rantis
2378 5038 2460 5092 vel
2492 5036 2733 5091 facientis
2747 5050 3028 5105 personam
3046 5032 3398 5087 nihilominus
3424 5035 3766 5100 approbaret.

2191 5128 2293 5184 Sed
2316 5131 2566 5198 quoniam
2581 5131 2780 5198 smpius
2802 5129 2901 5182 ista
2921 5124 3272 5197 proponendo
3300 5124 3484 5177 minus
3514 5123 3764 5192 pudorem

2191 5224 2583 5289 cognoscimus,
2627 5236 2746 5290 qua:
2798 5235 2896 5274 nos
2930 5219 3040 5287 jam
3071 5215 3346 5283 'superius
3399 5214 3469 5267 de
3501 5211 3766 5267 communi
3814 5259 3823 5270 ,

2191 5323 2351 5379 opera
2384 5309 2556 5363 Patris
2579 5319 2630 5363 et
2652 5308 2768 5362 Filii
2810 5323 2914 5362 non
2948 5321 3111 5376 pauca
3152 5305 3358 5357 dixisse
3387 5301 3728 5356 meminimus
3749 5339 3763 5360 ,

2192 5417 2253 5457 ea
2283 5418 2422 5457 nunc
2445 5403 2634 5456 iterum
2659 5402 2874 5455 insnlsis
2889 5399 3156 5454 memibus
3180 5398 3285 5451 tuis
3319 5395 3566 5464 cogiinzzr
3599 5394 3767 5446 incul-

2189 5509 2332 5559 care,
2361 5510 2482 5565 qnae
2531 5495 2678 5563 quasi
2729 5493 2955 5560 sapienti
2997 5489 3405 5546 credideramus
3426 5487 3595 5542 semel
3623 5483 3764 5537 dicta

2191 5601 2344 5654 posse
2389 5584 2673 5638 sullicerc:
2720 5583 2973 5638 Ausculta
3025 5581 3208 5650 igitur,
3241 5587 3294 5632 et
3323 5591 3588 5647 agnosces
3631 5589 3772 5640 quo-

2188 5674 2324 5727 niam
2357 5687 2492 5742 opns
2517 5674 2710 5740 Patris,
2754 5681 2835 5729 est
2865 5673 3018 5737 Filii,
3049 5671 3171 5741 quia
3202 5683 3376 5738 neque
3407 5667 3614 5720 Patrem
3639 5665 3764 5716 sine

2189 5763 2340 5830 Filio,
2398 5778 2569 5831 neque
2617 5762 2808 5818 Filium
2861 5762 2978 5818 sine
3009 5762 3166 5817 Patre
3214 5759 3502 5827 quidquam
3537 5754 3764 5824 legimus
