3978 6380
576 373 678 432 595

1895 375 2113 430 \‘IGILII
2156 374 2239 428 ΤΛ
2251 375 2518 431 PSENSIS
3716 380 3806 438 306

575 489 714 542 visse
738 492 1143 552 menstrarctur,
1184 485 1302 554 ipso
1339 485 1476 538 Filio
1507 485 1555 537 in
1588 483 1846 553 propheta
1874 485 2081 539 dicente
2115 501 2130 540 ι
2166 491 2212 545 Α
2243 489 2405 542 Paulo
2432 489 2673 557 apostolo
2701 497 2807 543 attc
2840 497 2984 544 tante
3015 509 3028 544 :
3055 491 3109 545 In
3137 492 3324 546 diebus
3353 493 3533 550 carnis
3561 507 3700 560 sure,
3736 497 3804 549 in.

577 577 677 645 Qui
711 576 892 646 genuit
921 590 1007 629 me
1033 615 1047 640 ,
1079 575 1338 644 requievit
1367 575 1419 629 in
1450 574 1789 628 tabernaculo
1810 591 1929 629 meo
1955 573 2145 643 (Eccli.

581 669 672 734 24,
709 668 819 737 12).
853 667 918 720 Ει
940 671 992 720 in
1019 667 1306 736 Evangelio
1335 682 1348 717 :
1375 666 1530 719 Pater
1553 665 1606 719 in
1654 680 1740 719 me
1780 680 1999 719 manens
2027 665 2152 719 facit

581 778 740 833 opera
785 762 901 816 hinc
941 760 1120 832 (Joan.
1156 777 1267 825 xiv,
1304 760 1413 829 l0).
1451 759 1515 813 Et
1562 775 1576 813 :
1629 759 1792 812 Deum
1838 773 1993 814 nemo
2021 757 2150 811 vidit

582 870 808 924 unquam
849 855 947 908 nisi
977 854 1276 922 unigenitus
1308 852 1473 906 Filius
1510 851 1598 918 qui
1627 860 1702 905 est
1737 851 1788 905 in
1833 853 1952 904 sinu
1980 851 2149 904 Patris

582 945 755 1016 (Joan.
784 961 828 1009 t,
867 945 972 1012 18).
1007 944 1060 996 In
1089 945 1206 996 sinu
1256 942 1423 996 Patris
1462 951 1576 995 erat
1608 941 1774 995 Filius
1802 941 1870 996 ab
1895 941 2065 1005 initio,
2096 948 2148 992 et

583 1053 644 1090 ex
679 1035 838 1089 corde
867 1032 1042 1087 Patris
1066 1034 1282 1087 verbum
1322 1033 1518 1087 bonum
1545 1041 1838 1086 eructatunt
1868 1043 1948 1085 est
1973 1047 1986 1094 ;
2015 1045 2148 1100 quo-

583 1129 739 1182 modo
767 1127 924 1198 523
956 1142 1056 1181 non
1087 1127 1138 1180 in
1169 1127 1330 1181 corde
1375 1136 1594 1196 paterno
1638 1141 1758 1180 cum
1798 1127 1984 1181 eodem
2015 1140 2145 1181 con-

575 1219 790 1279 sistens,
846 1217 1015 1270 lucem
1067 1217 1490 1272 iuaccessibilem
1543 1217 1808 1270 habitasse
1853 1217 2148 1270 credendus

581 1309 704 1362 est?
733 1306 975 1375 Nunquid
1008 1306 1166 1360 Pater
1193 1307 1396 1374 absque
1443 1307 1546 1359 ulla
1589 1307 1706 1360 luce
1733 1307 1784 1359 in
1815 1305 1952 1359 Filio
1981 1308 2149 1374 potuit

579 1411 939 1462 commanere,
974 1406 1064 1449 aut
1104 1397 1156 1449 in
1189 1396 1528 1450 tabernaculo
1555 1395 1672 1448 Filii
1701 1397 1814 1449 sine
1841 1395 2028 1450 eadem
2057 1410 2149 1464 po-

582 1490 678 1543 tuit
705 1487 1058 1556 requiescere,
1096 1499 1217 1540 cum
1250 1487 1387 1540 idem
1417 1486 1454 1538 F
1459 1485 1578 1540 ilius
1603 1485 1801 1538 candor
1831 1484 1898 1539 sit
1935 1495 2150 1538 aeterna:

583 1581 733 1644 lucis,
760 1589 814 1634 et
840 1579 1114 1647 speculum
1137 1579 1251 1632 sine
1282 1579 1483 1631 macula
1503 1576 1717 1630 deitatis
1749 1576 1904 1646 (Sap.
1925 1575 2146 1644 vu,26),

579 1688 735 1740 quam
767 1671 1017 1726 Salomon
1047 1684 1208 1737 super
1233 1670 1455 1725 salutem
1499 1685 1646 1723 suam
1693 1669 1941 1725 dilexisse
1969 1669 2102 1722 dixit
2133 1686 2144 1720 :

583 1765 636 1816 In
667 1761 820 1829 cujus
866 1762 1046 1828 Specie
1074 1774 1286 1828 semper
1314 1760 1564 1815 delectari
1583 1750 1831 1829 'gestivit.
1865 1760 2031 1829 Super
2059 1775 2146 1813 sa-

2249 578 2381 645 quit,
2415 579 2682 634 orationes
2710 588 2763 634 et
2791 595 2978 648 preces
3008 581 3073 634 ad
3119 582 3304 647 Deum,
3335 583 3426 652 qui
3467 593 3681 652 poterat
3715 587 3808 640 sal-

2250 682 2372 720 vare
2394 684 2514 722 eum
2546 684 2575 722 a
2604 680 2795 733 morte,
2821 685 2939 724 cum
2963 672 3193 726 clamore
3217 673 3338 726 forti
3365 684 3419 727 et
3449 675 3704 744 laerymis
3729 677 3810 729 ob-

2253 759 2388 823 tulit,
2413 761 2690 814 exauditus
2721 770 2801 815 est
2834 771 3048 830 propter
3071 765 3338 830 timorem,
3368 765 3691 820 manifestus
3715 766 3808 820 exi-

2250 859 2395 903 stens
2426 849 2608 915 Filius,
2657 866 2722 905 ex
2769 852 2833 904 iis
2857 867 2975 920 qua:
3007 868 3192 921 passus
3219 863 3303 907 est
3331 854 3517 909 didicit
3561 856 3804 910 obedien-

2252 939 2398 1002 tiam,
2430 939 2516 1007 qui
2565 939 2829 1006 perlectus
2875 940 3043 994 factus
3072 953 3153 996 est
3179 943 3428 998 omnibus
3449 944 3808 1000 obedientibus

2249 1027 2380 1091 sibi,
2415 1037 2468 1082 et
2495 1039 2677 1084 auctor
2701 1031 2886 1085 salutis
2916 1040 3126 1085 aeterna:
3155 1041 3209 1085 et
3240 1035 3615 1101 pronuntiatus
3657 1050 3688 1087 a
3719 1037 3807 1089 Deo

2251 1119 2494 1187 princeps
2535 1121 2869 1175 sacerdotum
2919 1122 3103 1190 (Hebr.
3149 1139 3201 1189 v,
3247 1125 3324 1188 7).
3361 1125 3490 1180 Item
3540 1126 3664 1178 ibi:
3708 1126 3807 1179 Ser-

2252 1225 2341 1262 mo
2389 1219 2564 1264 autem
2595 1210 2894 1278 iurationis,
2939 1213 3028 1280 qui
3063 1224 3178 1280 post
3219 1215 3385 1282 legem
3404 1225 3506 1280 est,
3530 1216 3725 1268 Filium
3767 1217 3807 1268 in

2251 1311 2507 1355 alternum
2556 1304 2844 1372 perfectum
2875 1305 3058 1373 (Hebr.
3090 1322 3193 1373 vn,
3244 1308 3357 1377 28').
3392 1307 3521 1362 Item
3555 1310 3626 1362 ibi
3668 1327 3679 1360 :
3727 1310 3808 1362 lla-

2250 1392 2436 1445 bentes
2479 1407 2606 1462 ergo
2651 1396 2942 1463 principem
2990 1397 3329 1449 sacerdotum
3375 1399 3463 1467 qui
3527 1401 3809 1466 penetravit

2251 1485 2435 1548 etelos,
2483 1485 2662 1539 Jesum
2697 1486 2886 1539 Filium
2931 1488 3023 1541 Dci
3057 1488 3238 1554 (Hebr.
3285 1505 3363 1552 Iv,
3394 1490 3502 1558 Η).
3539 1491 3672 1543 Item
3705 1492 3765 1543 ibi
3795 1508 3805 1541 :

2249 1575 2537 1630 Curramus
2583 1575 2648 1628 ad
2699 1576 3024 1646 propositum
3077 1580 3228 1632 nobis
3279 1581 3557 1647 praemium
3607 1581 3805 1646 agonis,

2250 1666 2598 1733 respicientes
2641 1665 2705 1718 ad
2759 1668 3052 1734 principem
3122 1677 3177 1721 et
3221 1669 3575 1736 perfectorem
3645 1669 3806 1723 .lesum

2251 1754 2435 1826 (Hebr.
2465 1772 2567 1822 xtt,
2597 1757 2679 1824 2).
2708 1756 2775 1809 Et
2799 1759 2985 1811 iterum
3011 1773 3027 1812 :
3062 1759 3242 1812 Dooec
3270 1773 3616 1812 occurramus
3645 1774 3807 1812 omnes

583 1855 745 1907 lutcm
775 1861 829 1906 et
871 1853 1128 1921 speciem,
1178 1853 1365 1920 inquit,
1403 1852 1562 1904 dilexi
1609 1866 1750 1916 eam,
1786 1860 1838 1904 ct
1882 1865 1978 1919 pro
2029 1853 2144 1904 luce
2181 1845 2222 1903 Β
2251 1845 2301 1898 in
2352 1847 2605 1900 unitatem
2656 1847 2777 1902 ﬁdei
2811 1855 2866 1900 et
2909 1849 3233 1917 agnitionem
3284 1849 3400 1902 Filii
3441 1849 3536 1903 Dei
3578 1849 3628 1902 in
3661 1851 3804 1902 virum

588 1943 836 2011 proposui
871 1943 1067 1996 habere
1104 1957 1243 2006 eam,
1299 1943 1546 2011 quoniam
1597 1941 2022 2010 inexstinguibile
2071 1949 2152 1994 est

587 2037 766 2090 lumen
797 2035 912 2104 ejus
935 2034 1121 2105 (Ibid.,
1155 2034 1243 2104 I0)
1263 2035 1285 2087 ’ἰ
1309 2034 1454 2088 Ilanc
1477 2035 1635 2102 igitur
1656 2034 1823 2087 lucem
1849 2031 2009 2085 David
2033 2045 2154 2100 pro-

578 2126 744 2202 pheta
785 2125 1120 2188 desiderans,
1175 2125 1362 2177 anxius
1415 2123 1728 2192 proclamat,
1779 2121 1892 2175 haec
1927 2121 2148 2175 dicens:

580 2215 774 2269 Emitte
808 2215 978 2269 lucem
1007 2223 1173 2282 tuam,
1223 2223 1278 2268 et
1301 2214 1576 2269 veritatem
1627 2221 1769 2266 tuam
1809 2211 1978 2280 (Psal.
2011 2225 2147 2274 xui,

591 2308 670 2376 5).
725 2307 792 2360 Et
845 2307 1084 2360 iterum:
1140 2306 1195 2360 ln
1248 2306 1446 2360 lumine
1504 2316 1590 2359 tuo
1637 2304 1932 2358 videbimus
1977 2303 2151 2356 lumen

581 2402 749 2470 (Psal.
801 2417 957 2464 xxxv,
1000 2400 1104 2469 l0).
1156 2399 1210 2454 In
1265 2400 1418 2467 hujus
1467 2399 1625 2469 igitur
1675 2398 1886 2452 luminis
1914 2396 2152 2450 claritate

581 2494 742 2548 Filius
770 2494 1004 2560 ευὶρκυιη
1039 2492 1088 2544 in
1121 2499 1301 2544 monte
1342 2491 1514 2546 tribus
1557 2487 1835 2556 discipulis
1865 2495 2154 2556 prteOSten-

566 2585 672 2648 dit,
705 2592 758 2636 et
781 2591 921 2636 metu
951 2582 1136 2636 mortis
1165 2579 1449 2650 perterriti,
1482 2577 1729 2648 prostrati
1757 2577 1810 2631 in
1843 2575 2058 2639 faciem,
2093 2575 2152 2627 Ii-

579 2692 699 2730 nem
729 2677 828 2729 sibi
867 2675 989 2728 vita:
1019 2674 1207 2727 adesse
1247 2681 1553 2727 senserunt.
1598 2669 1765 2732 Ilanc,
1798 2668 2031 2738 inquam,
2066 2665 2146 2719 Iu-

579 2779 694 2819 cem
746 2767 796 2817 in
830 2779 887 2816 se
928 2764 1299 2816 demonstrans
1327 2760 1491 2814 Filius
1523 2759 1899 2828 proclamabat,
1931 2755 2054 2810 dum
2098 2764 2155 2807 ut

581 2859 630 2908 in
677 2855 859 2908 eadem
909 2853 1216 2908 incederent
1247 2867 1372 2906 suos
1412 2850 1702 2921 discipulos
1749 2848 2149 2918 praemonebat:

567 2946 713 3018 Dum
748 2947 916 2998 lutcm
949 2942 1178 3007 habetis,
1207 2943 1396 3012 inquit,
1429 2941 1696 2996 ambulate
1733 2941 1783 2994 in
1829 2941 1946 2994 luce
1975 2937 2151 3008 (Jonn.

580 3050 683 3098 xu,
712 3035 825 3097 55).
854 3034 914 3086 Et
944 3034 1136 3085 iterum
1165 3046 1178 3085 :
1217 3032 1324 3100 Ego
1352 3046 1468 3084 sum
1508 3031 1594 3084 lux
1626 3029 1779 3098 hujus
1819 3029 2021 3092 mundi,
2063 3027 2152 3096 qui

581 3126 820 3192 sequitur
865 3137 971 3188 me,
1003 3138 1105 3174 non
1132 3122 1370 3176 ambulat
1411 3122 1461 3174 in
1495 3119 1754 3185 tenebris,
1799 3119 1892 3174 sed
1943 3118 2155 3172 habebit

2256 1936 2565 2003 perfectum,
2615 1938 2665 1990 in
2699 1953 3000 1992 mensuram
3028 1940 3200 1992 aetatis
3249 1940 3597 2007 plenitudinis
3626 1941 3802 1994 Christi

2255 2026 2470 2095 (Ephes.
2499 2042 2569 2091 tv,
2628 2029 2734 2087 I3).
2787 2028 3042 2094 Itecense,
3077 2039 3276 2096 quaeso,
3308 2045 3424 2098 qua!
3469 2033 3714 2098 superius
3757 2033 3804 2083 de

2255 2116 2580 2184 perfectione
2609 2126 2662 2171 et
2690 2119 2984 2187 principatu
3026 2119 3140 2172 Filii
3195 2129 3319 2173 sunt
3373 2124 3567 2188 p-vsita,
3619 2132 3672 2174 et
3717 2122 3803 2174 noli

2255 2211 2472 2263 ulterius
2519 2211 2571 2264 in
2617 2221 2759 2265 tuam
2804 2211 3096 2279 perniciem
3142 2212 3383 2264 meditari
3429 2212 3652 2266 subdole
3677 2215 3803 2265 vani-

2255 2305 2432 2350 tatem.

2791 2375 3016 2432 CAPUT
3059 2377 3283 2432 LXVIII.

2259 2488 2355 2543 ι’ὺὶ
2375 2489 2588 2543 dicunt:
2631 2488 2776 2544 Sicut
2828 2507 2904 2544 me
2932 2493 3068 2563 misit
3115 2493 3250 2545 rivus
3299 2491 3476 2558 Pater,
3519 2501 3568 2546 el
3591 2510 3680 2563 ego
3714 2495 3802 2546 uiro

2802 2572 3001 2631 propter
3036 2561 3266 2614 Patrem.

2325 2667 2379 2722 Si
2401 2678 2574 2724 autem
2605 2669 2834 2723 dixerint
2865 2671 2918 2725 in
2969 2671 3066 2725 hoc
3096 2672 3356 2726 minorem
3388 2687 3511 2726 esse
3553 2673 3703 2727 Patre
3729 2674 3799 2727 Fi-

2255 2760 2398 2823 l.um,
2433 2760 2552 2828 quia
2581 2759 2694 2827 ipse
2721 2759 2853 2814 dixit
2883 2778 2894 2812 :
2923 2761 3070 2816 Sicut
3091 2777 3176 2816 me
3207 2762 3355 2818 misit
3385 2762 3544 2817 vivus
3572 2763 3736 2828 Pater,
3759 2773 3800 2817 et

2255 2867 2353 2922 ego
2385 2852 2501 2904 vivo
2534 2863 2748 2920 propter
2787 2853 3016 2907 Patrem.

2323 2944 2484 3016 425
2513 2945 2814 3014 Responsio.
2848 2946 2970 3000 Ilaec
3003 2960 3090 3000 res
3117 2962 3222 3001 non
3256 2947 3674 3017 inmqualitatem
3709 2947 3798 3000 Filii

2258 3037 2475 3104 indicat,
2496 3038 2586 3090 sed
2608 3039 2820 3105 plenam
2851 3039 2904 3092 in
2939 3040 3026 3093 illo
3051 3041 3341 3094 divinitatis
3366 3041 3710 3094 substantiam
3725 3041 3799 3092 dc-

2259 3137 2539 3191 utunstrat,
2582 3141 2648 3180 eo
2677 3129 2816 3195 quod
2865 3127 3033 3181 Filius
3073 3144 3176 3182 non
3225 3144 3254 3181 a
3297 3131 3616 3199 semetipso,
3662 3143 3800 3197 nepte

582 3215 757 3268 lumen
791 3215 909 3266 vita:
935 3224 1147 3267 :eternm
1179 3212 1356 3283 (Joau.
1381 3228 1506 3279 vui,
1541 3211 1648 3281 12).
1685 3211 1751 3266 Et
1779 3211 2149 3280 Evangelista:

2258 3233 2320 3272 ex
2352 3219 2537 3286 nihilo,
2569 3223 2661 3272 sed
2713 3234 2742 3272 a
2773 3221 2930 3275 Patre
2959 3222 3233 3285 subsistat,
3265 3223 3406 3290 quod
3436 3235 3518 3275 est
3565 3234 3800 3276 summum

583 3307 708 3360 Erat
733 3306 818 3359 lux
851 3320 996 3371 vera,
1029 3305 1214 3373 inquit,
1265 3319 1382 3373 qua:
1413 3305 1675 3357 illuminat
1713 3317 1928 3357 omnem
1984 3303 2153 3356 homi-

582 3413 702 3452 nem
749 3397 1047 3451 venientem
1104 3397 1157 3450 in
1188 3395 1328 3450 hunc
1357 3393 1610 3448 mundum
1639 3392 1821 3458 (Joau.
1875 3409 1926 3458 ι,
1971 3392 2049 3461 9).
2096 3392 2151 3447 Si

581 3492 694 3542 haec
724 3489 837 3555 lux,
870 3503 987 3558 qua:
1017 3486 1357 3542 credentibus
1395 3484 1744 3555 promittitur,
1779 3484 1831 3538 in
1878 3483 2012 3536 Filio
2034 3497 2154 3536 esse

580 3581 852 3649 probator,
903 3588 957 3633 et
1002 3593 1119 3632 cum
1136 3589 1340 3633 aeterno
1385 3585 1588 3632 aeterna
1634 3589 1755 3631 esse
1783 3575 1992 3637 dicitur,
2022 3588 2154 3642 quo-

581 3672 740 3724 modo
795 3686 823 3722 a
885 3670 1036 3722 vobis
1099 3669 1165 3722 ab
1192 3667 1540 3722 inaccessibili
1599 3666 1716 3720 luce
1767 3666 1938 3720 Patris
1988 3663 2153 3717 Filius

579 3761 915 3828 separatur?
984 3760 1038 3812 Si
1116 3759 1256 3811 enim
1302 3757 1471 3810 Filius
1535 3758 1676 3810 Deus
1716 3770 1877 3809 verus
1936 3765 1988 3808 et
2043 3755 2150 3807 vita

581 3862 799 3912 mterna,
831 3851 945 3903 sine
974 3849 1134 3902 dubio
1158 3850 1210 3901 in
1244 3847 1340 3902 hac
1365 3848 1484 3901 luce
1527 3848 1683 3901 simul
1711 3862 1828 3900 cum
1874 3846 2028 3899 Patre
2060 3845 2153 3898 ha-

587 3942 758 4009 bitare
785 3939 1079 3994 credendus
1105 3947 1207 4004 est,
1239 3953 1393 4006 quam
1427 3938 1603 3992 nullus
1625 3936 1784 3990 modo
1811 3937 1862 3989 in
1885 3937 1982 3989 hoc
2013 3951 2153 3989 mor-

583 4031 674 4086 tali
698 4046 922 4100 corpore
947 4029 1287 4094 constitutus,
1321 4037 1492 4096 potest
1514 4028 1846 4096 aliquatenus
1875 4027 2148 4088 contueri;

581 4123 672 4177 sed
702 4122 826 4176 dum
866 4121 1190 4192 apparuerit,
1243 4128 1369 4174 tunc
1398 4133 1524 4174 vere
1580 4119 1720 4172 illam
1749 4118 1949 4172 videbit
1998 4118 2152 4172 sicuti

581 4227 683 4281 est,
707 4216 794 4284 qui
825 4215 940 4283 ejus
979 4213 1353 4283 conspectibus
1383 4212 1573 4282 dignus
1601 4212 1759 4267 fuerit
1784 4210 2020 4280 coaptari
2057 4229 2068 4261 :
2100 4219 2152 4263 et

583 4323 685 4360 non
718 4309 857 4361 sicut
886 4306 1090 4375 Moyses
1133 4306 1419 4374 caeteriqoe
1449 4293 1721 4373 prOphetae
1752 4319 1846 4371 per
1874 4301 2150 4369 aenigmata

581 4407 632 4452 et
658 4398 901 4465 ﬁguram,
927 4396 1018 4448 sed
1073 4398 1240 4465 ipsam
1271 4397 1532 4448 veraciter
1574 4395 1624 4448 iu
1676 4395 1809 4448 Filio
1859 4395 2148 4448 secundum

585 4488 896 4555 Apostolnm
926 4485 1262 4538 contuebitur
1297 4486 1506 4539 deitatis
1534 4485 1902 4540 subSIantiam.
1947 4485 2075 4539 Nam
2103 4485 2148 4538 si

2256 3317 2309 3362 et
2345 3309 2610 3378 singulare
2641 3312 2854 3366 unitatis
2900 3310 3152 3364 indicium
3185 3329 3198 3363 :
3236 3311 3429 3365 Vivere
3459 3313 3602 3364 enim
3636 3311 3797 3370 Patris,

2255 3401 2378 3468 quid
2429 3409 2512 3454 est
2560 3401 2701 3454 aliud
2743 3401 2842 3455 nisi
2884 3402 3038 3455 esse?
3085 3411 3138 3455 et
3166 3402 3344 3455 vivere
3386 3401 3579 3454 Filium
3613 3410 3797 3469 propter

2258 3489 2487 3554 I‘atrcm,
2541 3491 2662 3560 quid
2699 3491 2841 3545 aliud
2886 3501 2965 3546 est
3005 3507 3162 3560 quam
3196 3493 3245 3544 in
3291 3493 3449 3545 Patre
3491 3487 3801 3544 subsistere?

2259 3579 2397 3647 Ergo
2425 3583 2562 3635 sicut
2587 3597 2670 3636 me
2694 3583 2836 3636 misit
2863 3584 3015 3636 vivus
3040 3581 3216 3647 Pater,
3241 3582 3334 3646 ait,
3361 3592 3415 3635 et
3434 3596 3532 3649 ego
3565 3581 3680 3633 vivo
3704 3593 3800 3647 pro-

2255 3678 2373 3738 pter
2398 3671 2604 3726 Patrein
2643 3669 2818 3739 (Joan.
2853 3687 2925 3739 VI,
2953 3669 3041 3740 57)
3068 3689 3079 3721 :
3117 3681 3296 3739 posset
3325 3673 3510 3740 utique
3535 3670 3725 3732 dicere,
3753 3667 3802 3720 Et

2260 3776 2356 3829 ego
2386 3763 2503 3816 vivo
2526 3779 2617 3831 per
2649 3762 2882 3830 Patrem,
2914 3764 2956 3816 si
2989 3763 3220 3830 aliquam
3255 3763 3305 3814 in
3347 3775 3407 3814 se
3441 3758 3700 3812 interioris
3723 3770 3803 3822 po-

2257 3850 2435 3903 tentiae
2483 3850 2844 3904 diversitatem
2885 3850 3046 3904 vellet
3077 3838 3394 3912 ostendere,
3441 3847 3686 3914 quoniam
3730 3842 3802 3910 qui

2256 3954 2351 4007 per
2376 3940 2600 3992 alterum
2637 3939 2784 4009 vivit,
2811 3955 2906 4010 per
2928 3941 3158 4008 seipsum
3193 3939 3376 4005 utique
3408 3934 3590 3988 vivere
3614 3934 3801 3987 minime

2258 4035 2455 4101 possit;
2490 4034 2578 4103 qni
2609 4051 2734 4088 vero
2781 4043 2996 4104 propter
3036 4033 3200 4087 alium
3235 4031 3383 4096 vivit,
3418 4031 3531 4099 ipse
3563 4025 3716 4095 magis
3740 4024 3799 4075 vi-

2255 4123 2428 4175 Vi-ntis
2480 4137 2634 4176 causa
2666 4125 2866 4178 existit.
2901 4123 3045 4179 Sicut
3091 4123 3232 4175 enim
3272 4135 3366 4188 per
3402 4119 3628 4172 viventis
3655 4113 3798 4168 Patris

2255 4211 2563 4264 missionem
2599 4213 2794 4265 mundo
2838 4213 3068 4266 innotuit
3110 4211 3298 4274 Filius,
3349 4209 3418 4262 ita
3449 4223 3541 4275 per
3563 4207 3793 4257 viventem

2258 4301 2470 4367 Filium,
2507 4301 2679 4355 Patris
2704 4313 2896 4356 nomen
2927 4301 3127 4355 mundo
3155 4309 3211 4353 et
3241 4299 3548 4352 hominibus
3577 4294 3792 4348 innotuit.

2255 4390 2376 4442 dttm
2407 4405 2511 4443 non
2545 4402 2759 4459 propter
2827 4391 3036 4444 I‘atrem
3083 4390 3435 4457 semetipsum
3470 4389 3648 4439 vchre
3674 4396 3793 4434 com-

2258 4481 2519 4546 probavit,
2553 4481 2781 4534 dicendo
2822 4499 2832 4532 :
2866 4481 3058 4534 Notum
3094 4480 3191 4533 feci
3221 4481 3300 4532 eis
3343 4493 3538 4531 nomen
3575 4486 3725 4531 tuum,
3751 4477 3792 4522 et

585 4580 726 4632 hunc
743 4577 1095 4645 eumdemque
1127 4576 1399 4645 prophetae
1423 4575 1783 4628 teSIimonium
1814 4586 2144 4645 sequentem,
2178 4566 2230 4626 D
2258 4582 2439 4626 notum
2471 4574 2678 4635 faciam,
2700 4583 2752 4625 et
2776 4570 3105 4624 manifestavi
3133 4584 3326 4623 nomen
3355 4577 3503 4620 tuum
3529 4561 3791 4618 hominibus

579 4684 773 4724 sereno
811 4670 1001 4724 mentis
1041 4668 1232 4722 intuitu
1269 4667 1585 4734 investigare
1615 4667 1868 4730 volueris,
1911 4667 2149 4720 invenies

580 4762 776 4816 Filium
804 4777 907 4816 non
937 4775 1269 4830 nuncupasse
1308 4761 1374 4814 ab
1417 4759 1516 4812 hac
1561 4759 1676 4812 luce
1725 4753 1898 4812 Patris
1939 4773 2041 4826 pen
2069 4767 2152 4810 tus

578 4853 816 4921 separari
835 4894 849 4913 .
871 4852 1114 4919 quoniam
1137 4867 1257 4906 cum
1281 4851 1455 4905 solum
1484 4849 1676 4904 Filium
1705 4849 1903 4902 dixerit
1932 4849 1982 4901 iu
2010 4857 2149 4901 terra

586 4959 706 4997 cum
740 4943 1043 4998 hominibus
1070 4951 1463 5006 conversatum,
1501 4940 1710 4997 Patrem
1735 4939 1802 4994 ab
1824 4938 1914 4993 illo
1943 4953 2046 4993 non
2076 4937 2152 4992 fe-

577 5037 714 5090 cerit
738 5035 997 5089 alienum.

493 5115 500 5120 ’
1133 5102 1356 5158 CAPUT
1396 5101 1600 5157 LXVII.

650 5218 747 5274 Ubi
775 5219 948 5271 dicunt
978 5216 1174 5270 Filium
1201 5224 1254 5268 ut
1287 5214 1492 5268 Patrem
1518 5231 1617 5267 non
1645 5231 1752 5269 esse
1780 5218 2075 5283 perfectum.

645 5335 808 5408 424
844 5335 897 5391 Si
938 5333 1169 5388 dixerint
1212 5329 1351 5400 quod
1395 5328 1651 5399 prepheta
1689 5328 1757 5383 de
1803 5327 1940 5381 Filio
1970 5327 2148 5380 dicere

578 5430 748 5498 potuit
777 5445 790 5480 ε
823 5424 1191 5494 Imperfectum
1235 5436 1409 5476 meum
1439 5421 1688 5476 viderunt
1715 5420 1854 5474 oculi
1886 5417 1980 5482 tui,
2010 5426 2065 5472 et
2096 5419 2145 5472 in

578 5520 712 5573 libro
737 5527 831 5572 tuo
858 5531 1041 5570 omnes
1068 5514 1367 5569 scribentur
1393 5511 1566 5580 (Prol.
1594 5526 1832 5566 cxxxvut
1851 5550 1864 5573 ,
1901 5510 2012 5576 15).

650 5610 946 5680 Responsio.
970 5609 1050 5673 Si,
1072 5605 1522 5676 quemadmodum
1542 5603 1672 5655 dixit
1698 5600 2004 5669 Apostolus,
2026 5598 2141 5668 lege

583 5703 776 5756 Christi
807 5701 1037 5770 legitime
1088 5699 1313 5752 utereris
1341 5737 1355 5762 ,
1386 5704 1704 5764 agnosceres
1747 5691 1926 5758 utique
1949 5689 2140 5743 Filium

583 5807 630 5853 et
659 5796 950 5865 principem
991 5791 1185 5846 divinis
1215 5773 1425 5845 Litteris
1473 5785 1659 5850 astrui,
1716 5792 1772 5840 et
1819 5782 2140 5852 perfectum,

2262 4663 2436 4733 (Joan.
2485 4679 2616 4727 xvu,
2649 4663 2726 4732 6).
2779 4663 2876 4728 Qui
2909 4665 3050 4715 enim
3101 4663 3150 4714 in
3192 4659 3480 4731 revelando
3510 4672 3567 4710 se
3598 4653 3791 4706 invicem

2260 4771 2413 4824 pares
2439 4764 2586 4820 sunt,
2619 4759 2851 4823 pclentia
2886 4756 3068 4822 utique
3099 4753 3331 4820 impares
3385 4761 3508 4801 esse
3552 4760 3650 4798 non
3691 4752 3792 4810 pos-

2257 4857 2397 4900 sunt.

2811 4918 3039 4974 CAPUT
3079 4916 3262 4972 LXIX.

2369 5035 2466 5091 Ubi
2497 5035 2668 5088 dicunt
2693 5035 2742 5086 in
2772 5031 2907 5086 Filio
2947 5030 3152 5084 Patrem
3183 5030 3341 5100 fuisse
3367 5027 3712 5096 composirum.

2327 5145 2385 5200 Si
2418 5145 2569 5198 vobis
2597 5143 2835 5198 dixerint
2867 5157 2882 5197 :
2938 5141 2992 5196 Si
3023 5141 3164 5193 Dens
3195 5140 3245 5191 in
3279 5139 3389 5191 Deo
3423 5146 3532 5202 est,
3565 5135 3613 5188 id
3641 5141 3711 5186 est
3737 5130 3802 5179 ia-

2257 5248 2337 5291 tta
2395 5237 2593 5291 Filium
2647 5236 2825 5302 Pater,
2874 5234 3008 5288 alter
3050 5247 3176 5301 ergo
3209 5233 3260 5285 in
3289 5231 3462 5284 altero
3507 5226 3805 5295 compositus

2256 5340 2389 5386 erat.

2333 5424 2636 5491 Responsfo.
2667 5421 2776 5476 Nos
2826 5432 3038 5490 quoque
3098 5416 3220 5470 ideo
3261 5413 3532 5468 credimus
3560 5413 3610 5466 iu
3671 5407 3803 5462 Film,

2255 5515 2379 5582 quia
2410 5513 2565 5566 Pater
2597 5511 2647 5564 in
2673 5513 2788 5578 ipso
2811 5520 2914 5573 est,
2944 5507 3066 5575 quia
3091 5505 3202 5573 ipse
3233 5504 3303 5555 ait
3329 5519 3342 5553 :
3371 5503 3528 5555 Pater
3560 5503 3613 5553 in
3643 5511 3736 5550 me.
3764 5500 3805 5540 t‘l

2255 5616 2354 5672 ego
2388 5601 2438 5654 in
2484 5601 2638 5653 Patre
2669 5597 2848 5666 (Joan.
2883 5614 2936 5663 x,
2970 5597 3081 5663 58).
3121 5594 3248 5647 Item
3282 5592 3447 5645 Paulo
3494 5587 3725 5659 apostolo
3755 5582 3814 5631 ob

2260 5692 2359 5746 hoc
2389 5691 2656 5746 credimus
2686 5685 3014 5756 przedicanti,
3047 5685 3168 5752 quia
3198 5684 3310 5752 ipse
3335 5682 3472 5735 dixit
3502 5701 3512 5730 :
3547 5681 3682 5732 Deus
3711 5673 3814 5723 em

2258 5787 2308 5838 in
2331 5784 2542 5838 Christo
2567 5781 2819 5837 mundum
2850 5778 3205 5837 reconcilians
3227 5777 3330 5832 sibi
3361 5774 3444 5845 (ll
3481 5773 3601 5828 Cor.
3628 5786 3677 5832 ν,
3709 5764 3812 5824 l9)-
