3978 6380
200 318 295 372 5η7

1347 315 1609 374 CONTRA
1656 312 2058 368 VARIMADUM
2100 311 2223 365 LIB.
2258 311 2298 365 I.

3330 310 3433 364 398

198 432 314 485 ldeo
338 430 491 484 Isaia:
506 428 777 499 prophetae
804 427 1161 483 Christianum
1184 429 1648 483 accommodamus
1668 444 1757 480 au-
1790 430 1843 490 Α
1873 426 2056 490 Deum,
2089 440 2192 478 non
2227 424 2393 478 Deum
2420 430 2541 476 ante
2568 420 2818 487 Verbum,
2851 419 2943 473 sed
2974 427 3256 487 utrumque
3278 421 3432 474 simul

197 522 384 583 ditum,
406 519 526 588 quia
558 518 981 587 inseparabiliter
1007 518 1169 571 unitis
1192 518 1480 585 prtedicare
1508 530 1663 570 orsus
1681 525 1764 569 est

198 617 613 671 sacramentum,
645 607 770 660 dum
824 607 875 659 in
920 605 1055 660 Filio
1102 606 1308 659 Patrem
1342 619 1550 672 semper
1601 618 1760 657 unum

201 704 361 757 Deum
390 702 551 755 fuisse
580 701 825 764 asseruit,
856 710 1049 770 prseter
1069 714 1226 768 quem
1251 700 1476 752 alterum
1511 713 1611 751 non
1645 710 1763 751 esse

201 793 458 859 prmdisit.
512 790 565 843 In
600 804 651 844 te
699 800 779 843 est
813 789 970 855 θέης,
1010 790 1105 851 ait,
1147 796 1203 842 et
1248 787 1661 841 nesciebamus:
1710 793 1764 837 tu

197 882 336 933 enim
379 879 517 933 Deus
557 878 873 933 seculorum
918 878 1162 931 Sahalor
1192 874 1344 940 (Isai.
1400 891 1487 940 LV,
1532 874 1641 939 14).
1667 872 1733 926 Sa

199 973 427 1025 lomonis
460 970 619 1024 etiam
647 967 939 1037 prophetia:
973 965 1176 1019 idcirco
1207 964 1569 1018 indubitanter
1595 962 1770 1016 credi-

198 1076 340 1126 mus,
372 1059 619 1129 quoniam
676 1059 727 1111 in
777 1057 1121 1110 tabernaculo
1163 1054 1325 1125 426
1365 1054 1619 1122 un’geniti
1654 1052 1768 1106 Filii

197 1151 366 1205 Deum
391 1151 682 1219 ingenitum
700 1148 1024 1217 requievisse
1044 1161 1109 1200 eo
1124 1154 1472 1199 annuntiante
1495 1142 1770 1215 cognosci-

196 1256 317 1295 mus
345 1258 359 1293 :
387 1241 483 1307 Qui
516 1239 697 1308 genuit
725 1238 1024 1307 me,inquit,
1048 1236 1315 1304 requievit
1345 1236 1396 1289 in
1428 1233 1771 1289 tabernaculo

198 1346 320 1385 meo
352 1328 540 1401 (Eccli.
567 1346 715 1393 xxiv,
749 1328 858 1398 η).
890 1328 1028 1381 Deus
1058 1327 1237 1396 igitur,
1265 1326 1352 1394 qui
1386 1324 1641 1392 simplicis
1668 1336 1764 1375 na-

197 1430 330 1474 tura:
360 1429 471 1483 est,
504 1419 555 1473 in
586 1420 754 1472 altero
780 1418 1119 1485 compositus
1151 1429 1256 1468 non
1286 1424 1387 1479 est,
1418 1412 1538 1481 quia
1583 1427 1773 1467 secun-

198 1510 326 1563 dum
360 1509 573 1563 deitatis
604 1517 809 1562 natura:
831 1505 1207 1565 substantiam,
1238 1516 1373 1556 unus
1396 1504 1445 1555 in
1471 1502 1602 1555 Filio
1632 1501 1774 1555 Deus

196 1606 302 1662 est,
349 1598 403 1651 in
451 1597 644 1665 quibus
672 1597 832 1650 etiam
865 1595 908 1647 si
934 1594 1051 1647 duae
1077 1606 1315 1661 persona:
1343 1599 1398 1644 et
1438 1591 1649 1643 nomina
1682 1591 1775 1643 de-

197 1691 496 1759 signantur,
540 1703 642 1741 una
674 1697 853 1741 tamen
886 1686 938 1738 in
966 1685 1046 1739 eis
1091 1692 1175 1737 est
1202 1682 1367 1735 divini
1408 1681 1640 1734 neminis
1668 1680 1775 1732 vir-

1865 530 2027 568 unuin
2073 514 2240 568 Deum
2292 514 2343 567 in
2374 521 2569 566 nostra:
2611 512 2728 565 ﬁdei
2787 507 3121 578 profes~ione
3172 510 3432 568 fatemur;

1865 602 1988 670 quia
2023 600 2229 655 Patrem
2258 610 2310 655 ct
2339 601 2523 655 Filium
2553 601 2696 654 nulla
2718 600 2786 653 ab
2814 599 3043 651 invicem
3078 600 3331 666 temporis
3358 600 3437 651 iti-

1866 692 2084 744 tervalla
2141 691 2471 759 distinguunt
2518 709 2530 744 :
2568 699 2621 745 et
2662 691 2749 744 ubi
2800 703 2972 758 neque
3003 697 3235 756 tempus,
3263 704 3437 756 neque

1866 782 2080 849 aliquod
2128 793 2457 835 momentum
2502 782 2755 850 temporis
2789 780 3075 846 invenitur,
3120 782 3191 833 ita
3222 796 3321 835 nec
3346 798 3441 835 an-

1869 874 2034 927 terius
2065 872 2413 940 posteriusve,
2444 873 2585 941 quod
2614 872 2795 925 dicere
2833 869 2979 924 nefas
3007 878 3113 935 est,
3148 871 3436 925 invenitur.

1868 964 1976 1019 Nos
2016 979 2229 1033 quoque
2257 964 2467 1017 unicum
2497 962 2588 1016 Dei
2631 962 2817 1016 Filium
2848 976 2954 1015 non
2982 961 3154 1015 solum
3190 960 3441 1025 Verbum,

1869 1054 1963 1109 sed
1980 1064 2033 1109 et
2063 1053 2399 1122 splendorem
2428 1053 2785 1121 virtutemque
2814 1051 3004 1117 Patris,
3023 1060 3076 1105 et
3105 1053 3440 1119 sapientiam,

1870 1144 2161 1199 semiudum
2220 1143 2517 1197 divinarum
2550 1141 2948 1211 Scripturarum
2996 1140 3207 1211 eloquia
3246 1158 3445 1196 nuncn-

1875 1251 2085 1306 pamus.
2120 1235 2186 1289 Et
2232 1234 2569 1303 sacrilegium
2592 1242 2674 1288 est
2700 1235 2878 1288 dicere
2903 1234 3115 1288 Patrem
3142 1236 3310 1289 lucem
3331 1235 3446 1288 sine

1876 1327 2189 1395 splendore,
2244 1334 2335 1379 aut
2373 1324 2564 1378 fortem
2593 1324 2712 1378 sine
2746 1325 2961 1387 virtute,
2993 1332 3084 1378 aut
3131 1325 3446 1393 sapientiam

1872 1417 2161 1487 aliquando
2192 1417 2309 1471 sine
2356 1415 2612 1484 sapientia
2642 1430 2735 1469 sua
2778 1416 2962 1479 fuisse,
3014 1416 3166 1484 cujus
3210 1417 3445 1486 perfecta

1876 1508 2131 1562 divinitas
2172 1506 2304 1561 nihil
2353 1506 2420 1560 ad
2467 1503 2850 1574 perfectionem
2892 1518 3041 1558 suam
3086 1505 3449 1561 accidentibus

1878 1599 2039 1653 rebus
2080 1596 2392 1663 assumpsit,
2423 1609 2582 1664 quem
2616 1596 2668 1649 in
2697 1596 2987 1663 semetipso
3017 1597 3289 1652 continere
3332 1614 3449 1666 qua:

1877 1703 1973 1742 sua
2010 1696 2152 1750 sunt,
2188 1686 2462 1741 rationalis
2490 1686 2812 1740 universitas
2842 1686 3110 1742 credendo
3156 1694 3446 1757 cognoscit.

198 1790 318 1842 tus;
351 1777 601 1847 quoniam
634 1777 721 1846 qui
779 1784 967 1829 natura
1019 1788 1179 1827 unum
1210 1781 1353 1835 sunt,
1385 1770 1665 1824 divinitate
1694 1769 1724 1820 d
1752 1795 1777 1806 -

1893 1779 2031 1846 Quod
2063 1793 2192 1833 vero
2226 1777 2561 1846 Evangelista
2595 1776 2753 1831 Verbi
2780 1776 3135 1844 appellatione
3166 1780 3237 1831 uti
3267 1780 3450 1848 primi-

199 1871 336 1922 vcrsi
359 1882 475 1922 esse
504 1882 608 1920 non
641 1874 885 1935 possunt.

756 1986 980 2041 CAPUT
1020 1984 1180 2039 LXX.

276 2102 375 2157 Ubi
406 2103 605 2163 dicunt,
636 2098 843 2153 Patrem
883 2114 943 2151 ea:
969 2113 1066 2166 quo
1094 2095 1287 2177 omnia,
1315 2103 1363 2147 et
1394 2093 1590 2147 Filium
1615 2109 1703 2163 ραν

808 2184 954 2237 quem
984 2183 1177 2221 omnia.

273 2291 330 2345 Si
370 2299 545 2343 autem
572 2290 808 2345 dixerint
841 2306 853 2341 :
888 2287 941 2343 Si
970 2287 1127 2342 Pater
1156 2293 1210 2341 et
1231 2284 1398 2339 Filius
1424 2299 1586 2338 unum
1631 2294 1775 2347 sum,

200 2382 474 2451 quomodo
504 2382 657 2434 Pater
687 2380 822 2433 alter
851 2387 932 2432 est
960 2394 1024 2431 ex
1055 2390 1161 2446 quo
1189 2384 1313 2430 sunt
1336 2376 1535 2441 omnia,
1569 2383 1623 2429 et
1647 2374 1779 2427 alter

202 2474 396 2537 Filius,
431 2488 523 2541 per
551 2486 710 2541 quem
738 2478 862 2524 sunt
888 2468 1109 2523 omnia?

280 2563 587 2632 Responsio.
620 2560 840 2629 Expelle
868 2559 1079 2613 tandem
1120 2571 1148 2611 a
1174 2555 1419 2611 sensibus
1447 2556 1548 2610 tuis
1570 2570 1629 2610 ea
1664 2571 1782 2625 qua:

205 2655 305 2709 tibi
343 2669 372 2707 a
404 2655 487 2707 via
524 2654 767 2707 veritatis
810 2651 1009 2707 erranti
1044 2650 1264 2704 ba'resis
1292 2651 1486 2703 Arianu
1530 2649 1781 2714 inculcat,

205 2754 268 2798 et
297 2756 589 2812 cognoscas
628 2743 749 2810 quia
796 2740 932 2795 sicut
962 2739 1027 2794 de
1059 2739 1223 2804 Filio,
1256 2739 1329 2792 ita
1356 2738 1513 2793 etiam
1536 2740 1602 2792 de
1631 2737 1786 2791 Patie

114 2880 117 2883 ,
206 2835 412 2889 dictum
442 2834 713 2898 Scriptura
737 2841 921 2885 sancta
952 2839 1359 2894 commemorat,
1396 2829 1645 2899 quoniam
1679 2828 1785 2882 sic-

207 2934 267 2978 ut
299 2938 391 2992 per
433 2922 622 2976 Filium
654 2922 869 2984 omnia,
906 2922 976 2974 ita
1008 2936 1099 2989 per
1132 2920 1337 2973 Patrem
1372 2920 1614 2973 universa
1669 2932 1783 2971 cre-

206 3016 408 3069 duntur
435 3028 552 3068 esse
581 3013 838 3082 perfecta.
867 3011 969 3067 Sed
1025 3013 1067 3065 si
1113 3011 1213 3064 hoc
1243 3012 1503 3063 m'norem
1535 3008 1673 3062 Patri
1700 3008 1785 3075 ju-

207 3106 360 3158 dicas
394 3104 607 3171 Filium,
640 3104 764 3173 quia
805 3102 941 3158 dixit
972 3102 1261 3170 Apostolus
1291 3116 1304 3154 :
1335 3100 1484 3155 Unus
1526 3100 1662 3153 Deus
1690 3099 1787 3153 Pa-

207 3206 317 3263 ter,
343 3210 407 3249 ex
451 3211 555 3264 quo
576 3196 775 3255 omnia,
801 3202 853 3249 et
880 3209 1017 3246 unus
1060 3192 1315 3246 Dominus
1343 3190 1498 3246 Jesus
1520 3190 1785 3254 Christus,

209 3301 306 3355 per
346 3300 502 3355 quem
526 3284 699 3338 omnia
732 3281 783 3355 (1
807 3282 925 3336 Cor.
951 3296 1067 3348 vin,
1107 3282 1191 3349 6),
1226 3280 1509 3349 diligenter
1538 3282 1787 3334 universa

209 3390 331 3445 qua:
362 3375 441 3443 ab,
468 3373 723 3443 Aposwlo
753 3374 893 3426 dicta
921 3381 1046 3425 sunt
1089 3371 1254 3425 debes
1278 3370 1598 3424 advertere:
1629 3380 1682 3423 et
1713 3370 1793 3422 in-

209 3466 395 3520 venies
423 3466 580 3519 etiam
618 3464 827 3517 Patrem
859 3463 925 3517 ab
980 3461 1136 3529 hujus
1167 3460 1349 3527 aperis
1397 3460 1794 3528 nuncupatione

210 3557 446 3612 alienum
474 3569 578 3609 non
607 3568 749 3617 esse,
778 3554 966 3607 eodem
1008 3550 1264 3621 Apostolo
1295 3551 1596 3605 afﬁrmante
1620 3566 1632 3603 :
1667 3549 1795 3604 Fra-

214 3659 347 3715 tres,
378 3646 537 3711 Deus,
571 3644 758 3714 inquit,
791 3660 885 3713 per
926 3658 1084 3713 quem
1112 3641 1291 3697 vocati
1320 3642 1450 3695 estis
1484 3640 1538 3694 in
1575 3655 1675 3695 una
1703 3655 1796 3709 spe

214 3740 509 3795 vocationis
549 3749 739 3794 vestra:
788 3734 1004 3807 (Ep/ias.
1057 3750 1134 3804 iv,
1166 3734 1247 3805 ὅ).
1282 3734 1346 3789 Et
1374 3734 1608 3801 iterum:
1656 3732 1793 3799 Quo-

214 3833 361 3887 niam
416 3847 480 3887 ex
514 3832 649 3901 ipso,
681 3839 737 3885 et
778 3844 870 3897 per
914 3828 1087 3896 ipsum
1116 3826 1249 3881 etin
1305 3826 1420 3895 ipso
1453 3834 1575 3879 sunt
1617 3825 1795 3877 omnia

218 3921 402 3993 (Rom.
434 3937 509 3986 XI,
552 3922 664 3990 56).
712 3920 785 3973 De
821 3934 926 3988 quo
950 3918 1052 3971 hoc
1083 3917 1281 3970 dictum
1314 3914 1586 3984 opinaris?
1615 3928 1798 3982 qutcso

217 4011 487 4077 responde
511 4026 525 4063 :
561 4011 615 4065 Si
655 4010 721 4063 de
754 4008 911 4062 Patre
936 4007 1052 4061 haec
1080 4006 1207 4061 dicit
1236 4006 1541 4075 Apostolus,
1567 4002 1795 4072 respice,

221 4107 349 4169 quia
374 4114 444 4152 ex
478 4100 612 4168 ipso,
666 4106 721 4151 et
750 4112 842 4165 per
888 4097 1082 4165 ipsum,
1111 4104 1167 4149 et
1211 4094 1263 4148 in
1293 4096 1408 4163 ipso
1446 4102 1571 4148 sunt
1600 4091 1799 4146 omnia.

225 4189 288 4244 Si
318 4203 446 4241 vero
487 4187 553 4241 de
584 4186 742 4251 Filio,
774 4186 887 4255 pari
918 4186 1077 4238 etiam
1108 4184 1265 4238 modo
1293 4183 1461 4237 debes
1500 4181 1801 4243 advertere,

223 4280 486 4350 quoniam
509 4294 575 4333 ex
602 4279 740 4350 ipso,
763 4286 817 4331 et
840 4291 933 4345 per
957 4277 1153 4344 ipsum,
1180 4283 1234 4329 et
1254 4275 1309 4328 in
1331 4276 1446 4342 ipso
1461 4281 1586 4327 sunt
1605 4272 1803 4325 omnia.

222 4372 556 4440 Quocunque
600 4378 915 4440 argumento
962 4368 1223 4421 unitatem
1251 4365 1425 4419 Patris
1462 4371 1518 4419 et
1547 4363 1669 4418 Filii
1706 4378 1805 4417 vo-

224 4464 396 4520 lueris
426 4464 1079 4532 impugnare,sermouum
1114 4468 1324 4513 tuorum
1353 4456 1635 4513 sententiis
1662 4456 1806 4510 vide-

226 4553 376 4609 beris
401 4553 701 4623 subiacere.

793 4629 1019 4685 CAPUT
1060 4628 1241 4684 LXXl.

234 4746 337 4802 Ubi
364 4747 537 4801 dicunt
562 4762 582 4807 ε
614 4746 675 4801 Si
702 4744 857 4801 Pater
882 4754 929 4799 et
958 4743 1126 4798 Filius
1171 4758 1304 4796 unus
1335 4739 1494 4807 Deus,
1519 4755 1636 4811 ergo
1666 4738 1809 4808 prius

664 4815 910 4879 Verbum,
935 4824 982 4868 et
1007 4824 1179 4883 postea
1214 4811 1371 4864 Deus.

306 4928 470 4999 427
493 4927 551 4985 Si
578 4926 669 4980 tibi
693 4926 971 4981 dixerunt:
995 4924 1051 4978 Si
1072 4922 1223 4976 Pater
1235 4932 1288 4977 et
1306 4921 1470 4979 Filius
1482 4935 1640 4974 unum
1663 4928 1809 4984 sunt,

234 5036 369 5092 ergo
398 5024 546 5089 prius
572 5020 825 5083 Verbum,
858 5028 912 5072 et
946 5027 1131 5085 postea
1186 5015 1325 5068 Deus
1354 5023 1437 5069 est
1465 5013 1658 5077 dictus,
1680 5011 1803 5081 quia

230 5115 499 5183 scriptum
528 5094 609 5167 esi.
630 5117 650 5165 ':
682 5112 738 5166 In
766 5110 1026 5180 principio
1054 5116 1170 5163 erat
1190 5107 1458 5175 Verbum,
1493 5116 1547 5161 et
1577 5105 1808 5159 Verbum

232 5214 350 5259 erat
378 5204 515 5271 apud
545 5203 733 5266 Deum,
757 5213 809 5255 et
842 5202 981 5255 Deus
1007 5206 1126 5254 erat
1154 5197 1387 5252 Verbum
1418 5194 1597 5266 (Joan.
1626 5211 1667 5260 ι,
1693 5195 1765 5265 l).

313 5296 617 5363 Responsio.
669 5294 723 5349 Si
765 5292 1058 5348 secundum
1107 5291 1467 5345 differentiam
1514 5288 1810 5342 cemmunis

237 5398 447 5445 natura:
482 5389 638 5442 Pater
674 5398 729 5442 et
773 5387 939 5440 Filius
968 5402 1102 5439 unus
1135 5386 1274 5438 Deus
1313 5397 1417 5437 non
1446 5381 1659 5447 dieitur,
1706 5380 1810 5432 duo

239 5496 371 5549 ergo
412 5494 441 5533 a
492 5481 640 5533 vobis
668 5478 741 5532 dii
772 5487 957 5531 natura
998 5476 1304 5538 dissimiles,
1330 5484 1381 5529 et
1413 5473 1647 5542 potentia
1689 5471 1816 5524 inre-

239 5571 451 5638 qnales,
482 5570 649 5638 gentil
677 5583 762 5621 um
811 5582 958 5620 more
983 5568 1233 5621 coluntur
1278 5576 1464 5619 contra
1511 5562 1640 5617 illud
1672 5560 1814 5630 quod

242 5655 445 5711 diczum
475 5670 558 5713 est
591 5674 605 5713 :
638 5657 796 5722 Audi,
831 5658 1011 5722 Israel,
1046 5656 1301 5709 Dominus
1331 5654 1470 5708 Deus
1498 5663 1639 5717 tuus,
1674 5651 1815 5704 Deus

246 5764 387 5806 unus
413 5757 491 5803 est
523 5746 701 5818 (Deut.
738 5747 902 5815 τωρ).
936 5744 1043 5800 Nos
1065 5744 1261 5801 deinde
1293 5760 1398 5799 non
1436 5743 1666 5799 Verbum
1688 5754 1812 5796 ante

1880 1884 1964 1927 tus
1988 1874 2175 1937 voluit,
2228 1872 2484 1924 unitatem
2538 1869 2829 1947 divinitatis
2881 1868 3180 1924 evidentius
3217 1871 3451 1926 declara-

1877 1964 1953 2017 vit
1996 1980 2008 2015 :
2066 1962 2257 2016 Filium
2296 1970 2422 2015 ante
2450 1960 2666 2015 Patrem
2711 1961 3011 2025 nominans,
3049 1975 3155 2014 non
3203 1963 3455 2028 temporis

1877 2061 1969 2106 aut
1992 2050 2209 2105 honoris
2237 2050 2548 2105 relationem
2574 2050 2848 2117 assignans
2880 2066 2891 2101 :
2926 2050 3171 2119 quoniam
3204 2051 3289 2105 ubi
3330 2052 3456 2106 Ver-

1878 2143 2003 2197 bum
2041 2141 2179 2210 apud
2222 2141 2408 2205 Deum,
2442 2150 2494 2194 et
2524 2140 2663 2195 Deus
2696 2140 2925 2194 Verbum
2968 2140 3131 2195 fuisse
3176 2152 3449 2203 narratur,

1881 2248 1979 2287 nec
2020 2233 2156 2286 Deus
2192 2233 2280 2285 Vei
2298 2232 2381 2295 bo,
2412 2246 2508 2285 nec
2540 2230 2768 2284 Verbum
2798 2232 2903 2285 Deo
2934 2236 3286 2300 praeponitur.

2436 2362 2659 2419 CAPUT
2699 2363 2907 2418 LXXII.

1889 2478 1985 2531 Ubi
2016 2477 2185 2529 dicunt
2212 2493 2228 2528 :
2258 2477 2317 2529 Si
2356 2474 2515 2529 Pater
2537 2486 2582 2529 et
2614 2474 2782 2529 Filius
2809 2493 2937 2529 unus
2984 2476 3140 2541 Deus,
3167 2478 3305 2543 prius
3334 2493 3453 2544 ergo

2164 2546 2320 2611 Deus,
2370 2556 2416 2599 et
2459 2555 2631 2615 postea
2677 2545 2833 2599 Pa'er
2881 2554 2952 2599 est
2992 2548 3175 2599 dictus.

1956 2679 2118 2750 428
2154 2678 2208 2733 Si
2236 2678 2329 2733 tbi
2357 2678 2625 2733 dixerint:
2659 2678 2712 2732 Si
2746 2678 2901 2732 Pater
2926 2688 2979 2732 et
3010 2676 3175 2731 Filius
3205 2693 3339 2731 unus
3368 2688 3455 2733 est

1892 2770 2052 2836 Deus,
2085 2785 2215 2839 ergo
2258 2779 2413 2824 antea
2463 2769 2605 2823 Deus
2634 2778 2830 2823 eratet
2861 2780 3040 2837 postea
3071 2769 3336 2839 gignendo
3366 2770 3463 2825 Pa-

1891 2871 1970 2913 ter
1997 2869 2079 2914 est
2108 2859 2303 2913 dictus.

1962 2954 2261 3020 Responsio.
2293 2952 2347 3007 Si
2379 2966 2507 3020 ergo
2538 2950 2827 3011 secundum
2859 2966 2957 3005 vos
2985 2952 3157 3020 primo
3188 2952 3328 3006 Deus
3358 2954 3467 3006 siu-

1890 3045 2148 3115 gulariter
2180 3042 2544 3105 subsistendo,
2578 3050 2630 3095 et
2661 3050 2841 3110 postea
2876 3041 3033 3096 Pater
3075 3052 3157 3096 est
3178 3041 3349 3095 dictus
3382 3042 3468 3096 Fi-

1821 3163 1863 3223 ρ
1894 3137 2023 3190 lium
2064 3135 2394 3206 generando,
2423 3148 2550 3202 ergo
2595 3134 2771 3199 ipsum
2814 3132 2987 3189 Patris
3036 3148 3229 3187 nomen
3271 3148 3469 3201 nequa-

1896 3242 2053 3293 quam
2079 3230 2183 3282 erLt
2210 3235 2489 3289 mternnm,
2524 3224 2664 3294 quod
2690 3224 2757 3278 ad
2776 3240 2885 3279 sua:
2911 3226 3282 3293 appellation’s
3307 3240 3466 3279 voca-

1897 3318 2078 3371 bulum
2107 3334 2169 3371 ex
2207 3328 2447 3383 tempore
2472 3316 2705 3384 sumpsit
2742 3316 2971 3370 initium.
3003 3316 3060 3373 Si
3090 3317 3382 3371 secundum
3417 3328 3469 3372 te

1897 3407 1965 3459 ita
1998 3416 2082 3461 est
2125 3406 2394 3461 mutabilis
2432 3414 2489 3459 et
2528 3404 2789 3473 proﬁciet,
2821 3407 2923 3459 erit
2953 3408 3220 3461 mutabilis
3250 3408 3466 3473 deinde,

1897 3501 2022 3566 quia
2063 3516 2127 3552 ex
2160 3498 2252 3552 Dei
2282 3499 2497 3551 nomine
2540 3497 2593 3549 in
2626 3496 2795 3550 Patris
2819 3500 3265 3566 nuncupationem
3295 3509 3473 3552 trans-

1899 3588 2010 3641 ivit.
2060 3586 2349 3642 Prolieiens
2385 3600 2534 3655 ergo,
2564 3585 2686 3653 quia
2715 3600 2835 3638 cum
2864 3600 2922 3638 se
2949 3585 3000 3637 in
3029 3585 3118 3639 Dei
3142 3587 3357 3640 nomine
3382 3602 3473 3655 po-

1901 3678 2060 3731 situm
2093 3679 2269 3731 minus
2322 3675 2617 3746 perfectum
2676 3674 2903 3738 videret,
2955 3675 3021 3729 ad
3050 3672 3318 3731 cumulum
3359 3692 3471 3731 sua:

1903 3768 2241 3837 perfectionis
2289 3769 2684 3835 conﬁcientium
2737 3767 2895 3822 modo
2924 3767 3097 3821 Patris
3122 3766 3223 3821 sibi
3276 3780 3469 3819 nomen

1900 3859 2116 3926 adjecit.
2149 3858 2279 3923 Quis
2307 3868 2486 3913 autem
2520 3869 2569 3913 te
2602 3872 2706 3913 non
2738 3857 2934 3920 videat,
2968 3855 3109 3925 quod
3141 3854 3339 3908 idcirco
3374 3844 3474 3909 1ιοό

1904 3954 2021 4006 loco
2060 3953 2153 4005 illo
2180 3954 2418 4018 Apostoli
2450 3968 2576 4008 usus
2610 3969 2668 4009 es
2696 3953 3019 4015 testimonio,
3075 3960 3134 4005 ut
3159 3952 3279 4018 quia
3309 3952 3471 4005 dixit:

1907 4041 2045 4095 Dens
2065 4052 2118 4096 et
2150 4043 2303 4095 Pater
2325 4042 2533 4096 Domini
2562 4044 2726 4097 nostri
2748 4042 2874 4096 Jesu
2891 4042 3088 4096 Christi
3116 4040 3215 4093 scit
3244 4039 3329 4108 (ΙΙ
3353 4040 3471 4092 Cor.

1908 4143 1967 4193 Il,
1994 4130 2108 4197 3|),
2137 4130 2332 4183 exinde
2360 4140 2411 4183 te
2443 4130 2680 4183 Voluisse
2707 4118 2996 4184 ostendere
3016 4130 3325 4197 dignitatem
3361 4129 3476 4190 Dei,

1908 4221 2227 4274 antecedere
2271 4221 2442 4273 Patris
2467 4219 2748 4273 affectum?
2774 4221 2841 4274 Et
2863 4221 2983 4273 licet
3004 4221 3111 4286 jam
3150 4218 3377 4286 plurima
3413 4219 3479 4273 de

1910 4328 1995 4377 eo,
2026 4312 2166 4380 quod
2198 4327 2341 4366 nunc
2380 4322 2624 4379 repetere
2651 4313 2889 4379 Voluisti,
2920 4314 3167 4381 superius
3196 4313 3338 4367 dicta
3369 4328 3481 4366 nie-

1911 4404 2182 4462 miniinus.
2226 4403 2554 4469 superﬂuum
2608 4406 2819 4459 videtur
2851 4420 2912 4459 ea
2961 4404 3154 4460 iterum
3214 4414 3477 4473 repetere,

1834 4524 1886 4583 Β
1911 4508 2028 4561 quae
2056 4493 2219 4546 semel
2255 4492 2394 4546 dicta
2418 4493 2483 4546 ad
2528 4493 2927 4548 instructionem
2959 4495 3244 4563 legentium
3279 4497 3484 4563 possint

1913 4584 2190 4654 proﬁcere.
2215 4584 2317 4637 Sed
2338 4598 2402 4638 ne
2424 4599 2519 4638 nos
2542 4585 2819 4654 imperitia:
2831 4598 3021 4653 arguas
3037 4585 3304 4653 proposita
3322 4586 3482 4639 decli-

1913 4691 2089 4739 nasse,
2120 4675 2259 4730 seire
2281 4683 2335 4730 te
2357 4678 2606 4730 convenit
2644 4675 2890 4730 eumdem
2915 4675 3213 4740 apostolum
3242 4674 3483 4738 Ephesiis

1910 4768 2361 4828 conscribentem.
2379 4766 2569 4821 Filium
2596 4779 2648 4820 et
2668 4766 2875 4820 Patrem
2894 4765 3135 4834 primitus
3158 4781 3190 4818 n
3231 4756 3509 4828 minasso,'

1913 4868 1967 4912 et
1995 4869 2177 4924 postea
2207 4858 2419 4911 deitatis
2441 4856 2555 4925 i-jus
2578 4856 2891 4910 vocabulum
2926 4856 3221 4911 indidisse:
3253 4856 3485 4917 Gratias,

1916 4950 2109 5016 inquit,
2141 4957 2359 5017 agentes
2405 4962 2619 5015 semper
2648 4962 2742 5015 pro
2774 4946 3020 5000 omnibus
3053 4948 3105 5000 in
3147 4947 3362 4999 nomine
3393 4944 3489 4996 Do-

1918 5040 2045 5095 mini
2078 5041 2245 5094 nostri
2286 5040 2411 5095 Jesu
2441 5039 2659 5103 Christi,
2695 5038 2834 5092 Patri
2864 5046 2918 5091 et
2949 5037 3059 5090 Deo
3090 5035 3313 5100 subjecti
3354 5032 3489 5084 invi-

1916 5144 2034 5184 cem
2061 5129 2113 5183 in
2147 5129 2336 5183 timore
2380 5129 2575 5183 Christi
2609 5126 2823 5197 (Ephes.
2853 5143 2904 5186 v,
2950 5126 3062 5192 ΞΟ).
3095 5124 3227 5177 Cum
3259 5134 3387 5187 ergo
3417 5120 3492 5170 vi-

1917 5223 2047 5277 deas
2100 5222 2410 5290 Apostolum
2466 5218 2752 5287 aliquando
2810 5216 2923 5279 Dei,
2976 5210 3260 5280 aliquando
3312 5209 3484 5262 Patris

1919 5312 2272 5381 appellatione
2331 5311 2574 5380 primitus
2615 5308 2711 5375 uti,
2749 5304 3085 5375 apertiSsime
3131 5300 3287 5353 docet
3324 5295 3491 5350 divini

1924 5402 2239 5471 paternique
2268 5400 2499 5455 nominis
2531 5396 2845 5454 vocabulum
2878 5395 3265 5458 sempiternum
3305 5387 3489 5450 fuisse,

1922 5504 1976 5546 et
2009 5492 2196 5545 Filium
2227 5490 2552 5558 sempiterno
2591 5487 2730 5545 Patri
2766 5480 3251 5547 eonsempiternum
3275 5491 3416 5545 esse,
3437 5484 3494 5531 et

1922 5602 2044 5641 eum
2065 5586 2255 5641 eodem
2277 5584 2475 5654 jugter
2506 5591 2839 5652 permanere.
