3978 6380
568 338 773 441 βω
1094 430 1095 433 γ

1086 468 1317 527 CAPUT
1356 464 1585 529 LXXIII.

514 626 523 631 '
564 618 660 675 Ubi
704 620 925 698 dicunt:
970 620 1141 677 Filius
1175 635 1221 677 et
1241 623 1423 698 fater,
1454 640 1583 698 unus
1624 644 1724 681 non
1750 629 1933 683 dicitur
1965 631 2119 698 Deus,

626 690 714 759 qui
740 701 858 744 ante
882 702 1110 759 tempora
1138 708 1203 747 ea:
1231 692 1407 760 Patre,
1440 712 1502 749 ea:
1534 696 1741 767 Virgine
1771 710 1941 765 postea
1974 690 2122 755 natus

624 769 721 812 est.

623 910 785 982 429
819 910 875 966 Si
904 911 1243 966 tibidixerint
1273 931 1284 965 :
1309 914 1514 980 Quonto
1537 918 1585 970 ὀ
1622 917 1712 985 qui
1736 926 1857 973 ante
1880 928 2116 988 tempora

526 1010 626 1056 'ex
683 1002 838 1056 Patre
880 1011 1053 1066 natus,
1085 1011 1138 1056 et
1181 1018 1244 1056 ex
1288 1004 1507 1073 Virgine
1537 1015 1718 1073 postea
1759 1007 1955 1077 editus,
1986 1024 2106 1063 cum

553 1092 879 1161 sempiterno
904 1100 958 1145 et
983 1092 1217 1161 ingenito
1237 1093 1392 1149 Patre
1416 1109 1549 1151 unus
1571 1097 1672 1151 erit
1700 1097 1874 1152 Dens?

633 1224 931 1293 Responsio.
964 1225 1079 1279 Alia
1103 1234 1187 1280 est
1223 1225 1372 1280 verbi
1417 1192 1623 1293 natura,
1649 1230 1739 1299 qui
1771 1228 2113 1298 impassibilis

550 1327 793 1379 manens,
825 1314 973 1368 nullo
1003 1315 1234 1369 tristitiae
1256 1318 1557 1371 concutitur
1586 1326 1728 1373 metu
1757 1336 1772 1371 :
1801 1328 1855 1373 et
1883 1320 1985 1376 alia
2016 1336 2112 1375 no-

548 1407 642 1458 stri
662 1404 876 1473 generis
897 1404 1095 1469 anima,
1119 1420 1221 1475 qua
1252 1406 1321 1460 de
1350 1406 1525 1472 nobis,
1554 1405 1608 1461 id
1637 1408 1809 1462 estde
1833 1419 2022 1475 matre,
2052 1418 2110 1463 ut

548 1502 839 1570 perlectum
873 1504 1184 1559 ostenderet
1222 1506 1510 1570 hominem,
1538 1509 1813 1577 suscipere
1843 1511 2110 1567 hominem

544 1596 788 1670 dignatus
815 1609 899 1655 est
924 1601 1110 1656 Filius.
1137 1602 1211 1657 De
1235 1618 1337 1673 qua
1354 1604 1515 1657 etiam
1542 1604 1751 1660 dicebat
1776 1623 1791 1660 :
1812 1607 2003 1663 Tristis
2027 1620 2106 1664 est

544 1704 718 1755 anima
751 1718 866 1757 mea
892 1718 1064 1773 usque
1103 1704 1167 1757 ad
1208 1716 1431 1761 mortem
1461 1705 1675 1777 (Matth.
1700 1723 1848 1773 xx",
1877 1709 1990 1783 58).
2043 1714 2106 1768 Et

545 1800 665 1853 ideo
694 1803 924 1869 gemina,
957 1802 1008 1856 id
1046 1810 1127 1856 t-st
1161 1802 1337 1857 divina
1377 1815 1533 1872 atque
1560 1805 1788 1861 humana
1830 1811 2105 1879 nativilas,

549 1941 778 1957 ...Ψ-

1902 2309 2161 2329 -ῃ

1055 2360 1282 2418 CAPUT
1321 2364 1609 2423 PRIMUM.

545 2496 641 2551 Ubi
681 2496 874 2564 dicunt,
925 2496 1149 2571 Patrem,
1199 2508 1248 2552 et
1282 2499 1473 2554 Filium
1515 2512 1561 2555 et
1593 2502 1847 2571 Sp'rimm
1875 2517 2103 2562 sanctum

613 2583 715 2620 non
731 2583 839 2621 esse
861 2583 1015 2621 unum
1036 2567 1198 2623 Deum
1233 2573 1354 2639 quia
1372 2573 1593 2639 propriis
1616 2567 1899 2630 nominibus
1925 2580 2108 2633 distin-

604 2647 848 2704 guuntur.

603 2768 766 2840 E30
811 2769 865 2825 Si
911 2769 1002 2825 tibi
1039 2770 1273 2828 dixerint
1307 2790 1321 2826 :
1354 2774 1485 2841 Quia
1544 2777 1705 2833 Pater
1730 2786 1785 2834 et
1832 2780 1999 2837 Filius
2051 2792 2107 2838 et

537 2858 768 2928 Spiritus
787 2872 1001 2915 sanctus
1017 2861 1087 2917 ob
1116 2863 1216 2917 hoc
1244 2879 1407 2921 unum
1435 2881 1540 2921 non
1563 2879 1708 2933 sunt,
1732 2871 1855 2940 quia
1877 2875 2105 2943 propriis

546 2967 594 3003 ιιι
615 2951 848 3005 minibus
876 2950 1290 3020 distinguuntur.

612 3052 910 3121 Responsio.
944 3052 1001 3108 Si
1043 3054 1112 3108 ob
1144 3053 1245 3110 Itoc
1289 3057 1430 3126 quod
1468 3058 1625 3115 Pater
1650 3060 1813 3130 Deus,
1845 3072 1898 3117 et
1938 3063 2105 3121 Filius

536 3142 690 3197 Jcsns
720 3141 1004 3211 Christus,
1033 3155 1086 3199 et
1110 3144 1342 3214 Spiritus
1370 3158 1586 3205 sanctus
1618 3149 1925 3208 Paracletus
1970 3171 2102 3209 nun-

532 3242 777 3302 cupatur,
796 3249 957 3289 unum
986 3248 1107 3290 esse
1132 3250 1237 3290 non
1267 3247 1526 3304 possunt:
1553 3254 1657 3295 non
1680 3257 1809 3310 ergo
1838 3244 2103 3315 relinque-

532 3331 623 3377 tur
675 3323 830 3389 Filio,
872 3325 955 3380 vel
1005 3320 1225 3394 Spiritui
1255 3336 1460 3394 sancto,
1485 3340 1548 3385 ut
1586 3331 1802 3388 deitatis
1842 3337 2102 3392 vocabulo

532 3423 924 3483 nuncupentur.
955 3414 1014 3469 Si
1043 3416 1112 3468 ita
1142 3424 1247 3481 est,
1274 3416 1362 3471 ubi
1394 3430 1475 3473 est
1504 3420 1654 3489 illud,
1698 3423 1841 3493 quod
1872 3425 1938 3479 de
1967 3425 2101 3480 Filio

529 3504 662 3558 dixit
686 3504 1007 3573 Apostolus?
1036 3504 1272 3572 Quorum
1308 3516 1506 3578 patres,
1538 3526 1603 3565 ex
1632 3514 1824 3582 quibus
1851 3513 2099 3571 Christus

528 3594 819 3647 secundum
856 3608 1094 3659 carnem,
1122 3597 1214 3666 qui
1245 3606 1328 3652 est
1364 3613 1524 3668 super
1542 3604 1726 3656 omnia
1756 3604 1902 3659 Deus
1928 3605 2095 3661 bene-

530 3681 703 3737 dictus
730 3683 784 3736 in
805 3685 1006 3738 sazcula
1038 3684 1213 3754 (Rom.
1250 3701 1323 3752 tx,
1353 3688 1429 3757 5).
1461 3691 1566 3745 Aut
1583 3706 1678 3746 cur
1702 3692 1961 3750 Jecemias
1994 3696 2101 3752 tale
2125 3746 2166 3770 _,

531 3771 609 3824 illi
664 3772 889 3838 prtebuit
920 3774 1321 3841 testimonium,
1357 3786 1415 3830 ut
1441 3791 1563 3833 eum
1612 3781 1817 3839 diceret
1847 3785 2011 3842 Deum
2042 3790 2095 3842 in
2121 3768 2168 3810 υ

531 3872 672 3918 terra
694 3876 813 3917 cum
839 3861 1141 3920 hominibus
1167 3869 1578 3923 conversatum?
1619 3868 1717 3926 llic
1748 3872 1886 3929 Deus
1918 3886 2095 3933 no~tcr

530 3951 722 4020 inquit,
752 3962 804 4007 et
830 3965 935 4007 non
956 3953 1473 4023 applicabitur‘alter
1498 3959 1563 4013 ad
1592 3974 1713 4015 eum
1744 3962 1988 4033 (Bartsch.
2017 3982 2093 4035 ιιι,

527 4042 647 4112 36).
681 4042 746 4097 Et
768 4051 887 4112 post
917 4043 1189 4114 paululum
1214 4043 1393 4100 dixit:
1422 4046 1547 4102 Post
1589 4051 1702 4105 haec
1751 4052 1803 4106 in
1835 4055 1990 4109 terris
2012 4057 2090 4111 vi.

528 4149 621 4190 sus
664 4145 767 4200 est,
818 4143 872 4190 et
899 4149 1019 4192 cum
1052 4135 1356 4192 hominibus
1393 4151 1741 4198 conversatus
1780 4153 1861 4200 est
1906 4145 2091 4218 (1bid.,

527 4226 647 4292 38).
679 4226 743 4281 Et
772 4226 965 4281 iterum
1006 4228 1293 4298 Apostolus
1318 4228 1395 4284 ait
1428 4248 1440 4282 :
1472 4230 1860 4302 Exspectantes
1884 4236 2093 4294 beatam

524 4330 696 4384 spem,
729 4326 784 4373 et
809 4318 1095 4374 adventum
1138 4321 1320 4389 gloriae
1340 4323 1512 4391 magni
1538 4324 1656 4391 Dei,
1682 4325 1972 4384 Salvatoris
1993 4344 2092 4385 no-

525 4404 624 4459 stri
650 4404 776 4459 Iesu
798 4404 995 4460 Christi
1021 4407 1150 4477 (Tit.
1185 4423 1245 4473 tt,
1274 4410 1384 4478 l3).
1415 4410 1470 4465 Si
1502 4426 1629 4480 ergo
1654 4413 1813 4471 Pater
1841 4416 1979 4472 Deus
2004 4419 2091 4474 di-

525 4492 682 4558 citur,
707 4503 761 4549 et
788 4494 954 4551 Filius
981 4495 1170 4551 eodem
1198 4506 1281 4552 est
1306 4500 1565 4554 vocabulo
1586 4515 1934 4573 nuncupatus,
1960 4523 2094 4578 quo-

526 4582 688 4637 modo
726 4597 831 4639 non
863 4600 1023 4640 unum
1064 4601 1261 4643 nomen
1304 4598 1389 4644 est
1420 4589 1595 4648 Patris
1637 4605 1691 4651 et
1719 4597 1861 4665 Filii,
1894 4601 1983 4669 qui
2025 4602 2094 4655 ab

525 4675 750 4729 invicem
784 4676 835 4730 in
860 4676 972 4745 ipsa
1009 4678 1660 4752 deitatistnuncupatione
1708 4702 1814 4743 non
1838 4700 1962 4744 sunt
2006 4692 2091 4746 di-

525 4764 661 4819 visi?
684 4765 910 4834 Spiritus
935 4768 1079 4824 enim
1107 4780 1323 4826 sanctus
1347 4773 1416 4828 ab
1445 4774 1546 4828 hoc
1574 4775 1786 4832 deitatis
1833 4780 2094 4837 vocabulo

523 4854 731 4910 alienus
750 4866 863 4911 non
891 4871 1012 4913 esse
1043 4869 1389 4932 monstratur,
1412 4878 1533 4918 cum
1574 4865 1643 4921 ab
1683 4869 1926 4936 apostolo
1954 4871 2093 4928 Deus

470 4978 473 4983 α
523 4956 579 5003 et
605 4947 863 5004 Dominus
886 4949 1044 5021 ᾔει
1074 4950 1214 5006 idem
1244 4952 1474 5023 Spiritus
1499 4967 1716 5013 sanctus
1742 4960 2041 5030 appellatur
2074 4982 2087 5020 :

452 5052 459 5095 η
522 5038 755 5109 Spiritus
802 5038 943 5095 Deus
992 5048 1097 5106 est,
1144 5042 1312 5112 inquit
1363 5044 1541 5114 (Joan.
1576 5063 1653 5115 tv,
1687 5049 1800 5121 24).
1840 5051 2004 5109 Filius
2033 5055 2083 5109 in

1692 346 1695 347 ⁷
1811 364 2049 427 'VtctLtt
2089 364 2454 441 TAPSENSIS

2146 489 2195 547 Α
2226 481 2494 537 diversum
2533 499 2561 537 a
2591 485 2747 541 Patre
2794 486 2983 542 Filium
3028 506 3133 545 non
3161 495 3423 561 probavit,
3451 498 3706 565 quoniam
3734 501 3787 553 in

2165 2313 2474 2336 ᾗ

3694 388 3797 448 ιω

2227 570 2321 625 illo
2357 586 2420 625 ex
2464 584 2697 641 paterna:
2728 586 2927 631 natura:
2955 584 3248 635 substantia
3272 593 3512 653 quantus
3532 597 3617 639 est
3652 603 3799 643 man-

2226 662 2318 725 sit,
2346 670 2400 714 et
2429 661 2483 715 in
2515 662 2615 718 hac
2655 678 2756 728 qua
2803 666 2870 721 de
2904 668 3119 738 Virgine
3151 682 3331 738 postea
3361 683 3447 727 est
3474 673 3655 728 editus
3683 690 3787 729 non

2224 749 2600 819 mutavit,ipso
2625 751 2678 805 in
2710 752 3000 824 Evangello
3026 765 3353 825 protestantc
3376 778 3391 812 :
3429 760 3540 829 Ego
3568 772 3624 814 et
3642 740 3793 817 Pa'ter

2225 852 2386 893 unum
2418 854 2600 895 sumus
2630 838 2807 913 (Joan.
2837 862 2889 909 x,
2922 848 3046 917 30);
3071 858 3153 915 et,
3177 849 3294 904 Sint
3334 852 3388 905 in
3422 852 3579 905 nobis
3611 870 3795 919 unum,

2223 928 2368 982 sicut
2392 944 2576 986 sumus
2598 941 2649 987 tu
2673 932 2726 987 in
2759 950 2865 998 tne,
2910 945 2962 991 et
2982 952 3086 1007 ego
3132 940 3184 993 in
3232 950 3284 994 te
3310 939 3492 1009 (Joan.
3526 942 3791 1010 xvttﬁt).

2226 1017 2360 1073 Nam
2395 1021 2522 1076 illud
2547 1026 2688 1092 quod
2716 1026 2789 1080 ait
2817 1043 2832 1081 :
2872 1028 3196 1085 Potestatem
3223 1030 3391 1085 habeo
3415 1033 3655 1100 ponendi
3683 1036 3793 1086 ani-

2224 1124 2363 1163 mam
2400 1127 2593 1179 meam,
2630 1126 2683 1171 et
2724 1128 3038 1186 potestatem
3088 1122 3257 1178 habeo
3307 1124 3499 1179 iterum
3551 1127 3792 1181 sumendi

2217 1212 2335 1253 eam
2364 1199 2541 1270 (Joan.
2572 1221 2625 1271 ι,
2654 1209 2762 1276 18),
2784 1208 3044 1264 divinitati
3069 1212 3185 1280 ejus
3205 1213 3790 1285 omnimodocongruit,

2216 1293 2470 1357 quoniam
2521 1299 2693 1352 nullus
2732 1301 2930 1370 absque
2959 1302 3079 1371 ejus
3104 1302 3384 1359 divinitate
3418 1308 3692 1374 reperitur
3716 1308 3789 1360 lo-

2216 1394 2313 1433 cus
2338 1383 2425 1438 ubi
2463 1386 2530 1438 ab
2577 1385 2669 1440 illo
2706 1388 2899 1444 debeat
2929 1393 3072 1459 poni,
3107 1392 3188 1448 vel
3216 1394 3358 1449 unde
3388 1396 3563 1464 possit
3604 1397 3790 1450 iterum

2213 1469 2389 1542 sumi.
2422 1472 2711 1544 Ingenitum
2737 1478 2874 1533 sicut
2907 1481 3061 1535 Pater
3082 1494 3163 1535 cst
3191 1483 3378 1538 Filium
3402 1500 3509 1538 non
3547 1485 3787 1551 fatemur,

2226 1560 2475 1625 quoniam
2507 1563 2552 1617 si
2583 1566 2719 1621 sicut
2748 1568 2903 1624 Pater
2929 1571 3192 1640 ingenitus
3217 1587 3319 1638 est,
3352 1575 3624 1643 ingenitus
3652 1576 3785 1631 ἀίεις

2219 1655 2307 1705 tur
2327 1657 2381 1701 et
2407 1650 2589 1718 Filius,
2617 1664 2741 1710 tunc
2760 1661 2925 1727 magis
2955 1676 3116 1716 unum
3143 1678 3263 1717 esse
3286 1679 3391 1718 non
3417 1666 3625 1734 possint
3642 1685 3655 1718 :
3672 1668 3785 1735 quia

2222 1740 2590 1809 unusquisque
2615 1744 2665 1796 in
2681 1748 2889 1815 propria
2917 1760 3099 1804 natura
3120 1753 3440 1819 consistens,
3466 1760 3783 1811 communio-

2214 1839 2333 1879 nrm
2363 1828 2669 1886 substantia:
2696 1850 2814 1890 cum
2835 1837 3005 1893 altero
3027 1856 3130 1894 non
3162 1840 3399 1897 haberet.

2844 2395 3063 2452 CAPUT
3104 2398 3166 2452 Il.

2210 2514 2307 2570 Ubi
2345 2519 2531 2574 dicitur
2566 2538 2586 2575 :
2615 2521 2740 2577 Cum
2765 2524 2957 2593 abiero,
3006 2529 3199 2583 mittant
3267 2529 3405 2583 vobis
3439 2529 3767 2587 Paracldum.

2284 2652 2341 2708 Si
2377 2655 2468 2711 tibi
2504 2657 2572 2713 de
2601 2658 2831 2728 Spiritus
2870 2664 3037 2718 sancti
3090 2680 3313 2732 persona
3345 2668 3617 2734 dixerint,
3642 2673 3768 2739 quod

2194 2744 2321 2812 ipse
2350 2747 2601 2803 Dominus
2643 2752 2734 2806 Dei
2771 2752 2930 2808 Filius
2958 2756 3186 2812 dixerit:
3223 2758 3358 2813 Cum
3407 2761 3615 2827 abiero,
3660 2764 3767 2816 mit-

2207 2844 2311 2890 tam
2334 2838 2495 2894 vobis
2527 2840 2860 2898 Paracletutn
2886 2846 3136 2914 Spiritum
3168 2848 3422 2914 veritatis,
3451 2862 3505 2905 et
3526 2853 3642 2920 ipse
3671 2868 3758 2907 vos

2204 2926 2416 2984 docebit
2465 2947 2679 2987 omnem
2733 2936 3005 2992 veritatem
3055 2936 3232 3007 (Joan.
3291 2955 3391 3007 xv,
3440 2940 3555 3007 26;
3624 2942 3765 2997 Im.

2204 3034 2315 3086 xvt,
2344 3021 2452 3091 15).

2280 3114 2578 3186 Responsio.
2628 3118 2757 3194 ‘lpse
2804 3129 2855 3194 te
2895 3122 3104 3177 divinus
3144 3124 3276 3179 ordo
3301 3123 3570 3181 dictorum
3601 3128 3766 3181 debuit

2204 3203 2432 3260 educere
2445 3208 2585 3276 quod
2616 3192 2851 3278 perﬁdia:
2877 3227 3060 3268 errore
3084 3224 3333 3278 creatus,
3355 3230 3460 3269 non
3494 3218 3759 3285 permitte-

2206 3296 2281 3351 ris
2308 3311 2499 3352 serena
2546 3301 2737 3354 mentis
2767 3303 3059 3358 intentione
3089 3306 3396 3375 prospicere
3421 3324 3435 3359 :
3465 3308 3608 3376 quod
3637 3312 3763 3361 enim

2205 3392 2308 3438 tam
2334 3387 2495 3454 pium,
2524 3396 2740 3459 tantque
2765 3393 3087 3447 conveniens
3114 3396 3294 3461 generi
3329 3396 3566 3451 humano
3596 3398 3759 3452 subsi-

2204 3477 2347 3531 dium
2395 3480 2645 3536 divinitas
2693 3487 2863 3551 pomit
2917 3502 3227 3556 procurare,
3272 3504 3430 3558 quam
3477 3500 3534 3543 ut
3574 3493 3620 3543 is
3679 3491 3759 3559 qui

2202 3570 2435 3638 seipsutn
2463 3578 2739 3629 veritatem
2762 3591 2883 3631 esse
2906 3578 3165 3646 praedixit,
3191 3580 3446 3648 Spiritum
3471 3582 3634 3637 etiam
3654 3597 3761 3634 san-

2202 3670 2345 3718 ctum
2368 3667 2643 3724 veritatem
2681 3683 2801 3725 esse
2827 3684 2922 3725 sua
2955 3670 3655 3743 pradicaﬁon‘e-sign'avetit
3674 3676 3695 3727 ἲ
3713 3674 3759 3727 in

2202 3768 2309 3822 quo
2352 3756 2396 3810 si
2442 3760 2734 3815 secundum
2767 3775 2863 3815 vos
2898 3765 3098 3819 veritas
3136 3779 3242 3818 non
3274 3764 3479 3828 luisset,
3524 3768 3607 3821 vel
3637 3765 3757 3819 infc-

2201 3844 2397 3900 riorem
2423 3862 2451 3900 a
2478 3849 2611 3904 Filio
2626 3852 2973 3907 substantiam
3005 3855 3322 3923 possideret,
3347 3857 3574 3909 veniens
3592 3858 3756 3926 utique

2199 3948 2416 3991 omnem
2445 3938 2720 3995 veritatem
2750 3942 3039 4011 discipulos
3079 3958 3185 3998 non
3212 3945 3453 3999 doceret.
3508 3945 3617 4001 Sed
3647 3949 3753 4016 quia

2198 4039 2306 4079 una
2343 4036 2426 4082 est
2454 4029 2625 4084 deitas
2652 4041 2707 4086 et
2737 4034 2968 4102 potentia
3001 4036 3052 4089 in
3104 4037 3373 4105 utrisque,
3406 4035 3611 4095 idcirco
3647 4052 3753 4107 qua

2200 4112 2368 4169 Filius
2396 4115 2570 4181 docet,
2603 4134 2666 4174 ea
2698 4120 2809 4189 ipse
2838 4133 2893 4176 et
2918 4124 3150 4191 Spiritus
3171 4129 3413 4184 noscitur
3429 4130 3673 4189 edocere,
3701 4136 3750 4180 et

2186 4202 2253 4257 in
2295 4204 2395 4261 hoc
2420 4205 2644 4274 Spiritus
2670 4223 2889 4265 sanctus
2919 4214 3140 4270 inferior
3171 4217 3306 4273 Filio
3334 4236 3439 4274 non
3468 4230 3745 4290 potestap-

2197 4294 2404 4360 pellari,
2429 4297 2518 4351 vel
2557 4298 2662 4353 dici
2686 4317 2701 4351 :
2732 4303 2981 4369 quoniam
3014 4305 3151 4359 sicut
3179 4306 3292 4375 ipse
3314 4307 3575 4376 Spiritum
3603 4307 3748 4362 disci.

2196 4385 2335 4453 pulis
2364 4388 2535 4453 misit,
2565 4388 2636 4443 ita
2682 4406 2741 4446 se
2775 4407 2803 4445 a
2825 4392 3023 4459 Spiritu
3054 4407 3238 4451 sant-to
3267 4399 3489 4453 missum
3526 4399 3734 4466 prophe-

2197 4476 2300 4531 tica
2347 4479 2745 4535 annuntiatione
2777 4482 3085 4551 prmdocuit,
3134 4486 3252 4554 ipso
3303 4487 3434 4541 Isaia
3466 4488 3742 4558 loquente:

2194 4566 2425 4634 Spiritus
2465 4568 2668 4623 Domini
2697 4587 2859 4641 super
2887 4588 2992 4638 me,
3034 4588 3249 4645 propter
3291 4578 3435 4647 quod
3466 4581 3618 4634 unxit
3646 4593 3739 4641 me,

2195 4659 2560 4728 evangelium
2584 4662 2903 4733 pauperibus
2926 4665 3067 4720 misit
3093 4681 3197 4733 me,
3230 4668 3528 4736 praedicare
3548 4669 3744 4739 captivis

2195 4748 2586 4815 remissionem,
2626 4761 2681 4807 et
2712 4753 2870 4809 caecis
2910 4756 3078 4810 visum
3110 4757 3261 4828 (luti.
3295 4776 3402 4823 ut,
3437 4761 3514 4829 Ι),
3550 4771 3654 4816 etc.
3684 4759 3744 4813 Et

2196 4837 2531 4909 Evangelista
2573 4841 2642 4894 ita
2670 4842 2738 4897 de
2765 4858 2831 4897 eo
2868 4847 3146 4900 annuntiat
3174 4866 3185 4899 :
3245 4849 3361 4916 Ipse
3390 4866 3573 4906 autem
3603 4850 3737 4906 lesus

2193 4928 2305 4981 ait:
2344 4930 2638 5001 Regressus
2676 4944 2761 4988 est
2807 4934 2861 4989 in
2902 4937 3096 4993 virtute
3126 4938 3356 5006 Spiritus
3395 4941 3448 4995 in
3492 4941 3741 4997 Galilaeam

2192 5019 2347 5090 (Luc.
2388 5038 2465 5087 tv,
2512 5024 2623 5091 l4).
2653 5025 2755 5091 Qui
2792 5026 2843 5081 in
2878 5027 3075 5095 Spiritu
3120 5031 3455 5100 regrediens,
3506 5036 3740 5088 virtutum

521 5094 810 5200 εξοεηεριίο
836 5130 1003 5186 dim:
1029 5094 1182 5199 ρίιοά
1212 5094 1394 5189 ξηιυώ
1413 5147 1495 5191 εει
1518 5138 1587 5193 de
1614 5094 1796 5209 clm“;
1827 5158 1959 5198 eam
1978 5156 2083 5213 es"
2120 5094 2167 5153 ι)
2389 5114 2692 5213 exercebat.
2726 5115 3031 5173 inferiorem
3058 5135 3088 5174 a
3120 5135 3182 5177 se
3214 5120 3476 5190 Spiritum
3513 5135 3736 5179 sanctum

520 5224 640 5291 quia
669 5222 737 5278 de
766 5237 929 5278 carne
952 5233 1129 5277 natum
1160 5233 1244 5279 est
1275 5243 1289 5279 :
1317 5236 1370 5281 et
1394 5229 1535 5297 quod
1567 5241 1745 5286 natum
1768 5242 1851 5288 est
1869 5234 1937 5290 de
1965 5236 2077 5304 Spt-

440 5296 443 5315 ²
520 5315 647 5379 rittt,
673 5313 891 5395 spiritus
914 5325 1014 5380 est,
1044 5314 1169 5384 quia
1187 5314 1326 5371 Deus
1346 5315 1573 5386 Spiritus
1593 5330 1676 5376 est
1702 5321 1883 5391 (Joan.
1905 5340 1982 5391 ιιι,
2001 5296 2083 5395 ti).

522 5394 800 5477 Superilue
844 5408 1003 5478 igitur
1031 5408 1239 5464 voluisti
1270 5414 1571 5467 communia
1609 5416 1823 5470 nomina
1880 5394 2089 5473 unicui-

520 5511 624 5567 que
635 5512 874 5567 personze
893 5501 1108 5569 speciali
1130 5502 1357 5572 quadam
1368 5501 1741 5562 distributione
1756 5509 2086 5574 partiri,cum

522 5586 862 5657 inseparabili
911 5591 1281 5659 appellationis
1336 5607 1535 5663 genere
1587 5607 1755 5650 sacras
1811 5595 2089 5651 Trinitatis

522 5689 754 5744 congrue
781 5692 1126 5751 superuarum
1157 5696 1367 5752 quoque
1389 5684 1645 5740 virtutum
1669 5686 1935 5756 prteconia
1964 5702 2089 5743 con-

526 5773 802 5822 leuantur.

2194 5200 2356 5257 luisse
2382 5205 2697 5259 annuntiare
2725 5221 2828 5260 non
2849 5218 3051 5276 potest.

2801 5318 3027 5375 CAPUT
3069 5321 3153 5375 IlI.

2271 5426 2369 5480 Ubi
2396 5427 2583 5482 dicitur
2607 5445 2626 5484 :
2653 5429 2762 5501 Ego
2797 5430 3042 5515 Dominus
3060 5434 3283 5516 ﬁrmans
3312 5438 3616 5504 tonitruum,
3644 5448 3684 5491 rt

2746 5517 2921 5553 creans
2948 5514 3202 5568 sumtum.

2264 5605 2425 5677 432
2446 5607 2502 5661 Si
2526 5608 2617 5663 tibi
2647 5612 3013 5679 propheticum
3053 5612 3351 5680 objecerint
3378 5619 3737 5680 testimonium,

2194 5709 2300 5763 quo
2326 5695 2522 5751 dictum
2549 5707 2657 5753 est:
2694 5699 2804 5763 Ego
2829 5701 3084 5762 Dominus
3115 5704 3332 5761 ﬁrmans
3356 5708 3657 5772 tonitruum,
3698 5714 3736 5763 α

2190 5799 2383 5841 creans
2400 5788 2641 5857 spiritum
2678 5792 2875 5858 (Amos.
2913 5809 2982 5859 tv,
3020 5794 3128 5862 15).
