3978 6380
200 418 294 476 101

1310 414 1579 470 CONTIH
1619 412 1832 469 VARIM
1861 412 2026 469 iDUM
2067 412 2192 469 LIB.
2237 412 2295 469 ll.

3313 417 3419 475 ‘02

268 528 565 598 Responsio.
613 527 870 597 Ptoplteta
924 526 1037 581 huic
1078 525 1283 593 dicens,
1330 542 1437 581 non
1487 527 1744 596 Spiritum
1776 527 1823 583 Δ
1849 525 2158 593 subjicietur
2183 528 2388 591 alienae,
2423 526 2577 582 Petro
2607 528 2852 596 apostolo
2879 525 3179 583 affirmante
3209 544 3223 583 :
3263 529 3415 585 Nun-

197 630 433 675 sanctum
461 629 761 673 creaturam
822 616 1065 671 ostendit
1097 631 1236 679 esse,
1270 618 1363 671 sed
1395 628 1629 681 ventum,
1661 618 1751 686 qui

196 713 245 765 in
273 708 631 781 commotione
675 708 815 761 aeris
863 707 1057 775 saepius
1100 707 1362 770 exoritur,
1403 722 1561 777 quem
1591 707 1751 761 etiam

196 800 393 869 fulgura
414 808 468 853 et
490 798 718 853 tonitrua
746 798 1052 865 praecedere
1063 798 1501 867 comprobantur,
1521 798 1751 853 Ieremia

193 893 402 946 dicente
427 908 443 943 :
472 890 702 959 Spiritus
732 890 785 944 in
811 889 953 943 omni
983 892 1201 959 regione
1226 889 1401 959 spirat
1420 890 1472 943 in
1498 890 1751 957 nubibus,

193 983 274 1037 cui
327 997 449 1036 cum
501 983 816 1049 imperatum
858 980 1014 1035 fuerit
1059 980 1427 1048 perambulare
1469 995 1563 1049 per
1584 988 1755 1035 totum

192 1074 398 1137 orbem,
443 1073 649 1142 perficit
672 1071 812 1140 quod
861 1074 1174 1140 imperatum
1205 1080 1309 1135 est,
1350 1071 1557 1140 fulgura
1590 1072 1753 1126 etiam

191 1166 422 1233 desuper
474 1165 656 1231 missa,
705 1173 765 1217 ut
807 1164 1123 1217 comburunt
1188 1172 1399 1219 montes
1460 1171 1517 1218 et
1568 1162 1752 1230 silvas,

192 1258 391 1312 faciunt
443 1257 582 1327 quod
640 1266 961 1326 prazceptunt
1032 1265 1116 1313 est
1187 1255 1438 1325 (Boruch.
1494 1269 1588 1322 vt,
1637 1255 1750 1323 60).

192 1350 316 1404 Haec
346 1360 519 1403 autem
546 1363 717 1418 neque
744 1350 797 1403 in
827 1350 1025 1417 specie,
1056 1365 1227 1419 neque
1256 1350 1307 1404 in
1337 1350 1534 1404 virtute
1565 1349 1639 1404 illi
1661 1348 1753 1403 uni

189 1439 445 1506 similant,
480 1439 618 1494 unde
655 1454 825 1509 neque
876 1439 1286 1494 existimandum
1333 1448 1436 1505 est,
1477 1452 1650 1509 neque
1676 1438 1755 1492 di-

188 1532 417 1587 cendum
448 1541 534 1588 est
568 1532 687 1587 illos
710 1531 864 1600 deos,
894 1548 1014 1588 cum
1048 1549 1152 1587 non
1181 1534 1387 1602 possint
1415 1548 1586 1603 neque
1618 1534 1757 1602 judi-

187 1625 605 1694 ciumjudicare,
631 1638 804 1694 neque
820 1624 1123 1679 hominibus
1146 1625 1480 1691 benefacere,
1503 1626 1624 1695 quia
1646 1640 1753 1680 non

187 1723 314 1768 sunt
337 1715 430 1769 dii.
480 1714 547 1769 Et
575 1716 627 1768 in
660 1714 969 1771 Ezechiele:
1001 1716 1126 1772 Ilaec
1146 1716 1271 1772 dicit
1302 1718 1581 1771 Dominus:
1604 1715 1755 1772 Indu-

186 1820 307 1858 cam
350 1806 596 1874 spiritum
644 1805 987 1861 extollentem
1040 1821 1162 1861 cum
1210 1807 1480 1863 iracundia
1514 1821 1650 1872 mea,
1698 1807 1750 1861 iu

186 1896 645 1951 consummatione
676 1897 913 1965 peribitis
944 1894 1073 1971 vos,
1093 1907 1147 1953 et
1172 1914 1331 1968 quem
1372 1898 1636 1953 unxistis:
1671 1913 1757 1954 re-
1786 1874 1832 1934 Β

186 1986 506 2041 velabuntur
534 1984 873 2041 fundamenta
899 1987 1032 2057 ejus,
1061 1997 1115 2043 et
1136 1999 1390 2043 corruent
1406 1988 1621 2060 (Eucti.
1637 2004 1753 2055 xut,

189 2078 303 2147 15).
330 2079 393 2132 Et
418 2078 582 2133 Ionas
615 2079 909 2150 propheta:
943 2079 1009 2134 Et
1031 2080 1570 2136 Dominussuscitavit
1596 2080 1756 2151 spiri-

186 2178 302 2222 tum
348 2169 399 2223 in
430 2170 586 2235 mari,
608 2178 662 2224 et
698 2171 832 2224 facta
858 2180 941 2225 est
978 2179 1264 2237 tempestas
1290 2186 1482 2241 magna
1507 2172 1561 2226 in
1590 2172 1748 2237 mari,

186 2259 260 2312 ita
297 2268 353 2313 ιιι
410 2259 561 2313 navis
609 2259 905 2327 operiretur
941 2260 1188 2315 ﬂuctibus
1237 2260 1385 2330 (Ion.
1432 2278 1472 2327 ι,
1513 2262 1590 2330 ι).
1622 2262 1751 2317 Item

185 2349 258 2403 ihi
286 2369 303 2406 :
336 2352 402 2406 Et
419 2352 610 2408 factunt
640 2354 691 2407 in
708 2354 941 2409 crastino
963 2356 1169 2409 oriente
1192 2356 1326 2418 sole,
1350 2355 1756 2425 pratcepitDeus

184 2441 398 2509 spiritui
431 2444 675 2507 ustionis,
702 2452 757 2497 et
782 2443 1042 2512 percussit
1072 2444 1151 2497 sol
1178 2458 1340 2511 super
1391 2453 1549 2513 caput
1582 2444 1755 2509 Jonm,

182 2538 242 2582 et
268 2530 537 2584 mstnabat
566 2528 712 2600 (Ion.
760 2546 834 2594 tv,
863 2533 943 2599 8).
992 2533 1119 2585 Item
1147 2534 1200 2585 in
1238 2531 1508 2587 Psalmis:
1542 2532 1598 2586 In
1634 2532 1761 2601 Spi-

183 2618 296 2671 ritu
318 2618 551 2673 violento
577 2630 823 2675 conteres
853 2635 1014 2675 naves
1041 2620 1259 2676 Tharsis
1287 2621 1460 2691 (Psat.
1494 2637 1654 2689 mu,
1674 2624 1755 2693 8).

182 2706 321 2761 Item
350 2707 422 2762 ibi
464 2725 477 2761 :
512 2708 662 2763 Pluet
703 2724 865 2778 super
891 2719 1197 2781 peccatores
1232 2710 1451 2781 laqueos
1483 2711 1622 2782 ignis
1656 2729 1669 2765 :
1702 2722 1758 2768 et

181 2796 418 2865 Spiritus
466 2792 713 2865 procellae
742 2814 862 2869 pars
905 2800 1085 2854 ealicis
1116 2816 1324 2855 eorum.
1364 2801 1539 2873 (Psat.
1586 2819 1639 2867 x,
1669 2804 1748 2873 7).

182 2886 321 2940 Item
365 2887 473 2941 ibi:
505 2888 698 2943 Statuit
723 2890 945 2959 spiritus
969 2892 1239 2960 procellae,
1279 2902 1333 2948 et
1358 2894 1576 2949 exaltati
1616 2905 1745 2950 sunt

183 2977 381 3030 ﬂuctus
400 2976 513 3045 ejus
540 2976 710 3047 (Psal.
743 2993 855 3045 CVI,
873 2978 988 3048 25).
1017 2978 1146 3043 Item
1198 2981 1271 3035 ibi
1295 2998 1310 3034 :
1341 2981 1502 3051 Ignis,
1522 2984 1753 3053 grando,

183 3064 302 3129 nix,
343 3064 560 3134 glacies,
588 3066 808 3137 spiritus
842 3068 1107 3137 procellaz,
1137 3086 1256 3141 qua:
1296 3070 1501 3127 faciunt
1533 3075 1753 3129 verbum

182 3155 305 3223 ejus
328 3155 499 3225 (Ptol.
533 3172 752 3223 CXLVIII,
788 3158 869 3232 8).
914 3161 1045 3215 Nam
1069 3162 1192 3233 quia
1221 3173 1431 3219 creator
1454 3173 1538 3220 est
1566 3175 1620 3222 et
1647 3182 1754 3221 non

1854 628 2012 680 quam
2041 613 2268 669 humana
2298 615 2591 680 voluntate,
2623 617 2814 687 inquit,
2847 616 3122 686 prophetia
3148 617 3308 677 allata
3336 628 3422 674 est

1852 702 2170 770 aliquando,
2212 705 2307 760 sed
2333 720 2364 760 a
2392 705 2590 774 Spiritu
2620 715 2806 760 sancto
2833 707 3019 775 repleti
3070 707 3421 777 loquebantur

1854 794 2096 850 homines
2118 794 2203 861 (11
2229 795 2343 851 Pet.
2374 813 2411 861 I,
2431 798 2545 867 2|).
2603 797 2671 851 Et
2696 798 2747 851 in
2772 798 3055 853 Salomone
3080 815 3090 849 :
3118 798 3233 851 Non
3260 807 3343 852 est
3367 800 3420 852 in

1854 883 2367 955 hominispotestato
2383 887 2602 954 spiritus
2622 896 2679 941 ut
2705 888 2971 956 prohiberi
2995 887 3180 955 possit.
3198 887 3295 942 sed
3323 903 3423 942 nec

1852 972 2133 1038 subjicitur
2161 974 2263 1040 illi,
2294 977 2541 1044 quoniam
2585 980 2824 1035 mortalis
2858 988 2941 1035 est
2978 979 3169 1046 (Eccli.
3201 996 3311 1042 vut,
3338 981 3416 1048 8).

1858 1060 1925 1114 Et
1946 1062 1998 1114 in
2024 1061 2448 1118 Macbabteorum
2471 1080 2486 1117 :
2507 1065 2786 1121 Eliodorus
2806 1078 2983 1121 autem
3005 1068 3144 1137 quod
3167 1077 3426 1123 statuerat

1855 1150 2162 1219 perficiebat
2197 1151 2385 1207 eodem
2438 1153 2556 1208 loco
2605 1169 2725 1208 cum
2769 1156 3085 1211 satellitibus
3130 1157 3241 1211 suis
3285 1158 3424 1210 circa

1853 1238 2098 1292 aerarium
2125 1254 2383 1308 prmeens,
2413 1240 2506 1295 sed
2532 1242 2764 1310 Spiritus
2790 1245 3149 1314 omnipotens,
3173 1254 3227 1299 et
3253 1248 3425 1300 omnis

1857 1330 2130 1395 potestatis
2167 1344 2410 1399 magnam
2442 1331 2569 1387 fecit
2607 1335 2938 1390 ascensionis
2975 1337 3295 1391 evidentiam
3339 1336 3423 1408 (Il

1856 1416 2029 1471 Maeli.
2063 1434 2141 1481 ιιι,
2168 1418 2281 1488 23).
2319 1420 2376 1477 Si
2406 1420 2549 1475 enim
2578 1436 2729 1476 mens
2758 1433 2931 1477 vestra
2966 1426 3201 1480 interiori
3230 1427 3429 1481 lumine

1854 1507 2194 1576 Iustraretur,
2226 1525 2495 1580 nunquam
2536 1527 2568 1565 a
2598 1512 2750 1567 vobis
2778 1512 2846 1569 de
2870 1515 3101 1583 Spiritus
3129 1518 3297 1573 sancti
3338 1534 3429 1587 ρος

1854 1601 2018 1657 tentia
2049 1602 2168 1656 talia
2208 1601 2573 1673 proferrentur
2605 1620 2620 1659 :
2646 1605 2893 1674 quoniam
2922 1608 3008 1675 qui
3038 1608 3341 1677 prephetas,
3371 1619 3429 1664 ut

1856 1706 2079 1751 ventura
2129 1697 2510 1767 prmdiearent,
2567 1698 2766 1755 virtute
2818 1700 3030 1771 propria
3086 1701 3428 1772 adimplevit,

1856 1790 2129 1860 prophetis
2158 1788 2339 1861 utique
2363 1790 2634 1860 subjectus
2657 1806 2777 1847 esse
2807 1807 2911 1846 non
2944 1794 3134 1863 potuit.

2481 1900 2705 1955 CAPUT
2746 1900 2810 1954 V.

1862 1987 1959 2043 Ubi
1988 1988 2189 2056 dicunt,
2217 1989 2471 2059 Spiritum
2496 2000 2727 2061 sanetum
2758 1991 2811 2043 in
2842 1994 3205 2061 perscrutanda
3241 1995 3431 2048 nescire

2454 2076 2566 2130 quis
2594 2058 2689 2113 Dei
2720 2061 2839 2115 sint.

1922 2147 2087 2220 434
2121 2148 2177 2205 Si
2206 2149 2298 2205 tibi
2328 2149 2561 2204 dixerint
2595 2165 2611 2204 :
2654 2150 2777 2206 Ideo
2803 2151 3031 2220 Spiritus
3065 2162 3281 2209 sanctus
3311 2169 3432 2223 per-

1855 2248 2119 2292 scrutatur
2142 2254 2333 2294 arcana
2354 2283 2369 2304 ,
2405 2242 2527 2311 quia
2555 2241 2698 2312 quod
2727 2251 2931 2297 certum
2964 2254 3045 2299 est
3077 2246 3304 2313 nesciat,
3335 2248 3431 2303 sed

1856 2328 1996 2396 quod
2027 2328 2203 2384 minus
2228 2332 2397 2395 novit,
2424 2334 2715 2388 scrutando
2740 2350 2899 2390 nosse
2924 2336 3213 2393 desiderat.

1930 2417 2231 2487 Responsio.
2275 2420 2506 2489 Spiritus
2542 2433 2760 2479 sanctus
2800 2424 2852 2479 in
2891 2426 3290 2494 perscrutandis
3317 2444 3436 2497 qua:

1860 2509 1953 2564 Dei
1984 2520 2139 2574 sunt,
2169 2511 2310 2565 Patri
2342 2514 2424 2567 vi-l
2458 2512 2593 2568 Filio
2623 2514 2845 2571 inferior
2874 2532 2980 2570 non
3012 2517 3284 2587 probatur,
3314 2518 3435 2587 quia

1858 2607 1914 2652 et
1942 2599 2053 2666 ipsa
2079 2600 2333 2655 divinitas
2359 2602 2484 2656 dum
2512 2619 2575 2658 ea
2604 2619 2723 2674 quas
2750 2616 2874 2660 sunt
2895 2605 3125 2676 Spiritus
3150 2609 3231 2663 sui
3282 2624 3433 2663 scru-

1862 2698 2021 2753 tatur,
2053 2707 2081 2744 a
2117 2693 2265 2747 nullo
2294 2691 2719 2750 Christianorum
2753 2696 2980 2752 inferior
3003 2707 3189 2755 sancto
3214 2698 3437 2769 Spiritui

1856 2780 2157 2849 judicatur,
2188 2783 2453 2852 Propheta
2490 2784 2701 2841 dicente
2743 2804 2759 2842 :
2803 2787 3087 2843 Meditatus
3131 2805 3250 2844 sum
3282 2798 3440 2845 nocte

1858 2884 1979 2923 cum
2012 2873 2176 2927 corde
2207 2888 2363 2940 meo,
2396 2876 2756 2931 exercitabam
2786 2886 2841 2932 et
2882 2881 3257 2949 perscrutabar
3285 2881 3440 2949 spiri-

1858 2967 1969 3012 tum
1996 2976 2171 3013 meum
2199 2961 2371 3029 (Psal.
2398 2978 2576 3027 LxxVI,
2597 2964 2677 3034 7).
2711 2964 2778 3019 Et
2807 2966 3091 3034 Apostolus
3116 2984 3130 3021 :
3154 2968 3321 3023 Nemo
3341 2970 3440 3023 scit

1857 3062 1976 3115 qua:
2015 3058 2141 3103 sunt
2178 3048 2408 3103 hominis
2452 3050 2555 3105 nisi
2595 3052 2815 3121 spiritus
2852 3054 3082 3109 hominis
3118 3058 3206 3125 qui
3238 3056 3291 3111 in
3323 3058 3441 3126 ipso

1858 3143 1959 3188 est.
2014 3134 2089 3189 Ita
2127 3152 2247 3206 quae
2274 3137 2369 3192 Dei
2410 3150 2534 3193 sunt
2565 3156 2722 3195 nemo
2759 3143 2907 3198 novit
2941 3144 3043 3199 nisi
3075 3144 3306 3216 Spiritus
3347 3148 3439 3203 Dei

182 3220 451 3315 creatura,
484 3258 539 3303 ut
568 3264 662 3305 vos
683 3220 860 3305 dicitis
885 3290 902 3317 ,
931 3220 1163 3321 Spiriius
1188 3263 1430 3322 sanctus,
1463 3256 1563 3312 hoc
1594 3258 1754 3312 modo

1861 3220 1910 3292 (Ι
1934 3221 2055 3280 Cor.
2079 3240 2137 3292 ιι,
2157 3225 2267 3296 11).
2295 3227 2453 3294 Audi,
2488 3227 2759 3296 ltzeretice,
2781 3234 3030 3299 quoniam
3051 3250 3169 3305 quae
3195 3236 3285 3291 Dei
3315 3247 3440 3294 sunt

182 3340 431 3407 docetur,
466 3340 628 3396 David
659 3343 917 3413 prepheta
959 3344 1171 3402 dicente
1199 3363 1217 3400 :
1242 3347 1471 3405 Auferes
1512 3351 1759 3419 spiritum

181 3445 372 3484 eorum
401 3438 456 3485 et
479 3430 754 3499 deﬁcient,
799 3435 1014 3491 emittes
1048 3436 1306 3504 Spiritum
1342 3448 1489 3495 tuum
1517 3450 1576 3495 et
1606 3456 1762 3497 crea-

188 3522 392 3575 buntur
426 3521 600 3591 (Prol.
630 3538 745 3591 CIII,
772 3524 885 3594 29).
915 3526 1044 3582 Item
1074 3527 1234 3599 533
1267 3530 1414 3599 ipse:
1451 3531 1630 3587 Verbo
1659 3534 1765 3589 Do~

182 3611 317 3664 tnini
369 3612 492 3666 cmli
549 3612 742 3669 firmati
790 3625 935 3683 sunt,
976 3627 1033 3672 et
1069 3621 1268 3687 Spiritu
1298 3622 1408 3676 oris
1436 3625 1556 3692 ejus
1590 3627 1763 3681 omnis

178 3700 354 3755 virtus
383 3718 568 3757 eorum
605 3704 775 3773 (Psat.
805 3722 971 3773 xxxtt,
995 3708 1076 3778 6).
1109 3710 1174 3764 Et
1197 3712 1249 3765 in
1282 3712 1419 3768 libro
1446 3729 1757 3773 sermonum

177 3790 325 3845 Job:
360 3793 589 3861 Spiritus
615 3796 826 3851 divinus
853 3809 937 3853 est
974 3801 1062 3870 qui
1094 3800 1222 3857 fecit
1263 3820 1349 3861 me
1390 3805 1531 3876 (Job.
1567 3824 1759 3875 χχχιιι,

174 3882 263 3951 4).
300 3884 363 3937 Ει
384 3885 436 3938 in
464 3888 672 3941 cantico
699 3888 878 3944 Iudith
904 3907 917 3944 :
942 3892 1060 3946 Tibi
1092 3895 1294 3950 serviat
1317 3899 1496 3953 omnis
1516 3912 1759 3956 creatura

176 3981 297 4038 tua,
317 3974 565 4042 quoniam
597 3987 649 4029 tu
669 3979 928 4034 mandasti
960 3990 1014 4035 et
1037 3994 1219 4038 creata
1244 3996 1403 4051 sunt,.
1421 3989 1617 4043 misisti
1642 3990 1761 4058 Spi-

174 4062 343 4113 ritum
368 4071 534 4125 tuum,
565 4072 620 4117 et
639 4065 897 4119 aediﬁcata
919 4080 1044 4123 sunt
1074 4071 1304 4140 (Iudith.
1340 4091 1451 4139 xvt,
1484 4076 1590 4143 17).
1622 4080 1755 4135 Ειὶιι

172 4150 509 4205 Salomone:
564 4152 630 4206 Et
687 4154 846 4221 vidit,
886 4166 942 4211 et
972 4163 1291 4227 numeravit,
1341 4174 1395 4218 et
1425 4182 1641 4221 mensus
1675 4183 1759 4224 est

172 4239 385 4301 omnia,
410 4242 592 4309 etipse
615 4244 815 4299 creavit
852 4261 915 4301 ea
948 4262 1041 4316 per
1068 4251 1331 4319 Spiritum
1367 4267 1635 4323 sanctutn,
1665 4263 1754 4329 qui

170 4339 394 4387 creator
418 4345 499 4388 est
525 4343 581 4390 et
616 4335 837 4392 etl'ector
862 4340 1045 4407 operis
1072 4343 1153 4396 sui
1183 4343 1371 4413 (Ecdi.
1409 4363 1448 4413 ι,
1477 4349 1557 4418 9),
1595 4351 1646 4404 id
1677 4360 1761 4407 est

169 4434 440 4478 creatura:
466 4441 496 4478 a
524 4441 584 4482 se
612 4427 765 4484 facta:
793 4445 899 4485 non
932 4441 1110 4501 potest
1134 4439 1452 4506 comparari,
1483 4442 1564 4497 vel
1589 4445 1755 4501 etiam

171 4514 369 4569 similis
389 4515 639 4583 judicari.

792 4614 1019 4673 CAPUT
1056 4620 1143 4675 IV.

174 4720 277 4775 Ubi
317 4721 491 4775 dicunt
528 4722 778 4793 Spiritum
816 4738 1045 4812 sanetum
1088 4733 1345 4803 prophetis
1381 4738 1536 4806 fuisse
1572 4742 1746 4812 subje-

888 4808 1043 4855 ctum.
1116 4846 1125 4853 .

239 4903 297 4959 Si
334 4904 425 4958 tibi
453 4905 683 4961 dixerint
727 4909 856 4964 illud
895 4914 1035 4981 quod
1065 4917 1319 4985 scriptum
1353 4930 1437 4976 est
1472 4940 1485 4973 :
1518 4924 1749 4995 Spiritus

169 4999 555 5067 prophetarum
580 5002 855 5070 prophetis
876 5006 1143 5075 subjectus
1172 5019 1256 5065 est
1278 5012 1326 5080 (Ι
1348 5013 1464 5069 Cor.
1498 5033 1608 5086 xtv,
1631 5022 1747 5091 52).

240 5088 545 5157 Responsio.
619 5090 848 5159 Spiritus
890 5095 1267 5164 prophetarum
1302 5101 1521 5169 Spiritui
1566 5088 1752 5163 sancto

163 5180 471 5249 Snbjicitur,
496 5197 600 5234 non
624 5192 800 5238 autem
824 5185 1055 5254 Spiritus
1074 5200 1309 5260 sanctus,
1333 5210 1437 5261 quo
1460 5198 1749 5257 inundante

164 5273 551 5341 prophetarum
594 5277 812 5345 spiritus
853 5280 1184 5348 loquebatur,
1223 5283 1383 5338 David
1434 5286 1485 5340 in
1527 5286 1750 5345 Psalmis

163 5378 399 5422 canente
420 5385 432 5421 :
456 5368 680 5423 Audiam
708 5372 836 5441 quid
865 5373 1109 5442 loquetur
1139 5376 1189 5429 itt
1223 5392 1306 5432 me
1330 5377 1586 5433 Dominus
1613 5382 1750 5438 Deus

165 5456 343 5524 (Psal.
373 5474 551 5525 xxxtv,
576 5459 653 5532 9).
680 5459 921 5530 Nunquid
953 5463 997 5517 is
1017 5465 1108 5533 qui
1139 5480 1167 5517 a
1193 5467 1446 5536 propheta
1475 5470 1559 5524 vel
1585 5471 1745 5526 etiam

166 5548 413 5612 apostolo
444 5548 579 5603 Deus
608 5560 663 5603 et
692 5550 946 5605 Dominus
977 5564 1331 5623 nuncupatur,
1360 5559 1571 5614 sublata
1598 5572 1747 5629 pote-

165 5643 305 5690 state
361 5641 591 5706 propria:
634 5642 1014 5699 dominationis
1066 5647 1378 5717 sulijicietur
1434 5654 1747 5723 prephetisl

168 5728 343 5790 Absit,
378 5730 626 5797 quoniam
662 5733 750 5801 qui
788 5733 925 5787 dona
953 5734 1334 5793 charismatum
1366 5744 1622 5810 apostolis
1662 5747 1742 5801 vel

168 5817 445 5886 prophetis
482 5822 696 5893 propria
744 5823 967 5880 contulit
1002 5834 1294 5898 potestate,
1340 5842 1587 5901 potestati
1639 5854 1744 5895 non

1860 3311 2090 3381 Spiritus
2115 3326 2331 3372 sanctus
2360 3334 2465 3373 non
2494 3320 2722 3390 ignorat,
2755 3324 2848 3378 sed
2882 3326 3051 3395 magis
3078 3328 3317 3383 notitiam
3346 3330 3439 3387 Dei

1860 3417 2018 3471 quam
2048 3404 2162 3474 ipse
2192 3407 2502 3475 spiritaliter
2546 3410 2723 3477 novit,
2753 3411 2855 3470 sibi
2885 3414 3231 3473 credentibus
3265 3418 3439 3473 mani-

1864 3496 2039 3553 festat.

2482 3597 2709 3654 CAPUT
2751 3599 2833 3653 VI.

1866 3681 1965 3736 Ubi
1992 3683 2177 3736 dicitur
2204 3698 2225 3739 :
2252 3684 2352 3739 Ille
2379 3698 2458 3741 me
2488 3688 2810 3757 glori/icabit,
2836 3690 2955 3756 quia
2979 3691 3043 3745 de
3071 3707 3183 3745 meo
3201 3692 3436 3763 accipiet.

1932 3769 1990 3827 Si
2050 3773 2143 3825 tibi
2186 3772 2419 3830 dixerint
2472 3776 2613 3845 quod
2654 3776 2721 3831 de
2770 3776 2970 3848 Spiritu
3008 3788 3194 3835 sancto
3242 3781 3440 3837 dixerit

1863 3860 2030 3915 Filius
2068 3878 2084 3915 :
2122 3860 2213 3918 Ille
2250 3878 2338 3919 me
2374 3864 2711 3935 glorificabit,
2767 3870 2892 3939 quia
2940 3870 3008 3926 de
3044 3887 3166 3927 meo
3212 3848 3440 3942 ac'cipiet

1863 3945 2037 4020 (Joan.
2066 3964 2179 4015 xvr,
2210 3951 2318 4021 14).

1930 4037 2239 4106 Responsio.
2306 4038 2540 4108 Spiritus
2576 4042 2747 4095 sancti
2786 4045 3019 4113 potentia
3058 4047 3102 4101 si
3142 4048 3317 4115 qualis
3354 4051 3438 4105 vel

1858 4136 2052 4194 quanta
2074 4127 2142 4180 sit
2166 4127 2328 4183 vultis
2352 4144 2666 4197 agnoscere,
2686 4146 2753 4186 ex
2777 4134 3002 4201 apostoli
3026 4135 3175 4189 Pauli
3197 4137 3441 4193 doctrina

1860 4216 2082 4283 potestis
2110 4218 2358 4272 universa
2394 4221 2743 4287 condiscere,
2791 4224 2908 4293 ipso
2934 4226 3146 4283 dicente
3178 4246 3191 4281 :
3230 4228 3440 4284 Unicui-

1858 4320 1962 4373 que
1982 4304 2158 4371 datur,
2182 4308 2372 4377 inquit,
2397 4310 2757 4368 manifestatio
2783 4314 3002 4383 spiritus
3029 4318 3097 4371 ad
3124 4319 3436 4373 utilitatem:

1856 4393 1947 4447 alii
1973 4395 2187 4464 quidem
2216 4396 2374 4452 datur
2402 4414 2499 4467 per
2525 4401 2768 4468 spiritum
2798 4419 2979 4459 sermo
3012 4408 3308 4475 sapientiae,
3340 4410 3431 4462 alii

1856 4497 2037 4539 sermo
2073 4487 2310 4542 scientia:
2348 4490 2641 4545 secundum
2680 4493 2929 4550 eumdem
2969 4496 3245 4565 spiritum,
3286 4497 3440 4553 alteri

1859 4574 1990 4629 fides
2019 4574 2071 4629 in
2097 4576 2339 4631 eumdem
2370 4578 2637 4648 spiritum,
2660 4582 2751 4637 alii
2772 4583 2993 4639 donatio
3019 4588 3356 4642 curationum
3386 4589 3438 4643 in

1781 4682 1831 4742 ι)
1859 4682 1963 4721 ιιιιο
1987 4667 2199 4735 spiritu,
2230 4670 2317 4723 alii
2346 4671 2688 4739 operationes
2715 4674 2992 4739 virtutum,
3021 4678 3109 4731 alii
3135 4678 3435 4747 prepbetia,

1853 4758 1938 4811 alii
1961 4757 2269 4826 dijudicatio
2290 4760 2529 4828 spiritus,
2553 4762 2641 4817 alii
2668 4779 2864 4833 genera
2889 4766 3207 4837 linguarum,
3236 4770 3329 4825 alii
3350 4770 3431 4825 in-

1853 4850 2161 4917 terpretatio
2180 4865 2487 4905 sermonum
2510 4850 2564 4921 (I
2588 4851 2709 4907 ουν.
2736 4870 2831 4924 χιι,
2855 4855 2933 4925 7).
2962 4858 3148 4913 Omnia
3174 4858 3287 4914 haec
3307 4876 3437 4930 open

1852 4948 2000 4993 ratur
2028 4955 2165 4993 unus
2194 4948 2359 5009 atque
2382 4942 2521 4997 idem
2553 4944 2796 5013 spiritus,
2825 4946 3077 5004 dividens
3112 4948 3274 5021 535
3314 4966 3438 5019 pro-

1853 5031 1966 5097 pria
2005 5031 2228 5099 singulis
2266 5041 2424 5098 prout
2460 5035 2571 5089 vult
2608 5034 2797 5104 (Ib'id.,
2826 5038 2935 5111 II).
2976 5040 3043 5095 Et
3080 5040 3339 5096 Dominus
3377 5042 3432 5097 in

1858 5120 2145 5187 Evangelio
2177 5137 2191 5173 :
2222 5121 2401 5177 Nolite
2443 5125 2658 5193 mirari,
2705 5127 2896 5199 inquit,
2939 5132 3061 5201 quia
3100 5132 3210 5186 dixi
3259 5133 3433 5199 vobis,

1854 5216 2069 5275 oportet
2094 5224 2192 5264 vos
2218 5210 2394 5267 denuo
2430 5218 2612 5283 nasci,
2644 5219 2765 5290 quia
2794 5220 3015 5288 spiritus
3044 5221 3132 5275 ubi
3160 5222 3274 5276 vult
3322 5224 3434 5291 spi-

1856 5306 1959 5363 rat,
1987 5306 2045 5353 et
2069 5314 2254 5354 vocem
2284 5300 2401 5367 eius
2427 5304 2611 5369 audis,
2641 5306 2734 5361 sed
2764 5309 2939 5364 nescis
2977 5309 3118 5365 unde
3152 5311 3333 5365 veniat
3382 5320 3439 5366 et

1855 5407 1962 5461 ῳιο
1982 5391 2141 5446 vadat
2166 5391 2341 5461 (Ιοαη.
2368 5411 2449 5461 ιιι,
2473 5397 2552 5467 7).
2580 5398 2646 5453 Et
2666 5400 2990 5470 Apostolus:
3014 5402 3068 5456 Si
3091 5405 3235 5459 enim
3257 5419 3437 5461 sermo

1850 5481 1941 5551 qui
1970 5495 2064 5550 per
2083 5483 2300 5553 angelos
2321 5485 2495 5541 dictus
2514 5498 2617 5556 est,
2644 5491 2815 5546 factus
2841 5501 2924 5547 est
2950 5492 3155 5557 firmus,
3176 5504 3231 5549 et
3257 5498 3436 5551 omnis

1853 5571 2220 5640 praevaricatio
2249 5581 2305 5629 et
2335 5574 2692 5632 inobedientia
2730 5580 2933 5648 justam
2975 5582 3172 5651 accipit
3207 5586 3437 5641 retribu-

1852 5662 2012 5716 tionis
2056 5664 2383 5733 mercedem,
2432 5668 2702 5735 quomodo
2740 5684 2840 5724 nos
2884 5670 3199 5741 ell‘ugiemus
3230 5686 3430 5732 tantam

1850 5750 2179 5820 negligentes
2218 5753 2441 5808 salutem
2470 5755 2654 5827 (Ilebr.
2690 5774 2749 5826 ιι,
2779 5759 2883 5828 2)?
2910 5760 3041 5827 Qun
3061 5777 3183 5819 cum
3230 5766 3435 5822 initium

1849 5844 2143 5913 accepisset
2186 5852 2242 5900 ut
2286 5854 2595 5904 narraretur
2636 5852 3079 5926 permemiuum,
3128 5858 3194 5916 ab
3238 5858 3302 5915 iis
3343 5860 3441 5930 qui
