3978 6380
518 382 622 439 405

1745 377 1966 433 VlGlLll
2005 376 2373 433 TAPSENSIS

3656 381 3763 438 4οι

516 497 798 553 audierunt
842 497 896 551 in
938 494 1087 551 nobis
1126 495 1433 550 confirmata
1475 502 1576 557 est,
1616 502 1949 548 contestante
1980 494 2089 547 Deo
2119 498 2165 555 Α
2201 494 2391 548 Paulus
2421 501 2598 547 autem
2630 493 2863 562 repletus
2892 493 3092 563 Spiritu
3130 504 3335 563 sancto,
3382 497 3665 556 intendens
3705 518 3760 556 ut

515 588 700 657 signis,
724 596 778 641 et
800 586 1066 655 prodigiis,
1092 585 1252 640 variis
1274 585 1576 647 virtutibus,
1601 592 1654 638 et
1668 583 1896 652 Spiritus
1916 584 2085 637 sancti

516 679 862 735 divisionibus
892 677 1181 733 secundum
1221 690 1370 729 suam
1402 676 1746 729 voluntatem.
1800 673 1928 727 Cum
1957 689 2085 742 ergo

518 783 622 823 non
652 768 857 824 nescias
882 768 1135 836 Spiritum
1158 778 1399 823 sanetum
1422 766 1558 819 dona
1580 764 1822 833 superius
1845 779 2087 831 compre-

520 858 681 911 hensa
713 857 922 925 propria
960 857 1230 912 voluntate
1266 857 1487 926 singulis
1525 858 1634 910 suis
1662 870 1781 909 esse
1811 856 2082 923 partitum,

519 951 783 1018 quomodo
813 966 933 1005 eum
960 952 1153 1005 astruis
1184 951 1297 1006 haec
1336 952 1511 1005 omnia
1554 960 1800 1019 tanquam
1833 949 1964 1003 nihil
1996 949 2087 1003 ha-

522 1046 731 1098 hentem
771 1058 798 1097 a
829 1043 963 1097 Filio
1004 1045 1302 1111 accepisse,
1353 1044 1441 1113 qui
1488 1051 1542 1098 et
1587 1043 1757 1109 ipsum
1799 1042 2081 1095 Dominum

520 1136 680 1197 misit,
709 1143 761 1188 et
788 1133 1097 1203 prophetas,
1131 1144 1286 1205 atque
1329 1134 1599 1203 apostolos
1644 1148 1737 1187 sua
1770 1134 1960 1189 virtute
2000 1146 2083 1186 re-

520 1222 774 1290 pleverit?

1112 1314 1337 1371 CAPUT
1380 1314 1485 1371 VII.

518 1424 614 1479 Ubi
634 1427 808 1480 dicunt
827 1425 1074 1494 Spiritum
1096 1439 1323 1480 sanctum
1347 1437 1462 1480 ante
1484 1436 1707 1497 tempora
1732 1443 1762 1478 a
1782 1441 1836 1479 se
1858 1441 1957 1479 non
1979 1440 2085 1478 esse

1182 1498 1427 1550 locutum.

582 1613 637 1667 Si
671 1611 903 1666 dixerint
932 1611 997 1665 de
1022 1611 1221 1679 Spiritu
1250 1618 1466 1671 sancto.
1516 1607 1653 1678 quod
1687 1623 1789 1663 non
1820 1623 1848 1661 a
1879 1615 2076 1662 semet-

514 1707 627 1771 ipso
672 1704 876 1757 locutus
919 1704 1026 1771 sit,
1072 1705 1164 1759 sed
1205 1718 1322 1772 quae
1361 1702 1561 1756 audivit
1605 1716 1633 1754 a
1676 1701 1827 1763 Filio,
1867 1701 2083 1767 protulit

515 1795 689 1865 (Joan.
717 1810 824 1856 xvr,
855 1793 968 1863 15).

588 1883 884 1953 Responsio.
916 1882 1020 1937 Nos
1048 1884 1223 1952 igitur,
1253 1882 1343 1952 qui
1365 1882 1619 1951 Spiritum
1645 1892 1885 1936 sanctum
1915 1881 2019 1935 Deu

513 1985 563 2029 et
594 1974 869 2028 Dominum
897 1974 1227 2035 confitemur,
1271 1987 1373 2026 non
1414 1972 1652 2041 jussione
1700 1972 1936 2035 alterius,
1986 1971 2075 2025 sed

514 2074 776 2133 potestate
805 2066 1013 2133 propria
1058 2064 1387 2121 ostendimus
1421 2062 1583 2116 fuisse
1613 2062 1843 2115 locutum
1867 2103 1880 2126 ,
1916 2061 2078 2121 Paulo

513 2153 753 2222 apostolo
776 2154 993 2207 doctore
1015 2155 1247 2222 gentium
1272 2161 1573 2205 attestante.
1598 2150 1956 2212 ASmulamini,
1983 2150 2075 2212 ait,

511 2247 767 2315 spiritalia
790 2244 948 2312 dona,
975 2246 1137 2315 magis
1164 2254 1336 2297 autem
1364 2252 1418 2295 ut
1444 2240 1790 2311 prOphetetis.
1818 2240 1913 2307 Qui
1937 2239 2075 2293 enim

512 2337 741 2406 loquitur
785 2336 981 2405 lingua,
1016 2349 1118 2388 non
1166 2331 1469 2386 hominibus
1516 2330 1767 2400 loquitur,
1813 2331 1902 2383 sed
1935 2330 2074 2391 Deo;

511 2441 668 2482 nemo
706 2425 845 2480 enim
877 2424 1022 2477 audit
1057 2440 1070 2476 :
1117 2423 1337 2491 spiritus
1376 2422 1515 2475 enim
1565 2420 1798 2488 loquitur
1830 2418 2075 2488 mysteria

511 2517 563 2584 (1
592 2516 712 2571 Cor.
742 2532 849 2583 XIV,
882 2514 953 2585 l).
1010 2513 1074 2568 Et
1121 2514 1374 2567 Dominus
1419 2513 1696 2581 discipulis
1734 2510 1865 2565 dixit
1900 2528 1911 2562 :
1942 2507 2074 2563 Cum

512 2591 824 2663 tradiderint
853 2622 966 2673 vos,
998 2606 1157 2661 nolite
1187 2604 1419 2674 cogitare
1446 2603 1568 2671 quid
1598 2601 1902 2671 loquamini,
1930 2599 2075 2653 dabi-

509 2712 594 2755 tur
617 2700 755 2756 enim
781 2699 929 2754 vobis
961 2700 1011 2751 in
1042 2698 1125 2750 illa
1154 2697 1280 2749 hora
1305 2695 1429 2765 quid
1454 2695 1659 2757 dicatis;
1687 2709 1788 2746 non
1814 2694 1952 2747 enim
1983 2706 2074 2745 vos

506 2791 635 2845 estis
664 2791 749 2860 qui
784 2788 1082 2858 loquimini,
1114 2789 1207 2841 sed
1239 2787 1456 2855 spiritus
1486 2785 1656 2838 Patris
1688 2784 1847 2837 vestri
1878 2786 1963 2851 qui
1998 2784 2075 2838 lo-

506 2882 683 2949 quitur
706 2882 755 2933 in
780 2879 929 2932 vobis
951 2878 1159 2949 (Matth.
1189 2894 1241 2942 v,
1268 2878 1377 2947 19).
1411 2877 1471 2928 Et
1493 2876 1698 2929 Marcus
1719 2875 2067 2943 evangelista:

506 2970 635 3023 Cum
667 2970 913 3023 duxerint
940 2982 1032 3021 vos
1063 2968 1350 3032 tradt'ntes,
1388 2966 1552 3021 nolite
1580 2966 1813 3035 cogitare
1844 2966 1966 3035 quid
1995 2968 2072 3019 lo-

507 3060 762 3129 quamini,
788 3060 878 3113 sed
905 3059 1043 3128 quod
1071 3059 1250 3111 datum
1282 3058 1441 3111 fuerit
1471 3058 1617 3111 vobis
1645 3057 1695 3110 iu
1729 3057 1816 3111 illa
1847 3058 1993 3121 hora,
2021 3056 2070 3111 id

508 3153 793 3220 loquamini
823 3167 836 3202 :
870 3166 971 3204 non
1004 3151 1146 3204 enim
1177 3149 1338 3220 436
1374 3150 1501 3203 estis
1530 3162 1623 3202 vos
1652 3149 1946 3217 loquentes,
1977 3149 2069 3202 sed

2192 583 2364 648 illum,
2397 585 2470 638 ait
2504 603 2516 638 :
2549 585 2593 639 Ο
2621 586 2780 653 plene
2807 585 2929 639 dolo
2955 597 3009 641 et
3040 587 3404 654 cavillatione,
3436 588 3509 643 ﬁli
3540 590 3759 659 diaboli,

2192 674 2404 729 inimice
2426 677 2597 729 omnis
2615 675 2853 744 justitiae,
2880 691 3046 745 quare
3071 677 3147 730 vis
3171 678 3392 745 perdere
3417 679 3531 733 vias
3554 680 3761 734 Domini

2188 783 2305 821 cum
2334 769 2442 823 sint
2469 779 2629 822 rectm
2661 769 2798 838 (Art.
2826 784 2942 831 xm,
2963 767 3087 837 10)?
3117 767 3420 837 Etangelus
3459 770 3760 824 Zachariae:

2188 859 2263 932 Ne
2284 859 2491 921 timeas,
2507 858 2782 923 Zacharia,
2798 862 2922 929 quia
2943 860 3186 914 exaudita
3208 871 3288 915 est
3309 862 3619 930 deprecatio
3642 871 3758 915 tua:

2188 964 2313 1004 ecce
2343 964 2481 1003 uxor
2512 959 2596 1003 tua
2627 950 2899 1004 Elizabeth
2929 950 3097 1017 pariet
3126 950 3215 1004 tibi
3247 950 3435 1015 filium,
3467 959 3523 1004 et
3549 953 3763 1006 vocabis

2188 1053 2380 1093 nomen
2407 1038 2520 1107 ejus
2536 1038 2721 1093 Joanm
2743 1053 2828 1103 m;
2861 1041 3040 1093 vinum
3062 1047 3114 1093 et
3139 1038 3363 1093 siceram
3382 1054 3486 1093 non
3506 1039 3679 1104 bibet,
3707 1049 3762 1094 et

2187 1126 2386 1196 Spiritu
2416 1137 2601 1181 saneto
2630 1128 2935 1196 implebitur
2962 1126 3135 1181 adhuc
3172 1127 3226 1180 in
3258 1139 3409 1183 utero
3435 1128 3626 1181 matris
3652 1143 3763 1182 sua:

2188 1218 2339 1287 (Luc.
2368 1234 2406 1286 ι,
2440 1220 2544 1287 l5).
2570 1220 2700 1274 Item
2726 1218 2797 1274 ibi
2828 1238 2839 1272 :
2872 1220 2936 1273 Et
2957 1219 3245 1273 Zacharias
3272 1229 3420 1288 pater
3448 1219 3568 1285 ejus
3591 1222 3762 1287 reple-

2188 1318 2271 1364 tus
2319 1318 2399 1365 est
2438 1310 2638 1378 Spiritu
2689 1319 2906 1375 saneto,
2947 1319 3002 1364 et
3046 1310 3383 1378 prophetavit
3426 1308 3618 1378 (ΝΜ,
3648 1310 3761 1378 41).

2189 1400 2315 1455 Item
2347 1402 2417 1455 ibi
2453 1418 2465 1454 ε
2500 1400 2773 1456 Elizabetb
2803 1401 2960 1472 437
2992 1411 3162 1456 mater
3188 1401 3305 1469 ejus
3330 1400 3536 1469 repleta
3560 1400 3760 1468 Spiritu

2185 1498 2370 1543 Sancto
2409 1491 2722 1560 loquebatur
2769 1491 3089 1545 benedicens
3130 1490 3317 1545 Deum.
3350 1490 3426 1543 Ex
3483 1490 3551 1544 iis
3601 1491 3759 1559 igitur

2187 1579 2502 1633 testimoniis
2532 1579 2740 1633 tandem
2792 1592 3021 1647 agnosce
3056 1579 3306 1647 quoniam
3343 1580 3565 1645 spir‘tus
3600 1593 3758 1647 quem

2186 1671 2251 1724 de
2304 1670 2430 1724 ﬂatu
2461 1670 2750 1725 Salvatoris
2795 1669 3042 1737 discipuli
3081 1678 3399 1739 acceperunt
3448 1669 3756 1723 inferiorem

2184 1776 2212 1813 a
2240 1761 2375 1815 Filio
2396 1776 2499 1815 non
2524 1760 2777 1830 probatur
2800 1759 2995 1814 habere
3016 1760 3388 1823 substantiam,
3407 1759 3532 1826 quia
3553 1759 3755 1813 nullum

2026 1895 2075 1933 ω
2114 1871 2153 1924 Β
2186 1853 2426 1906 novimus
2452 1853 2503 1907 in
2529 1852 2741 1922 propria
2770 1862 2957 1905 natura
2980 1860 3284 1906 manentem
3336 1851 3648 1905 inferiorem
3679 1855 3755 1906 sui

2180 1942 2264 1997 vel
2294 1958 2358 1996 ex
2388 1943 2489 1995 alia
2519 1944 2740 1997 materia
2767 1942 3067 1997 venientem
3094 1942 3293 1997 habere
3329 1942 3578 2010 spiritum
3597 1983 3615 2007 ,
3655 1955 3756 2011 quo

2178 2031 2243 2085 ad
2270 2040 2584 2086 cancrorum
2617 2040 2793 2085 utatur
2823 2032 3193 2099 supplementa
3228 2031 3634 2093 membrorum;
3664 2030 3754 2084 sed

2178 2122 2318 2190 quod
2350 2122 2418 2176 de
2474 2123 2689 2191 proprio
2730 2123 2916 2191 spiritu
2957 2137 3027 2176 ex
3057 2137 3161 2191 quo
3208 2122 3323 2191 ipse
3349 2123 3597 2176 consistit
3631 2123 3752 2187 alia,

2179 2223 2235 2265 ut
2261 2213 2513 2277 diximus,
2545 2213 2783 2269 membra
2814 2212 3024 2282 replere
3052 2214 3243 2282 possit,
3275 2214 3359 2268 vel
3391 2229 3603 2283 regere,
3637 2216 3752 2267 nul-

2179 2303 2261 2357 lus
2291 2302 2531 2371 ambigit.

2793 2391 3017 2447 CAPUT
3055 2391 3147 2447 1X.

2254 2502 2352 2559 Ubi
2378 2504 2565 2557 dicitur
2591 2504 2842 2573 Spiritum
2870 2512 3099 2556 sanctum
3126 2503 3277 2573 [ιαιαὶ
3306 2514 3682 2571 comparatum.

2247 2615 2300 2670 Si
2333 2624 2508 2670 autem
2538 2615 2773 2669 dixerint
2800 2614 2929 2669 illud
2988 2613 3127 2683 quod
3160 2614 3417 2683 scriptum
3451 2626 3537 2670 est
3567 2633 3582 2670 :
3631 2616 3745 2683 Spi-

2179 2708 2312 2760 ritus
2338 2722 2366 2758 a
2400 2722 2485 2761 me
2517 2706 2776 2776 procedit,
2810 2716 2865 2762 et
2893 2720 3105 2761 omnem
3133 2706 3313 2779 ﬂatum
3344 2722 3445 2777 ego
3475 2708 3576 2764 feci
3599 2707 3744 2774 (Ini.

2180 2812 2303 2858 Lvtt.
2325 2797 2435 2867 16).

2250 2891 2547 2961 Responsio.
2583 2890 2792 2945 Flatum
2823 2906 2983 2961 quem
3016 2890 3269 2945 Dominus
3299 2906 3359 2946 se
3389 2891 3583 2947 fecisse
3609 2907 3741 2947 eoin-

2177 2992 2455 3045 tnemorat,
2483 2997 2586 3035 non
2610 2981 2864 3049 Spiritum
2892 2991 3132 3036 sanctum
3153 2981 3318 3037 fuisse
3340 2996 3439 3037 nos
3460 2983 3740 3048 credimus,

2176 3072 2267 3127 sed
2298 3081 2555 3126 creatura:
2581 3070 2827 3140 spiritum
2858 3086 2975 3126 esse
3002 3070 3251 3134 fatemur,
3276 3086 3435 3140 quem
3468 3082 3526 3126 ut
3551 3072 3741 3141 possint

2176 3165 2467 3218 subsistere
2506 3172 2824 3232 acceperunt
2856 3180 2869 3216 :
2904 3178 3023 3217 nam
3057 3162 3311 3232 Spiritum
3342 3172 3590 3217 sanctum
3645 3178 3741 3216 non

506 3243 734 3309 Spiritus
759 3250 973 3295 sanctus
996 3240 1187 3310 (Marc.
1216 3256 1329 3306 xm,
1355 3240 1462 3309 Η).
1491 3238 1566 3293 Ex
1594 3238 1692 3292 hoc
1716 3239 1890 3307 itaque
1913 3238 2073 3292 debes
2101 3215 2146 3277 Ο
2182 3255 2402 3323 tegimus
2420 3255 2613 3308 τηοωηι
2636 3215 2664 3307 ξ,
2685 3254 2841 3319 Filio,
2862 3269 3016 3323 quem
3036 3215 3288 3308 pastorem
3313 3253 3554 3307 omnium
3575 3266 3740 3307 rem

507 3350 750 3403 arguere,
782 3336 901 3404 quia
933 3351 1035 3387 non
1068 3342 1190 3386 sunt
1219 3333 1285 3387 ab
1316 3332 1539 3387 invicem
1571 3332 1736 3386 Filius
1764 3341 1816 3386 et
1846 3331 2076 3401 Spiritus

504 3434 717 3481 sanctus
770 3429 821 3479 iu
870 3433 1053 3479 natura
1103 3422 1319 3476 deitatis
1387 3422 1603 3486 diversi,
1657 3422 1741 3490 qui
1787 3420 1838 3473 in
1873 3422 2071 3475 unitate

507 3516 721 3582 spiritus
763 3526 815 3571 et
844 3515 1057 3570 vinculo
1088 3514 1234 3584 pacis
1260 3513 1473 3568 sibimet
1521 3512 1767 3567 videntur
1793 3524 1913 3566 esse
1939 3525 2071 3564 Cun-

503 3611 684 3679 juncﬁ.

1096 3696 1319 3753 CAPUT
1358 3696 1489 3751 Vlll.

510 3789 603 3842 Ubi
630 3789 803 3842 dicunt
834 3787 1080 3848 Spiritum
1111 3798 1340 3841 sanctum
1372 3803 1470 3840 non
1498 3803 1529 3839 a
1552 3802 1625 3851 se,
1652 3785 1740 3838 sed
1765 3800 1826 3837 ea:
1853 3782 2073 3852 insuma-

803 3860 934 3911 tione
959 3856 1083 3911 Filii
1111 3859 1163 3910 in
1191 3857 1468 3926 discipulos
1497 3857 1772 3909 advenisse.

575 3972 628 4027 Si
680 3981 856 4028 autem
887 3972 1115 4028 dixerint
1155 3972 1275 4042 quia
1307 3971 1537 4040 Spiritus
1576 3978 1792 4022 sanctus
1833 3984 1935 4021 non
1977 3982 2069 4020 sua

502 4074 713 4132 Sponte,
748 4065 840 4119 sed
872 4063 1226 4117 insumatione
1260 4062 1380 4116 Fili
1412 4062 1461 4114 in
1491 4058 1777 4125 discipulos
1811 4058 1973 4110 venit.

582 4155 876 4225 Responsio.
900 4153 976 4208 Ex
999 4157 1097 4209 hoc
1121 4154 1258 4209 inter
1275 4152 1463 4207 Filium
1485 4159 1538 4206 et
1554 4151 1806 4218 Spiritum
1831 4158 2067 4202 sanetum

502 4248 731 4315 aliquam
764 4245 1126 4299 diversitatem
1166 4260 1271 4297 non
1313 4244 1535 4312 potestis
1572 4240 1917 4305 constituere,
1948 4254 2067 4293 eum

502 4336 725 4389 videatis
762 4334 1005 4388 eumdem
1045 4335 1327 4388 Dominum
1367 4342 1415 4388 et
1456 4333 1784 4388 Salvatorem
1828 4341 2066 4385 nostrum

503 4426 878 4491 discipulorum
909 4424 1066 4477 corda
1100 4439 1204 4476 non
1235 4423 1302 4476 de
1328 4424 1503 4479 alieno
1541 4425 1828 4492 replevisse
1853 4422 2065 4489 Spiritu,

503 4516 598 4571 sed
636 4515 702 4569 de
740 4514 954 4582 proprio
983 4528 997 4567 :
1028 4521 1082 4567 et
1121 4526 1227 4565 non
1259 4511 1589 4574 inferiorem,
1620 4512 1711 4565 sed
1743 4501 2062 4579 «ozequalem

503 4606 613 4660 suis
644 4604 861 4672 largitus
882 4612 982 4668 est,
1012 4612 1066 4656 ιιι
1091 4603 1142 4656 in
1173 4617 1230 4655 se
1259 4610 1311 4656 et
1338 4600 1434 4654 sibi
1468 4601 1517 4653 in
1544 4600 1647 4654 fide
1672 4600 2066 4653 adhocrentibus

505 4711 641 4750 unus
678 4694 893 4762 spiritus
934 4694 1100 4747 ﬂaret.
1150 4694 1248 4761 Qui
1289 4692 1551 4752 adharret,
1596 4690 1761 4760 inquit
1799 4690 2070 4758 apostolus

502 4788 720 4853 Paulus,
766 4788 1052 4852 meretrici,
1085 4802 1243 4840 unum
1274 4799 1468 4853 corpus
1497 4792 1579 4837 est
1611 4798 1624 4836 :
1659 4785 1744 4851 qui
1776 4792 1946 4836 autem
1978 4784 2069 4836 ad-

504 4880 667 4933 haeret
700 4878 942 4942 Domino,
974 4891 1107 4931 unus
1133 4876 1349 4945 spiritus
1380 4886 1458 4929 est
1488 4872 1541 4944 (1
1569 4876 1685 4928 (.‘or.
1720 4889 1789 4938 vt,
1822 4873 1932 4941 i6).
1965 4873 2070 4927 Nos

502 4970 657 5039 igitur
688 4968 944 5037 Spiritum
986 4977 1223 5020 sanctum
1263 4974 1554 5033 spontanea
1594 4964 1866 5019 voluntate
1905 4963 1956 5016 in
1988 4962 2071 5016 di—

500 5060 734 5127 scipulus
782 5058 1063 5112 advenisse
1096 5098 1109 5121 ,
1162 5066 1215 5111 et
1262 5072 1354 5110 eos
1402 5071 1495 5110 sua
1543 5055 1737 5109 virtute
1782 5054 2068 5122 replevisse

502 5160 878 5215 monstramus,
912 5158 963 5203 et
990 5164 1055 5202 ex
1085 5149 1218 5200 libro
1249 5147 1332 5215 qui
1366 5146 1721 5215 apostolorum
1741 5148 1865 5198 Acta
1895 5146 2068 5198 eonti~

503 5249 591 5295 net
620 5240 924 5294 edocemus.
975 5239 1104 5291 Cum
1136 5237 1545 5303 complerentur,
1575 5236 1763 5303 inquit,
1792 5236 1905 5289 dies
1935 5234 2070 5288 Peu-

502 5340 753 5397 tecostes,
782 5338 935 5384 erant
964 5343 1149 5381 omnes
1192 5327 1346 5380 simul
1396 5326 1449 5379 in
1491 5341 1682 5389 unum,
1709 5334 1765 5379 et
1795 5325 1960 5379 laetus
1991 5334 2071 5379 est

500 5423 675 5477 subito
706 5423 771 5476 de
801 5422 938 5476 caelo
978 5408 1142 5474 sonus
1188 5428 1433 5487 tanquam
1474 5416 1811 5471 advenientis
1856 5415 2070 5483 Spiritus

502 5513 853 5579 vehementis,
888 5522 941 5567 et
984 5513 1206 5582 replevit
1252 5525 1461 5563 omnem
1494 5510 1667 5563 locum
1703 5510 1753 5563 in
1786 5524 1889 5576 quo
1922 5519 2073 5561 erant

504 5607 781 5671 sedentes,
814 5615 866 5660 et
905 5607 1028 5658 visa:
1066 5615 1188 5658 sunt
1228 5604 1333 5659 illis
1373 5603 1553 5656 divisa:
1593 5604 1782 5670 lingua:
1822 5613 2067 5677 tanquam

507 5696 658 5761 ignis,
690 5696 778 5763 qui
820 5708 872 5750 et
909 5698 1041 5749 sedit
1075 5710 1236 5763 super
1269 5709 1698 5761 unumquemque
1745 5694 1975 5757 illorum,
2022 5703 2075 5746 ct

505 5786 691 5851 repleti
740 5797 861 5839 sunt
899 5788 1095 5855 Spiiitu
1142 5785 1574 5855 saﬂCl0(1\€l.il,
1612 5782 1680 5851 l).
1737 5783 1795 5835 Et
1848 5786 2066 5837 iterum:

2180 3348 2429 3405 novimus
2446 3346 2607 3401 fuisse
2627 3361 2745 3401 cum
2770 3345 2906 3401 Filio
2930 3362 2944 3399 :
2967 3348 3010 3402 si
3038 3346 3179 3401 enim
3205 3347 3257 3400 in
3286 3346 3535 3401 faciendo
3555 3361 3615 3401 ea
3635 3359 3740 3413 qua

2178 3437 2413 3492 facienda
2439 3436 2645 3491 fuerant
2667 3436 2873 3505 propria
2904 3434 3139 3505 Spiritus
3164 3444 3378 3490 sanctus
3400 3436 3545 3490 sicut
3587 3433 3739 3488 Filius

2178 3545 2284 3581 non
2333 3542 2463 3582 usus
2490 3535 2572 3581 est
2596 3535 2878 3594 potestate,
2901 3526 3294 3593 quomodo‘suo
3323 3534 3453 3579 nutu
3479 3522 3740 3579 constituit

2176 3635 2295 3687 qua:
2333 3616 2705 3672 constituenda
2736 3616 2896 3670 fuisse
2924 3630 3161 3685 praesaga
3199 3616 3484 3683 majestate
3524 3627 3740 3681 conspe-

2176 3711 2288 3763 xit?
2331 3709 2442 3762 Hoc
2488 3710 2659 3776 ipsum
2693 3707 2795 3761 Job
2823 3707 3124 3776 patriarcha
3168 3706 3219 3760 in
3261 3706 3399 3760 libro
3440 3717 3737 3759 sermonum

2174 3814 2394 3854 suorum
2444 3799 2701 3867 probante
2731 3815 2743 3849 :
2779 3800 2821 3852 A
2851 3798 3039 3867 spiritu
3072 3797 3305 3862 Domini,
3353 3797 3543 3865 inquit,
3592 3796 3738 3849 datur

2172 3892 2373 3959 glacies
2403 3905 2561 3958 super
2585 3900 2801 3955 terram,
2830 3898 2884 3944 et
2907 3890 3165 3957 gubernat
3192 3903 3382 3959 aquam
3413 3889 3641 3957 qualiter
3664 3885 3737 3940 illi

2175 3984 2451 4051 placuerit,
2474 3981 2868 4035 etfrumentum
2887 3981 3071 4051 irrigat
3092 3982 3145 4035 in
3166 3980 3415 4045 nubibus,
3432 3979 3735 4035 dissentiat

2173 4084 2346 4128 autem
2370 4074 2510 4128 nube
2545 4074 2713 4128 lucem
2744 4088 2925 4138 suam,
2957 4081 3013 4128 et
3039 4073 3153 4143 ipsa
3184 4074 3236 4127 in
3265 4074 3491 4127 circuitu
3523 4072 3736 4125 vertitur

2170 4163 2543 4233 gubernaculis
2573 4163 2638 4217 ad
2667 4163 2943 4232 operanda
2967 4164 3143 4217 omnia
3165 4176 3282 4232 qua:
3309 4161 3631 4215 mandaverit
3658 4159 3735 4225 ei,

2171 4252 2290 4320 quia
2331 4253 2446 4306 haec
2476 4267 2504 4305 a
2536 4252 2643 4307 Deo
2681 4254 2965 4308 constituta
3010 4261 3135 4306 sunt
3170 4265 3333 4322 super
3375 4262 3570 4306 terram
3598 4248 3735 4317 (Iob.

2171 4352 2371 4405 xxxvii,
2401 4341 2508 4410 10).
2569 4343 2634 4396 Et
2678 4342 3010 4411 Apostolus:
3062 4341 3161 4409 Qui
3220 4349 3496 4409 operatur,
3554 4339 3731 4406 inquit.

2169 4433 2344 4485 omnia
2396 4433 2448 4484 in
2497 4432 2747 4485 omnibus
2795 4430 2846 4502 (1
2870 4432 2988 4485 Cor.
3020 4445 3111 4495 ιιι,
3164 4430 3241 4500 6).
3296 4430 3362 4483 Et
3406 4429 3461 4483 in
3491 4429 3735 4483 Actibus:

2174 4521 2390 4584 Placuit,
2434 4521 2679 4590 inquiunt
2706 4522 2952 4591 apostoli,
2985 4520 3204 4590 Spiritui
3244 4528 3434 4573 sancto
3462 4528 3516 4573 et
3560 4519 3729 4575 nobis,

2178 4613 2304 4666 nihil
2348 4612 2573 4681 amplius
2615 4615 2794 4667 oneris
2837 4613 3111 4681 imponere
3154 4612 3304 4666 vobis
3348 4610 3481 4680 (Act.
3512 4607 3732 4671 xv,28).

2177 4702 2305 4755 Nam
2335 4702 2455 4769 quia
2486 4703 2701 4757 eosdem
2733 4702 3007 4770 apostolos
3034 4700 3178 4755 misit
3204 4700 3290 4753 ubi
3319 4700 3509 4763 voluit,
3541 4707 3592 4751 et
3621 4710 3736 4763 pro-

2178 4793 2347 4846 hihuit
2375 4792 2511 4846 unde
2543 4793 2726 4858 voluit,
2759 4802 2814 4846 et
2842 4806 2904 4845 ex
2934 4789 3122 4845 eodem
3151 4789 3288 4844 libro
3315 4790 3537 4843 docetur
3568 4806 3581 4840 :
3609 4784 3733 4838 Cum

2171 4883 2501 4953 jejunassent
2528 4893 2582 4936 et
2610 4898 2875 4946 orassent,
2910 4883 3098 4951 inquit,
3133 4882 3497 4948 imposuerunt
3526 4882 3599 4931 eis
3628 4891 3735 4928 ma-

2164 4992 2295 5040 'nus,
2322 4983 2378 5030 et
2397 4976 2558 5045 538
2584 4974 2901 5029 dimiserunt
2926 4988 3019 5027 eos
3042 4974 3180 5042 (Act.
3210 4987 3322 5034 nu,
3347 4970 3425 5040 '5).
3460 4971 3561 5039 Ipsi
3591 4968 3735 5036 igilul

2174 5067 2377 5120 dimissi
2420 5082 2446 5118 a
2474 5066 2673 5133 Spiritu
2706 5076 2890 5121 sancto
2919 5075 3176 5119 venerunt
3203 5062 3523 5117 Seleuciam.
3556 5061 3617 5113 Et
3639 5060 3739 5111 ite~

2177 5172 2292 5210 rum
2321 5175 2333 5208 :
2362 5157 2515 5209 Petro
2542 5166 2716 5211 autem
2744 5156 3009 5225 cogitante
3033 5154 3099 5208 de
3123 5154 3258 5219 visu,
3283 5151 3424 5205 dixit
3450 5152 3500 5205 ei
3523 5148 3742 5219 Spiritus

2176 5257 2428 5301 sanctus:
2456 5246 2625 5315 Surge
2647 5258 2698 5299 et
2728 5246 2861 5300 vade
2888 5260 3007 5299 cum
3039 5245 3167 5310 illis,
3200 5243 3328 5298 nihil
3355 5243 3604 5297 dubitans
3620 5238 3745 5307 quia

2176 5352 2276 5406 ego
2302 5338 2419 5392 misi
2444 5352 2539 5391 eos
2562 5338 2700 5407 (Act.
2727 5354 2782 5403 x,
2811 5337 2925 5407 19).
2950 5338 3100 5404 Quod
3123 5345 3301 5390 autem
3325 5345 3381 5389 et
3418 5331 3745 5405 prohibuerit

2179 5429 2247 5480 ita
2280 5429 2501 5482 docetur
2533 5445 2545 5480 :
2580 5427 2947 5481 Perveneram
2975 5435 3151 5480 autem
3178 5425 3490 5495 Phrygiam,
3519 5433 3571 5480 et
3591 5419 3724 5477 Gala

2178 5520 2261 5570 tia:
2284 5519 2573 5587 regionem,
2602 5516 2853 5585 prohibiti
2882 5532 2911 5569 a
2933 5514 3134 5584 Spiritu
3155 5523 3343 5568 saneto
3366 5514 3507 5582 loqui
3532 5510 3749 5566 verbum

2176 5609 2227 5659 iu
2260 5608 2379 5660 Asia
2410 5607 2545 5675 (.lrt.
2584 5600 2694 5667 xvi",
2725 5606 2804 5674 6).
2850 5606 3031 5658 Tanta:
3060 5604 3205 5658 enim
3233 5601 3621 5658 excellentioris
3644 5611 3751 5663 po-

2178 5699 2356 5751 tentim
2389 5712 2507 5751 esse
2553 5697 2805 5764 probatur
2837 5696 3066 5763 Spiritus
3108 5701 3356 5760 sanctus,
3400 5699 3458 5745 ut
3498 5686 3657 5755 angeli
3691 5695 3751 5741 ett

2180 5788 2506 5857 archangeli,
2547 5789 2635 5857 qui
2673 5787 2908 5856 quotidie
2949 5787 2999 5840 in
3038 5794 3327 5853 conspectu
3354 5780 3452 5837 Dei
3490 5778 3645 5835 Patris
3692 5783 3751 5831 et
