3978 6380
193 383 289 441 I05

1309 366 1577 423 CONTRA
1622 362 2023 418 νΑκιΜΑῡωι
2066 361 2192 417 LIB.
2233 361 2297 418 Il.

3324 360 3425 418 4ο(-

193 494 323 548 unici
356 491 473 547 Filii
503 488 585 544 sui
622 440 899 544 versantur
943 491 998 539 et
1042 491 1244 548 astant,
1276 483 1329 535 in
1378 484 1494 547 ipso
1538 491 1747 548 quoque
1774 475 1825 534 Α
1852 468 2103 531 ostendit.
2159 477 2289 531 Nam
2324 473 2614 546 Scriptum
2642 472 2833 530 divina!
2857 489 2973 531 mos
3011 483 3094 531 est
3136 490 3254 546 qua:
3305 487 3428 533 sunt

194 584 388 652 Spiritu
430 578 715 634 secundum
759 574 1065 644 apostolicae
1105 571 1751 642 praedicatiomssentens

196 680 340 736 tiam,
364 674 468 726 leni
498 680 625 725 nutu
650 679 703 722 et
725 667 953 729 furtivis,
983 673 1041 719 ut
1062 665 1133 718 ita
1163 664 1421 723 dicamus,
1452 660 1751 730 aspectibus

196 762 499 831 prospicere
517 757 912 824 concupiscam,
937 754 1091 812 Petro
1110 754 1350 821 apostolo
1370 749 1751 805 confirmante:

198 853 266 906 De
304 865 409 919 qua
446 849 653 911 salute,
697 846 892 913 inquit,
951 842 1311 913 exquisierunt
1352 840 1625 910 prophetas
1664 836 1755 907 qui

196 944 421 995 futuram
450 941 670 1008 grat'am
702 936 754 991 in
786 934 941 989 nobis
969 931 1437 1002 prophetavcrunt,
1460 937 1756 984 scrutantes

194 1035 242 1087 in
270 1032 497 1102 quibus,
524 1030 607 1082 vel
634 1028 774 1098 quali
807 1036 1047 1092 tempore
1084 1025 1409 1092 significaret
1448 1022 1502 1075 in
1541 1022 1617 1075 eis
1646 1020 1759 1089 spi-

193 1124 326 1177 ritus
368 1121 495 1176 Iesu
531 1119 729 1174 Christi
761 1115 814 1188 (Ι
840 1115 988 1170 Petr.
1020 1129 1060 1183 t,
1092 1114 1205 1182 l0).
1253 1114 1315 1167 Et
1346 1111 1481 1165 infra
1515 1128 1529 1163 :
1562 1110 1615 1165 ln
1655 1124 1760 1178 quo

190 1212 603 1280 concupiscunt,
632 1210 735 1275 ait,
778 1207 948 1277 angeli
978 1205 1286 1275 prospicere
1319 1204 1507 1275 (lbid.,
1540 1200 1649 1271 12).
1681 1200 1761 1255 'I‘u

192 1304 354 1373 igitur
385 1302 518 1357 habe
553 1300 627 1355 illi
677 1299 1048 1361 reverentiam,
1083 1306 1138 1352 et
1167 1296 1367 1350 honora
1408 1304 1464 1348 ut
1492 1295 1676 1356 Deum,
1707 1302 1763 1347 et

192 1397 305 1450 noli
332 1410 452 1449 eum
477 1394 625 1448 natui
656 1392 918 1455 hominis,
949 1390 1034 1445 vel
1062 1388 1345 1457 cujuslibet
1375 1387 1588 1455 generis
1615 1400 1763 1439 com-

192 1500 405 1555 parare,
448 1484 601 1553 cuius
647 1481 987 1551 aspirat’onis
1032 1479 1265 1533 adventu
1311 1486 1493 1531 nostra
1537 1488 1761 1542 corpora

189 1580 461 1633 credimus
497 1576 549 1629 in
578 1575 871 1629 novissimo
899 1574 967 1627 de
994 1572 1245 1641 sepulcro
1275 1566 1604 1624 resuscitari.
1632 1566 1763 1620 Nam

189 1672 254 1735 si,
289 1669 429 1737 quod
458 1668 629 1731 absit,
657 1674 900 1720 creatura
933 1662 1149 1731 fuisset,
1180 1663 1364 1731 utique
1392 1660 1607 1724 Paulus,
1636 1657 1763 1712 dum

189 1775 451 1830 supernas
490 1769 649 1828 atque
692 1757 986 1811 invisibiles
1034 1764 1330 1817 creaturas,
1374 1750 1426 1806 id
1458 1759 1542 1806 est
1584 1748 1761 1814 sedes,

1854 567 2137 620 novissima
2180 566 2427 635 primitus
2472 566 2785 631 nominare,
2833 574 2887 620 et
2928 580 3046 635 quae
3092 565 3260 635 prima
3305 575 3431 622 sunt

1856 656 2147 711 novissime
2193 657 2665 725 recensere,,sicut
2694 656 2746 710 in
2775 656 2970 711 Genesi
3013 658 3268 725 scriptum
3312 666 3425 712 est:

1857 744 1967 812 Ego
2015 759 2132 799 sum
2184 746 2324 801 Deus
2364 746 2507 800 Isaac
2553 752 2609 799 et
2648 744 2913 799 Abraham
2960 755 3167 814 patrum
3218 752 3428 800 tuorum

1859 834 2219 902 (Levitant,
2250 836 2511 906 42).Nam
2542 843 2597 891 et
2622 834 2794 890 Lucas
2822 836 3142 904 evangelista
3176 833 3325 903 (Cap.
3351 835 3431 900 tri)

1858 926 2120 994 originem
2150 925 2359 979 Domini
2398 926 2693 982 Salvaturis
2742 925 2928 990 nostri,
2964 924 3013 978 id
3043 934 3125 979 est
3152 924 3348 993 Ioseph
3379 934 3433 978 et

1862 1016 2040 1070 Maria:
2069 1016 2255 1069 matris
2284 1015 2421 1083 ejus,
2440 1029 2649 1070 sursum
2676 1030 2865 1071 versus
2886 1030 2915 1069 a
2942 1015 3142 1083 Ioseph
3173 1016 3431 1071 inclinans

1862 1119 2029 1175 usque
2060 1105 2124 1158 ad
2153 1104 2321 1159 Adam
2353 1104 2581 1174 primum
2615 1104 2909 1170 hominem,
2942 1106 3031 1175 qui
3068 1121 3097 1159 a
3128 1107 3234 1160 Deo
3262 1106 3431 1161 factus

1862 1204 1963 1261 est,
2004 1195 2338 1250 recensendo
2379 1195 2672 1262 contexuit,
2714 1205 2768 1251 et
2811 1196 2992 1264 utique
3038 1194 3211 1249 nullus
3253 1204 3335 1250 est
3376 1196 3430 1250 in

1863 1301 2061 1357 genere
2116 1286 2350 1341 humano
2402 1286 2634 1354 Ioseph,
2692 1288 2782 1356 qui
2860 1288 3152 1342 secundum
3218 1303 3430 1343 carnem

1864 1377 2025 1449 ἡδο
2054 1385 2203 1447 pater
2229 1376 2429 1431 Christi
2468 1377 2789 1442 vocabatur,
2837 1378 2927 1444 qui
2959 1379 3088 1433 Adm
3128 1379 3298 1442 primo
3329 1380 3425 1432 ho.

1866 1467 1994 1521 mini
2036 1467 2203 1534 possit
2246 1466 2517 1535 praeferri,
2548 1464 2643 1520 sed
2674 1479 2770 1519 nos
2816 1474 2873 1520 ut
2914 1466 3300 1521 satisfaciamus
3347 1468 3429 1521 in-

1866 1559 2095 1614 conditis
2124 1558 2575 1627 propositionibus
2602 1556 2817 1624 vestris,
2843 1558 3002 1613 etiam
3025 1557 3280 1627 Spiritum
3310 1574 3430 1613 san-

1867 1661 2010 1707 ctum
2048 1651 2260 1705 a~Patre
2296 1661 2349 1703 et
2375 1650 2512 1704 Filio
2541 1650 2714 1719 primo
2751 1649 2870 1703 loco
2904 1649 3235 1705 ostendimus
3265 1652 3429 1704 nomi-

1869 1754 2072 1809 natum,
2113 1742 2370 1812 Apostolo
2411 1748 2716 1803 attestante,
2749 1740 2922 1796 Unum
2971 1754 3183 1809 corpus,
3236 1743 3332 1809 ait,
3381 1750 3430 1799 et

192 1829 607 1915 dominationes,
662 1848 988 1916 principatus
1034 1853 1090 1898 et
1137 1851 1431 1912 potestates
1475 1841 1527 1895 in
1571 1838 1761 1894 ordine
1790 1832 1838 1892 Β
1867 1848 2003 1888 unus
2023 1832 2273 1900 Spiritus,
2300 1832 2438 1885 sicut
2463 1832 2629 1886 vocali
2657 1831 2784 1885 estis
2811 1829 2864 1885 in
2896 1844 2997 1885 una
3019 1845 3113 1899 spe
3137 1833 3432 1887 vocationis

191 1950 532 2005 recenseret,
565 1941 737 2009 ipsum
762 1947 974 2011 quoque
1014 1934 1377 2005 principaliter
1405 1933 1753 1987 nominasset.

806 2068 1030 2126 CAPUT
1068 2068 1144 2124 X.‘

228 2186 329 2240 Ubi
359 2184 530 2238 dicunt
558 2180 753 2237 Filium
784 2181 875 2235 Dei
915 2192 960 2235 et
991 2181 1263 2235 Dominum
1300 2192 1476 2238 sancto
1503 2181 1721 2251 Spiritui

788 2262 1159 2321 comparatum.

260 2366 316 2419 Si
349 2365 445 2419 tibi
470 2363 702 2418 dixerint
736 2380 749 2415 :
779 2362 929 2416 Sicut
957 2362 1113 2418 Pater
1144 2362 1281 2418 Deus
1309 2372 1363 2417 et
1394 2362 1648 2416 Dominus
1677 2370 1762 2417 est

190 2455 327 2510 Filio
355 2469 481 2519 suo,
524 2453 597 2507 ita
627 2452 789 2506 Filius
820 2451 1074 2507 Dominus
1122 2462 1178 2508 et
1219 2452 1360 2507 Deus
1411 2462 1495 2508 est
1538 2452 1758 2520 Spiritui

187 2555 400 2599 sancto.

267 2640 569 2710 Responsio.
627 2640 859 2694 Plurima
898 2639 1008 2709 jam
1049 2639 1116 2694 de
1147 2637 1377 2705 Spiritus
1425 2638 1595 2694 sancti
1638 2653 1762 2706 per-

187 2743 347 2793 sona,
378 2729 519 2798 quod
550 2729 686 2784 Deus
712 2739 765 2785 et
792 2730 1042 2785 Dominus
1071 2739 1425 2796 nuncupetur,
1460 2729 1758 2783 testimonia

187 2819 433 2887 posuisse
454 2819 814 2882 meminimus,
841 2827 898 2873 ut
916 2822 1023 2889 iam
1051 2818 1179 2872 nihil
1203 2818 1399 2873 addere
1419 2818 1767 2873 deberemus.

188 2906 300 2963 Sed
331 2924 396 2962 ue
426 2909 646 2981 ignaviae
672 2910 976 2979 deputetur,
1005 2919 1095 2966 aut
1123 2909 1487 2979 subterfugere
1516 2924 1613 2966 nos
1641 2924 1763 2980 pro-

189 3004 474 3073 positionis
519 3016 710 3059 vestra:
757 3004 1107 3074 ponderosam
1157 3002 1418 3060 sarcinam
1462 3006 1758 3073 mstimet's,

189 3105 407 3167 quanta,
444 3095 556 3164 ipse
607 3110 702 3165 pro
750 3095 831 3148 sui
876 3094 1189 3150 defensione
1232 3094 1531 3159 donaverit,
1573 3095 1760 3152 dubias

189 3183 357 3255 439
385 3188 589 3240 mentes
609 3186 857 3241 deitatem
895 3194 949 3241 et
976 3186 1392 3241 dominationem
1429 3188 1505 3243 illi
1542 3201 1760 3243 natura-
1787 3195 1835 3260 ο

192 3275 319 3328 liter
350 3276 555 3331 insitam
585 3293 688 3331 non
717 3278 913 3332 nostris
942 3277 1137 3346 verbis,
1169 3278 1263 3335 sed
1290 3278 1488 3343 divinis
1519 3280 1633 3348 ipso
1656 3281 1762 3336 ιη’-

189 3367 373 3435 giente
402 3368 655 3422 docemus
706 3369 955 3434 oraculis,
1016 3369 1146 3424 Isaia
1198 3371 1452 3440 propheta
1505 3371 1757 3428 dicente:

191 3457 310 3512 Non
356 3450 555 3514 audivit
579 3458 743 3515 Iacob
772 3460 1075 3524 Dominum,
1114 3460 1204 3529 qui
1251 3461 1476 3517 redemit
1526 3477 1677 3525 eum,
1708 3472 1763 3516 et

190 3551 451 3619 suscepit,
481 3560 534 3605 et
561 3551 812 3607 exaltavit
838 3566 959 3607 eum
992 3551 1146 3623 (Isai.
1180 3568 1324 3621 um,
1356 3554 1435 3621 9).
1487 3553 1550 3607 Et
1593 3554 1759 3608 infra:

189 3639 303 3695 Sed
351 3642 689 3695 irritaverant
718 3641 971 3711 Spiritum
1009 3650 1271 3706 sanetum,
1304 3650 1359 3698 et
1398 3642 1659 3697 convertit
1703 3657 1763 3698 se

190 3728 301 3782 illis
332 3730 381 3782 in
409 3731 713 3785 scandalum
746 3730 933 3801 (lbid.,
965 3734 1075 3802 l0).
1106 3733 1173 3788 Et
1198 3733 1457 3787 Ieremias
1487 3750 1502 3787 :
1534 3734 1773 3802 Spiritus

192 3819 349 3874 faciei
399 3830 596 3875 nostrae
626 3822 868 3877 Christus
897 3824 1171 3891 Dominus,
1209 3825 1298 3895 qui
1340 3830 1761 3893 comprelensus

189 3918 275 3963 est
303 3910 352 3963 in
385 3911 598 3966 interitu
626 3928 829 3979 eorum,
862 3914 961 3968 sub
981 3916 1133 3983 cujus
1159 3915 1346 3971 umbra
1376 3917 1598 3971 vivimus
1622 3918 1762 3971 inter

189 4010 379 4069 gentes
406 4001 617 4067 (Thren.
648 4018 717 4067 tv,
740 4002 853 4072 ‘20).
907 4004 970 4058 Et
1009 4005 1196 4060 Petrus
1233 4006 1503 4075 apostolus
1543 4008 1761 4061 Ananiae

188 4090 329 4145 dixit
356 4108 370 4143 :
401 4091 587 4146 Nonne
616 4108 835 4148 manens
870 4095 961 4149 tibi
1005 4097 1273 4159 manebat,
1306 4106 1362 4151 et
1391 4097 1663 4152 venditum
1708 4097 1758 4151 in

192 4190 286 4231 tua
318 4190 429 4231 erat
460 4184 756 4246 potestate?
803 4182 976 4246 Quare
1016 4186 1225 4239 voluisti
1275 4197 1481 4241 tentare
1507 4186 1760 4254 Spiritum

188 4280 461 4334 sanctum,
496 4281 551 4326 ut
577 4274 919 4329 subtralieres
944 4277 1009 4331 de
1037 4279 1205 4342 pretio
1231 4281 1411 4346 praedii
1443 4282 1574 4349 (Act.
1606 4296 1659 4343 v,
1681 4283 1761 4351 4).

189 4362 259 4413 Et
294 4362 425 4414 infra
456 4379 471 4416 :
505 4363 620 4416 Non
651 4379 708 4417 es
739 4367 994 4422 mentitus
1025 4367 1349 4431 hominibus,
1391 4370 1484 4423 sed
1518 4370 1646 4424 Deo.
1699 4374 1762 4426 Et

188 4453 251 4517 Α,
276 4453 480 4506 ostolus
514 4470 525 4505 :
557 4452 689 4507 Cum
729 4466 904 4512 autem
944 4472 1233 4513 conversus
1276 4459 1437 4515 fuerit
1477 4461 1541 4514 ad
1570 4461 1759 4523 Deum,

188 4545 462 4597 auferetur
488 4545 750 4613 velamen,
798 4548 1050 4603 Dominus
1090 4560 1265 4604 autem
1309 4552 1525 4620 spiritus
1559 4562 1641 4607 est
1674 4553 1755 4622 (If
1790 4553 1839 4613 Ι)

189 4632 311 4685 Cor.
346 4649 420 4695 tu,
445 4633 552 4704 l6).
583 4634 659 4689 Ex
690 4638 813 4703 hoc,
841 4640 1062 4707 perfide,
1091 4639 1257 4696 debes
1307 4657 1596 4711 agnoscere
1625 4660 1759 4712 quo-

187 4726 335 4777 niam
384 4726 470 4791 qui
506 4727 645 4781 Deus
674 4737 728 4781 et
761 4729 1013 4784 Dominus
1054 4733 1267 4800 dicitur,
1304 4736 1356 4788 iu
1399 4737 1516 4804 ipso
1544 4737 1761 4793 dcit-.tis

188 4814 450 4867 vocabulo
480 4815 622 4870 Patri
650 4827 701 4870 et
730 4817 864 4871 Filio
893 4830 1213 4889 coaequatur.

800 4934 1026 4993 CAPUT
1068 4939 1155 4993 XI.

189 5046 287 5100 Ubi
310 5048 485 5101 dicunt
509 5050 654 5103 tertio
676 5050 785 5104 loco
804 5052 1051 5131 Spiritum
1072 5066 1299 5107 sanctum
1323 5074 1353 5107 ιι
1380 5056 1533 5109 Patre
1554 5069 1600 5111 et
1621 5057 1759 5113 Filio

810 5134 1142 5175 uenenatum.

256 5232 313 5284 S.
346 5229 439 5284 tibi
468 5230 696 5287 diter'nt
723 5232 846 5301 quia
880 5234 931 5286 in
961 5248 1028 5288 eo
1075 5224 1250 5287 minor
1276 5244 1358 5288 est
1380 5234 1611 5304 Spiritus
1638 5255 1761 5294 san-

185 5332 324 5385 ctus,
361 5321 497 5386 quod
531 5323 683 5375 tertio
712 5322 827 5376 loco
853 5332 933 5376 est
960 5340 987 5376 a
1015 5324 1169 5379 Patre
1191 5334 1244 5379 et
1269 5325 1402 5379 Filio
1431 5328 1775 5385 nominatus-

260 5411 564 5479 Responsio.
591 5412 817 5479 Spiritus
845 5421 1083 5478 sanctus,
1115 5430 1217 5467 non
1245 5416 1371 5483 quia
1400 5417 1559 5471 tertio
1586 5422 1756 5475 nomi-

186 5511 343 5554 natus
384 5510 466 5554 est
506 5500 622 5554 loco
658 5502 798 5555 Patri
840 5511 894 5556 et
936 5502 1070 5557 Filio
1109 5504 1284 5558 minor
1322 5506 1456 5574 erit,
1498 5511 1751 5577 quoniam

183 5606 306 5646 cum
342 5607 554 5659 aquam,
596 5594 733 5648 sicut
775 5595 1019 5662 superius
1058 5594 1310 5661 diximus,
1340 5599 1603 5665 superiori
1637 5600 1754 5656 loco

185 5699 213 5736 a
240 5684 442 5751 Spiritu
471 5693 654 5739 sancto
686 5685 937 5739 Dominus
967 5685 1320 5752 nominasset,
1351 5703 1540 5758 aquam
1574 5693 1754 5762 utique

185 5774 306 5844 Spir
333 5786 388 5829 tu
434 5788 649 5844 sancto,
696 5790 865 5846 quam
905 5779 1226 5847 prtepqsttit,
1271 5794 1375 5835 non
1422 5779 1752 5852 superiorem

1862 1933 2077 1987 vestrm,
2109 1936 2245 1975 unus
2276 1922 2437 1985 Deus,
2470 1936 2575 1975 una
2608 1920 2759 1985 fides,
2789 1934 2952 1974 unum
2984 1920 3267 1986 baptisma,
3298 1935 3431 1974 unus

1864 2014 2003 2069 Deus
2029 2021 2084 2068 et
2107 2011 2262 2066 Pater
2288 2014 2523 2065 omnium
2551 2010 2766 2082 (Epim.
2793 2027 2865 2076 tv,
2889 2011 2963 2081 ι).
2999 2011 3226 2081 Spiritus
3256 2012 3432 2080 utique

1858 2116 2071 2157 sanctus
2101 2103 2241 2157 Patri
2272 2111 2328 2156 et
2362 2102 2497 2157 Filio
2527 2102 2746 2158 inferior
2776 2116 2882 2156 non
2910 2109 3025 2165 est,
3054 2103 3174 2170 quia
3204 2102 3433 2169 Spiritus

1860 2193 2031 2248 Patris
2057 2201 2111 2247 et
2142 2192 2258 2247 Filii
2288 2205 2392 2259 est,
2426 2204 2480 2247 et
2514 2209 2617 2247 non
2650 2208 2759 2261 pos.
2779 2204 2871 2247 unt
2901 2192 2972 2246 ob
3002 2193 3353 2247 substantiam
3380 2194 3434 2247 in

1860 2300 1920 2340 se
1948 2284 2336 2338 commanentis
2361 2284 2596 2351 Spiritus
2620 2284 2701 2337 sui
2729 2298 2793 2339 es
2819 2292 2969 2352 parte
2989 2282 3091 2337 dici
3119 2281 3359 2352 perfecti,
3380 2291 3433 2339 et

1860 2392 1924 2431 ex
1956 2384 2104 2444 parte
2131 2375 2196 2429 ad
2230 2375 2699 2444 imperfectionem
2740 2374 2941 2429 vocari.

2461 2487 2685 2543 CAPUT
2723 2486 2834 2541 XII.

1868 2604 1965 2663 Ubi
1992 2603 2163 2656 dicunt
2193 2602 2443 2671 Spiritum
2472 2610 2701 2681 sanctum
2728 2615 2826 2652 non
2863 2614 2969 2653 esse
2994 2598 3218 2670 genitum
3237 2639 3251 2663 ,
3280 2613 3436 2667 neque

2511 2682 2805 2740 ingenitum.

1934 2784 1992 2841 Si
2022 2785 2111 2839 tibi
2143 2783 2373 2838 dixerint
2405 2796 2419 2835 :
2449 2780 2683 2836 Ostende
2714 2778 2970 2849 Spiritum
3004 2788 3267 2843 sanctum,
3301 2778 3438 2834 unde

1864 2879 2041 2933 trahat
2067 2876 2323 2945 originem
2343 2916 2356 2939 ,
2388 2890 2543 2944 quem
2578 2889 2673 2927 nec
2705 2874 2996 2940 ingenitum
3034 2874 3170 2928 sicut
3198 2872 3435 2938 Patrem,

1864 2983 2034 3037 neque
2064 2969 2300 3034 genitum
2333 2968 2468 3019 sicut
2498 2964 2684 3019 Filium
2716 2964 3001 3034 profiteris.

1934 3060 2236 3131 Responsio.
2263 3059 2414 3113 Certa
2444 3067 2497 3113 et
2518 3057 2795 3112 manifesta
2824 3058 2973 3125 origo
2995 3057 3221 3126 Spiritus
3245 3056 3434 3119 sancti,

1864 3153 2021 3207 Pater
2041 3162 2089 3207 et
2113 3151 2298 3216 Filius,
2316 3152 2402 3221 qui
2427 3166 2520 3205 nec
2550 3151 2814 3219 ingenitus
2838 3166 2958 3204 eum
2983 3150 3237 3220 ingenito,
3264 3164 3436 3217 neque

1864 3245 2072 3315 genitus
2111 3259 2233 3299 cum
2276 3243 2548 3312 unigenito
2577 3256 2605 3294 a
2639 3242 2881 3296 fidelibus
2908 3241 3163 3306 crrditur,
3196 3240 3288 3295 sed
3316 3240 3435 3310 Spi-

1865 3336 2001 3391 ritus
2043 3334 2214 3389 Patris
2268 3348 2387 3387 esse
2431 3332 2830 3401 Scripturarum
2888 3345 3161 3385 sacrarum
3208 3329 3435 3398 eloquiis

1862 3424 2260 3495 comprobatur.
2295 3421 2782 3476 Nabuchodonosor
2809 3437 2933 3490 rege
2975 3422 3026 3474 in
3058 3421 3272 3474 Dauiele
3303 3435 3430 3488 pro-

1866 3515 2022 3586 pheta
2051 3515 2261 3569 dicente
2293 3531 2305 3566 :
2342 3513 2382 3565 D
2402 3513 2546 3577 iniel,
2572 3513 2655 3566 cui
2688 3527 2883 3566 nomen
2912 3512 3209 3577 Balthasar,
3242 3526 3433 3565 secun-

1865 3603 1990 3659 dum
2022 3618 2213 3659 nomen
2241 3602 2332 3657 Dei
2364 3603 2489 3668 mei,
2514 3602 2766 3671 Spiritum
2794 3612 3037 3656 sanctum
3066 3601 3154 3655 Dei
3182 3600 3236 3655 in
3263 3615 3320 3655 se
3342 3601 3436 3654 ha-

1865 3699 1954 3754 bet
1976 3697 2135 3769 (Dtm.
2167 3712 2238 3759 tv.
2270 3695 2349 3765 5).
2399 3695 2529 3750 Item
2562 3695 2674 3764 ipse
2706 3714 2717 3749 :
2762 3694 2959 3750 Omnes
2988 3693 3256 3763 sapientes
3284 3692 3435 3763 regni

1864 3792 1969 3846 mei
2000 3805 2104 3845 non
2136 3796 2422 3859 potuerunt
2450 3788 2938 3863 interpretationem
2971 3785 3160 3841 somnii
3191 3785 3293 3839 mei
3339 3785 3430 3839 de-

1862 3884 2065 3938 clarare
2096 3881 2223 3936 mihi
2256 3898 2268 3934 :
2302 3891 2354 3935 tu
2381 3890 2582 3946 autem,
2618 3879 2822 3944 Daniel,
2852 3887 3025 3949 potes,
3052 3879 3173 3948 quia
3204 3877 3433 3947 Spiritus

1862 3978 1955 4033 Dei
1986 3984 2201 4030 sanctus
2250 3974 2301 4027 in
2332 3982 2383 4027 te
2413 3983 2515 4029 e~t.
2566 3972 2692 4026 Item
2738 3972 2809 4025 ibi
2845 3989 2857 4024 :
2892 3971 3028 4024 Eete
3070 3970 3152 4023 vir
3186 3969 3238 4023 in
3267 3984 3432 4038 regno

1863 4080 1972 4131 tuo,
2004 4069 2053 4120 in
2084 4080 2188 4135 quo
2207 4065 2437 4134 Spiritus
2465 4063 2557 4117 Dei
2586 4072 2687 4116 est.
2723 4063 2782 4114 Et
2819 4062 2870 4114 in
2895 4059 3146 4112 Zucliaria
3174 4078 3184 4111 :
3213 4059 3433 4112 Verum-

1864 4168 2039 4212 tamen
2072 4156 2305 4226 legitima
2336 4170 2451 4207 mea
2483 4153 2707 4222 accipie
2727 4194 2741 4217 ,
2772 4163 2827 4207 et
2856 4154 3010 4206 verba
3043 4166 3158 4205 mea
3188 4166 3305 4220 qua:
3333 4166 3433 4220 ego

1865 4248 2057 4303 mando
2086 4248 2138 4300 in
2165 4245 2350 4315 spiritu
2384 4261 2502 4299 meo
2529 4244 2696 4299 servis
2727 4244 2857 4298 meis
2887 4244 3162 4313 prophetis
3190 4242 3365 4311 (lacn.
3396 4259 3432 4303 t,

1863 4338 1941 4409 6).
1991 4336 2120 4392 Item
2151 4336 2220 4389 ibi
2265 4352 2280 4389 :
2323 4335 2437 4390 Non
2484 4336 2534 4389 in
2579 4334 2888 4389 fortitudine
2928 4348 3149 4403 magna,
3181 4348 3351 4402 neque
3381 4335 3430 4386 in

1864 4431 2079 4492 virtute,
2106 4428 2200 4484 sed
2232 4430 2282 4482 in
2310 4428 2495 4497 spiritu
2527 4442 2663 4489 meo,
2690 4426 2815 4482 dicit
2846 4426 3097 4482 Datninus
3146 4426 3327 4497 (lacu.
3360 4442 3430 4491 tv,

1863 4523 1941 4593 6).
1976 4524 2038 4577 Et
2069 4522 2355 4593 Apostolus
2384 4521 2448 4575 ad
2483 4522 2748 4576 Romanas
2774 4537 2789 4575 :
2818 4521 2925 4577 Vos
2951 4530 3125 4577 autem
3159 4537 3262 4576 non
3296 4524 3426 4576 estis

1865 4616 1916 4670 in
1943 4630 2122 4680 earne,
2149 4614 2241 4669 sed
2270 4616 2319 4668 in
2345 4615 2555 4683 spiritu.
2585 4616 2629 4668 si
2658 4624 2831 4668 tamen
2857 4614 3084 4684 Spiritus
3110 4614 3200 4669 Dei
3233 4614 3434 4669 habitat

1865 4705 1916 4759 in
1949 4705 2094 4758 vobis
2119 4704 2291 4776 (liora.
2317 4719 2428 4766 vut.
2452 4702 2529 4773 9).
2560 4703 2626 4758 Et
2651 4704 2715 4757 ad
2737 4704 2954 4759 Galatas
2979 4720 2992 4757 :
3016 4704 3275 4771 Quoniam
3303 4706 3432 4759 cstis

1864 4794 1954 4848 filii
1982 4794 2095 4859 Dei,
2131 4796 2272 4848 misit
2305 4794 2443 4848 Deus
2474 4794 2731 4862 spiritum,
2745 4794 2863 4848 Filii
2891 4796 2969 4847 sui
3005 4796 3055 4848 in
3081 4793 3237 4865 Ml
3270 4797 3429 4849 corda

1864 4896 2042 4939 nostra
2090 4867 2408 4940 clamantem
2455 4884 2601 4939 Abba
2636 4884 2793 4939 Pater
2835 4884 2976 4955 (Gal.
3010 4900 3080 4947 tv,
3112 4886 3187 4955 6).
3258 4885 3321 4939 Et
3368 4887 3434 4939 ad

1867 4975 2127 5043 Ephesios
2156 4992 2169 5027 :
2202 4974 2377 5028 Nolite
2422 4975 2736 5029 contristare
2763 4975 3020 5045 Spiritum
3062 4985 3303 5030 sanetum
3337 4976 3430 5029 Dei

1861 5061 2078 5133 (Ephes.
2107 5078 2181 5126 tv,
2212 5063 2324 5131 30).
2355 5062 2419 5116 Et
2447 5062 2511 5117 ad
2538 5063 2905 5134 Philippenses
2935 5084 2946 5117 :
2972 5066 3094 5122 Scio
3122 5066 3263 5119 enim
3291 5066 3431 5133 quod

1864 5153 1965 5207 hoc
1996 5152 2123 5206 mihi
2162 5152 2369 5217 proficit
2398 5151 2449 5206 in
2480 5153 2706 5207 salutem
2737 5170 2831 5223 per
2857 5166 3062 5210 vestras
3104 5154 3432 5208 obsecratio-

1862 5257 1957 5297 nes
1982 5252 2035 5295 et
2056 5242 2574 5298 subministrationes
2601 5244 2818 5314 spiritus
2843 5246 2967 5301 Iesu
2996 5246 3173 5299 Christ
3208 5244 3430 5314 (Philip.

1860 5348 1899 5395 ι,
1927 5334 2035 5401 19).
2066 5333 2132 5387 Et
2155 5332 2343 5387 Petrus
2371 5334 2641 5403 apostolus
2673 5352 2686 5388 :
2721 5336 2793 5390 De
2822 5352 2920 5404 qua
2969 5336 3141 5390 salute
3168 5336 3432 5403 exquisie—

1863 5433 1986 5478 runt
2029 5434 2188 5493 atque
2227 5426 2450 5478 scrutati
2480 5434 2603 5479 sunt
2633 5426 2925 5495 prophe'te,
2958 5427 3045 5494 qui
3074 5434 3346 5480 venturam
3379 5424 3431 5480 in

1864 5516 2011 5571 vobis
2039 5517 2263 5586 gratiam
2294 5517 2763 5586 prophetavcrunt,
2796 5526 3096 5572 scrutantes
3135 5518 3186 5572 in
3216 5518 3429 5587 quibus,

1863 5607 1945 5661 vel
1975 5607 2115 5676 quali
2148 5616 2388 5674 tempore
2430 5608 2712 5676 signiﬁcari
2753 5608 2972 5661 haberet
3014 5606 3064 5661 in
3102 5609 3180 5663 eis
3214 5608 3432 5678 spiritus

1863 5697 1986 5752 Iesu
2017 5696 2210 5751 Chrisﬁ
2240 5697 2293 5765 (I
2328 5696 2468 5749 Pelr.
2501 5714 2538 5764 t,
2574 5697 2681 5764 I0).
2720 5699 2784 5751 Et
2814 5699 2862 5751 in
2896 5698 3028 5751 libro
3050 5699 3294 5756 Iudicum
3327 5717 3341 5755 :
3370 5703 3434 5757 Et

1862 5797 2140 5853 venerunt,
2186 5796 2239 5842 et
2283 5796 2454 5841 castra
2500 5797 2789 5855 posuerunt
2835 5788 2885 5842 in
2929 5787 3063 5845 valle
3103 5790 3327 5859 Iezracl,
3379 5802 3433 5848 ct
