3978 6380
478 277 580 333 ιο7

1669 342 1672 345 ,
1767 275 1987 332 VlGlLll
2026 275 2387 332 TAPSENSIS

3615 283 3717 345 409

479 391 696 461 spiritus
725 390 933 445 Domini
959 390 1128 446 induit
1153 390 1366 447 Gedeon
1391 389 1585 462 (ludio.
1622 404 1694 455 vn,
1723 390 1836 459 53).
1868 389 2047 445 lnten-
2074 396 2122 452 Α
2151 389 2294 443 cedit
2321 391 2386 445 de
2419 393 2510 448 illo
2540 392 2756 462 spiritus
2788 393 3028 463 pietatis;
3057 403 3139 450 est
3161 404 3492 463 mansuetus,
3521 408 3579 454 et
3596 415 3718 469 pro—

481 484 612 548 dite,
641 481 839 546 miseri,
872 483 1120 551 quoniam
1153 482 1240 551 qui
1271 481 1430 550 priori
1458 483 1572 536 loco
1600 495 1630 535 a
1654 481 1809 534 Patre
1823 490 1889 536 εει
1915 481 2049 536 Filio

482 574 785 626 nominatus
810 580 912 633 est,
932 583 978 624 et
997 572 1174 623 multis
1194 571 1482 640 Scriptum
1499 569 1690 623 divinae
1718 568 1848 624 locis
1872 568 2050 622 Patris

484 676 536 714 et
572 661 688 714 Filii
732 662 1048 728 appellatur,
1079 660 1232 715 Patre
1262 670 1312 714 et
1345 660 1478 713 Filio
1512 661 1732 715 inferior
1773 674 1878 714 non
1927 674 2050 728 pro-

487 756 664 809 batur.

1075 822 1298 877 CAPUT
1329 821 1457 875 XIII.

495 939 590 992 Ubi
615 939 785 990 dicunt
809 936 1056 1004 Spiritum
1084 944 1322 1004 sanctum
1345 936 1500 987 vitam
1527 951 1559 986 a
1591 932 1744 988 Patre
1771 949 1871 987 non
1913 949 2054 988 arceo

1040 1006 1172 1074 pisse
1197 1014 1249 1056 ut
1277 1002 1492 1056 Filium.

560 1124 614 1180 Si
649 1123 738 1177 tibi
769 1121 1000 1176 dixerint
1029 1139 1042 1175 :
1069 1121 1258 1175 Filium
1288 1134 1318 1174 a
1351 1119 1504 1174 Patre
1534 1117 1691 1171 vitam
1723 1115 1947 1186 legimus
1968 1131 2055 1169 ac-

489 1215 715 1278 cepisse,
757 1225 813 1266 ut
857 1213 935 1265 sic
973 1211 1313 1265 credentibus
1339 1207 1516 1263 daret:
1550 1205 1830 1275 deSpiritu
1868 1215 2055 1260 sancto

491 1304 624 1357 nih.l
655 1304 758 1358 tale
784 1303 1027 1371 legimus,
1059 1311 1112 1358 et
1148 1301 1201 1356 in
1227 1316 1291 1355 eo
1314 1315 1432 1354 eum
1462 1299 1718 1354 minorem
1744 1296 1879 1352 Filio
1914 1295 2056 1365 judi-

491 1410 697 1450 camus.

484 1467 501 1477 ’
560 1483 858 1553 Responsio.
878 1482 1008 1550 Quia
1034 1481 1206 1538 Patris
1231 1492 1284 1537 et
1312 1481 1426 1536 Filii
1448 1480 1667 1546 spiritus
1703 1485 2053 1546 nuncupatur,

488 1573 706 1642 spiritus
735 1574 855 1626 vitae
881 1576 997 1628 sine
1021 1573 1182 1629 dubio
1210 1587 1347 1637 esse,
1398 1573 1535 1626 sicut
1585 1571 1738 1623 Pater
1787 1577 1842 1622 et
1892 1567 2057 1622 Filius

488 1664 682 1717 divinis
715 1663 1053 1718 Lectionibus
1073 1665 1471 1732 comprobatur,
1499 1658 1783 1714 Ezechiele
1801 1659 2056 1728 propheta

2151 481 2291 536 cedit
2319 482 2386 538 de
2417 484 2507 538 illo
2535 483 2750 553 spiritus
2805 485 3260 551 mansuetudinis;
3289 497 3370 541 est
3399 487 3640 556 gladius,
3667 502 3720 546 et

2153 572 2390 640 procedit
2411 574 2477 628 de
2499 589 2566 629 eo
2595 574 2802 644 gladius
2845 575 3089 643 spiritus.
3120 576 3184 630 Et
3228 576 3394 634 multa
3451 577 3555 631 alia
3605 595 3720 646 qua:

2152 662 2420 719 brevitatis
2441 680 2598 720 causa
2620 665 2918 731 omisimus,
2960 666 3191 721 scientes
3211 666 3350 734 quod
3376 670 3562 736 paucis
3583 669 3717 723 dicta

2150 754 2479 822 sapientibus
2503 755 2664 809 multa
2687 763 2809 809 sunt
2840 773 2853 808 :
2873 754 3244 823 insipientibus
3268 770 3400 810 vero
3423 758 3526 811 etsi
3557 759 3720 811 multa

2150 843 2412 910 dicantur,
2443 849 2571 900 satis
2601 847 2819 902 omnino
2848 860 2951 900 non
2981 847 3201 903 faciunt.
3223 849 3326 905 Sed
3361 864 3430 904 ne
3455 852 3723 906 consuetis

2151 938 2427 993 calumniis
2447 947 2502 993 et
2524 939 2945 994 cavillationibus
2963 941 3234 1009 simplices
3255 943 3470 997 animos
3513 953 3723 1012 pertur-

2155 1026 2312 1091 betis,
2340 1044 2407 1082 ex
2429 1028 2623 1084 divinis
2656 1029 2946 1098 Scripturis
2975 1031 3043 1085 de
3073 1031 3136 1086 iis
3160 1047 3279 1100 qua:
3307 1035 3563 1103 superius
3590 1033 3724 1088 dicta

2152 1129 2272 1173 sunt
2301 1120 2614 1175 documenta
2643 1121 2754 1176 haec
2806 1121 3068 1176 curiosius
3098 1122 3399 1191 exigentes,
3449 1123 3520 1177 ad
3549 1125 3726 1178 oia

2154 1225 2272 1266 cum
2298 1211 2503 1265 Domini
2532 1211 2795 1280 adjutorio
2821 1213 2998 1267 divina
3037 1214 3338 1268 testimonia
3387 1213 3548 1285 “3
3606 1228 3728 1269 eoa-

2155 1301 2435 1370 ptab'mus,
2469 1314 2523 1355 ut
2552 1302 2784 1371 legentes
2811 1313 3099 1370 agnoscant
3149 1305 3601 1372 quemadmodum
3642 1321 3727 1360 ve-

2153 1402 2277 1446 stra:
2305 1392 2543 1460 pravitati
2573 1391 2946 1461 respondeant.
2987 1392 3135 1459 Quod
3166 1395 3306 1447 enim
3336 1394 3568 1462 Spiritus
3596 1395 3728 1449 Deus

2153 1493 2236 1540 est
2267 1485 2623 1554 in'Evangelio
2637 1485 2799 1539 Filius
2823 1484 3026 1548 docuit,
3058 1484 3242 1540 dicens
3274 1504 3286 1537 :
3320 1485 3552 1553 Spiritus
3582 1486 3724 1540 Deus

2154 1586 2235 1630 est
2259 1575 2436 1643 (Joan.
2467 1592 2544 1643 tv,
2600 1575 2715 1645 9-4).
2770 1575 2922 1642 Quod
2951 1584 3127 1630 autem
3163 1576 3502 1645 omnipotens
3523 1586 3630 1643 εει,
3680 1577 3730 1630 in

2155 1664 2439 1721 Salomone
2452 1665 2600 1737 (Sap.
2624 1681 2714 1730 vu,
2730 1665 2823 1736 23)
2842 1664 3293 1728 ostenditur,dum
3310 1665 3537 1734 spiritus
3555 1665 3730 1722 omnia

488 1759 700 1811 dicente
734 1774 746 1808 :
779 1755 910 1809 Cum
938 1767 1113 1809 autem
1145 1755 1418 1809 elevarent
1444 1767 1502 1806 se
1529 1751 1775 1805 animalia
1805 1763 1835 1802 a
1863 1757 2003 1803 terra
2028 1790 2043 1815 ,
2080 1754 2127 1814 Β
2153 1765 2360 1825 potens,
2389 1767 2442 1812 et
2466 1759 2643 1812 omnia
2674 1757 3000 1826 prospiciens
3033 1757 3326 1812 intimatur,
3359 1747 3514 1825 Quot]
3552 1768 3728 1812 autem

489 1848 804 1902 exsiliebant
835 1855 985 1909 rotae,
1017 1856 1070 1900 et
1107 1845 1403 1913 ubicunque
1443 1843 1586 1897 ibant
1619 1842 1802 1898 nubes.
1830 1839 2055 1907 etjuxta

489 1941 616 1994 illud
642 1941 857 2008 spiritus
885 1948 1013 1992 rota:
1034 1935 1386 1991 extollebatur
1399 1949 1518 1988 cum
1540 1934 1638 1996 eis,
1663 1929 1910 2000 quoniam
1941 1929 2055 1998 spi-

490 2031 624 2084 ritus
648 2029 767 2082 vitae
790 2039 903 2082 erat
932 2029 982 2080 iu
1011 2025 1143 2080 rotis
1173 2024 1382 2093 (Ezech.
1413 2039 1450 2088 I,
1486 2023 1595 2092 19).
1660 2021 1722 2074 Et
1769 2018 2056 2087 Apostolus

491 2122 555 2174 ad
582 2123 846 2174 Romanos
882 2138 892 2171 :
928 2119 1033 2173 Lex
1063 2117 1226 2182 enim,
1256 2117 1351 2180 ait,
1377 2114 1593 2182 spiritus
1616 2113 1741 2167 vita:
1763 2114 1815 2166 in
1845 2112 2059 2168 Christo

492 2212 617 2266 Jesu
649 2212 821 2283 (Rom.
845 2226 958 2275 vm,
985 2209 1062 2278 9).
1096 2209 1226 2264 Item
1251 2206 1322 2261 ibi
1357 2223 1370 2260 :
1397 2204 1680 2260 Prudentia
1711 2203 1890 2258 carnis
1917 2217 2062 2258 mors

492 2313 592 2367 est,
629 2301 900 2368 prudentia
927 2315 1052 2354 vero
1105 2299 1323 2368 spiritus
1376 2296 1480 2350 vita
1541 2305 1597 2349 et
1628 2309 1725 2364 pax
1759 2291 1949 2361 (Ibid.,
1978 2293 2057 2362 6).

497 2391 623 2444 Item
647 2390 716 2442 ibi
751 2389 984 2459 :Corpus
1001 2387 1210 2458 quidem
1237 2396 1502 2440 mortuum
1533 2393 1612 2437 est
1637 2393 1850 2452 propter
1873 2395 2058 2451 pecca-

495 2494 628 2546 tum,
660 2481 872 2548 spiritus
900 2488 1074 2533 autem
1103 2480 1205 2534 vita
1232 2488 1314 2534 est
1340 2490 1555 2549 propter
1588 2478 1846 2548 justitiam
1896 2475 2061 2548 (lb'd.

495 2574 604 2642 10).
641 2575 701 2626 lit
731 2574 792 2625 ad
825 2571 1126 2626 Corinthios
1158 2591 1169 2625 :
1198 2571 1384 2626 Factus
1420 2580 1499 2624 est
1547 2570 1748 2638 primus
1797 2567 1964 2622 Adam
2009 2566 2062 2620 in

493 2671 722 2722 animam
754 2679 941 2720 γινυιιιι
964 2683 1034 2731 m,
1068 2665 1385 2719 novissimus
1424 2663 1589 2719 Adam
1632 2661 1683 2714 in
1713 2661 1956 2728 spiritum
1987 2659 2066 2713 vi-

495 2759 794 2812 viﬁcantem
821 2755 872 2825 (I
905 2758 1021 2809 Cor.
1043 2772 1131 2820 xv,
1160 2755 1271 2826 45).
1301 2755 1427 2808 Ιιειη
1461 2754 1514 2808 in
1559 2752 1790 2806 secunda
1824 2769 1836 2803 :
1864 2751 2063 2805 Littera

495 2847 707 2912 occidit,
740 2865 784 2914 si
805 2846 954 2900 iritus
979 2856 1150 2898 autem
1175 2845 1408 2898 vivilicat
1442 2842 1524 2914 (Il
1550 2841 1671 2896 Cor.
1703 2857 1780 2907 ιιι,
1812 2843 1888 2911 6).
1916 2841 1980 2895 Et
2012 2841 2063 2894 in

496 2941 808 3012 Apooalypsi
843 2958 855 2993 :
886 2938 945 2991 Et
978 2947 1096 3008 post
1123 2941 1333 2993 tertium
1374 2937 1511 2992 diem
1553 2944 1607 2989 et
1658 2934 1933 2988 dimidium
1959 2931 2065 3002 spi-

496 3037 629 3090 ritus
645 3036 762 3088 vitae
788 3033 1003 3087 intravit
1031 3032 1080 3085 in
1109 3030 1185 3084 cis
1214 3046 1241 3084 a
1274 3029 1517 3096 Domino,
1549 3034 1604 3082 et
1623 3023 2066 3095 steteruntuz

2155 1845 2248 1900 lux
2275 1846 2343 1900 sit
2378 1847 2620 1914 Spiritus,
2663 1846 2907 1901 Ezechiel
2958 1846 3111 1906 testis
3157 1855 3258 1913 cst,
3306 1848 3434 1900 dum
3489 1847 3731 1915 spiritum

2161 1937 2368 1992 Domini
2397 1938 2533 1992 sicut
2562 1936 2646 1990 lux
2692 1936 3010 2007 praefulgens
3053 1937 3120 1991 ab
3176 1937 3436 2007 Aquilone
3495 1936 3550 1991 in
3588 1936 3728 1992 nulla

2159 2026 2454 2082 venientem
2477 2027 2697 2081 astruxit
2740 2026 2948 2097 (Ezech.
2996 2043 3035 2094 t,
3091 2028 3171 2097 4).
3213 2027 3365 2094 Quod
3412 2029 3582 2082 virtus
3631 2031 3721 2094 sit,

2160 2113 2442 2187 Apostulus
2468 2097 2773 2173 docet‘cum
2799 2118 2928 2172 dicit
2957 2135 2971 2172 :
3003 2117 3058 2172 In
3083 2118 3394 2173 OStensione
3418 2118 3640 2188 spiritus
3683 2132 3733 2177 et

2160 2208 2366 2262 virtutis
2394 2207 2446 2278 (1
2473 2207 2592 2262 Cor.
2618 2224 2673 2274 ιι,
2699 2208 2773 2278 4).
2808 2208 2958 2276 Quod
3013 2223 3140 2264 vero
3202 2208 3463 2278 sapientia
3495 2207 3723 2272 dicatur,

2162 2298 2321 2354 Isaias
2355 2301 2503 2354 testis
2526 2309 2628 2363 est,
2660 2316 2782 2356 cum
2824 2300 3030 2354 Domini
3072 2299 3262 2355 Filium
3301 2297 3500 2369 spiritu
3526 2299 3732 2368 sapien-

2165 2389 2250 2444 tia:
2277 2389 2437 2444 fuisse
2477 2390 2736 2458 repletum
2802 2391 2929 2444 dicit
2960 2389 3113 2461 (Isai.
3169 2389 3358 2460 xt,2).
3408 2389 3566 2456 Quod
3615 2407 3735 2446 vero

2164 2479 2441 2551 prudentia
2489 2481 2714 2548 dicatur,
2762 2483 2813 2536 in
2853 2483 3040 2538 eodem
3087 2485 3344 2552 propheta
3399 2483 3727 2540 ostenditur.

2163 2574 2504 2640 Quodantem
2536 2577 2747 2644 spiritus
2773 2577 2976 2630 consilii
3022 2587 3078 2631 et
3125 2575 3450 2632 fortitudinis
3499 2577 3729 2641 dicatur,

2165 2664 2219 2718 in
2241 2663 2429 2718 eodem
2455 2665 2721 2721 volumine
2749 2667 3066 2721 declaratur.
3101 2667 3253 2735 Quod
3307 2683 3438 2724 vero
3488 2684 3592 2739 pax
3647 2671 3734 2734 sit,

2164 2753 2520 2821 apostolorum
2536 2753 2666 2808 Acta
2695 2762 2955 2810 testantur
2997 2756 3130 2829 (Act.
3155 2771 3227 2821 ιι,
3253 2755 3365 2826 5|).
3388 2758 3543 2825 Quod
3569 2768 3736 2813 autem

2164 2844 2357 2898 caritas
2406 2845 2630 2914 dicatur,
2710 2849 2999 2915 apostolica
3082 2848 3347 2904 sententia
3399 2851 3730 2920 comprobat.

2164 2934 2316 3000 Quod
2345 2949 2470 2989 vero
2490 2937 2706 3005 spiritus
2733 2935 3006 3006 sapientia:
3027 2938 3343 3006 appelletur,
3361 2937 3512 2993 [sake
3536 2954 3731 2992 annun-

2169 3031 2386 3086 tiatione
2409 3031 2649 3086 docetur.
2675 3031 2823 3098 Quod
2845 3042 3029 3086 autem
3065 3032 3282 3102 spiritus
3313 3034 3436 3086 vitae
3477 3033 3572 3098 sit,
3608 3035 3734 3098 Apo-

495 3147 654 3202 super
707 3130 868 3200 pedes
898 3142 1023 3181 suos
1055 3127 1245 3198 (Apoc.
1301 3140 1348 3178 xt
1369 3165 1383 3188 ,
1417 3123 1475 3177 ll
1495 3123 1534 3190 ).
1586 3119 1829 3175 Ezechiel
1881 3119 2065 3186 utique
2091 3115 2140 3177 C
2167 3123 2554 3189 stolusedocet,
2576 3121 2700 3176 dum
2727 3123 3058 3192 prudentiam
3081 3123 3294 3193 spiritus
3308 3124 3454 3191 vitai,
3480 3132 3536 3178 et
3559 3138 3732 3192 pacem

495 3226 681 3280 iisdem
733 3221 910 3276 verbis
958 3233 1020 3273 ac
1063 3217 1278 3288 sy'labis
1319 3216 1386 3270 de
1443 3213 1610 3269 aridis
1651 3212 1860 3266 ossibus
1919 3223 2063 3264 mor-

497 3328 702 3372 tuorum
735 3313 878 3384 paria
904 3320 1222 3380 protestatur
1264 3307 1475 3377 (Ezech.
1510 3319 1708 3370 xxxvu,
1744 3303 1854 3369 IU).
1892 3301 2068 3384 Inten-

497 3416 626 3476 dite,
649 3424 852 3481 quaeso,
887 3406 1164 3468 intendite,
1188 3403 1438 3478 quoniam
1465 3397 1917 3465 inaniterspiritus
1948 3394 2068 3447 vitae

499 3521 602 3559 non
634 3505 781 3566 dixit,
811 3509 865 3554 et
891 3499 976 3568 qui
1007 3495 1138 3550 vivis
1173 3505 1225 3548 et
1258 3492 1481 3546 mortuis
1520 3487 1806 3544 secundum
1837 3484 2064 3537 antelata

502 3593 795 3649 testimonia
814 3592 971 3642 vitam
997 3587 1234 3655 largitur,
1260 3581 1476 3638 inferior
1493 3597 1520 3634 τι
1549 3580 1704 3634 Patre
1728 3587 1779 3632 ct
1801 3576 1933 3632 Filio
1951 3574 2039 3628 nul
2053 3601 2066 3609 -

505 3687 705 3741 latenus
732 3681 1126 3740 comprobatur.

1101 3789 1321 3843 CAPUT
1363 3787 1495 3842 XIV.

541 3885 635 3941 Ubi
665 3887 866 3938 dirum:
895 3881 1111 3935 Ostende
1140 3880 1275 3948 quod
1304 3881 1363 3930 de
1393 3875 1550 3948 Patre
1581 3877 1803 3946 Spiritus
1831 3884 2032 3926 sanctus

1034 3947 1189 4020 possit
1217 3947 1504 4019 procedere.

567 4067 623 4123 Si
654 4067 746 4122 tibi
777 4064 1007 4120 dixerint
1039 4079 1053 4118 :
1088 4059 1322 4115 Ostende
1351 4057 1489 4127 quod
1514 4057 1742 4128 Spiritus
1763 4062 1979 4110 sanctus
2003 4053 2069 4108 dc

502 4162 654 4216 Patre
685 4161 764 4213 vel
797 4159 928 4212 Filio
948 4154 1237 4225 procedure
1267 4151 1454 4221 potuit.

571 4253 871 4322 Responsio.
898 4252 952 4304 Si
984 4249 1144 4302 corda
1176 4257 1346 4301 vestra
1374 4243 1758 4300 incredu'itatis
1789 4242 1897 4312 jam
1943 4237 2070 4292 vitio

505 4343 756 4396 obdurata
780 4342 842 4392 ad
878 4356 925 4392 ιιι
953 4340 1151 4391 ιιιὶιίειιι
1183 4346 1375 4388 nostra:
1395 4335 1721 4389 credulitatis
1746 4333 1952 4388 velletis
1972 4333 2068 4388 ad-

506 4435 718 4495 ducere,
745 4431 989 4484 facillime
1018 4427 1375 4494 aguosceretis
1402 4427 1540 4493 quod
1578 4426 1808 4495 Spiritus
1858 4425 1927 4480 de
1964 4427 2068 4480 Deo

506 4521 659 4575 Patre
684 4521 849 4589 possit
875 4517 1164 4588 procedere
1194 4533 1206 4569 :
1233 4524 1313 4568 est
1335 4514 1475 4567 enim
1512 4515 1663 4568 Pater
1687 4517 1846 4580 Deus,
1875 4525 1926 4570 et
1951 4531 2069 4584 pro-

505 4615 644 4670 cedit
683 4613 749 4668 de
777 4612 864 4666 illo
895 4612 1120 4680 Spiritus
1148 4610 1267 4673 Dei;
1307 4617 1389 4662 est
1413 4607 1767 4674 omnipotens,
1797 4617 1851 4660 et
1882 4623 2066 4675 proce-

506 4705 581 4758 dit
609 4703 674 4756 de
701 4717 765 4757 eo
791 4702 1172 4767 omnipott-ntia
1217 4700 1464 4767 spiritus;
1495 4706 1578 4751 cst
1621 4695 1730 4759 lux,
1761 4708 1814 4750 et
1836 4697 2073 4762 procedit

505 4801 570 4854 de
601 4812 666 4853 eo
693 4797 908 4865 spiritus
931 4796 1090 4858 lucis;
1120 4805 1200 4848 est
1232 4794 1419 4855 virtus,
1439 4802 1490 4846 et
1514 4790 1753 4861 procedit
1775 4789 1844 4843 de
1874 4804 1937 4842 eo
1967 4789 2073 4857 Spi-

507 4891 638 4944 ritus
667 4888 905 4951 virtutis;
935 4894 1015 4941 est
1042 4885 1272 4953 sapiens,
1295 4894 1350 4939 et
1380 4883 1617 4952 procedit
1644 4882 1710 4936 de
1740 4881 1829 4936 illo
1864 4880 2073 4949 sapien-

509 4982 592 5034 tia:
614 4979 867 5047 spiritus;
897 4986 977 5030 est
1022 4975 1321 5044 prudentia,
1347 4985 1401 5028 et
1431 4972 1669 5043 procedit
1691 4972 1758 5027 de
1797 4972 1888 5028 illo
1946 4986 2070 5039 pru-

506 5073 696 5126 dentiae
734 5068 979 5138 spiritus;
1039 5075 1120 5121 est
1158 5066 1459 5131 consilium,
1509 5073 1562 5120 et
1613 5063 1848 5132 procedit
1894 5063 1960 5116 de
2009 5077 2074 5116 eo

507 5164 724 5231 spiritus
751 5159 988 5222 consilii;
1017 5166 1097 5212 est
1131 5156 1402 5222 Iortitudo,
1432 5167 1484 5210 et
1515 5156 1755 5224 procedit
1780 5154 1846 5208 de
1875 5169 1940 5208 eo
1969 5153 2076 5220 Spi-

511 5257 639 5308 ritus
672 5251 1022 5314 fortitudinis;
1046 5255 1129 5304 est
1156 5263 1278 5318 pax,
1306 5257 1362 5303 et
1392 5245 1711 5316 proceditde
1741 5245 1830 5299 illo
1859 5243 2075 5313 spiritus

515 5347 656 5414 pacis
680 5365 693 5412 ;
724 5353 806 5399 est
835 5343 1048 5410 caritas,
1088 5352 1141 5397 et
1166 5339 1401 5411 procedit
1429 5341 1496 5394 de
1527 5340 1616 5393 illo
1639 5338 1859 5407 spiritus
1884 5338 2070 5389 carita-

514 5439 576 5492 tis
617 5445 700 5491 est
742 5433 985 5501 scientia,
1018 5442 1071 5488 et
1100 5433 1334 5503 procedit
1355 5433 1422 5486 de
1455 5432 1544 5486 illo
1567 5431 1782 5499 spiritus
1803 5428 2075 5492 scicntia;

515 5539 591 5582 est
613 5529 751 5595 vita,
775 5536 828 5583 et
855 5526 1092 5598 procedit
1115 5525 1181 5581 de
1213 5527 1302 5580 illo
1325 5526 1542 5595 spiritus
1585 5526 1740 5589 vitae;
1769 5531 1851 5577 est
1879 5532 2080 5586 rectus,

2168 3229 2288 3269 esse
2317 3215 2560 3283 praedixit
2588 3215 2763 3284 (Rom.
2798 3230 2908 3278 vm,
2937 3214 3015 3283 6).
3043 3215 3195 3280 Quod
3240 3224 3416 3270 autem
3445 3225 3626 3271 rectus
3666 3215 3729 3268 di-

2168 3307 2322 3370 citur,
2351 3306 2563 3360 Davidis
2583 3306 2810 3360 oraculis
2838 3305 3156 3370 ostenditur,
3187 3305 3311 3360 dum
3335 3306 3386 3360 in
3437 3306 3550 3360 suis
3577 3306 3734 3358 visce-

2169 3399 2316 3451 ribus
2337 3397 2581 3464 spiritum
2599 3407 2800 3451 rectum
2824 3397 3061 3451 innovari
3092 3405 3341 3466 precatur
3361 3395 3536 3467 (Psal.
3559 3412 3608 3461 L,
3639 3396 3732 3462 tit).

2168 3486 2315 3552 Quod
2344 3496 2520 3540 autem
2550 3488 2716 3541 bonus
2747 3485 2972 3550 dicatur,
3007 3486 3143 3539 idem
3171 3487 3423 3554 propheta
3486 3485 3733 3547 ostendit,

2169 3577 2256 3644 qui
2289 3591 2347 3631 se
2370 3591 2399 3629 a
2430 3577 2636 3646 Spiritu
2677 3587 2860 3631 sancto
2893 3577 2944 3631 in
2976 3576 3060 3629 via
3096 3585 3238 3630 recta
3294 3575 3485 3629 deduci
3537 3574 3734 3630 deside-

2169 3682 2291 3721 rans
2333 3668 2475 3720 canit
2519 3665 2690 3736 (Psal.
2731 3681 2874 3730 xxvn,
2921 3665 3031 3734 ll).
3095 3664 3255 3730 Quod
3285 3673 3466 3718 autem
3521 3664 3731 3732 spiritus

2169 3760 2584 3816 mansuetudinis
2608 3769 2955 3829 nuncupetur,
2987 3759 3268 3828 Apostolus
3297 3763 3452 3813 testis
3475 3769 3578 3820 est.
3608 3760 3722 3813 dum

2168 3851 2314 3913 dicit,
2349 3863 2406 3902 se
2427 3864 2530 3902 non
2561 3850 2611 3902 in
2640 3848 2807 3918 virga,
2836 3849 2928 3902 sed
2952 3847 3012 3902 in
3028 3848 3252 3902 caritate
3273 3848 3492 3915 Spiritus
3515 3857 3571 3902 et
3601 3864 3732 3900 man-

2171 3938 2473 3993 suetudinis
2496 3938 2756 3993 advenire
2789 3936 2839 4007 (1
2871 3938 2988 3992 Cor.
3023 3953 3092 4000 iv,
3120 3937 3239 4004 2i).
3279 3938 3426 4005 Q'nod
3479 3953 3604 3992 vero
3630 3952 3735 4005 per-

2172 4031 2349 4084 fectus
2378 4028 2608 4093 dicatur,
2639 4028 2779 4084 idem
2809 4029 2965 4083 docet
2991 4029 3283 4097 apostolus,
3314 4029 3436 4082 dum
3473 4029 3615 4083 illum
3652 4031 3731 4098 ju-

2169 4123 2340 4179 dicem
2386 4122 2645 4190 omnium,
2695 4131 2748 4177 et
2791 4122 3032 4190 spiritum
3076 4122 3340 4190 iustorum
3398 4122 3625 4175 insinuat
3682 4130 3734 4173 et

2173 4215 2525 4283 perfectorum
2560 4212 2744 4282 (Hebr.
2779 4228 2871 4276 xit,
2940 4212 3066 4280 23).
3121 4211 3271 4279 Quod
3319 4224 3497 4265 autem
3539 4213 3727 4281 gladius

2174 4312 2542 4373 nuncupetur,
2563 4303 2701 4357 idem
2734 4303 2921 4372 probat
2954 4304 3248 4371 apostolus,
3308 4303 3432 4357 dum
3479 4319 3599 4358 eum
3629 4317 3734 4357 ver-

2175 4396 2301 4451 bum
2327 4397 2417 4450 Dei
2441 4396 2749 4467 pronuntiat
2777 4409 2896 4449 esse
2947 4393 3165 4464 (Ephes.
3212 4410 3283 4459 vr,
3334 4395 3445 4465 17).
3499 4395 3555 4452 Si
3609 4395 3734 4449 enim

2101 4483 2287 4544 Dhtec
2309 4489 2485 4543 omnia
2531 4503 2633 4542 non
2683 4488 2839 4542 CtBCIS
2887 4487 3158 4542 mentibus
3212 4488 3446 4555 legerent
3477 4528 3494 4552 ,
3531 4503 3628 4543 nec
3668 4486 3729 4539 de

2172 4578 2309 4634 Filio
2335 4576 2428 4631 Dei
2459 4577 2806 4646 ambigerem,
2861 4591 3034 4644 neque
3080 4576 3148 4631 de
3181 4575 3413 4645 Spiritus
3460 4575 3626 4631 sancti
3655 4590 3738 4645 po-

2174 4669 2334 4724 tentia
2361 4667 2694 4722 dubitarent.

2783 4775 3006 4832 CAPUT
3041 4776 3154 4831 XV.

2181 4892 2278 4946 Ubi
2322 4893 2495 4945 dicunt
2533 4891 2781 4960 Spiritum
2831 4903 3060 4944 saueium
3099 4891 3277 4961 ubique
3315 4907 3418 4944 non
3455 4908 3565 4946 esse
3601 4891 3739 4958 difi-

2909 4978 3034 5013 sum.

2249 5074 2304 5128 Si
2348 5074 2439 5128 tibi
2473 5074 2702 5128 dixerint
2729 5075 2850 5142 quia
2893 5089 2998 5126 non
3027 5073 3220 5144 ubique
3255 5082 3338 5127 est
3377 5075 3599 5142 spiritus
3633 5088 3738 5126 sano

2177 5177 2294 5221 ctus
2323 5168 2463 5221 sicut
2493 5167 2649 5220 Pater
2671 5178 2725 5221 et
2748 5153 2930 5235 Filius,
2951 5165 3044 5220 sed
3071 5166 3307 5221 localiter
3328 5167 3432 5223 sibi
3460 5167 3736 5235 injttnctum

2177 5258 2429 5324 adimplet
2461 5257 2717 5310 ofﬁcium.

2251 5346 2412 5418 “ﬁ.
2443 5347 2744 5414 Responsio.
2781 5346 2847 5400 Ut
2875 5355 3048 5400 autem
3080 5345 3340 5411 Spiritum
3389 5357 3630 5402 sanctum
3665 5345 3740 5400 do-

2182 5448 2399 5490 ceamus
2427 5436 2622 5505 ubique
2648 5435 2918 5495 dit‘l’usum.
2969 5434 3269 5488 Davidicum
3323 5436 3742 5505 investigahimus

2187 5527 2568 5593 testimonium,
2594 5542 2657 5579 ex
2685 5525 2837 5593 cujus
2860 5524 3132 5592 prophetia
3171 5522 3402 5590 Spiritus
3425 5534 3642 5577 sanctus
3667 5524 3742 5577 do-

517 5630 567 5673 et
590 5620 826 5688 procedit
852 5620 916 5674 de
947 5620 1036 5673 illo
1057 5620 1272 5689 Spiritus
1313 5617 1676 5681 rectitudinis;
1704 5625 1786 5670 est
1808 5616 1999 5680 bonus,
2032 5625 2088 5669 et
2187 5627 2356 5679 cetur,
2401 5632 2505 5670 non
2532 5617 2680 5679 locis,
2710 5624 2766 5669 ut
2789 5630 2884 5668 vos
2914 5615 2964 5668 in
2992 5628 3182 5667 somno
3208 5614 3356 5681 gravi
3389 5614 3612 5678 detenti,
3657 5612 3738 5666 sed

519 5710 756 5778 procedit
794 5710 858 5764 de
888 5711 975 5764 illo
1006 5711 1219 5779 spiritus
1248 5709 1626 5775 bonitatis;est
1654 5709 1840 5778 pietas,
1869 5716 1918 5764 et
1951 5723 2078 5775 pro-

2198 5709 2431 5778 potentia
2488 5723 2579 5763 sua
2617 5708 2755 5763 sicut
2804 5707 2962 5763 Pater
2994 5715 3046 5763 ct
3101 5704 3264 5761 Filius
3291 5705 3485 5776 ubique
3513 5705 3736 5762 din‘undi.
