3978 6380
155 367 249 428 409

1255 358 1523 418 CONTRA
1567 357 1971 413 V.\III.\I.\DU.\I
2012 357 2138 414 LIB.
2182 357 2245 414 Il.

3283 363 3388 419 ιιο

157 487 260 555 ,με
309 482 536 552 denique
569 481 620 537 ιη
645 479 852 551 psalmo
897 490 1128 534 eumn
1172 476 1346 547 (Vere.
1371 478 1426 545 7)
1469 475 1607 530 canit
1658 484 1708 528 et
1735 480 1784 536 Α
1816 471 2011 535 David;
2040 488 2141 541 ego
2162 487 2278 526 sum
2303 471 2457 526 stella
2477 471 2753 541 splendida
2785 474 3037 528 matutina
3056 474 3242 546 (Ibid,
3274 481 3386 548 I6).

156 574 271 630 dicit
303 591 316 626 :
346 575 462 638 Quo
490 573 576 626 ibo
601 586 631 625 a
653 570 839 639 spiritu
864 579 987 622 tuo:
1020 578 1074 622 et
1101 582 1130 620 a
1163 565 1296 620 facie
1336 575 1424 620 tua
1469 580 1574 634 quo
1630 565 1706 617 fu-

155 665 323 736 giam?
346 664 400 717 Si
423 665 714 718 escendero
745 664 796 716 in
828 662 1040 723 ctelum,
1075 669 1128 712 tu
1155 659 1226 712 ibi
1242 673 1321 720 es.
1351 668 1404 712 et
1432 660 1473 711 si
1498 657 1712 711 descen-

155 758 274 810 dero
295 755 345 809 in
372 753 658 818 infernum,
681 754 830 806 ades.
883 751 936 805 Si
988 764 1268 817 sumpsero
1321 762 1522 816 pennas
1565 761 1712 801 meas

157 848 200 899 in
227 846 507 905 directum.
528 853 582 898 et
611 842 920 895 habitavero
941 839 994 894 in
1018 839 1308 893 novissimo
1357 838 1540 903 maris,
1597 845 1713 891 ete.

155 939 255 989 n‘m
289 934 413 988 itluc
442 947 626 986 manus
645 943 731 985 tua
759 931 983 985 deducet
1011 945 1096 984 me
1119 970 1134 992 ,
1166 937 1221 984 et
1241 929 1443 984 tenebit
1471 942 1558 982 me
1585 927 1716 981 dex-

156 1038 257 1081 tera
283 1037 391 1079 tua.
425 1025 491 1078 Et
526 1024 577 1077 in
602 1023 889 1077 Salomone
921 1020 1190 1090 :Spiritus
1233 1018 1438 1073 Domini
1492 1017 1716 1087 replevit

154 1119 332 1171 orbem
366 1128 623 1170 terrarum
653 1114 804 1183 (Sap.
835 1129 868 1175 ι,
900 1115 978 1183 7).
1010 1113 1138 1166 Item
1189 1112 1259 1166 ibi
1292 1129 1304 1162 :
1336 1109 1410 1165 Ne
1435 1108 1653 1176 dixeris,
1685 1121 1716 1161 a

153 1207 348 1275 Spiritu
381 1204 473 1259 Dei
500 1205 822 1268 abseondor,
847 1213 900 1257 ct
937 1202 1005 1256 de
1031 1203 1290 1256 altissimo
1333 1201 1449 1270 quis
1472 1199 1576 1253 mei
1608 1215 1718 1253 me-

153 1296 480 1352 morabitur?
499 1297 552 1350 In
569 1295 764 1364 populo
785 1296 927 1348 enim
958 1309 1150 1362 magno
1180 1307 1285 1347 non
1297 1307 1574 1362 agnOscor.
1587 1289 1718 1356 Quae

152 1395 225 1442 est
254 1389 399 1440 enim
420 1386 725 1439 animamea
757 1385 810 1436 in
855 1392 964 1436 tam
1011 1398 1197 1451 magna
1244 1381 1525 1437 creatura?
1581 1382 1720 1436 Ecce

151 1475 648 1540 cminm,etcaalum
664 1473 1177 1543 etelornrn.abyssus
1207 1481 1260 1525 et
1291 1472 1532 1548 universa
1551 1479 1714 1535 terra,

151 1578 199 1622 et
223 1583 348 1635 qua:
369 1567 420 1619 in
449 1566 527 1620 eis
549 1574 692 1628 sunt,
725 1566 775 1617 in
797 1573 1084 1633 conspectu
1131 1563 1248 1630 ejus
1292 1570 1436 1616 sunt.
1486 1564 1526 1613 Α
1575 1561 1718 1614 vultu

149 1660 290 1715 illius
321 1659 674 1714 movebuntur
691 1666 900 1711 montes
951 1667 1005 1710 et
1050 1655 1232 1719 colles,
1277 1663 1334 1708 et
1380 1655 1718 1707 fundamenta

149 1758 329 1816 terrm,
384 1760 440 1804 et
490 1764 610 1804 cum
652 1745 1002 1812 concusserit,
1055 1754 1286 1799 tremore
1347 1742 1721 1798 concutientur

147 1841 343 1912 (Eccli.
377 1855 482 1906 va,
512 1840 625 1910 I6).
659 1840 722 1893 Et
752 1840 802 1892 in
827 1837 1098 1908 Apocalyp
1127 1836 1143 1890 i
1189 1852 1203 1890 :

146 1931 467 1986 candelabra
494 1935 705 1993 aurea,’
731 1937 784 1983 et
829 1936 1033 1996 septem
1088 1927 1329 1980 lucernas
1367 1925 1418 1978 in
1453 1925 1731 1992 capitese-

147 2032 290 2090 ptem
330 2020 767 2075 candelabrorum
824 2032 1129 2083 aureorum,
1161 2028 1214 2072 et
1243 2017 1349 2070 dixi
1386 2016 1554 2082 :Qua:
1607 2022 1731 2069 sunt

144 2117 268 2179 ista,
309 2115 575 2169 Domine?
606 2115 670 2168 Et
699 2113 832 2167 dixit
879 2114 1006 2167 mihi
1042 2129 1054 2164 :
1086 2111 1301 2180 Septem
1341 2115 1594 2173 lucernae,
1644 2123 1730 2162 se-

145 2216 292 2274 ptem
324 2205 541 2272 spiritus
571 2213 714 2270 sunt,
741 2202 888 2257 missi
919 2218 1013 2272 per
1043 2202 1348 2256 universum
1399 2200 1582 2253 orbem
1617 2210 1725 2254 ter-

143 2313 328 2353 rarum
360 2300 544 2369 (Apoc.
571 2312 609 2358 ι,
647 2296 752 2364 12).
787 2297 923 2350 Ecce
968 2294 1247 2350 docuimus
1292 2293 1549 2360 Spiritum
1605 2306 1730 2346 san-

139 2400 287 2443 ctum
317 2404 419 2442 non
446 2388 577 2441 locis
607 2385 854 2447 detineri,
906 2399 1082 2453 neque
1130 2382 1347 2452 regione
1393 2381 1568 2450 aliqua
1621 2391 1729 2435 ter-

139 2479 366 2543 minari,
398 2479 669 2547 quomodo
690 2487 744 2531 tu
770 2479 968 2532 astruis
994 2489 1115 2530 eum
1142 2475 1335 2543 ubique
1354 2487 1459 2526 non
1483 2487 1603 2527 esse
1624 2471 1728 2525 dif-

138 2575 322 2626 fusum
350 2571 534 2638 :cujos
557 2584 762 2634 vocem,
791 2568 1080 2622 secundum
1104 2565 1311 2619 Domini
1332 2563 1558 2628 dictum,
1583 2563 1729 2632 quis-

137 2664 267 2731 quis
294 2669 396 2724 est,
423 2660 608 2713 audire
637 2669 810 2712 tamen
863 2666 1058 2726 potest,
1105 2656 1198 2710 sed
1233 2654 1373 2710 unde
1420 2655 1618 2717 veniat,
1674 2664 1727 2708 et

138 2767 253 2820 quo
281 2751 460 2816 vadat,
495 2749 627 2803 nulli
659 2747 962 2802 mortalium
1007 2747 1146 2801 scire
1175 2760 1489 2800 concessum
1533 2753 1636 2800 est.

751 2901 978 2958 CAPUT
1002 2901 1139 2956 XVI.

145 3039 247 3095 Ubi
273 3039 448 3094 dicunt
481 3037 732 3106 Spiritum
769 3046 998 3160 sontium
1049 3053 1118 3107 pr-
1143 3036 1252 3109 prie
1281 3035 1494 3107 lucifero
1517 3051 1727 3106 compo-

838 3125 863 3160 r
921 3124 1023 3160 um.

838 3124 1023 3162 ratum.

213 3247 273 3302 Si
303 3245 396 3300 tibi
427 3245 694 3298 dixerint:
721 3243 948 3312 Spiritus
977 3255 1192 3297 sanctus
1231 3243 1451 3297 lucifero
1504 3257 1720 3312 compa-

140 3347 296 3391 ratus
316 3344 418 3401 est,
449 3346 572 3389 ante
602 3350 759 3403 quem
795 3335 947 3388 Pater
970 3333 1158 3388 Filium
1189 3335 1435 3402 genuisse
1476 3349 1535 3389 se
1561 3344 1722 3390 testa-

142 3436 232 3480 tus
262 3437 366 3490 est,
395 3425 622 3480 dcendo
648 3443 658 3475 :
687 3424 743 3476 In
766 3424 1138 3490 splendoribus
1159 3432 1460 3476 sanctorum
1483 3439 1546 3477 ex
1571 3433 1720 3478 utero

138 3531 269 3575 ante
301 3520 575 3575 luciferum
605 3518 760 3587 genui
792 3526 841 3570 te
865 3516 1036 3587 (Paul.
1059 3532 1165 3577 crx,
1187 3516 1265 3582 3).
1319 3515 1558 3569 Velillnd
1580 3531 1650 3585 qu
1688 3515 1721 3568 d

138 3613 336 3666 Petrus
366 3612 640 3680 apostolus
673 3609 803 3662 dixit
837 3627 849 3660 :
884 3609 1060 3661 Donec
1089 3607 1249 3678 [‘55
1299 3608 1415 3660 dies
1467 3608 1719 3675 lucescat,

137 3715 196 3760 et
249 3704 441 3760 lucifer
498 3706 700 3758 oriatur
758 3702 810 3756 in
884 3701 1134 3756 cordibus
1188 3702 1378 3754 vestris
1411 3697 1507 3768 (Il
1576 3697 1716 3753 Petr.

136 3813 191 3863 ι,
227 3797 343 3864 19).

213 3887 524 3957 Responsio.
553 3885 648 3939 Pet
681 3900 741 3938 us
770 3885 1073 3952 Apostolus,
1099 3898 1215 3937 cum
1232 3897 1329 3953 pro
1347 3882 1587 3937 doctrina
1602 3897 1723 3936 cr.:-

133 3979 386 4034 dentium
419 3979 532 4030 haec
558 3977 608 4031 in
636 3991 730 4030 sua
763 3977 992 4044 Epistula
1018 3980 1302 4043 p.isu?sset,
1322 3975 1576 4043 Spiritum
1600 3989 1722 4028 san-

131 4078 294 4124 ctum
322 4065 598 4121 luciferum
642 4066 853 4133 proprie
893 4066 1244 4128 nominatum,
1297 4080 1394 4118 nec
1442 4065 1592 4127 dixit,
1625 4078 1722 4118 nec

131 4158 355 4222 docuit,
382 4171 478 4210 nec
508 4156 748 4211 docenda
779 4157 1064 4210 mandavit.
1099 4156 1202 4210 Sed
1231 4165 1285 4208 et
1308 4170 1402 4209 nos
1424 4159 1510 4223 qui
1535 4157 1586 4208 in
1605 4155 1721 4208 Tri-

131 4250 320 4302 nitate
350 4262 514 4300 unum
537 4246 804 4299 credimus
835 4246 1020 4310 Deum,
1045 4250 1204 4301 etiarn
1245 4246 1416 4314 ipsum
1443 4245 1720 4299 Dominum

129 4352 190 4395 et
223 4339 560 4394 Salvatorem
601 4346 837 4392 nostrum
862 4336 915 4390 in
947 4336 1113 4404 figura
1166 4337 1324 4405 hujus
1373 4337 1564 4399 stellae,
1614 4351 1721 4389 non

131 4431 321 4486 solum
347 4444 376 4482 a
402 4427 698 4497 prophetis,
727 4442 908 4482 verum
935 4428 1094 4482 etiam
1123 4427 1192 4482 ab
1234 4427 1495 4496 apostolis
1540 4436 1723 4483 osten-

133 4522 321 4573 dimus
353 4517 718 4586 pra~dicatum.
748 4515 801 4570 In
832 4516 1047 4572 Numeri
1105 4518 1264 4572 etiam
1315 4517 1471 4582 libro,
1503 4533 1625 4573 eum
1688 4533 1717 4572 a

133 4612 340 4664 Balaac
371 4609 686 4676 impiissimo
738 4624 862 4677 rege
882 4618 936 4662 et
958 4610 1216 4678 sacrilego
1260 4610 1472 4664 Balaam
1503 4626 1717 4680 quoque

134 4699 611 4768 pseudOpropheta
642 4698 706 4751 ad
731 4698 1153 4754 maledicendum
1173 4698 1266 4754 Dei
1295 4700 1546 4769 populum
1579 4715 1721 4756 mer-

133 4794 294 4846 cedis
324 4791 475 4843 titulo
502 4789 694 4843 fuis.~et
720 4791 997 4853 adductus,
1017 4791 1130 4846 haec
1148 4792 1372 4847 docetur
1390 4808 1493 4847 non
1509 4807 1606 4848 sua
1629 4807 1722 4849 vo-

134 4889 376 4949 luntate,
406 4885 499 4939 sed
523 4884 703 4936 divino
751 4885 972 4953 imperio
1019 4885 1263 4941 intulisse
1293 4905 1305 4940 :
1336 4887 1572 4954 Orietur,
1623 4890 1720 4955 ait,

135 4979 302 5032 stella
329 4992 396 5029 cx
423 4975 610 5038 Iacob,
641 4984 695 5029 et
723 4976 979 5028 ascendet
1009 4977 1155 5044 virga
1202 4991 1266 5030 ex
1305 4978 1486 5044 Israel,
1519 4987 1573 5031 et
1603 4993 1724 5048 per—

134 5071 307 5124 cutiet
338 5069 512 5121 omnia
537 5081 696 5136 regna
721 5077 876 5122 terra:
900 5066 1088 5138 (Num.
1120 5085 1266 5134 xxiv,
1301 5069 1408 5138 I7).
1431 5071 1495 5124 Et
1525 5074 1576 5124 in
1620 5072 1726 5125 alio

136 5160 298 5214 loco:
329 5157 602 5211 Columnae
623 5160 742 5211 ρωιὶ
768 5169 1206 5213 contremuerunt
1247 5160 1550 5220 Dominum,
1581 5171 1723 5214 astra

136 5260 324 5303 autem
356 5246 477 5301 οωιί
508 5255 746 5301 metuent
771 5263 892 5302 eum
916 5246 1056 5318 (Job.
1114 5265 1260 5313 xxvr,
1296 5248 1402 5316 It).
1462 5252 1723 5316 Quoniam

138 5339 259 5392 haec
289 5345 499 5404 est'pax
527 5345 582 5390 et
612 5337 779 5390 virtus
806 5338 941 5406 ejus,
965 5346 1022 5392 ut
1043 5338 1323 5406 splendeat
1345 5341 1398 5393 in
1420 5341 1724 5394 cmlosti-lla

140 5431 281 5497 ejus,
315 5427 384 5482 ad
417 5427 792 5482 illuminandos
811 5444 996 5484 omnes
1019 5431 1300 5486 credentes
1323 5433 1374 5485 in
1424 5448 1570 5486 eum.
1604 5433 1727 5488 llzec

140 5525 192 5576 In
232 5521 526 5589 Evangelio
559 5539 571 5572 :
602 5519 862 5586 Vidimus,
928 5523 1193 5592 inquiunt,
1245 5526 1450 5578 stellam
1507 5526 1623 5592 ejus
1673 5526 1724 5580 in

143 5614 380 5673 oriente,
412 5622 466 5664 et
497 5613 738 5665 venimus
777 5613 1001 5666 adorare
1045 5629 1167 5668 eum
1211 5615 1431 5683 (Matth.
1465 5631 1522 5678 ιι,
1549 5615 1624 5683 2).
1659 5616 1727 5671 Et

143 5705 197 5757 in
230 5701 554 5772 Apocalypsi
586 5703 804 5757 Joannis
853 5705 1078 5772 apostoli
1113 5723 1125 5759 :
1163 5707 1273 5775 Ego
1298 5723 1414 5761 sum
1447 5709 1648 5776 primus
1672 5718 1724 5762 et

145 5796 476 5851 novissimus
500 5795 682 5864 (Apoc.
712 5811 846 5864 xxn,
885 5797 989 5865 εὖ).
1025 5797 1134 5868 Ego
1163 5813 1278 5854 sum
1309 5800 1452 5854 radix
1497 5809 1551 5856 ct
1575 5802 1722 5871 origo

1811 561 1865 615 Si
1893 563 2034 614 enim
2063 564 2132 614 ob
2163 563 2318 629 hujus
2347 564 2516 617 stellie
2544 565 2884 629 vocabulum,
2911 577 2963 619 et
3008 567 3076 619 ab
3132 584 3198 622 eo
3245 572 3388 637 quod

1813 650 2024 704 Lucifer
2053 653 2351 719 appellatus
2378 662 2479 716 est,
2508 653 2762 722 Spiritum
2785 667 3026 710 sanctum
3058 657 3194 712 Filio
3217 660 3392 713 mino-

1813 756 1924 796 rem
1953 756 2072 796 esse
2106 744 2408 808 contendis,
2444 747 2679 815 nunquid
2709 757 2762 802 et
2806 747 3019 814 Filium,
3046 766 3202 818 quem
3235 767 3367 821 snpe

1814 832 1925 886 rius
1951 832 2003 886 in
2034 840 2218 901 typum
2266 835 2434 890 stella:
2488 838 2654 905 ipsius
2696 838 2974 893 docuimus
3027 842 3390 910 pravdicatum,

1813 923 2031 991 Spiritui
2063 936 2250 978 sancto
2279 927 2588 982 inferiorem
2614 945 2737 985 esse
2760 933 3032 986 ostendis?
3061 934 3232 999 Absit,
3263 951 3395 1002 quo-

1815 1018 1958 1070 niam
1990 1016 2128 1070 sicut
2155 1017 2322 1071 Filius
2353 1019 2404 1072 in
2453 1021 2606 1086 hujus
2635 1022 2804 1076 stella:
2857 1023 3083 1094 imagine
3118 1027 3390 1081 nuntiatus

1816 1105 2030 1174 Spiritui
2063 1118 2247 1160 sancto
2291 1123 2394 1161 non
2423 1117 2594 1176 potest
2623 1111 2725 1164 dici
2772 1113 3010 1180 inferior,
3063 1116 3132 1168 ita
3155 1116 3388 1185 Spiritus

1816 1209 2054 1257 mucius,
2082 1195 2124 1248 si
2158 1197 2370 1264 proprie
2402 1197 2590 1251 fuisset
2630 1199 2851 1256 lucifero
2897 1214 3258 1273 comparatus,
3291 1207 3390 1261 mi-

1819 1299 1916 1338 nor
1947 1281 2082 1337 Filio
2112 1299 2216 1338 non
2249 1295 2452 1353 poterat
2479 1301 2755 1356 apparere.

2409 1411 2632 1469 CAPUT
2675 1415 2830 1472 XVII.

1824 1547 1919 1604 Ubi
1943 1549 2212 1602 catholicos
2238 1548 2551 1630 detestantur
2601 1551 2804 1631 quod‘a
2855 1552 3052 1631 Spiritu
3091 1570 3264 1614 saneto
3285 1575 3398 1631 pec-

2086 1631 2312 1672 catorum
2343 1622 2534 1672 veniam
2587 1622 2846 1690 postulare
2875 1624 3136 1679 dicuntur.

1891 1752 1947 1806 Si
1970 1752 2060 1806 tibi
2092 1753 2435 1819 opposuerint
2453 1754 2690 1809 dicentes
2712 1755 3000 1810 catholicos
3021 1759 3280 1828 sterilego
3308 1776 3401 1817 ore

1260 1835 1326 1889 Et
1375 1835 1480 1889 vidi
1516 1844 1721 1902 septem
1755 1849 1799 1908 Β
1829 1842 2218 1910 blasphemare,
2258 1843 2396 1911 quod
2432 1853 2549 1911 post
2585 1843 2794 1898 Patrem
2837 1858 2889 1900 et
2925 1845 3112 1900 Filium
3139 1863 3166 1900 a
3201 1849 3403 1919 Spiritu

1830 1943 2017 1989 sancto
2045 1945 2402 2002 agnoscantur
2426 1946 2763 2004 peccatorum
2797 1941 3001 1992 veniam
3033 1943 3328 2007 postulare.

1898 2024 2062 2095 “6
2105 2024 2399 2092 Responsio.
2449 2026 2701 2095 Spiritum
2751 2037 2991 2082 sanctum
3036 2029 3302 2098 judicem,
3348 2041 3403 2086 et

1831 2119 2134 2168 universum
2156 2116 2410 2169 mundum
2441 2117 2502 2170 de
2526 2128 2765 2182 peccato,
2795 2119 2860 2172 de
2882 2118 3106 2185 justitia,
3145 2128 3198 2174 et
3221 2119 3288 2174 de
3313 2119 3404 2187 ju-

1828 2206 1970 2260 dicio
2009 2220 2164 2274 posse
2193 2221 2439 2274 arguere,
2487 2207 2740 2261 Dominus
2769 2209 2822 2260 in
2869 2210 3155 2273 Evangelia
3192 2210 3396 2273 docuit,

1829 2295 2014 2350 dicens
2043 2311 2054 2347 :
2084 2293 2215 2349 Cum
2237 2305 2416 2349 autem
2441 2299 2643 2351 venerit
2674 2296 2903 2366 Spiritus
2938 2311 3175 2363 sanctus,
3209 2301 3296 2355 ille
3317 2316 3402 2355 ar-

1827 2394 1953 2454 guet
1985 2385 2237 2438 mundum
2269 2385 2336 2439 de
2364 2397 2604 2457 peccato,
2624 2398 2676 2440 et
2706 2387 2771 2442 de
2791 2388 3017 2454 justitia,
3041 2391 3178 2443 etde
3204 2391 3403 2458 judicio

1829 2475 2011 2542 (Joan.
2045 2489 2153 2536 xvr,
2182 2474 2258 2542 8).
2295 2477 2358 2527 lit
2387 2475 2547 2529 Isaias
2574 2494 2585 2528 ε
2627 2479 2818 2531 Ab'uet
2845 2480 3118 2544 Dominus,
3154 2483 3249 2545 ait,
3281 2497 3371 2535 se‘

1829 2568 1924 2622 des
1952 2568 2176 2640 filiorum
2207 2579 2260 2623 et
2286 2569 2508 2622 filiarum
2548 2570 2676 2624 Sion
2707 2570 2895 2640 Spiritu
2917 2572 3100 2640 judicii
3131 2574 3147 2643 (
3177 2572 3300 2626 lsai.
3329 2590 3400 2639 tv,

1829 2658 1858 2711 4
1885 2658 1924 2727 ).
1961 2658 2028 2712 Et
2070 2658 2124 2712 in
2160 2659 2489 2714 Salomone:
2525 2659 2754 2727 Spiritus
2805 2661 3012 2715 Domini
3057 2673 3240 2716 contra
3290 2663 3405 2718 illos

1825 2750 2024 2814 stabit,
2052 2758 2106 2803 et
2137 2757 2385 2818 tanquam
2418 2750 2570 2803 turbo
2603 2751 2744 2804 venti
2776 2751 2976 2805 div'det
3006 2752 3126 2806 illos
3153 2753 3317 2820 (Sap.
3348 2767 3402 2817 v,

1825 2838 1940 2910 24).
1972 2839 2101 2894 Item
2136 2841 2296 2894 Isaias
2325 2857 2339 2892 :
2373 2841 2507 2894 Ecce
2533 2856 2632 2910 ego
2663 2841 2712 2894 in
2741 2843 2928 2909 spiritu
2961 2858 3079 2896 meo
3105 2843 3238 2896 facio
3255 2843 3400 2911 judi-

1824 2930 1999 2993 cium,
2031 2930 2158 2984 dicit
2183 2929 2437 2985 Dominus
2471 2931 2488 2999 (
2516 2929 2642 2982 lsoi.
2678 2947 2819 2996 xxvi,
2861 2932 2951 2998 9).
2985 2932 3087 2984 Cur
3111 2934 3266 3000 igitur
3293 2934 3405 3001 ipse

1823 3020 2015 3074 abnuis
2052 3030 2106 3074 ut
2135 3021 2494 3090 unusquisque
2526 3037 2553 3072 ιι
2577 3021 2758 3091 judice
2799 3036 2898 3076 suo
2945 3039 3040 3092 pec
3063 3034 3283 3078 atorum
3315 3038 3405 3078 ve-

1823 3115 1963 3168 niam
1989 3131 2091 3168 non
2112 3115 2364 3183 postulet,
2387 3123 2442 3167 ut
2465 3117 2710 3168 mundior
2739 3131 2767 3168 a
2792 3117 3024 3182 peccatis
3053 3125 3107 3170 et
3130 3118 3404 3186 purgatior

1743 3214 1788 3275 ο
1825 3203 1933 3267 fiat,
1964 3217 2082 3256 cum
2104 3202 2421 3270 postulando
2453 3205 2643 3270 poterit
2669 3204 2926 3259 evadere?
2961 3205 3014 3260 Si
3053 3221 3158 3275 quo
3181 3205 3403 3259 forsitan

1824 3294 1986 3360 facto,
2017 3305 2106 3347 aut
2131 3296 2352 3360 incauta.
2393 3296 2538 3349 verbi
2577 3295 2892 3363 prolatione,
2928 3312 3061 3350 noxa
3107 3298 3404 3352 incurrerat

1822 3385 2014 3452 culpm,
2047 3385 2201 3452 plane
2221 3394 2275 3440 et
2304 3385 2685 3439 convenienter
2711 3401 2738 3438 a
2771 3387 2967 3454 Spiritu
3013 3397 3200 3442 saneto
3249 3389 3404 3442 venia

1824 3476 2189 3544 posrulabatur
2219 3485 2272 3527 ut
2298 3477 2531 3544 peccatis
2555 3477 2922 3531 remissionem
2940 3486 2994 3531 et
3022 3479 3402 3546 indulgentiam

1823 3566 2041 3628 tribuat,
2072 3568 2158 3634 qui
2188 3581 2282 3633 pro
2317 3567 2469 3618 nobis
2495 3566 2700 3618 Patrem
2718 3567 3002 3634 gemitibus
3029 3568 3405 3622 inenarrabili-

1825 3656 1921 3710 bns
1971 3655 2301 3724 interpellat.
2348 3655 2499 3720 Quod
2542 3664 2722 3710 autem
2763 3671 2860 3709 nos
2891 3657 3178 3726 sacrilegos
3223 3673 3402 3724 Vocas,

1822 3749 1960 3813 quod
2005 3748 2294 3802 secundum
2344 3748 2626 3802 Trinitatis
2678 3749 3068 3804 confessionem
3124 3751 3290 3805 Deum
3343 3768 3404 3806 ac

1825 3837 2102 3892 Dominum
2130 3837 2382 3906 Spiritum
2411 3849 2652 3892 sanctum
2679 3853 2799 3894 esse
2825 3841 3171 3904 as'seruimus,
3199 3840 3319 3896 vide
3337 3857 3404 3896 ne

1823 3940 1876 3984 tu
1931 3931 2098 3998 magis
2152 3931 2265 3999 ipse
2313 3931 2504 4001 dignus
2534 3931 2608 3985 sis
2658 3930 2757 3985 hoc
2801 3935 3018 3986 nomine
3069 3934 3400 4000 nuncupari,

1820 4021 1944 4074 dum
1975 4037 2078 4074 non
2111 4023 2188 4073 vis
2216 4023 2468 4090 Spiritum
2493 4030 2735 4074 sani-turn
2794 4022 3061 4084 confiteri,
3111 4039 3268 4090 quem
3302 4023 3405 4076 Do-

1823 4113 1997 4166 minus
2020 4129 2114 4181 per
2131 4113 2405 4180 apostolos
2427 4127 2546 4165 cum
2593 4111 2749 4164 Patre
2774 4096 2828 4165 ἐι
2885 4111 3018 4164 Filio
3065 4112 3405 4164 indiscretum

1823 4201 1988 4254 voluit
2011 4201 2271 4255 universis
2320 4202 2565 4270 gentibus
2610 4200 2839 4254 intimari
2875 4219 2886 4253 :
2928 4201 3021 4266 Ite,
3074 4201 3265 4267 inquit,
3309 4201 3400 4254 ba-

1823 4292 2014 4361 ptizate
2039 4305 2230 4345 omnes
2250 4301 2457 4360 gentes,
2489 4291 2539 4345 in
2572 4291 2785 4345 nomine
2831 4289 3000 4344 Patris
3023 4332 3036 4354 ,
3068 4301 3120 4344 et
3152 4290 3270 4344 Filii
3296 4332 3311 4357 ,
3351 4301 3406 4344 et

1824 4385 2054 4453 Spiritus
2079 4384 2249 4438 sancti
2278 4383 2489 4449 (Matth.
2525 4399 2709 4447 xxvin,
2747 4384 2853 4452 l9).
2875 4383 2932 4437 Si
2982 4383 3123 4436 enim
3176 4383 3406 4450 Spiritus

1822 4487 2037 4530 sanetus
2066 4477 2116 4529 in
2142 4475 2355 4530 deitatis
2383 4476 2677 4528 substantia
2711 4475 2848 4528 Patri
2879 4486 2930 4528 et
2960 4475 3092 4528 Filio
3126 4491 3230 4528 non
3261 4490 3406 4529 com-

1750 4566 1794 4624 D
1821 4576 2034 4637 quatur,
2063 4581 2158 4619 cur
2195 4567 2244 4620 in
2273 4578 2605 4620 sacramento
2635 4567 2768 4620 sacri
2789 4565 3119 4636 bapisruatis
3135 4566 3264 4620 nihil
3287 4566 3406 4622 abs-

1823 4674 1926 4727 ch
1955 4658 2046 4712 illn
2061 4659 2394 4728 completur?

2385 4769 2614 4825 CAPUT
2657 4771 2836 4826 XVIII.

1833 4877 1930 4933 Ubi
1959 4879 2130 4931 dicunt
2162 4878 2410 4948 Sp7ritnm
2431 4891 2661 4932 sanctum
2693 4898 2792 4932 non
2829 4897 2975 4934 nosse
3023 4880 3227 4935 Patrem
3275 4882 3408 4935 sicut

2364 4952 2651 5020 unigenitus
2679 4949 2868 5005 Filius.

1900 5077 1956 5133 Si
1985 5079 2074 5131 tibi
2103 5078 2329 5133 dixerint
2353 5097 2366 5132 :
2401 5080 2455 5134 In
2480 5096 2546 5135 eo
2579 5083 2750 5136 minor
2799 5093 2882 5137 est
2911 5084 3138 5152 Spiritus
3165 5093 3404 5146 sanctus,

1827 5171 1946 5236 quia
1977 5167 2142 5222 Filius
2171 5172 2535 5224 tantummodo
2561 5173 2625 5226 de
2666 5188 2724 5227 se
2752 5174 2878 5228 dicit
2910 5176 3120 5228 Patrem
3151 5187 3332 5236 nosse,
3353 5181 3406 5224 et

1831 5261 2030 5312 nullam
2048 5260 2113 5314 de
2129 5261 2323 5328 Spiritu
2352 5270 2536 5316 sancto
2551 5269 2875 5320 mentionem
2896 5266 3084 5320 fecisse
3105 5266 3201 5333 ειυς
3239 5261 3406 5332 fecit].

1902 5349 2196 5420 Responsio.
2223 5352 2373 5405 Sicut
2399 5354 2449 5406 in
2471 5353 2683 5408 Christo
2715 5357 2916 5408 habitat
2968 5355 3239 5423 plenitudo
3267 5352 3408 5405 divi-

1836 5441 2036 5506 nitatis,
2073 5444 2140 5495 ita
2167 5443 2217 5496 in
2249 5443 2447 5508 Spiritu
2478 5457 2662 5498 sancto
2695 5445 2990 5498 manifesta:
3015 5454 3142 5498 sunt
3168 5444 3408 5497 altitudi-

1835 5547 1928 5586 nes
1957 5531 2186 5586 deitatis.
2219 5532 2349 5587 Cum
2377 5536 2516 5588 enim
2539 5535 2695 5604 447
2725 5540 2836 5588 nec
2869 5536 3146 5600 Apostolus
3196 5533 3408 5587 uberius

1832 5633 1887 5677 et
1929 5626 2186 5679 satianter
2239 5627 2491 5690 affirmet,
2522 5642 2620 5682 cur
2651 5627 2866 5694 perfidia
2897 5637 3069 5680 \estra
3125 5627 3406 5680 veritatem

1835 5716 2122 5782 majestatis
2153 5718 2482 5785 interpellat?
2513 5718 2676 5768 Nemo
2721 5717 2885 5772 enim.
2940 5717 3035 5783 ait,
3087 5717 3186 5770 scit
3237 5718 3403 5770 horni-

1833 5819 1955 5859 num
1987 5821 2104 5876 qua:
2133 5819 2256 5863 sunt
2282 5807 2531 5875 hominis,
2567 5807 2663 5862 nisi
2707 5809 2920 5874 spiritus
2944 5807 3175 5864 hominis
3203 5811 3288 5872 qui
3320 5811 3402 5867 ioc

3344 5929 3384 6012 ἕ
3478 6001 3485 6008 .
