  <div class='ocr_page' id='page_1' title='image "/cluster/home/n/w/nwhite01/storage/ocr_20150623/62/hvd.32044015706393/211.png"; bbox 0 0 3978 6380; ppageno 0'>
   <div class='ocr_carea' id='block_1_1' title="bbox 582 329 682 381">
    <p class='ocr_par' dir='ltr' id='par_1_1' title="bbox 582 329 682 381">
     <span class='ocr_line' id='line_1_1' title="bbox 582 329 682 381; baseline -0.02 0"><span class='ocrx_word' id='word_1_1' title='bbox 582 329 682 381; x_wconf 64' lang='lat' dir='ltr'><strong>ill</strong></span> 
     </span>
    </p>
   </div>
   <div class='ocr_carea' id='block_1_2' title="bbox 1860 328 2489 387">
    <p class='ocr_par' dir='ltr' id='par_1_2' title="bbox 1860 328 2489 387">
     <span class='ocr_line' id='line_1_2' title="bbox 1860 328 2489 387; baseline -0.003 -1"><span class='ocrx_word' id='word_1_2' title='bbox 1860 331 2078 387; x_wconf 78' lang='lat' dir='ltr'><strong>VICII.&quot;</strong></span> <span class='ocrx_word' id='word_1_3' title='bbox 2118 328 2489 386; x_wconf 71' lang='lat' dir='ltr'><strong>TAPSENSIS</strong></span> 
     </span>
    </p>
   </div>
   <div class='ocr_carea' id='block_1_3' title="bbox 3711 334 3805 391">
    <p class='ocr_par' dir='ltr' id='par_1_3' title="bbox 3711 334 3805 391">
     <span class='ocr_line' id='line_1_3' title="bbox 3711 334 3805 391; baseline 0.032 -3"><span class='ocrx_word' id='word_1_4' title='bbox 3711 334 3805 391; x_wconf 67' lang='lat' dir='ltr'><strong>M2</strong></span> 
     </span>
    </p>
   </div>
   <div class='ocr_carea' id='block_1_4' title="bbox 561 439 3804 518">
    <p class='ocr_par' dir='ltr' id='par_1_4' title="bbox 561 439 3804 518">
     <span class='ocr_line' id='line_1_4' title="bbox 561 439 3804 518; baseline 0 -18"><span class='ocrx_word' id='word_1_5' title='bbox 561 465 676 518; x_wconf 67' lang='lat' dir='ltr'><strong>ipsi</strong></span> <span class='ocrx_word' id='word_1_6' title='bbox 703 459 805 517; x_wconf 86' lang='lat' dir='ltr'><strong>est,</strong></span> <span class='ocrx_word' id='word_1_7' title='bbox 836 448 914 505; x_wconf 89' lang='lat' dir='ltr'><strong>sic</strong></span> <span class='ocrx_word' id='word_1_8' title='bbox 937 458 989 505; x_wconf 92' lang='lat' dir='ltr'><strong>et</strong></span> <span class='ocrx_word' id='word_1_9' title='bbox 1032 463 1147 518; x_wconf 70' lang='lat' dir='ltr'><strong>qure</strong></span> <span class='ocrx_word' id='word_1_10' title='bbox 1186 447 1238 502; x_wconf 89' lang='lat' dir='ltr'><strong>iu</strong></span> <span class='ocrx_word' id='word_1_11' title='bbox 1292 445 1399 500; x_wconf 87' lang='lat' dir='ltr'><strong>Deo</strong></span> <span class='ocrx_word' id='word_1_12' title='bbox 1436 451 1558 499; x_wconf 90' lang='lat' dir='ltr'><strong>sunt</strong></span> <span class='ocrx_word' id='word_1_13' title='bbox 1602 455 1759 498; x_wconf 89' lang='lat' dir='ltr'><strong>nemo</strong></span> <span class='ocrx_word' id='word_1_14' title='bbox 1806 442 1975 506; x_wconf 90' lang='lat' dir='ltr'><strong>novit,</strong></span> <span class='ocrx_word' id='word_1_15' title='bbox 2031 441 2129 496; x_wconf 85' lang='lat' dir='ltr'><strong>nisi</strong></span> <span class='ocrx_word' id='word_1_16' title='bbox 2160 444 2205 501; x_wconf 77' lang='grc' dir='ltr'><strong>Α</strong></span> <span class='ocrx_word' id='word_1_17' title='bbox 2240 439 2531 507; x_wconf 80' lang='lat' dir='ltr'><strong>Unicuique</strong></span> <span class='ocrx_word' id='word_1_18' title='bbox 2577 444 2754 493; x_wconf 90' lang='lat' dir='ltr'><strong>autem</strong></span> <span class='ocrx_word' id='word_1_19' title='bbox 2785 445 3021 493; x_wconf 92' lang='lat' dir='ltr'><strong>nostrum</strong></span> <span class='ocrx_word' id='word_1_20' title='bbox 3041 440 3202 494; x_wconf 90' lang='lat' dir='ltr'><strong>datur</strong></span> <span class='ocrx_word' id='word_1_21' title='bbox 3240 439 3555 496; x_wconf 84' lang='lat' dir='ltr'><strong>illutninatio</strong></span> <span class='ocrx_word' id='word_1_22' title='bbox 3579 443 3804 512; x_wconf 77' lang='lat' dir='ltr'><strong>Spiritus</strong></span> 
     </span>
    </p>
   </div>
   <div class='ocr_carea' id='block_1_5' title="bbox 561 536 1362 611">
    <p class='ocr_par' dir='ltr' id='par_1_5' title="bbox 561 536 1362 611">
     <span class='ocr_line' id='line_1_5' title="bbox 561 536 1362 611; baseline -0.011 -14"><span class='ocrx_word' id='word_1_23' title='bbox 561 544 792 611; x_wconf 74' lang='lat' dir='ltr'><strong>Spiritus</strong></span> <span class='ocrx_word' id='word_1_24' title='bbox 818 542 909 595; x_wconf 80' lang='lat' dir='ltr'><strong>Dei</strong></span> <span class='ocrx_word' id='word_1_25' title='bbox 940 539 993 611; x_wconf 88' lang='grc' dir='ltr'><strong>(Ι</strong></span> <span class='ocrx_word' id='word_1_26' title='bbox 1023 539 1141 593; x_wconf 88' lang='lat' dir='ltr'><strong>Cor.</strong></span> <span class='ocrx_word' id='word_1_27' title='bbox 1168 554 1225 603; x_wconf 88' lang='lat' dir='ltr'><strong>tt,</strong></span> <span class='ocrx_word' id='word_1_28' title='bbox 1256 536 1362 606; x_wconf 80' lang='lat' dir='ltr'><strong>il).</strong></span> 
     </span>
    </p>
   </div>
   <div class='ocr_carea' id='block_1_6' title="bbox 636 623 2127 699">
    <p class='ocr_par' dir='ltr' id='par_1_6' title="bbox 636 623 2127 699">
     <span class='ocr_line' id='line_1_6' title="bbox 636 623 2127 699; baseline -0.007 -13"><span class='ocrx_word' id='word_1_29' title='bbox 636 634 769 685; x_wconf 78' lang='lat' dir='ltr'><strong>Ecce</strong></span> <span class='ocrx_word' id='word_1_30' title='bbox 789 632 897 699; x_wconf 89' lang='lat' dir='ltr'><strong>jam</strong></span> <span class='ocrx_word' id='word_1_31' title='bbox 922 646 1025 683; x_wconf 83' lang='lat' dir='ltr'><strong>non</strong></span> <span class='ocrx_word' id='word_1_32' title='bbox 1051 630 1197 683; x_wconf 90' lang='lat' dir='ltr'><strong>solus</strong></span> <span class='ocrx_word' id='word_1_33' title='bbox 1226 627 1369 681; x_wconf 74' lang='lat' dir='ltr'><strong>lt&#39;Wil</strong></span> <span class='ocrx_word' id='word_1_34' title='bbox 1396 625 1579 685; x_wconf 86' lang='lat' dir='ltr'><strong>Filius.</strong></span> <span class='ocrx_word' id='word_1_35' title='bbox 1624 625 1765 694; x_wconf 87' lang='lat' dir='ltr'><strong>quod</strong></span> <span class='ocrx_word' id='word_1_36' title='bbox 1798 624 1940 678; x_wconf 93' lang='lat' dir='ltr'><strong>novit</strong></span> <span class='ocrx_word' id='word_1_37' title='bbox 1967 623 2127 678; x_wconf 84' lang='lat' dir='ltr'><strong>etiam</strong></span> 
     </span>
    </p>
   </div>
   <div class='ocr_carea' id='block_1_7' title="bbox 560 712 2128 789">
    <p class='ocr_par' dir='ltr' id='par_1_7' title="bbox 560 712 2128 789">
     <span class='ocr_line' id='line_1_7' title="bbox 560 712 2128 789; baseline -0.006 -14"><span class='ocrx_word' id='word_1_38' title='bbox 560 721 790 789; x_wconf 83' lang='lat' dir='ltr'><strong>Spirilus</strong></span> <span class='ocrx_word' id='word_1_39' title='bbox 817 730 1029 775; x_wconf 61' lang='lat' dir='ltr'><strong>sanctus</strong></span> <span class='ocrx_word' id='word_1_40' title='bbox 1062 736 1074 770; x_wconf 94' lang='lat'>:</span> <span class='ocrx_word' id='word_1_41' title='bbox 1110 733 1212 771; x_wconf 90' lang='lat' dir='ltr'><strong>non</strong></span> <span class='ocrx_word' id='word_1_42' title='bbox 1236 718 1355 786; x_wconf 86' lang='lat' dir='ltr'><strong>quia</strong></span> <span class='ocrx_word' id='word_1_43' title='bbox 1385 717 1503 770; x_wconf 68' lang='lat' dir='ltr'><strong>duae</strong></span> <span class='ocrx_word' id='word_1_44' title='bbox 1548 730 1790 784; x_wconf 69' lang='lat' dir='ltr'><strong>persona:</strong></span> <span class='ocrx_word' id='word_1_45' title='bbox 1834 723 1964 767; x_wconf 83' lang='lat' dir='ltr'><strong>sunt</strong></span> <span class='ocrx_word' id='word_1_46' title='bbox 2010 712 2128 766; x_wconf 80' lang='lat' dir='ltr'><strong>Filii</strong></span> 
     </span>
    </p>
   </div>
   <div class='ocr_carea' id='block_1_8' title="bbox 562 805 2126 877">
    <p class='ocr_par' dir='ltr' id='par_1_8' title="bbox 562 805 2126 877">
     <span class='ocr_line' id='line_1_8' title="bbox 562 805 2126 877; baseline -0.006 -13"><span class='ocrx_word' id='word_1_47' title='bbox 562 820 618 864; x_wconf 91' lang='lat' dir='ltr'><strong>et</strong></span> <span class='ocrx_word' id='word_1_48' title='bbox 646 811 874 877; x_wconf 76' lang='lat' dir='ltr'><strong>Spiritus</strong></span> <span class='ocrx_word' id='word_1_49' title='bbox 903 810 1091 872; x_wconf 89' lang='lat' dir='ltr'><strong>sancti,</strong></span> <span class='ocrx_word' id='word_1_50' title='bbox 1128 809 1175 861; x_wconf 90' lang='lat' dir='ltr'><strong>in</strong></span> <span class='ocrx_word' id='word_1_51' title='bbox 1220 808 1437 861; x_wconf 90' lang='lat' dir='ltr'><strong>sciendo</strong></span> <span class='ocrx_word' id='word_1_52' title='bbox 1483 822 1602 875; x_wconf 69' lang='lat' dir='ltr'><strong>quae</strong></span> <span class='ocrx_word' id='word_1_53' title='bbox 1629 806 1717 859; x_wconf 85' lang='lat' dir='ltr'><strong>Dei</strong></span> <span class='ocrx_word' id='word_1_54' title='bbox 1748 813 1873 858; x_wconf 89' lang='lat' dir='ltr'><strong>sunt</strong></span> <span class='ocrx_word' id='word_1_55' title='bbox 1892 805 2126 872; x_wconf 82' lang='lat' dir='ltr'><strong>aliquam</strong></span> 
     </span>
    </p>
   </div>
   <div class='ocr_carea' id='block_1_9' title="bbox 561 894 2130 965">
    <p class='ocr_par' dir='ltr' id='par_1_9' title="bbox 561 894 2130 965">
     <span class='ocr_line' id='line_1_9' title="bbox 561 894 2130 965; baseline -0.005 -11"><span class='ocrx_word' id='word_1_56' title='bbox 561 901 920 955; x_wconf 83' lang='lat' dir='ltr'><strong>diversitatem</strong></span> <span class='ocrx_word' id='word_1_57' title='bbox 942 900 1162 965; x_wconf 89' lang='lat' dir='ltr'><strong>inducit,</strong></span> <span class='ocrx_word' id='word_1_58' title='bbox 1193 899 1284 952; x_wconf 88' lang='lat' dir='ltr'><strong>sed</strong></span> <span class='ocrx_word' id='word_1_59' title='bbox 1318 898 1536 951; x_wconf 79' lang='lat' dir='ltr'><strong>unitatis</strong></span> <span class='ocrx_word' id='word_1_60' title='bbox 1591 897 2018 951; x_wconf 85' lang='lat' dir='ltr'><strong>communionem</strong></span> <span class='ocrx_word' id='word_1_61' title='bbox 2071 894 2130 946; x_wconf 85' lang='lat' dir='ltr'><strong>li-</strong></span> 
     </span>
    </p>
   </div>
   <div class='ocr_carea' id='block_1_10' title="bbox 561 984 2132 1052">
    <p class='ocr_par' dir='ltr' id='par_1_10' title="bbox 561 984 2132 1052">
     <span class='ocr_line' id='line_1_10' title="bbox 561 984 2132 1052; baseline -0.005 -7"><span class='ocrx_word' id='word_1_62' title='bbox 561 990 1095 1045; x_wconf 67' lang='lat' dir='ltr'><strong>delitercreileutibus</strong></span> <span class='ocrx_word' id='word_1_63' title='bbox 1111 989 1391 1045; x_wconf 86' lang='lat' dir='ltr'><strong>intimavit.</strong></span> <span class='ocrx_word' id='word_1_64' title='bbox 1409 990 1461 1041; x_wconf 93' lang='lat' dir='ltr'><strong>ln</strong></span> <span class='ocrx_word' id='word_1_65' title='bbox 1478 989 1581 1041; x_wconf 89' lang='lat' dir='ltr'><strong>alio</strong></span> <span class='ocrx_word' id='word_1_66' title='bbox 1592 987 1750 1041; x_wconf 89' lang='lat' dir='ltr'><strong>etiam</strong></span> <span class='ocrx_word' id='word_1_67' title='bbox 1767 988 1881 1039; x_wconf 80' lang='lat' dir='ltr'><strong>loro</strong></span> <span class='ocrx_word' id='word_1_68' title='bbox 1893 984 2132 1052; x_wconf 76' lang='lat' dir='ltr'><strong>sequitur</strong></span> 
     </span>
    </p>
   </div>
   <div class='ocr_carea' id='block_1_11' title="bbox 560 1075 2130 1146">
    <p class='ocr_par' dir='ltr' id='par_1_11' title="bbox 560 1075 2130 1146">
     <span class='ocr_line' id='line_1_11' title="bbox 560 1075 2130 1146; baseline -0.005 -13"><span class='ocrx_word' id='word_1_69' title='bbox 560 1079 701 1133; x_wconf 88' lang='lat' dir='ltr'><strong>idem</strong></span> <span class='ocrx_word' id='word_1_70' title='bbox 733 1080 1005 1146; x_wconf 80' lang='lat' dir='ltr'><strong>apostolus</strong></span> <span class='ocrx_word' id='word_1_71' title='bbox 1056 1078 1239 1131; x_wconf 66' lang='lat' dir='ltr'><strong>d‘cens</strong></span> <span class='ocrx_word' id='word_1_72' title='bbox 1270 1093 1285 1129; x_wconf 85' lang='lat'><strong>:</strong></span> <span class='ocrx_word' id='word_1_73' title='bbox 1318 1078 1546 1145; x_wconf 78' lang='lat' dir='ltr'><strong>Spiritus</strong></span> <span class='ocrx_word' id='word_1_74' title='bbox 1577 1084 1679 1139; x_wconf 88' lang='lat' dir='ltr'><strong>est,</strong></span> <span class='ocrx_word' id='word_1_75' title='bbox 1728 1075 1815 1143; x_wconf 90' lang='lat' dir='ltr'><strong>qui</strong></span> <span class='ocrx_word' id='word_1_76' title='bbox 1865 1082 2130 1127; x_wconf 89' lang='lat' dir='ltr'><strong>scrutatur</strong></span> 
     </span>
    </p>
   </div>
   <div class='ocr_carea' id='block_1_12' title="bbox 558 1163 2130 1235">
    <p class='ocr_par' dir='ltr' id='par_1_12' title="bbox 558 1163 2130 1235">
     <span class='ocr_line' id='line_1_12' title="bbox 558 1163 2130 1235; baseline -0.003 -12"><span class='ocrx_word' id='word_1_77' title='bbox 558 1168 717 1223; x_wconf 85' lang='lat' dir='ltr'><strong>etiam</strong></span> <span class='ocrx_word' id='word_1_78' title='bbox 762 1168 1017 1234; x_wconf 75' lang='lat' dir='ltr'><strong>profunda</strong></span> <span class='ocrx_word' id='word_1_79' title='bbox 1055 1168 1144 1221; x_wconf 87' lang='lat' dir='ltr'><strong>Dei</strong></span> <span class='ocrx_word' id='word_1_80' title='bbox 1191 1166 1240 1235; x_wconf 88' lang='grc' dir='ltr'><strong>(Ι</strong></span> <span class='ocrx_word' id='word_1_81' title='bbox 1273 1166 1391 1219; x_wconf 86' lang='lat' dir='ltr'><strong>Cor.</strong></span> <span class='ocrx_word' id='word_1_82' title='bbox 1425 1181 1481 1233; x_wconf 90' lang='grc' dir='ltr'><strong>ιι,</strong></span> <span class='ocrx_word' id='word_1_83' title='bbox 1508 1165 1614 1234; x_wconf 80' lang='grc'><strong>10).</strong></span> <span class='ocrx_word' id='word_1_84' title='bbox 1653 1166 1716 1219; x_wconf 85' lang='lat' dir='ltr'><strong>Et</strong></span> <span class='ocrx_word' id='word_1_85' title='bbox 1756 1166 1946 1218; x_wconf 89' lang='lat' dir='ltr'><strong>iterum</strong></span> <span class='ocrx_word' id='word_1_86' title='bbox 1976 1180 1990 1215; x_wconf 90' lang='lat'>:</span> <span class='ocrx_word' id='word_1_87' title='bbox 2024 1163 2130 1219; x_wconf 81' lang='lat' dir='ltr'><strong>Nos</strong></span> 
     </span>
    </p>
   </div>
   <div class='ocr_carea' id='block_1_13' title="bbox 559 1255 2127 1327">
    <p class='ocr_par' dir='ltr' id='par_1_13' title="bbox 559 1255 2127 1327">
     <span class='ocr_line' id='line_1_13' title="bbox 559 1255 2127 1327; baseline -0.002 -16"><span class='ocrx_word' id='word_1_88' title='bbox 559 1270 734 1313; x_wconf 89' lang='lat' dir='ltr'><strong>autem</strong></span> <span class='ocrx_word' id='word_1_89' title='bbox 761 1274 864 1312; x_wconf 92' lang='lat' dir='ltr'><strong>non</strong></span> <span class='ocrx_word' id='word_1_90' title='bbox 892 1261 1136 1327; x_wconf 81' lang='lat' dir='ltr'><strong>Spiritum</strong></span> <span class='ocrx_word' id='word_1_91' title='bbox 1190 1258 1370 1311; x_wconf 87' lang='lat' dir='ltr'><strong>mundi</strong></span> <span class='ocrx_word' id='word_1_92' title='bbox 1418 1258 1739 1324; x_wconf 89' lang='lat' dir='ltr'><strong>accepimus,</strong></span> <span class='ocrx_word' id='word_1_93' title='bbox 1764 1257 1855 1310; x_wconf 85' lang='lat' dir='ltr'><strong>sed</strong></span> <span class='ocrx_word' id='word_1_94' title='bbox 1888 1255 2127 1325; x_wconf 66' lang='lat' dir='ltr'><strong>spiritum</strong></span> 
     </span>
    </p>
   </div>
   <div class='ocr_carea' id='block_1_14' title="bbox 559 1348 2131 1423">
    <p class='ocr_par' dir='ltr' id='par_1_14' title="bbox 559 1348 2131 1423">
     <span class='ocr_line' id='line_1_14' title="bbox 559 1348 2131 1423; baseline 0 -20"><span class='ocrx_word' id='word_1_95' title='bbox 559 1355 646 1422; x_wconf 88' lang='lat' dir='ltr'><strong>qui</strong></span> <span class='ocrx_word' id='word_1_96' title='bbox 678 1370 738 1407; x_wconf 67' lang='lat' dir='ltr'><strong>ex</strong></span> <span class='ocrx_word' id='word_1_97' title='bbox 768 1355 874 1407; x_wconf 92' lang='lat' dir='ltr'><strong>Deo</strong></span> <span class='ocrx_word' id='word_1_98' title='bbox 905 1362 986 1407; x_wconf 47' lang='lat' dir='ltr'><strong>est</strong></span> <span class='ocrx_word' id='word_1_99' title='bbox 1015 1352 1200 1423; x_wconf 84' lang='lat' dir='ltr'><strong>(Ibid.,</strong></span> <span class='ocrx_word' id='word_1_100' title='bbox 1228 1353 1337 1421; x_wconf 75' lang='lat'><strong>12).</strong></span> <span class='ocrx_word' id='word_1_101' title='bbox 1366 1352 1497 1405; x_wconf 87' lang='lat' dir='ltr'><strong>Etin</strong></span> <span class='ocrx_word' id='word_1_102' title='bbox 1529 1350 1810 1421; x_wconf 77' lang='lat' dir='ltr'><strong>Evangelia</strong></span> <span class='ocrx_word' id='word_1_103' title='bbox 1839 1349 2034 1403; x_wconf 72' lang='lat' dir='ltr'><strong>Judteis</strong></span> <span class='ocrx_word' id='word_1_104' title='bbox 2063 1348 2131 1403; x_wconf 88' lang='lat' dir='ltr'><strong>de</strong></span> 
     </span>
    </p>
   </div>
   <div class='ocr_carea' id='block_1_15' title="bbox 563 1444 2132 1514">
    <p class='ocr_par' dir='ltr' id='par_1_15' title="bbox 563 1444 2132 1514">
     <span class='ocr_line' id='line_1_15' title="bbox 563 1444 2132 1514; baseline -0.004 -16"><span class='ocrx_word' id='word_1_105' title='bbox 563 1447 742 1514; x_wconf 74' lang='lat' dir='ltr'><strong>scipso</strong></span> <span class='ocrx_word' id='word_1_106' title='bbox 766 1446 862 1499; x_wconf 79' lang='lat' dir='ltr'><strong>Fili</strong></span> <span class='ocrx_word' id='word_1_107' title='bbox 904 1461 928 1498; x_wconf 95' lang='lat' dir='ltr'><strong>s</strong></span> <span class='ocrx_word' id='word_1_108' title='bbox 966 1445 1132 1499; x_wconf 89' lang='lat' dir='ltr'><strong>dicit:</strong></span> <span class='ocrx_word' id='word_1_109' title='bbox 1164 1444 1272 1497; x_wconf 82' lang='lat' dir='ltr'><strong>Vos</strong></span> <span class='ocrx_word' id='word_1_110' title='bbox 1318 1455 1491 1499; x_wconf 86' lang='lat' dir='ltr'><strong>autem</strong></span> <span class='ocrx_word' id='word_1_111' title='bbox 1526 1458 1629 1496; x_wconf 92' lang='lat' dir='ltr'><strong>non</strong></span> <span class='ocrx_word' id='word_1_112' title='bbox 1664 1444 1829 1497; x_wconf 90' lang='lat' dir='ltr'><strong>nostis</strong></span> <span class='ocrx_word' id='word_1_113' title='bbox 1856 1458 2008 1505; x_wconf 91' lang='lat' dir='ltr'><strong>eum,</strong></span> <span class='ocrx_word' id='word_1_114' title='bbox 2033 1455 2132 1507; x_wconf 79' lang='lat' dir='ltr'><strong>ego</strong></span> 
     </span>
    </p>
   </div>
   <div class='ocr_carea' id='block_1_16' title="bbox 559 1530 2129 1604">
    <p class='ocr_par' dir='ltr' id='par_1_16' title="bbox 559 1530 2129 1604">
     <span class='ocr_line' id='line_1_16' title="bbox 559 1530 2129 1604; baseline -0.003 -16"><span class='ocrx_word' id='word_1_115' title='bbox 559 1548 732 1590; x_wconf 88' lang='lat' dir='ltr'><strong>autem</strong></span> <span class='ocrx_word' id='word_1_116' title='bbox 766 1538 883 1588; x_wconf 83' lang='lat' dir='ltr'><strong>novi</strong></span> <span class='ocrx_word' id='word_1_117' title='bbox 916 1552 1054 1599; x_wconf 90' lang='lat' dir='ltr'><strong>eum,</strong></span> <span class='ocrx_word' id='word_1_118' title='bbox 1087 1535 1175 1604; x_wconf 86' lang='lat' dir='ltr'><strong>qui</strong></span> <span class='ocrx_word' id='word_1_119' title='bbox 1202 1551 1265 1589; x_wconf 83' lang='lat' dir='ltr'><strong>ex</strong></span> <span class='ocrx_word' id='word_1_120' title='bbox 1290 1534 1406 1601; x_wconf 89' lang='lat' dir='ltr'><strong>ipso</strong></span> <span class='ocrx_word' id='word_1_121' title='bbox 1430 1549 1546 1588; x_wconf 91' lang='lat' dir='ltr'><strong>sum</strong></span> <span class='ocrx_word' id='word_1_122' title='bbox 1575 1533 1750 1603; x_wconf 85' lang='lat' dir='ltr'><strong>(Joan.</strong></span> <span class='ocrx_word' id='word_1_123' title='bbox 1785 1548 1895 1594; x_wconf 81' lang='grc' dir='ltr'>νιιι,</span> <span class='ocrx_word' id='word_1_124' title='bbox 1918 1532 2042 1598; x_wconf 76' lang='grc'><strong>55).</strong></span> <span class='ocrx_word' id='word_1_125' title='bbox 2075 1530 2129 1584; x_wconf 88' lang='lat' dir='ltr'><strong>Si</strong></span> 
     </span>
    </p>
   </div>
   <div class='ocr_carea' id='block_1_17' title="bbox 559 1620 2132 1693">
    <p class='ocr_par' dir='ltr' id='par_1_17' title="bbox 559 1620 2132 1693">
     <span class='ocr_line' id='line_1_17' title="bbox 559 1620 2132 1693; baseline -0.003 -16"><span class='ocrx_word' id='word_1_126' title='bbox 559 1625 625 1678; x_wconf 92' lang='lat' dir='ltr'><strong>de</strong></span> <span class='ocrx_word' id='word_1_127' title='bbox 655 1627 759 1677; x_wconf 86' lang='lat' dir='ltr'><strong>Deo</strong></span> <span class='ocrx_word' id='word_1_128' title='bbox 783 1635 860 1678; x_wconf 90' lang='lat' dir='ltr'><strong>est</strong></span> <span class='ocrx_word' id='word_1_129' title='bbox 892 1626 1117 1691; x_wconf 78' lang='lat' dir='ltr'><strong>Spiritus</strong></span> <span class='ocrx_word' id='word_1_130' title='bbox 1168 1632 1404 1687; x_wconf 88' lang='lat' dir='ltr'><strong>sanctus,</strong></span> <span class='ocrx_word' id='word_1_131' title='bbox 1461 1622 1904 1693; x_wconf 85' lang='lat' dir='ltr'><strong>quemadmodum</strong></span> <span class='ocrx_word' id='word_1_132' title='bbox 1931 1622 1997 1674; x_wconf 91' lang='lat' dir='ltr'><strong>de</strong></span> <span class='ocrx_word' id='word_1_133' title='bbox 2025 1620 2132 1673; x_wconf 89' lang='lat' dir='ltr'><strong>Deo</strong></span> 
     </span>
    </p>
   </div>
   <div class='ocr_carea' id='block_1_18' title="bbox 559 1712 2132 1784">
    <p class='ocr_par' dir='ltr' id='par_1_18' title="bbox 559 1712 2132 1784">
     <span class='ocr_line' id='line_1_18' title="bbox 559 1712 2132 1784; baseline -0.003 -15"><span class='ocrx_word' id='word_1_134' title='bbox 559 1724 641 1770; x_wconf 85' lang='lat' dir='ltr'><strong>est</strong></span> <span class='ocrx_word' id='word_1_135' title='bbox 668 1716 849 1779; x_wconf 78' lang='lat' dir='ltr'><strong>Filius,</strong></span> <span class='ocrx_word' id='word_1_136' title='bbox 880 1716 1146 1784; x_wconf 90' lang='lat' dir='ltr'><strong>quomodo</strong></span> <span class='ocrx_word' id='word_1_137' title='bbox 1159 1715 1330 1768; x_wconf 91' lang='lat' dir='ltr'><strong>minor</strong></span> <span class='ocrx_word' id='word_1_138' title='bbox 1355 1713 1476 1779; x_wconf 89' lang='lat' dir='ltr'><strong>erit,</strong></span> <span class='ocrx_word' id='word_1_139' title='bbox 1500 1715 1586 1783; x_wconf 91' lang='lat' dir='ltr'><strong>qui</strong></span> <span class='ocrx_word' id='word_1_140' title='bbox 1619 1713 1755 1783; x_wconf 89' lang='lat' dir='ltr'><strong>quod</strong></span> <span class='ocrx_word' id='word_1_141' title='bbox 1782 1714 1833 1765; x_wconf 92' lang='lat' dir='ltr'><strong>in</strong></span> <span class='ocrx_word' id='word_1_142' title='bbox 1868 1713 2021 1766; x_wconf 83' lang='lat' dir='ltr'><strong>Patre</strong></span> <span class='ocrx_word' id='word_1_143' title='bbox 2048 1712 2132 1765; x_wconf 83' lang='lat' dir='ltr'><strong>Fi-</strong></span> 
     </span>
    </p>
   </div>
   <div class='ocr_carea' id='block_1_19' title="bbox 2227 530 3804 603">
    <p class='ocr_par' dir='ltr' id='par_1_19' title="bbox 2227 530 3804 603">
     <span class='ocr_line' id='line_1_19' title="bbox 2227 530 3804 603; baseline 0.003 -18"><span class='ocrx_word' id='word_1_144' title='bbox 2227 531 2293 585; x_wconf 89' lang='lat' dir='ltr'><strong>ad</strong></span> <span class='ocrx_word' id='word_1_145' title='bbox 2313 531 2473 601; x_wconf 67' lang='grc'><strong>448</strong></span> <span class='ocrx_word' id='word_1_146' title='bbox 2505 530 2782 586; x_wconf 84' lang='lat' dir='ltr'><strong>utilitatem</strong></span> <span class='ocrx_word' id='word_1_147' title='bbox 2815 531 3167 600; x_wconf 86' lang='lat' dir='ltr'><strong>:quibusdam</strong></span> <span class='ocrx_word' id='word_1_148' title='bbox 3213 533 3357 587; x_wconf 88' lang='lat' dir='ltr'><strong>enim</strong></span> <span class='ocrx_word' id='word_1_149' title='bbox 3412 549 3508 600; x_wconf 89' lang='lat' dir='ltr'><strong>per</strong></span> <span class='ocrx_word' id='word_1_150' title='bbox 3556 534 3804 603; x_wconf 82' lang='lat' dir='ltr'><strong>Spiritum</strong></span> 
     </span>
    </p>
   </div>
   <div class='ocr_carea' id='block_1_20' title="bbox 2226 622 3805 690">
    <p class='ocr_par' dir='ltr' id='par_1_20' title="bbox 2226 622 3805 690">
     <span class='ocr_line' id='line_1_20' title="bbox 2226 622 3805 690; baseline 0.002 -13"><span class='ocrx_word' id='word_1_151' title='bbox 2226 624 2383 679; x_wconf 87' lang='lat' dir='ltr'><strong>datur</strong></span> <span class='ocrx_word' id='word_1_152' title='bbox 2434 623 2652 689; x_wconf 83' lang='lat' dir='ltr'><strong>spiritus</strong></span> <span class='ocrx_word' id='word_1_153' title='bbox 2700 622 2994 690; x_wconf 64' lang='lat' dir='ltr'><strong>sapientiae,</strong></span> <span class='ocrx_word' id='word_1_154' title='bbox 3017 622 3103 676; x_wconf 83' lang='lat' dir='ltr'><strong>alii</strong></span> <span class='ocrx_word' id='word_1_155' title='bbox 3132 637 3309 676; x_wconf 85' lang='lat' dir='ltr'><strong>sermo</strong></span> <span class='ocrx_word' id='word_1_156' title='bbox 3336 626 3581 679; x_wconf 67' lang='lat' dir='ltr'><strong>scientiae</strong></span> <span class='ocrx_word' id='word_1_157' title='bbox 3614 641 3805 681; x_wconf 60' lang='lat' dir='ltr'><strong>secuuo</strong></span> 
     </span>
    </p>
   </div>
   <div class='ocr_carea' id='block_1_21' title="bbox 2227 711 3802 781">
    <p class='ocr_par' dir='ltr' id='par_1_21' title="bbox 2227 711 3802 781">
     <span class='ocr_line' id='line_1_21' title="bbox 2227 711 3802 781; baseline 0.003 -16"><span class='ocrx_word' id='word_1_158' title='bbox 2227 711 2352 765; x_wconf 89' lang='lat' dir='ltr'><strong>dum</strong></span> <span class='ocrx_word' id='word_1_159' title='bbox 2373 713 2619 767; x_wconf 90' lang='lat' dir='ltr'><strong>eumdem</strong></span> <span class='ocrx_word' id='word_1_160' title='bbox 2646 713 2925 779; x_wconf 84' lang='lat' dir='ltr'><strong>Spiritum,</strong></span> <span class='ocrx_word' id='word_1_161' title='bbox 2954 712 3042 765; x_wconf 87' lang='lat' dir='ltr'><strong>alii</strong></span> <span class='ocrx_word' id='word_1_162' title='bbox 3078 712 3212 766; x_wconf 77' lang='lat' dir='ltr'><strong>ﬁdes</strong></span> <span class='ocrx_word' id='word_1_163' title='bbox 3255 714 3308 767; x_wconf 92' lang='lat' dir='ltr'><strong>in</strong></span> <span class='ocrx_word' id='word_1_164' title='bbox 3340 713 3534 768; x_wconf 81' lang='lat' dir='ltr'><strong>eodem</strong></span> <span class='ocrx_word' id='word_1_165' title='bbox 3582 714 3802 781; x_wconf 74' lang='lat' dir='ltr'><strong>Spiritu,</strong></span> 
     </span>
    </p>
   </div>
   <div class='ocr_carea' id='block_1_22' title="bbox 2227 802 3806 871">
    <p class='ocr_par' dir='ltr' id='par_1_22' title="bbox 2227 802 3806 871">
     <span class='ocr_line' id='line_1_22' title="bbox 2227 802 3806 871; baseline 0.003 -18"><span class='ocrx_word' id='word_1_166' title='bbox 2227 802 2315 856; x_wconf 90' lang='lat' dir='ltr'><strong>alii</strong></span> <span class='ocrx_word' id='word_1_167' title='bbox 2346 804 2681 857; x_wconf 79' lang='lat' dir='ltr'><strong>charismata</strong></span> <span class='ocrx_word' id='word_1_168' title='bbox 2712 802 3056 855; x_wconf 90' lang='lat' dir='ltr'><strong>donationum</strong></span> <span class='ocrx_word' id='word_1_169' title='bbox 3085 803 3136 855; x_wconf 94' lang='lat' dir='ltr'><strong>in</strong></span> <span class='ocrx_word' id='word_1_170' title='bbox 3168 817 3275 855; x_wconf 92' lang='lat' dir='ltr'><strong>uno</strong></span> <span class='ocrx_word' id='word_1_171' title='bbox 3307 802 3534 871; x_wconf 84' lang='lat' dir='ltr'><strong>Spiritu,</strong></span> <span class='ocrx_word' id='word_1_172' title='bbox 3566 803 3658 857; x_wconf 86' lang='lat' dir='ltr'><strong>alii</strong></span> <span class='ocrx_word' id='word_1_173' title='bbox 3690 820 3806 871; x_wconf 81' lang='lat' dir='ltr'><strong>ope-</strong></span> 
     </span>
    </p>
   </div>
   <div class='ocr_carea' id='block_1_23' title="bbox 2228 892 3802 962">
    <p class='ocr_par' dir='ltr' id='par_1_23' title="bbox 2228 892 3802 962">
     <span class='ocr_line' id='line_1_23' title="bbox 2228 892 3802 962; baseline -0.001 -15"><span class='ocrx_word' id='word_1_174' title='bbox 2228 894 2363 948; x_wconf 88' lang='lat' dir='ltr'><strong>ratio</strong></span> <span class='ocrx_word' id='word_1_175' title='bbox 2386 895 2660 959; x_wconf 88' lang='lat' dir='ltr'><strong>virtutum,</strong></span> <span class='ocrx_word' id='word_1_176' title='bbox 2685 894 2773 947; x_wconf 76' lang='lat' dir='ltr'><strong>alii</strong></span> <span class='ocrx_word' id='word_1_177' title='bbox 2804 892 3104 962; x_wconf 75' lang='lat' dir='ltr'><strong>prophetia,</strong></span> <span class='ocrx_word' id='word_1_178' title='bbox 3136 892 3224 945; x_wconf 89' lang='lat' dir='ltr'><strong>alii</strong></span> <span class='ocrx_word' id='word_1_179' title='bbox 3273 893 3532 947; x_wconf 82' lang='lat' dir='ltr'><strong>discretio</strong></span> <span class='ocrx_word' id='word_1_180' title='bbox 3564 895 3802 961; x_wconf 79' lang='lat' dir='ltr'><strong>spiritus,</strong></span> 
     </span>
    </p>
   </div>
   <div class='ocr_carea' id='block_1_24' title="bbox 2227 984 3802 1056">
    <p class='ocr_par' dir='ltr' id='par_1_24' title="bbox 2227 984 3802 1056">
     <span class='ocr_line' id='line_1_24' title="bbox 2227 984 3802 1056; baseline 0 -17"><span class='ocrx_word' id='word_1_181' title='bbox 2227 986 2314 1041; x_wconf 89' lang='lat' dir='ltr'><strong>alii</strong></span> <span class='ocrx_word' id='word_1_182' title='bbox 2352 1000 2547 1055; x_wconf 81' lang='lat' dir='ltr'><strong>genera</strong></span> <span class='ocrx_word' id='word_1_183' title='bbox 2595 985 2915 1054; x_wconf 73' lang='lat' dir='ltr'><strong>lingutrum,</strong></span> <span class='ocrx_word' id='word_1_184' title='bbox 2942 984 3030 1037; x_wconf 86' lang='lat' dir='ltr'><strong>alii</strong></span> <span class='ocrx_word' id='word_1_185' title='bbox 3088 984 3560 1053; x_wconf 81' lang='lat' dir='ltr'><strong>interpretationes</strong></span> <span class='ocrx_word' id='word_1_186' title='bbox 3601 986 3802 1056; x_wconf 80' lang='lat' dir='ltr'><strong>lingua-</strong></span> 
     </span>
    </p>
   </div>
   <div class='ocr_carea' id='block_1_25' title="bbox 2231 1078 3804 1148">
    <p class='ocr_par' dir='ltr' id='par_1_25' title="bbox 2231 1078 3804 1148">
     <span class='ocr_line' id='line_1_25' title="bbox 2231 1078 3804 1148; baseline 0.001 -16"><span class='ocrx_word' id='word_1_187' title='bbox 2231 1096 2363 1134; x_wconf 90' lang='lat' dir='ltr'><strong>rum.</strong></span> <span class='ocrx_word' id='word_1_188' title='bbox 2379 1080 2566 1133; x_wconf 84' lang='lat' dir='ltr'><strong>Omnia</strong></span> <span class='ocrx_word' id='word_1_189' title='bbox 2582 1089 2758 1135; x_wconf 88' lang='lat' dir='ltr'><strong>autem</strong></span> <span class='ocrx_word' id='word_1_190' title='bbox 2774 1078 2888 1134; x_wconf 66' lang='lat' dir='ltr'><strong>haec</strong></span> <span class='ocrx_word' id='word_1_191' title='bbox 2902 1089 3153 1145; x_wconf 73' lang='lat' dir='ltr'><strong>oneratur</strong></span> <span class='ocrx_word' id='word_1_192' title='bbox 3169 1094 3303 1132; x_wconf 87' lang='lat' dir='ltr'><strong>unus</strong></span> <span class='ocrx_word' id='word_1_193' title='bbox 3318 1087 3479 1147; x_wconf 90' lang='lat' dir='ltr'><strong>atque</strong></span> <span class='ocrx_word' id='word_1_194' title='bbox 3493 1078 3642 1134; x_wconf 86' lang='lat' dir='ltr'><strong>idem</strong></span> <span class='ocrx_word' id='word_1_195' title='bbox 3656 1081 3804 1148; x_wconf 82' lang='lat' dir='ltr'><strong>Spiri-</strong></span> 
     </span>
    </p>
   </div>
   <div class='ocr_carea' id='block_1_26' title="bbox 2230 1167 3801 1239">
    <p class='ocr_par' dir='ltr' id='par_1_26' title="bbox 2230 1167 3801 1239">
     <span class='ocr_line' id='line_1_26' title="bbox 2230 1167 3801 1239; baseline -0.003 -15"><span class='ocrx_word' id='word_1_196' title='bbox 2230 1180 2313 1224; x_wconf 93' lang='lat' dir='ltr'><strong>tus</strong></span> <span class='ocrx_word' id='word_1_197' title='bbox 2345 1170 2669 1224; x_wconf 82' lang='lat' dir='ltr'><strong>distribuens</strong></span> <span class='ocrx_word' id='word_1_198' title='bbox 2698 1169 2909 1239; x_wconf 89' lang='lat' dir='ltr'><strong>propria</strong></span> <span class='ocrx_word' id='word_1_199' title='bbox 2924 1169 3210 1237; x_wconf 91' lang='lat' dir='ltr'><strong>unicuique</strong></span> <span class='ocrx_word' id='word_1_200' title='bbox 3226 1169 3503 1237; x_wconf 88' lang='lat' dir='ltr'><strong>proutvult</strong></span> <span class='ocrx_word' id='word_1_201' title='bbox 3522 1169 3572 1239; x_wconf 83' lang='grc'><strong>(1</strong></span> <span class='ocrx_word' id='word_1_202' title='bbox 3594 1167 3717 1222; x_wconf 85' lang='lat' dir='ltr'><strong>Cor.</strong></span> <span class='ocrx_word' id='word_1_203' title='bbox 3740 1185 3801 1235; x_wconf 78' lang='lat' dir='ltr'><strong>xi,</strong></span> 
     </span>
    </p>
   </div>
   <div class='ocr_carea' id='block_1_27' title="bbox 2228 1258 3802 1329">
    <p class='ocr_par' dir='ltr' id='par_1_27' title="bbox 2228 1258 3802 1329">
     <span class='ocr_line' id='line_1_27' title="bbox 2228 1258 3802 1329; baseline -0.004 -13"><span class='ocrx_word' id='word_1_204' title='bbox 2228 1261 2401 1329; x_wconf 83' lang='lat' dir='ltr'><strong>7-H).</strong></span> <span class='ocrx_word' id='word_1_205' title='bbox 2424 1259 2494 1316; x_wconf 89' lang='lat' dir='ltr'><strong>Ut</strong></span> <span class='ocrx_word' id='word_1_206' title='bbox 2523 1276 2648 1315; x_wconf 91' lang='lat' dir='ltr'><strong>vero</strong></span> <span class='ocrx_word' id='word_1_207' title='bbox 2674 1262 2724 1312; x_wconf 90' lang='lat' dir='ltr'><strong>in</strong></span> <span class='ocrx_word' id='word_1_208' title='bbox 2758 1261 2974 1314; x_wconf 81' lang='lat' dir='ltr'><strong>nomine</strong></span> <span class='ocrx_word' id='word_1_209' title='bbox 3000 1259 3228 1328; x_wconf 79' lang='lat' dir='ltr'><strong>Spiritus</strong></span> <span class='ocrx_word' id='word_1_210' title='bbox 3276 1260 3446 1313; x_wconf 86' lang='lat' dir='ltr'><strong>sancti</strong></span> <span class='ocrx_word' id='word_1_211' title='bbox 3476 1258 3802 1326; x_wconf 73' lang='lat' dir='ltr'><strong>baptizatur,</strong></span> 
     </span>
    </p>
   </div>
   <div class='ocr_carea' id='block_1_28' title="bbox 2229 1350 3805 1414">
    <p class='ocr_par' dir='ltr' id='par_1_28' title="bbox 2229 1350 3805 1414">
     <span class='ocr_line' id='line_1_28' title="bbox 2229 1350 3805 1414; baseline -0.001 -9"><span class='ocrx_word' id='word_1_212' title='bbox 2229 1352 2367 1407; x_wconf 91' lang='lat' dir='ltr'><strong>sicut</strong></span> <span class='ocrx_word' id='word_1_213' title='bbox 2387 1353 2439 1406; x_wconf 92' lang='lat' dir='ltr'><strong>in</strong></span> <span class='ocrx_word' id='word_1_214' title='bbox 2465 1354 2675 1406; x_wconf 77' lang='lat' dir='ltr'><strong>nomine</strong></span> <span class='ocrx_word' id='word_1_215' title='bbox 2699 1352 2871 1406; x_wconf 78' lang='lat' dir='ltr'><strong>Patris</strong></span> <span class='ocrx_word' id='word_1_216' title='bbox 2894 1360 2952 1405; x_wconf 90' lang='lat' dir='ltr'><strong>et</strong></span> <span class='ocrx_word' id='word_1_217' title='bbox 2986 1350 3140 1414; x_wconf 80' lang='lat' dir='ltr'><strong>Filii,</strong></span> <span class='ocrx_word' id='word_1_218' title='bbox 3170 1362 3225 1406; x_wconf 89' lang='lat' dir='ltr'><strong>et</strong></span> <span class='ocrx_word' id='word_1_219' title='bbox 3272 1351 3528 1404; x_wconf 91' lang='lat' dir='ltr'><strong>Dominus</strong></span> <span class='ocrx_word' id='word_1_220' title='bbox 3558 1350 3615 1403; x_wconf 87' lang='lat' dir='ltr'><strong>in</strong></span> <span class='ocrx_word' id='word_1_221' title='bbox 3653 1350 3805 1404; x_wconf 77' lang='lat' dir='ltr'><strong>Evan-</strong></span> 
     </span>
    </p>
   </div>
   <div class='ocr_carea' id='block_1_29' title="bbox 2229 1442 3803 1513">
    <p class='ocr_par' dir='ltr' id='par_1_29' title="bbox 2229 1442 3803 1513">
     <span class='ocr_line' id='line_1_29' title="bbox 2229 1442 3803 1513; baseline 0 -18"><span class='ocrx_word' id='word_1_222' title='bbox 2229 1442 2366 1512; x_wconf 75' lang='lat' dir='ltr'><strong>gelio</strong></span> <span class='ocrx_word' id='word_1_223' title='bbox 2395 1445 2540 1498; x_wconf 70' lang='lat' dir='ltr'><strong>testis</strong></span> <span class='ocrx_word' id='word_1_224' title='bbox 2562 1454 2664 1505; x_wconf 85' lang='lat' dir='ltr'><strong>est,</strong></span> <span class='ocrx_word' id='word_1_225' title='bbox 2688 1453 2741 1498; x_wconf 91' lang='lat' dir='ltr'><strong>et</strong></span> <span class='ocrx_word' id='word_1_226' title='bbox 2772 1444 2964 1498; x_wconf 83' lang='lat' dir='ltr'><strong>Paulus</strong></span> <span class='ocrx_word' id='word_1_227' title='bbox 3007 1444 3151 1513; x_wconf 82' lang='lat' dir='ltr'><strong>paria</strong></span> <span class='ocrx_word' id='word_1_228' title='bbox 3180 1444 3509 1512; x_wconf 90' lang='lat' dir='ltr'><strong>pronuntiat.</strong></span> <span class='ocrx_word' id='word_1_229' title='bbox 3545 1443 3803 1497; x_wconf 81' lang='lat' dir='ltr'><strong>Dominus</strong></span> 
     </span>
    </p>
   </div>
   <div class='ocr_carea' id='block_1_30' title="bbox 2229 1535 3801 1604">
    <p class='ocr_par' dir='ltr' id='par_1_30' title="bbox 2229 1535 3801 1604">
     <span class='ocr_line' id='line_1_30' title="bbox 2229 1535 3801 1604; baseline -0.002 -16"><span class='ocrx_word' id='word_1_230' title='bbox 2229 1535 2440 1604; x_wconf 86' lang='lat' dir='ltr'><strong>quidem</strong></span> <span class='ocrx_word' id='word_1_231' title='bbox 2467 1551 2585 1590; x_wconf 90' lang='lat' dir='ltr'><strong>cum</strong></span> <span class='ocrx_word' id='word_1_232' title='bbox 2616 1536 2774 1591; x_wconf 88' lang='lat' dir='ltr'><strong>dicit:</strong></span> <span class='ocrx_word' id='word_1_233' title='bbox 2809 1536 3075 1599; x_wconf 78' lang='lat' dir='ltr'><strong>Baptizate</strong></span> <span class='ocrx_word' id='word_1_234' title='bbox 3120 1545 3326 1603; x_wconf 43' lang='lat' dir='ltr'><strong>gentes,</strong></span> <span class='ocrx_word' id='word_1_235' title='bbox 3357 1536 3408 1589; x_wconf 92' lang='lat' dir='ltr'><strong>in</strong></span> <span class='ocrx_word' id='word_1_236' title='bbox 3433 1535 3666 1589; x_wconf 86' lang='lat' dir='ltr'><strong>nomine</strong></span> <span class='ocrx_word' id='word_1_237' title='bbox 3718 1536 3801 1588; x_wconf 80' lang='lat' dir='ltr'><strong>Pa-</strong></span> 
     </span>
    </p>
   </div>
   <div class='ocr_carea' id='block_1_31' title="bbox 2234 1624 3803 1695">
    <p class='ocr_par' dir='ltr' id='par_1_31' title="bbox 2234 1624 3803 1695">
     <span class='ocr_line' id='line_1_31' title="bbox 2234 1624 3803 1695; baseline 0 -17"><span class='ocrx_word' id='word_1_238' title='bbox 2234 1626 2351 1689; x_wconf 91' lang='lat' dir='ltr'><strong>tris,</strong></span> <span class='ocrx_word' id='word_1_239' title='bbox 2375 1634 2426 1679; x_wconf 85' lang='lat' dir='ltr'><strong>et</strong></span> <span class='ocrx_word' id='word_1_240' title='bbox 2444 1625 2558 1679; x_wconf 83' lang='lat' dir='ltr'><strong>Filii</strong></span> <span class='ocrx_word' id='word_1_241' title='bbox 2578 1636 2629 1680; x_wconf 88' lang='lat' dir='ltr'><strong>et</strong></span> <span class='ocrx_word' id='word_1_242' title='bbox 2650 1626 2877 1695; x_wconf 91' lang='lat' dir='ltr'><strong>Spiritus</strong></span> <span class='ocrx_word' id='word_1_243' title='bbox 2898 1627 3064 1681; x_wconf 85' lang='lat' dir='ltr'><strong>sancti</strong></span> <span class='ocrx_word' id='word_1_244' title='bbox 3092 1625 3499 1692; x_wconf 61' lang='lat' dir='ltr'><strong>(Mattthvut,</strong></span> <span class='ocrx_word' id='word_1_245' title='bbox 3534 1624 3653 1693; x_wconf 79' lang='lat' dir='ltr'><strong>l9).</strong></span> <span class='ocrx_word' id='word_1_246' title='bbox 3681 1624 3803 1693; x_wconf 74' lang='grc' dir='ltr'><strong>Αρο·</strong></span> 
     </span>
    </p>
   </div>
   <div class='ocr_carea' id='block_1_32' title="bbox 2232 1715 3803 1785">
    <p class='ocr_par' dir='ltr' id='par_1_32' title="bbox 2232 1715 3803 1785">
     <span class='ocr_line' id='line_1_32' title="bbox 2232 1715 3803 1785; baseline -0.001 -16"><span class='ocrx_word' id='word_1_247' title='bbox 2232 1715 2397 1770; x_wconf 88' lang='lat' dir='ltr'><strong>stolus</strong></span> <span class='ocrx_word' id='word_1_248' title='bbox 2422 1731 2546 1771; x_wconf 85' lang='lat' dir='ltr'><strong>vero</strong></span> <span class='ocrx_word' id='word_1_249' title='bbox 2572 1732 2692 1771; x_wconf 87' lang='lat' dir='ltr'><strong>cum</strong></span> <span class='ocrx_word' id='word_1_250' title='bbox 2712 1732 2896 1772; x_wconf 89' lang='lat' dir='ltr'><strong>omnes</strong></span> <span class='ocrx_word' id='word_1_251' title='bbox 2926 1733 3022 1771; x_wconf 84' lang='lat' dir='ltr'><strong>nos</strong></span> <span class='ocrx_word' id='word_1_252' title='bbox 3035 1717 3235 1785; x_wconf 89' lang='lat' dir='ltr'><strong>Spiritu</strong></span> <span class='ocrx_word' id='word_1_253' title='bbox 3256 1717 3552 1785; x_wconf 82' lang='lat' dir='ltr'><strong>baptizatos</strong></span> <span class='ocrx_word' id='word_1_254' title='bbox 3574 1717 3803 1770; x_wconf 82' lang='lat' dir='ltr'><strong>insinuat</strong></span> 
     </span>
    </p>
   </div>
   <div class='ocr_carea' id='block_1_33' title="bbox 562 1797 3802 1876">
    <p class='ocr_par' dir='ltr' id='par_1_33' title="bbox 562 1797 3802 1876">
     <span class='ocr_line' id='line_1_33' title="bbox 562 1797 3802 1876; baseline 0.001 -19"><span class='ocrx_word' id='word_1_255' title='bbox 562 1806 663 1859; x_wconf 90' lang='lat' dir='ltr'><strong>lius</strong></span> <span class='ocrx_word' id='word_1_256' title='bbox 686 1806 848 1866; x_wconf 86' lang='lat' dir='ltr'><strong>n0vit,</strong></span> <span class='ocrx_word' id='word_1_257' title='bbox 893 1807 1004 1874; x_wconf 89' lang='lat' dir='ltr'><strong>ipse</strong></span> <span class='ocrx_word' id='word_1_258' title='bbox 1033 1806 1334 1873; x_wconf 80' lang='lat' dir='ltr'><strong>cognoscit?</strong></span> <span class='ocrx_word' id='word_1_259' title='bbox 1355 1804 1638 1859; x_wconf 89' lang='lat' dir='ltr'><strong>Docuimus</strong></span> <span class='ocrx_word' id='word_1_260' title='bbox 1654 1803 1847 1857; x_wconf 89' lang='lat' dir='ltr'><strong>deinde</strong></span> <span class='ocrx_word' id='word_1_261' title='bbox 1867 1803 2124 1870; x_wconf 82' lang='lat' dir='ltr'><strong>Spiritum</strong></span> <span class='ocrx_word' id='word_1_262' title='bbox 2161 1797 2204 1855; x_wconf 84' lang='grc' dir='ltr'><strong>Β</strong></span> <span class='ocrx_word' id='word_1_263' title='bbox 2230 1815 2386 1876; x_wconf 84' lang='lat' dir='ltr'><strong>atque</strong></span> <span class='ocrx_word' id='word_1_264' title='bbox 2413 1808 2693 1861; x_wconf 77' lang='lat' dir='ltr'><strong>confirmat</strong></span> <span class='ocrx_word' id='word_1_265' title='bbox 2720 1826 2732 1860; x_wconf 91' lang='lat'><strong>:</strong></span> <span class='ocrx_word' id='word_1_266' title='bbox 2770 1808 2976 1863; x_wconf 85' lang='lat' dir='ltr'><strong>Etenim</strong></span> <span class='ocrx_word' id='word_1_267' title='bbox 3001 1822 3098 1863; x_wconf 90' lang='lat' dir='ltr'><strong>nos</strong></span> <span class='ocrx_word' id='word_1_268' title='bbox 3115 1803 3321 1872; x_wconf 75' lang='lat' dir='ltr'><strong>omnes,</strong></span> <span class='ocrx_word' id='word_1_269' title='bbox 3352 1808 3446 1871; x_wconf 88' lang='lat' dir='ltr'><strong>ait,</strong></span> <span class='ocrx_word' id='word_1_270' title='bbox 3476 1808 3531 1861; x_wconf 91' lang='lat' dir='ltr'><strong>in</strong></span> <span class='ocrx_word' id='word_1_271' title='bbox 3557 1822 3676 1861; x_wconf 84' lang='lat' dir='ltr'><strong>uno</strong></span> <span class='ocrx_word' id='word_1_272' title='bbox 3701 1808 3802 1875; x_wconf 81' lang='lat' dir='ltr'><strong>Spi-</strong></span> 
     </span>
    </p>
   </div>
   <div class='ocr_carea' id='block_1_34' title="bbox 559 1895 2133 1961">
    <p class='ocr_par' dir='ltr' id='par_1_34' title="bbox 559 1895 2133 1961">
     <span class='ocr_line' id='line_1_34' title="bbox 559 1895 2133 1961; baseline -0.001 -14"><span class='ocrx_word' id='word_1_273' title='bbox 559 1906 795 1949; x_wconf 82' lang='lat' dir='ltr'><strong>sanrtum</strong></span> <span class='ocrx_word' id='word_1_274' title='bbox 828 1897 894 1950; x_wconf 90' lang='lat' dir='ltr'><strong>de</strong></span> <span class='ocrx_word' id='word_1_275' title='bbox 934 1898 1037 1949; x_wconf 84' lang='lat' dir='ltr'><strong>Deo</strong></span> <span class='ocrx_word' id='word_1_276' title='bbox 1072 1898 1224 1950; x_wconf 83' lang='lat' dir='ltr'><strong>Patre</strong></span> <span class='ocrx_word' id='word_1_277' title='bbox 1253 1904 1307 1949; x_wconf 91' lang='grc' dir='ltr'><strong>ιιι</strong></span> <span class='ocrx_word' id='word_1_278' title='bbox 1339 1896 1525 1949; x_wconf 79' lang='lat' dir='ltr'><strong>Filium</strong></span> <span class='ocrx_word' id='word_1_279' title='bbox 1557 1895 1983 1947; x_wconf 61' lang='lat' dir='ltr'><strong>inenarrabiliter</strong></span> <span class='ocrx_word' id='word_1_280' title='bbox 2011 1909 2133 1961; x_wconf 84' lang='lat' dir='ltr'><strong>pro-</strong></span> 
     </span>
    </p>
   </div>
   <div class='ocr_carea' id='block_1_35' title="bbox 560 1986 2131 2057">
    <p class='ocr_par' dir='ltr' id='par_1_35' title="bbox 560 1986 2131 2057">
     <span class='ocr_line' id='line_1_35' title="bbox 560 1986 2131 2057; baseline -0.001 -18"><span class='ocrx_word' id='word_1_281' title='bbox 560 1987 863 2050; x_wconf 84' lang='lat' dir='ltr'><strong>cedentem,</strong></span> <span class='ocrx_word' id='word_1_282' title='bbox 922 1989 1041 2057; x_wconf 87' lang='lat' dir='ltr'><strong>quia</strong></span> <span class='ocrx_word' id='word_1_283' title='bbox 1084 2003 1321 2041; x_wconf 79' lang='lat' dir='ltr'><strong>connexa</strong></span> <span class='ocrx_word' id='word_1_284' title='bbox 1352 1986 1581 2040; x_wconf 85' lang='lat' dir='ltr'><strong>Trinitas</strong></span> <span class='ocrx_word' id='word_1_285' title='bbox 1624 1986 2033 2053; x_wconf 70' lang='lat' dir='ltr'><strong>inseparabilcm</strong></span> <span class='ocrx_word' id='word_1_286' title='bbox 2081 1988 2131 2038; x_wconf 91' lang='lat' dir='ltr'><strong>in</strong></span> 
     </span>
    </p>
   </div>
   <div class='ocr_carea' id='block_1_36' title="bbox 562 2079 1223 2147">
    <p class='ocr_par' dir='ltr' id='par_1_36' title="bbox 562 2079 1223 2147">
     <span class='ocr_line' id='line_1_36' title="bbox 562 2079 1223 2147; baseline -0.002 -15"><span class='ocrx_word' id='word_1_287' title='bbox 562 2092 620 2132; x_wconf 82' lang='lat' dir='ltr'><strong>se</strong></span> <span class='ocrx_word' id='word_1_288' title='bbox 670 2079 903 2147; x_wconf 58' lang='lat' dir='ltr'><strong>possidet</strong></span> <span class='ocrx_word' id='word_1_289' title='bbox 948 2080 1223 2133; x_wconf 85' lang='lat' dir='ltr'><strong>unitatem.</strong></span> 
     </span>
    </p>
   </div>
   <div class='ocr_carea' id='block_1_37' title="bbox 1138 2188 1546 2245">
    <p class='ocr_par' dir='ltr' id='par_1_37' title="bbox 1138 2188 1546 2245">
     <span class='ocr_line' id='line_1_37' title="bbox 1138 2188 1546 2245; baseline -0.007 -1"><span class='ocrx_word' id='word_1_290' title='bbox 1138 2189 1361 2245; x_wconf 60' lang='lat' dir='ltr'><strong>CAPUT</strong></span> <span class='ocrx_word' id='word_1_291' title='bbox 1408 2188 1546 2243; x_wconf 76' lang='lat' dir='ltr'><strong>XIX.</strong></span> 
     </span>
    </p>
   </div>
   <div class='ocr_carea' id='block_1_38' title="bbox 606 2278 2095 2349">
    <p class='ocr_par' dir='ltr' id='par_1_38' title="bbox 606 2278 2095 2349">
     <span class='ocr_line' id='line_1_38' title="bbox 606 2278 2095 2349; baseline -0.001 -16"><span class='ocrx_word' id='word_1_292' title='bbox 606 2278 703 2333; x_wconf 88' lang='lat' dir='ltr'><strong>Ubi</strong></span> <span class='ocrx_word' id='word_1_293' title='bbox 733 2280 905 2331; x_wconf 72' lang='lat' dir='ltr'><strong>dicunt</strong></span> <span class='ocrx_word' id='word_1_294' title='bbox 939 2294 1037 2331; x_wconf 91' lang='lat' dir='ltr'><strong>non</strong></span> <span class='ocrx_word' id='word_1_295' title='bbox 1069 2279 1345 2348; x_wconf 75' lang='lat' dir='ltr'><strong>buptizasse</strong></span> <span class='ocrx_word' id='word_1_296' title='bbox 1370 2281 1420 2331; x_wconf 90' lang='lat' dir='ltr'><strong>in</strong></span> <span class='ocrx_word' id='word_1_297' title='bbox 1443 2280 1641 2332; x_wconf 79' lang='lat' dir='ltr'><strong>nomine</strong></span> <span class='ocrx_word' id='word_1_298' title='bbox 1662 2280 1886 2349; x_wconf 80' lang='lat' dir='ltr'><strong>Spiritus</strong></span> <span class='ocrx_word' id='word_1_299' title='bbox 1912 2280 2095 2345; x_wconf 82' lang='lat' dir='ltr'><strong>sancti,</strong></span> 
     </span>
    </p>
   </div>
   <div class='ocr_carea' id='block_1_39' title="bbox 1048 2349 1949 2403">
    <p class='ocr_par' dir='ltr' id='par_1_39' title="bbox 1048 2349 1949 2403">
     <span class='ocr_line' id='line_1_39' title="bbox 1048 2349 1949 2403; baseline 0.002 -3"><span class='ocrx_word' id='word_1_300' title='bbox 1048 2350 1177 2400; x_wconf 80' lang='lat' dir='ltr'><strong>sicut</strong></span> <span class='ocrx_word' id='word_1_301' title='bbox 1200 2351 1251 2401; x_wconf 88' lang='lat' dir='ltr'><strong>in</strong></span> <span class='ocrx_word' id='word_1_302' title='bbox 1278 2351 1478 2402; x_wconf 76' lang='lat' dir='ltr'><strong>nomine</strong></span> <span class='ocrx_word' id='word_1_303' title='bbox 1507 2349 1649 2403; x_wconf 81' lang='lat' dir='ltr'><strong>Filii.</strong></span> <span class='ocrx_word' id='word_1_304' title='bbox 1945 2368 1949 2372; x_wconf 63' lang='grc'><em>’</em></span> 
     </span>
    </p>
   </div>
   <div class='ocr_carea' id='block_1_40' title="bbox 630 2464 2138 2534">
    <p class='ocr_par' dir='ltr' id='par_1_40' title="bbox 630 2464 2138 2534">
     <span class='ocr_line' id='line_1_40' title="bbox 630 2464 2138 2534; baseline -0.001 -14"><span class='ocrx_word' id='word_1_305' title='bbox 630 2465 684 2520; x_wconf 90' lang='lat' dir='ltr'><strong>Si</strong></span> <span class='ocrx_word' id='word_1_306' title='bbox 713 2466 852 2519; x_wconf 88' lang='lat' dir='ltr'><strong>enim</strong></span> <span class='ocrx_word' id='word_1_307' title='bbox 877 2464 1103 2519; x_wconf 80' lang='lat' dir='ltr'><strong>dixerint</strong></span> <span class='ocrx_word' id='word_1_308' title='bbox 1133 2466 1223 2519; x_wconf 86' lang='lat' dir='ltr'><strong>tibi</strong></span> <span class='ocrx_word' id='word_1_309' title='bbox 1260 2484 1270 2517; x_wconf 92' lang='lat'><strong>:</strong></span> <span class='ocrx_word' id='word_1_310' title='bbox 1298 2464 1422 2519; x_wconf 84' lang='lat' dir='ltr'><strong>Ideo</strong></span> <span class='ocrx_word' id='word_1_311' title='bbox 1454 2466 1626 2520; x_wconf 90' lang='lat' dir='ltr'><strong>minor</strong></span> <span class='ocrx_word' id='word_1_312' title='bbox 1650 2475 1731 2521; x_wconf 87' lang='lat' dir='ltr'><strong>est</strong></span> <span class='ocrx_word' id='word_1_313' title='bbox 1758 2465 1987 2534; x_wconf 87' lang='lat' dir='ltr'><strong>Spiritus</strong></span> <span class='ocrx_word' id='word_1_314' title='bbox 2015 2480 2138 2519; x_wconf 89' lang='lat' dir='ltr'><strong>san-</strong></span> 
     </span>
    </p>
   </div>
   <div class='ocr_carea' id='block_1_41' title="bbox 563 2557 2137 2628">
    <p class='ocr_par' dir='ltr' id='par_1_41' title="bbox 563 2557 2137 2628">
     <span class='ocr_line' id='line_1_41' title="bbox 563 2557 2137 2628; baseline 0 -16"><span class='ocrx_word' id='word_1_315' title='bbox 563 2567 679 2612; x_wconf 88' lang='lat' dir='ltr'><strong>ctus</strong></span> <span class='ocrx_word' id='word_1_316' title='bbox 702 2558 822 2625; x_wconf 90' lang='lat' dir='ltr'><strong>qu&#39;a</strong></span> <span class='ocrx_word' id='word_1_317' title='bbox 845 2558 892 2609; x_wconf 90' lang='lat' dir='ltr'><strong>in</strong></span> <span class='ocrx_word' id='word_1_318' title='bbox 926 2558 1139 2612; x_wconf 89' lang='lat' dir='ltr'><strong>nomine</strong></span> <span class='ocrx_word' id='word_1_319' title='bbox 1165 2557 1281 2626; x_wconf 89' lang='lat' dir='ltr'><strong>ejus</strong></span> <span class='ocrx_word' id='word_1_320' title='bbox 1312 2574 1417 2611; x_wconf 90' lang='lat' dir='ltr'><strong>non</strong></span> <span class='ocrx_word' id='word_1_321' title='bbox 1442 2558 1841 2627; x_wconf 80' lang='lat' dir='ltr'><strong>baptizaverunt</strong></span> <span class='ocrx_word' id='word_1_322' title='bbox 1869 2558 2137 2628; x_wconf 82' lang='lat' dir='ltr'><strong>discipuli,</strong></span> 
     </span>
    </p>
   </div>
   <div class='ocr_carea' id='block_1_42' title="bbox 566 2647 1151 2701">
    <p class='ocr_par' dir='ltr' id='par_1_42' title="bbox 566 2647 1151 2701">
     <span class='ocr_line' id='line_1_42' title="bbox 566 2647 1151 2701; baseline -0.003 0"><span class='ocrx_word' id='word_1_323' title='bbox 566 2647 660 2701; x_wconf 91' lang='lat' dir='ltr'><strong>sed</strong></span> <span class='ocrx_word' id='word_1_324' title='bbox 684 2648 734 2700; x_wconf 90' lang='lat' dir='ltr'><strong>in</strong></span> <span class='ocrx_word' id='word_1_325' title='bbox 767 2650 979 2700; x_wconf 85' lang='lat' dir='ltr'><strong>nomine</strong></span> <span class='ocrx_word' id='word_1_326' title='bbox 1013 2647 1151 2700; x_wconf 77' lang='lat' dir='ltr'><strong>Filii.</strong></span> 
     </span>
    </p>
   </div>
   <div class='ocr_carea' id='block_1_43' title="bbox 645 2728 2138 2806">
    <p class='ocr_par' dir='ltr' id='par_1_43' title="bbox 645 2728 2138 2806">
     <span class='ocr_line' id='line_1_43' title="bbox 645 2728 2138 2806; baseline 0 -15"><span class='ocrx_word' id='word_1_327' title='bbox 645 2738 945 2806; x_wconf 75' lang='lat' dir='ltr'><strong>Responsio.</strong></span> <span class='ocrx_word' id='word_1_328' title='bbox 968 2738 1081 2792; x_wconf 85' lang='lat' dir='ltr'><strong>Non</strong></span> <span class='ocrx_word' id='word_1_329' title='bbox 1106 2740 1246 2792; x_wconf 92' lang='lat' dir='ltr'><strong>enim</strong></span> <span class='ocrx_word' id='word_1_330' title='bbox 1279 2728 1358 2793; x_wconf 87' lang='lat' dir='ltr'><strong>est</strong></span> <span class='ocrx_word' id='word_1_331' title='bbox 1388 2740 1437 2791; x_wconf 92' lang='lat' dir='ltr'><strong>in</strong></span> <span class='ocrx_word' id='word_1_332' title='bbox 1476 2738 1736 2793; x_wconf 79' lang='lat' dir='ltr'><strong>Trinitate</strong></span> <span class='ocrx_word' id='word_1_333' title='bbox 1763 2739 2061 2802; x_wconf 80' lang='lat' dir='ltr'><strong>diversitas,</strong></span> <span class='ocrx_word' id='word_1_334' title='bbox 2088 2739 2138 2792; x_wconf 93' lang='lat' dir='ltr'><strong>in</strong></span> 
     </span>
    </p>
   </div>
   <div class='ocr_carea' id='block_1_44' title="bbox 566 2828 2139 2896">
    <p class='ocr_par' dir='ltr' id='par_1_44' title="bbox 566 2828 2139 2896">
     <span class='ocr_line' id='line_1_44' title="bbox 566 2828 2139 2896; baseline 0.001 -15"><span class='ocrx_word' id='word_1_335' title='bbox 566 2844 668 2895; x_wconf 88' lang='lat' dir='ltr'><strong>qua</strong></span> <span class='ocrx_word' id='word_1_336' title='bbox 693 2838 773 2882; x_wconf 89' lang='lat' dir='ltr'><strong>est</strong></span> <span class='ocrx_word' id='word_1_337' title='bbox 806 2844 909 2880; x_wconf 90' lang='lat' dir='ltr'><strong>non</strong></span> <span class='ocrx_word' id='word_1_338' title='bbox 934 2828 1105 2881; x_wconf 90' lang='lat' dir='ltr'><strong>solum</strong></span> <span class='ocrx_word' id='word_1_339' title='bbox 1146 2829 1420 2896; x_wconf 75' lang='lat' dir='ltr'><strong>potestatis</strong></span> <span class='ocrx_word' id='word_1_340' title='bbox 1447 2843 1509 2882; x_wconf 90' lang='lat' dir='ltr'><strong>ac</strong></span> <span class='ocrx_word' id='word_1_341' title='bbox 1550 2828 1835 2881; x_wconf 88' lang='lat' dir='ltr'><strong>voluntatis</strong></span> <span class='ocrx_word' id='word_1_342' title='bbox 1864 2828 2139 2883; x_wconf 84' lang='lat' dir='ltr'><strong>individua</strong></span> 
     </span>
    </p>
   </div>
   <div class='ocr_carea' id='block_1_45' title="bbox 567 2906 2134 2987">
    <p class='ocr_par' dir='ltr' id='par_1_45' title="bbox 567 2906 2134 2987">
     <span class='ocr_line' id='line_1_45' title="bbox 567 2906 2134 2987; baseline -0.001 -15"><span class='ocrx_word' id='word_1_343' title='bbox 567 2919 782 2983; x_wconf 86' lang='lat' dir='ltr'><strong>caritas,</strong></span> <span class='ocrx_word' id='word_1_344' title='bbox 817 2920 906 2971; x_wconf 86' lang='lat' dir='ltr'><strong>scd</strong></span> <span class='ocrx_word' id='word_1_345' title='bbox 936 2921 1094 2972; x_wconf 83' lang='lat' dir='ltr'><strong>etiam</strong></span> <span class='ocrx_word' id='word_1_346' title='bbox 1124 2918 1338 2971; x_wconf 85' lang='lat' dir='ltr'><strong>deitatis</strong></span> <span class='ocrx_word' id='word_1_347' title='bbox 1385 2926 1437 2971; x_wconf 92' lang='lat' dir='ltr'><strong>et</strong></span> <span class='ocrx_word' id='word_1_348' title='bbox 1489 2906 1781 2986; x_wconf 81' lang='lat' dir='ltr'><strong>majestatis</strong></span> <span class='ocrx_word' id='word_1_349' title='bbox 1820 2919 2134 2987; x_wconf 80' lang='lat' dir='ltr'><strong>aequalitas:</strong></span> 
     </span>
    </p>
   </div>
   <div class='ocr_carea' id='block_1_46' title="bbox 566 3008 2143 3076">
    <p class='ocr_par' dir='ltr' id='par_1_46' title="bbox 566 3008 2143 3076">
     <span class='ocr_line' id='line_1_46' title="bbox 566 3008 2143 3076; baseline 0.004 -18"><span class='ocrx_word' id='word_1_350' title='bbox 566 3008 704 3076; x_wconf 87' lang='lat' dir='ltr'><strong>quod</strong></span> <span class='ocrx_word' id='word_1_351' title='bbox 724 3009 863 3062; x_wconf 90' lang='lat' dir='ltr'><strong>enim</strong></span> <span class='ocrx_word' id='word_1_352' title='bbox 882 3017 1214 3076; x_wconf 82' lang='lat' dir='ltr'><strong>exspectatur</strong></span> <span class='ocrx_word' id='word_1_353' title='bbox 1241 3023 1268 3061; x_wconf 90' lang='lat' dir='ltr'><strong>a</strong></span> <span class='ocrx_word' id='word_1_354' title='bbox 1297 3008 1470 3071; x_wconf 81' lang='lat' dir='ltr'><strong>Patre,</strong></span> <span class='ocrx_word' id='word_1_355' title='bbox 1502 3008 1766 3062; x_wconf 90' lang='lat' dir='ltr'><strong>invenitur</strong></span> <span class='ocrx_word' id='word_1_356' title='bbox 1807 3010 1858 3062; x_wconf 93' lang='lat' dir='ltr'><strong>in</strong></span> <span class='ocrx_word' id='word_1_357' title='bbox 1896 3009 2062 3074; x_wconf 73' lang='lat' dir='ltr'><strong>&quot;Filio,</strong></span> <span class='ocrx_word' id='word_1_358' title='bbox 2090 3018 2143 3064; x_wconf 92' lang='lat' dir='ltr'><strong>et</strong></span> 
     </span>
    </p>
   </div>
   <div class='ocr_carea' id='block_1_47' title="bbox 568 3096 2138 3164">
    <p class='ocr_par' dir='ltr' id='par_1_47' title="bbox 568 3096 2138 3164">
     <span class='ocr_line' id='line_1_47' title="bbox 568 3096 2138 3164; baseline 0.003 -16"><span class='ocrx_word' id='word_1_359' title='bbox 568 3096 706 3163; x_wconf 82' lang='lat' dir='ltr'><strong>quod</strong></span> <span class='ocrx_word' id='word_1_360' title='bbox 740 3096 1003 3149; x_wconf 90' lang='lat' dir='ltr'><strong>invenitur</strong></span> <span class='ocrx_word' id='word_1_361' title='bbox 1026 3097 1075 3147; x_wconf 92' lang='lat' dir='ltr'><strong>in</strong></span> <span class='ocrx_word' id='word_1_362' title='bbox 1111 3096 1263 3158; x_wconf 87' lang='lat' dir='ltr'><strong>Filio,</strong></span> <span class='ocrx_word' id='word_1_363' title='bbox 1298 3096 1543 3150; x_wconf 87' lang='lat' dir='ltr'><strong>tribuitur</strong></span> <span class='ocrx_word' id='word_1_364' title='bbox 1590 3106 1643 3152; x_wconf 90' lang='lat' dir='ltr'><strong>et</strong></span> <span class='ocrx_word' id='word_1_365' title='bbox 1690 3097 1906 3164; x_wconf 86' lang='lat' dir='ltr'><strong>Spiritui</strong></span> <span class='ocrx_word' id='word_1_366' title='bbox 1933 3110 2138 3152; x_wconf 88' lang='lat' dir='ltr'><strong>sancto.</strong></span> 
     </span>
    </p>
   </div>
   <div class='ocr_carea' id='block_1_48' title="bbox 2236 1898 3802 1966">
    <p class='ocr_par' dir='ltr' id='par_1_48' title="bbox 2236 1898 3802 1966">
     <span class='ocr_line' id='line_1_48' title="bbox 2236 1898 3802 1966; baseline 0 -15"><span class='ocrx_word' id='word_1_367' title='bbox 2236 1898 2339 1952; x_wconf 90' lang='lat' dir='ltr'><strong>ritu</strong></span> <span class='ocrx_word' id='word_1_368' title='bbox 2363 1899 2608 1966; x_wconf 87' lang='lat' dir='ltr'><strong>baptizati</strong></span> <span class='ocrx_word' id='word_1_369' title='bbox 2641 1916 2844 1965; x_wconf 89' lang='lat' dir='ltr'><strong>sumus,</strong></span> <span class='ocrx_word' id='word_1_370' title='bbox 2895 1900 3007 1954; x_wconf 84' lang='lat' dir='ltr'><strong>sive</strong></span> <span class='ocrx_word' id='word_1_371' title='bbox 3056 1898 3247 1961; x_wconf 70' lang='lat' dir='ltr'><strong>Judaai,</strong></span> <span class='ocrx_word' id='word_1_372' title='bbox 3302 1900 3415 1953; x_wconf 75' lang='lat' dir='ltr'><strong>sive</strong></span> <span class='ocrx_word' id='word_1_373' title='bbox 3458 1898 3666 1959; x_wconf 59' lang='lat' dir='ltr'><strong>Grati,</strong></span> <span class='ocrx_word' id='word_1_374' title='bbox 3699 1900 3802 1953; x_wconf 83' lang='lat' dir='ltr'><strong>sive</strong></span> 
     </span>
    </p>
   </div>
   <div class='ocr_carea' id='block_1_49' title="bbox 2236 1987 3802 2056">
    <p class='ocr_par' dir='ltr' id='par_1_49' title="bbox 2236 1987 3802 2056">
     <span class='ocr_line' id='line_1_49' title="bbox 2236 1987 3802 2056; baseline -0.001 -16"><span class='ocrx_word' id='word_1_375' title='bbox 2236 1989 2398 2054; x_wconf 88' lang='lat' dir='ltr'><strong>servi,</strong></span> <span class='ocrx_word' id='word_1_376' title='bbox 2429 1989 2541 2044; x_wconf 79' lang='lat' dir='ltr'><strong>sive</strong></span> <span class='ocrx_word' id='word_1_377' title='bbox 2562 1990 2735 2053; x_wconf 88' lang='lat' dir='ltr'><strong>liberi,</strong></span> <span class='ocrx_word' id='word_1_378' title='bbox 2757 1998 2811 2043; x_wconf 89' lang='lat' dir='ltr'><strong>et</strong></span> <span class='ocrx_word' id='word_1_379' title='bbox 2839 2003 3026 2044; x_wconf 87' lang='lat' dir='ltr'><strong>omnes</strong></span> <span class='ocrx_word' id='word_1_380' title='bbox 3048 1988 3101 2042; x_wconf 89' lang='lat' dir='ltr'><strong>itt</strong></span> <span class='ocrx_word' id='word_1_381' title='bbox 3152 2003 3257 2043; x_wconf 89' lang='lat' dir='ltr'><strong>uno</strong></span> <span class='ocrx_word' id='word_1_382' title='bbox 3308 1987 3512 2056; x_wconf 85' lang='lat' dir='ltr'><strong>Spiritu</strong></span> <span class='ocrx_word' id='word_1_383' title='bbox 3545 1988 3718 2054; x_wconf 80' lang='lat' dir='ltr'><strong>potati</strong></span> <span class='ocrx_word' id='word_1_384' title='bbox 3736 2003 3802 2039; x_wconf 65' lang='lat' dir='ltr'><strong>su</strong></span> 
     </span>
    </p>
   </div>
   <div class='ocr_carea' id='block_1_50' title="bbox 2239 2076 3804 2149">
    <p class='ocr_par' dir='ltr' id='par_1_50' title="bbox 2239 2076 3804 2149">
     <span class='ocr_line' id='line_1_50' title="bbox 2239 2076 3804 2149; baseline -0.003 -17"><span class='ocrx_word' id='word_1_385' title='bbox 2239 2094 2355 2133; x_wconf 90' lang='lat' dir='ltr'><strong>mus</strong></span> <span class='ocrx_word' id='word_1_386' title='bbox 2381 2079 2428 2149; x_wconf 88' lang='grc' dir='ltr'>(ι</span> <span class='ocrx_word' id='word_1_387' title='bbox 2455 2081 2571 2134; x_wconf 87' lang='lat' dir='ltr'><strong>Cor.</strong></span> <span class='ocrx_word' id='word_1_388' title='bbox 2614 2080 2851 2146; x_wconf 74' lang='lat' dir='ltr'><strong>xtt,15).</strong></span> <span class='ocrx_word' id='word_1_389' title='bbox 2897 2080 2960 2133; x_wconf 87' lang='lat' dir='ltr'><strong>Et</strong></span> <span class='ocrx_word' id='word_1_390' title='bbox 2986 2080 3174 2133; x_wconf 89' lang='lat' dir='ltr'><strong>iterum</strong></span> <span class='ocrx_word' id='word_1_391' title='bbox 3224 2096 3236 2129; x_wconf 91' lang='lat'>:</span> <span class='ocrx_word' id='word_1_392' title='bbox 3280 2078 3339 2132; x_wconf 91' lang='lat' dir='ltr'><strong>ln</strong></span> <span class='ocrx_word' id='word_1_393' title='bbox 3387 2091 3493 2146; x_wconf 92' lang='lat' dir='ltr'><strong>quo</strong></span> <span class='ocrx_word' id='word_1_394' title='bbox 3528 2076 3804 2130; x_wconf 68' lang='lat' dir='ltr'><strong>credentes</strong></span> 
     </span>
    </p>
   </div>
   <div class='ocr_carea' id='block_1_51' title="bbox 2237 2166 3803 2239">
    <p class='ocr_par' dir='ltr' id='par_1_51' title="bbox 2237 2166 3803 2239">
     <span class='ocr_line' id='line_1_51' title="bbox 2237 2166 3803 2239; baseline -0.003 -17"><span class='ocrx_word' id='word_1_395' title='bbox 2237 2168 2427 2235; x_wconf 80' lang='lat' dir='ltr'><strong>signati</strong></span> <span class='ocrx_word' id='word_1_396' title='bbox 2458 2170 2586 2224; x_wconf 82' lang='lat' dir='ltr'><strong>estis</strong></span> <span class='ocrx_word' id='word_1_397' title='bbox 2614 2170 2666 2223; x_wconf 89' lang='lat' dir='ltr'><strong>in</strong></span> <span class='ocrx_word' id='word_1_398' title='bbox 2696 2169 2894 2239; x_wconf 88' lang='lat' dir='ltr'><strong>Spiritu</strong></span> <span class='ocrx_word' id='word_1_399' title='bbox 2939 2177 3124 2222; x_wconf 90' lang='lat' dir='ltr'><strong>sancto</strong></span> <span class='ocrx_word' id='word_1_400' title='bbox 3160 2166 3554 2237; x_wconf 79' lang='lat' dir='ltr'><strong>promissionis.</strong></span> <span class='ocrx_word' id='word_1_401' title='bbox 3592 2167 3691 2235; x_wconf 87' lang='lat' dir='ltr'><strong>qui</strong></span> <span class='ocrx_word' id='word_1_402' title='bbox 3735 2176 3803 2218; x_wconf 69' lang='lat' dir='ltr'><strong>est</strong></span> 
     </span>
    </p>
   </div>
   <div class='ocr_carea' id='block_1_52' title="bbox 2239 2254 3800 2328">
    <p class='ocr_par' dir='ltr' id='par_1_52' title="bbox 2239 2254 3800 2328">
     <span class='ocr_line' id='line_1_52' title="bbox 2239 2254 3800 2328; baseline -0.003 -16"><span class='ocrx_word' id='word_1_403' title='bbox 2239 2261 2426 2328; x_wconf 82' lang='lat' dir='ltr'><strong>pignus</strong></span> <span class='ocrx_word' id='word_1_404' title='bbox 2458 2260 2780 2314; x_wconf 58' lang='lat' dir='ltr'><strong>limreilitatis</strong></span> <span class='ocrx_word' id='word_1_405' title='bbox 2812 2268 3006 2313; x_wconf 75' lang='lat' dir='ltr'><strong>nostra:</strong></span> <span class='ocrx_word' id='word_1_406' title='bbox 3028 2259 3078 2312; x_wconf 91' lang='lat' dir='ltr'><strong>in</strong></span> <span class='ocrx_word' id='word_1_407' title='bbox 3120 2255 3546 2324; x_wconf 88' lang='lat' dir='ltr'><strong>redemptionem</strong></span> <span class='ocrx_word' id='word_1_408' title='bbox 3570 2254 3800 2322; x_wconf 79' lang='lat' dir='ltr'><strong>adoptio-</strong></span> 
     </span>
    </p>
   </div>
   <div class='ocr_carea' id='block_1_53' title="bbox 2241 2347 3804 2420">
    <p class='ocr_par' dir='ltr' id='par_1_53' title="bbox 2241 2347 3804 2420">
     <span class='ocr_line' id='line_1_53' title="bbox 2241 2347 3804 2420; baseline -0.003 -18"><span class='ocrx_word' id='word_1_409' title='bbox 2241 2351 2323 2404; x_wconf 88' lang='lat' dir='ltr'><strong>nis</strong></span> <span class='ocrx_word' id='word_1_410' title='bbox 2352 2350 2567 2420; x_wconf 85' lang='lat' dir='ltr'><strong>(Ephes.</strong></span> <span class='ocrx_word' id='word_1_411' title='bbox 2600 2367 2636 2415; x_wconf 92' lang='grc' dir='ltr'><strong>ι,</strong></span> <span class='ocrx_word' id='word_1_412' title='bbox 2667 2349 2775 2417; x_wconf 77' lang='grc'><strong>15).</strong></span> <span class='ocrx_word' id='word_1_413' title='bbox 2802 2350 2865 2404; x_wconf 83' lang='grc' dir='ltr'>Ει</span> <span class='ocrx_word' id='word_1_414' title='bbox 2891 2350 3080 2403; x_wconf 89' lang='lat' dir='ltr'><strong>iterum</strong></span> <span class='ocrx_word' id='word_1_415' title='bbox 3110 2348 3219 2404; x_wconf 89' lang='lat' dir='ltr'><strong>:Ut</strong></span> <span class='ocrx_word' id='word_1_416' title='bbox 3237 2348 3327 2403; x_wconf 88' lang='lat' dir='ltr'><strong>det</strong></span> <span class='ocrx_word' id='word_1_417' title='bbox 3359 2347 3804 2402; x_wconf 68' lang='lat' dir='ltr'><strong>VODiSSechIII</strong></span> 
     </span>
    </p>
   </div>
   <div class='ocr_carea' id='block_1_54' title="bbox 2240 2439 3804 2510">
    <p class='ocr_par' dir='ltr' id='par_1_54' title="bbox 2240 2439 3804 2510">
     <span class='ocr_line' id='line_1_54' title="bbox 2240 2439 3804 2510; baseline -0.005 -14"><span class='ocrx_word' id='word_1_418' title='bbox 2240 2442 2450 2497; x_wconf 90' lang='lat' dir='ltr'><strong>divitias</strong></span> <span class='ocrx_word' id='word_1_419' title='bbox 2470 2442 2653 2510; x_wconf 66' lang='lat' dir='ltr'><strong>gloriae</strong></span> <span class='ocrx_word' id='word_1_420' title='bbox 2677 2456 2807 2505; x_wconf 69' lang='lat' dir='ltr'><strong>sum,</strong></span> <span class='ocrx_word' id='word_1_421' title='bbox 2840 2442 3036 2495; x_wconf 89' lang='lat' dir='ltr'><strong>virtute</strong></span> <span class='ocrx_word' id='word_1_422' title='bbox 3086 2439 3381 2494; x_wconf 83' lang='lat' dir='ltr'><strong>confortari</strong></span> <span class='ocrx_word' id='word_1_423' title='bbox 3428 2455 3528 2508; x_wconf 86' lang='lat' dir='ltr'><strong>per</strong></span> <span class='ocrx_word' id='word_1_424' title='bbox 3562 2439 3804 2504; x_wconf 80' lang='lat' dir='ltr'><strong>Spiritum</strong></span> 
     </span>
    </p>
   </div>
   <div class='ocr_carea' id='block_1_55' title="bbox 2239 2528 3800 2596">
    <p class='ocr_par' dir='ltr' id='par_1_55' title="bbox 2239 2528 3800 2596">
     <span class='ocr_line' id='line_1_55' title="bbox 2239 2528 3800 2596; baseline -0.006 -8"><span class='ocrx_word' id='word_1_425' title='bbox 2239 2544 2502 2596; x_wconf 88' lang='lat' dir='ltr'><strong>sanctum,</strong></span> <span class='ocrx_word' id='word_1_426' title='bbox 2535 2534 2585 2588; x_wconf 92' lang='lat' dir='ltr'><strong>in</strong></span> <span class='ocrx_word' id='word_1_427' title='bbox 2611 2533 2915 2588; x_wconf 89' lang='lat' dir='ltr'><strong>interiorem</strong></span> <span class='ocrx_word' id='word_1_428' title='bbox 2940 2532 3228 2593; x_wconf 87' lang='lat' dir='ltr'><strong>hominem.</strong></span> <span class='ocrx_word' id='word_1_429' title='bbox 3281 2530 3523 2585; x_wconf 87' lang='lat' dir='ltr'><strong>habitare</strong></span> <span class='ocrx_word' id='word_1_430' title='bbox 3547 2528 3800 2583; x_wconf 66' lang='lat' dir='ltr'><strong>Christum</strong></span> 
     </span>
    </p>
   </div>
   <div class='ocr_carea' id='block_1_56' title="bbox 2242 2620 3802 2695">
    <p class='ocr_par' dir='ltr' id='par_1_56' title="bbox 2242 2620 3802 2695">
     <span class='ocr_line' id='line_1_56' title="bbox 2242 2620 3802 2695; baseline -0.005 -16"><span class='ocrx_word' id='word_1_431' title='bbox 2242 2626 2295 2679; x_wconf 88' lang='lat' dir='ltr'><strong>in</strong></span> <span class='ocrx_word' id='word_1_432' title='bbox 2317 2624 2562 2679; x_wconf 86' lang='lat' dir='ltr'><strong>cordibus</strong></span> <span class='ocrx_word' id='word_1_433' title='bbox 2584 2625 2773 2679; x_wconf 86' lang='lat' dir='ltr'><strong>vestris</strong></span> <span class='ocrx_word' id='word_1_434' title='bbox 2796 2622 3008 2695; x_wconf 81' lang='lat' dir='ltr'><strong>(Ephes.</strong></span> <span class='ocrx_word' id='word_1_435' title='bbox 3053 2638 3131 2686; x_wconf 92' lang='grc' dir='ltr'>ιιι,</span> <span class='ocrx_word' id='word_1_436' title='bbox 3167 2622 3277 2691; x_wconf 83' lang='grc'><strong>16).</strong></span> <span class='ocrx_word' id='word_1_437' title='bbox 3326 2622 3391 2676; x_wconf 85' lang='grc' dir='ltr'>Ει</span> <span class='ocrx_word' id='word_1_438' title='bbox 3424 2623 3669 2676; x_wconf 89' lang='lat' dir='ltr'><strong>iterum:</strong></span> <span class='ocrx_word' id='word_1_439' title='bbox 3696 2620 3802 2674; x_wconf 74' lang='lat' dir='ltr'><strong>Nolo</strong></span> 
     </span>
    </p>
   </div>
   <div class='ocr_carea' id='block_1_57' title="bbox 2245 2714 3803 2785">
    <p class='ocr_par' dir='ltr' id='par_1_57' title="bbox 2245 2714 3803 2785">
     <span class='ocr_line' id='line_1_57' title="bbox 2245 2714 3803 2785; baseline -0.002 -15"><span class='ocrx_word' id='word_1_440' title='bbox 2245 2731 2340 2771; x_wconf 89' lang='lat' dir='ltr'><strong>vos</strong></span> <span class='ocrx_word' id='word_1_441' title='bbox 2370 2718 2631 2785; x_wconf 61' lang='lat' dir='ltr'><strong>ignorare,</strong></span> <span class='ocrx_word' id='word_1_442' title='bbox 2664 2716 2878 2781; x_wconf 77' lang='lat' dir='ltr'><strong>fratres,</strong></span> <span class='ocrx_word' id='word_1_443' title='bbox 2904 2716 3024 2782; x_wconf 88' lang='lat' dir='ltr'><strong>quia</strong></span> <span class='ocrx_word' id='word_1_444' title='bbox 3060 2724 3236 2783; x_wconf 87' lang='lat' dir='ltr'><strong>patres</strong></span> <span class='ocrx_word' id='word_1_445' title='bbox 3282 2716 3446 2770; x_wconf 60' lang='lat' dir='ltr'><strong>vestri</strong></span> <span class='ocrx_word' id='word_1_446' title='bbox 3491 2730 3685 2769; x_wconf 84' lang='lat' dir='ltr'><strong>omnes</strong></span> <span class='ocrx_word' id='word_1_447' title='bbox 3726 2714 3803 2767; x_wconf 71' lang='lat' dir='ltr'><strong>salt</strong></span> 
     </span>
    </p>
   </div>
   <div class='ocr_carea' id='block_1_58' title="bbox 2245 2807 3802 2876">
    <p class='ocr_par' dir='ltr' id='par_1_58' title="bbox 2245 2807 3802 2876">
     <span class='ocr_line' id='line_1_58' title="bbox 2245 2807 3802 2876; baseline -0.003 -14"><span class='ocrx_word' id='word_1_448' title='bbox 2245 2810 2383 2862; x_wconf 91' lang='lat' dir='ltr'><strong>nube</strong></span> <span class='ocrx_word' id='word_1_449' title='bbox 2403 2808 2636 2873; x_wconf 80' lang='lat' dir='ltr'><strong>fuerunt,</strong></span> <span class='ocrx_word' id='word_1_450' title='bbox 2662 2817 2715 2862; x_wconf 90' lang='lat' dir='ltr'><strong>et</strong></span> <span class='ocrx_word' id='word_1_451' title='bbox 2744 2821 2928 2861; x_wconf 91' lang='lat' dir='ltr'><strong>omnes</strong></span> <span class='ocrx_word' id='word_1_452' title='bbox 2958 2808 3009 2860; x_wconf 92' lang='lat' dir='ltr'><strong>in</strong></span> <span class='ocrx_word' id='word_1_453' title='bbox 3055 2808 3271 2876; x_wconf 50' lang='lat' dir='ltr'><strong>Moysen</strong></span> <span class='ocrx_word' id='word_1_454' title='bbox 3319 2807 3577 2875; x_wconf 90' lang='lat' dir='ltr'><strong>baptizati</strong></span> <span class='ocrx_word' id='word_1_455' title='bbox 3634 2807 3802 2859; x_wconf 68' lang='lat' dir='ltr'><strong>suntin</strong></span> 
     </span>
    </p>
   </div>
   <div class='ocr_carea' id='block_1_59' title="bbox 2244 2884 3802 2963">
    <p class='ocr_par' dir='ltr' id='par_1_59' title="bbox 2244 2884 3802 2963">
     <span class='ocr_line' id='line_1_59' title="bbox 2244 2884 3802 2963; baseline -0.003 -11"><span class='ocrx_word' id='word_1_456' title='bbox 2244 2900 2384 2953; x_wconf 89' lang='lat' dir='ltr'><strong>nube</strong></span> <span class='ocrx_word' id='word_1_457' title='bbox 2409 2907 2462 2953; x_wconf 92' lang='lat' dir='ltr'><strong>et</strong></span> <span class='ocrx_word' id='word_1_458' title='bbox 2492 2898 2543 2952; x_wconf 92' lang='lat' dir='ltr'><strong>in</strong></span> <span class='ocrx_word' id='word_1_459' title='bbox 2576 2898 2727 2961; x_wconf 90' lang='lat' dir='ltr'><strong>mari,</strong></span> <span class='ocrx_word' id='word_1_460' title='bbox 2759 2907 2812 2951; x_wconf 91' lang='lat' dir='ltr'><strong>et</strong></span> <span class='ocrx_word' id='word_1_461' title='bbox 2833 2884 3020 2952; x_wconf 72' lang='lat' dir='ltr'><strong>omnes</strong></span> <span class='ocrx_word' id='word_1_462' title='bbox 3050 2896 3293 2951; x_wconf 87' lang='lat' dir='ltr'><strong>eamdem</strong></span> <span class='ocrx_word' id='word_1_463' title='bbox 3320 2911 3499 2951; x_wconf 83' lang='lat' dir='ltr'><strong>escam</strong></span> <span class='ocrx_word' id='word_1_464' title='bbox 3532 2895 3802 2963; x_wconf 78' lang='lat' dir='ltr'><strong>spiritalem</strong></span> 
     </span>
    </p>
   </div>
   <div class='ocr_carea' id='block_1_60' title="bbox 2244 2986 3801 3061">
    <p class='ocr_par' dir='ltr' id='par_1_60' title="bbox 2244 2986 3801 3061">
     <span class='ocr_line' id='line_1_60' title="bbox 2244 2986 3801 3061; baseline -0.002 -20"><span class='ocrx_word' id='word_1_465' title='bbox 2244 2987 2733 3061; x_wconf 86' lang='lat' dir='ltr'><strong>manducaverunt,_</strong></span> <span class='ocrx_word' id='word_1_466' title='bbox 2757 2996 2813 3041; x_wconf 89' lang='lat' dir='ltr'><strong>et</strong></span> <span class='ocrx_word' id='word_1_467' title='bbox 2838 3001 3025 3042; x_wconf 90' lang='lat' dir='ltr'><strong>omnes</strong></span> <span class='ocrx_word' id='word_1_468' title='bbox 3046 2986 3291 3041; x_wconf 89' lang='lat' dir='ltr'><strong>eumdem</strong></span> <span class='ocrx_word' id='word_1_469' title='bbox 3327 2995 3510 3055; x_wconf 88' lang='lat' dir='ltr'><strong>potum</strong></span> <span class='ocrx_word' id='word_1_470' title='bbox 3533 2987 3801 3054; x_wconf 71' lang='lat' dir='ltr'><strong>spiritalem</strong></span> 
     </span>
    </p>
   </div>
   <div class='ocr_carea' id='block_1_61' title="bbox 2247 3076 3801 3147">
    <p class='ocr_par' dir='ltr' id='par_1_61' title="bbox 2247 3076 3801 3147">
     <span class='ocr_line' id='line_1_61' title="bbox 2247 3076 3801 3147; baseline -0.003 -15"><span class='ocrx_word' id='word_1_471' title='bbox 2247 3080 2492 3133; x_wconf 90' lang='lat' dir='ltr'><strong>biberunt</strong></span> <span class='ocrx_word' id='word_1_472' title='bbox 2520 3077 2573 3146; x_wconf 93' lang='lat' dir='ltr'><strong>(I</strong></span> <span class='ocrx_word' id='word_1_473' title='bbox 2602 3078 2720 3132; x_wconf 88' lang='lat' dir='ltr'><strong>Cor.</strong></span> <span class='ocrx_word' id='word_1_474' title='bbox 2751 3095 2804 3142; x_wconf 80' lang='grc' dir='ltr'><strong>ιι,</strong></span> <span class='ocrx_word' id='word_1_475' title='bbox 2837 3081 2901 3147; x_wconf 94' lang='grc' dir='ltr'><strong>ι).</strong></span> <span class='ocrx_word' id='word_1_476' title='bbox 2934 3078 2990 3132; x_wconf 83' lang='grc' dir='ltr'><strong>ιιι</strong></span> <span class='ocrx_word' id='word_1_477' title='bbox 3026 3078 3144 3133; x_wconf 86' lang='lat' dir='ltr'><strong>istis</strong></span> <span class='ocrx_word' id='word_1_478' title='bbox 3174 3079 3334 3147; x_wconf 73' lang='lat' dir='ltr'><strong>igitur</strong></span> <span class='ocrx_word' id='word_1_479' title='bbox 3362 3078 3689 3131; x_wconf 76' lang='lat' dir='ltr'><strong>testimoniis</strong></span> <span class='ocrx_word' id='word_1_480' title='bbox 3717 3076 3801 3128; x_wconf 77' lang='lat' dir='ltr'><strong>hoc</strong></span> 
     </span>
    </p>
   </div>
   <div class='ocr_carea' id='block_1_62' title="bbox 574 3155 2160 3255">
    <p class='ocr_par' dir='ltr' id='par_1_62' title="bbox 574 3186 2148 3255">
     <span class='ocr_line' id='line_1_62' title="bbox 574 3186 2148 3255; baseline 0.003 -16"><span class='ocrx_word' id='word_1_481' title='bbox 574 3186 627 3239; x_wconf 85' lang='lat' dir='ltr'><strong>Si</strong></span> <span class='ocrx_word' id='word_1_482' title='bbox 659 3201 784 3240; x_wconf 85' lang='lat' dir='ltr'><strong>vero</strong></span> <span class='ocrx_word' id='word_1_483' title='bbox 808 3186 1210 3239; x_wconf 87' lang='lat' dir='ltr'><strong>distributiones</strong></span> <span class='ocrx_word' id='word_1_484' title='bbox 1245 3186 1468 3255; x_wconf 90' lang='lat' dir='ltr'><strong>Spiritus</strong></span> <span class='ocrx_word' id='word_1_485' title='bbox 1490 3188 1654 3241; x_wconf 88' lang='lat' dir='ltr'><strong>sancti</strong></span> <span class='ocrx_word' id='word_1_486' title='bbox 1683 3190 1893 3242; x_wconf 88' lang='lat' dir='ltr'><strong>curioso</strong></span> <span class='ocrx_word' id='word_1_487' title='bbox 1917 3189 2148 3244; x_wconf 86' lang='lat' dir='ltr'><strong>volueris</strong></span> 
     </span>
    </p>
   </div>
   <div class='ocr_carea' id='block_1_63' title="bbox 2239 3155 3803 3255">
    <p class='ocr_par' dir='ltr' id='par_1_63' title="bbox 2250 3166 3803 3238">
     <span class='ocr_line' id='line_1_63' title="bbox 2250 3166 3803 3238; baseline -0.004 -15"><span class='ocrx_word' id='word_1_488' title='bbox 2250 3169 2583 3224; x_wconf 89' lang='lat' dir='ltr'><strong>solummodo</strong></span> <span class='ocrx_word' id='word_1_489' title='bbox 2603 3168 2861 3223; x_wconf 74' lang='lat' dir='ltr'><strong>divini&#39;ati</strong></span> <span class='ocrx_word' id='word_1_490' title='bbox 2890 3168 3116 3238; x_wconf 88' lang='lat' dir='ltr'><strong>Spiritus</strong></span> <span class='ocrx_word' id='word_1_491' title='bbox 3141 3168 3310 3223; x_wconf 89' lang='lat' dir='ltr'><strong>sancti</strong></span> <span class='ocrx_word' id='word_1_492' title='bbox 3331 3170 3507 3235; x_wconf 81' lang='lat' dir='ltr'><strong>deest,</strong></span> <span class='ocrx_word' id='word_1_493' title='bbox 3531 3166 3673 3236; x_wconf 87' lang='lat' dir='ltr'><strong>quod</strong></span> <span class='ocrx_word' id='word_1_494' title='bbox 3701 3181 3803 3235; x_wconf 82' lang='lat' dir='ltr'><strong>per-</strong></span> 
     </span>
    </p>
   </div>
   <div class='ocr_carea' id='block_1_64' title="bbox 588 3274 2147 3353">
    <p class='ocr_par' dir='ltr' id='par_1_64' title="bbox 588 3274 2147 3353">
     <span class='ocr_line' id='line_1_64' title="bbox 588 3274 2147 3353; baseline 0.003 -27"><span class='ocrx_word' id='word_1_495' title='bbox 588 3274 1114 3353; x_wconf 14' lang='lat' dir='ltr'><strong>inqnirere‘animo,</strong></span> <span class='ocrx_word' id='word_1_496' title='bbox 1167 3276 1475 3342; x_wconf 82' lang='lat' dir='ltr'><strong>Apostolum</strong></span> <span class='ocrx_word' id='word_1_497' title='bbox 1501 3276 1683 3330; x_wconf 84' lang='lat' dir='ltr'><strong>audies</strong></span> <span class='ocrx_word' id='word_1_498' title='bbox 1730 3276 2103 3345; x_wconf 65' lang='lat' dir='ltr'><strong>praedicantem</strong></span> <span class='ocrx_word' id='word_1_499' title='bbox 2134 3296 2147 3330; x_wconf 92' lang='lat'><strong>:</strong></span> 
     </span>
    </p>
   </div>
   <div class='ocr_carea' id='block_1_65' title="bbox 2255 3261 2942 3319">
    <p class='ocr_par' dir='ltr' id='par_1_65' title="bbox 2255 3261 2942 3319">
     <span class='ocr_line' id='line_1_65' title="bbox 2255 3261 2942 3319; baseline 0.004 -4"><span class='ocrx_word' id='word_1_500' title='bbox 2255 3261 2392 3317; x_wconf 66' lang='lat' dir='ltr'><strong>fidite</strong></span> <span class='ocrx_word' id='word_1_501' title='bbox 2416 3270 2609 3317; x_wconf 68' lang='lat' dir='ltr'><strong>vestra:</strong></span> <span class='ocrx_word' id='word_1_502' title='bbox 2639 3262 2813 3317; x_wconf 91' lang='lat' dir='ltr'><strong>minus</strong></span> <span class='ocrx_word' id='word_1_503' title='bbox 2839 3270 2942 3319; x_wconf 88' lang='lat' dir='ltr'><strong>est.</strong></span> 
     </span>
    </p>
   </div>
   <div class='ocr_carea' id='block_1_66' title="bbox 573 3383 3787 3417">
    <p class='ocr_par' dir='ltr' id='par_1_66' title="bbox 573 3383 3787 3417">
     <span class='ocr_line' id='line_1_66' title="bbox 573 3383 3787 3417; baseline -0.001 -15"><span class='ocrx_word' id='word_1_504' title='bbox 573 3383 3787 3417; x_wconf 42' lang='lat'><strong>___________________§_______________</strong></span> 
     </span>
    </p>
   </div>
   <div class='ocr_carea' id='block_1_67' title="bbox 1723 3491 2678 3575">
    <p class='ocr_par' dir='ltr' id='par_1_67' title="bbox 1723 3491 2678 3575">
     <span class='ocr_line' id='line_1_67' title="bbox 1723 3491 2678 3575; baseline 0.003 -7"><span class='ocrx_word' id='word_1_505' title='bbox 1723 3491 2066 3571; x_wconf 81' lang='lat' dir='ltr'><strong>LIBER</strong></span> <span class='ocrx_word' id='word_1_506' title='bbox 2123 3492 2678 3575; x_wconf 79' lang='lat' dir='ltr'><strong>TERTIUS.</strong></span> 
     </span>
    </p>
   </div>
   <div class='ocr_carea' id='block_1_68' title="bbox 1358 3640 3004 3698">
    <p class='ocr_par' dir='ltr' id='par_1_68' title="bbox 1358 3640 3004 3698">
     <span class='ocr_line' id='line_1_68' title="bbox 1358 3640 3004 3698; baseline 0 -15"><span class='ocrx_word' id='word_1_507' title='bbox 1358 3642 1439 3683; x_wconf 79' lang='lat' dir='ltr'><strong>DE</strong></span> <span class='ocrx_word' id='word_1_508' title='bbox 1468 3640 1742 3683; x_wconf 74' lang='lat' dir='ltr'><strong>UNITATE</strong></span> <span class='ocrx_word' id='word_1_509' title='bbox 1770 3641 1989 3683; x_wconf 76' lang='lat' dir='ltr'><strong>PATRIS</strong></span> <span class='ocrx_word' id='word_1_510' title='bbox 2021 3642 2100 3682; x_wconf 83' lang='grc' dir='ltr'><strong>ΕΤ</strong></span> <span class='ocrx_word' id='word_1_511' title='bbox 2130 3642 2307 3698; x_wconf 67' lang='grc' dir='ltr'>ιτιιιι,</span> <span class='ocrx_word' id='word_1_512' title='bbox 2343 3645 2421 3685; x_wconf 82' lang='grc' dir='ltr'><strong>ΕΤ</strong></span> <span class='ocrx_word' id='word_1_513' title='bbox 2452 3644 2730 3687; x_wconf 69' lang='grc' dir='ltr'>ενιιιιτυς</span> <span class='ocrx_word' id='word_1_514' title='bbox 2763 3642 3004 3685; x_wconf 70' lang='grc' dir='ltr'><strong>εΔΝοτι.</strong></span> 
     </span>
    </p>
   </div>
   <div class='ocr_carea' id='block_1_69' title="bbox 641 3827 2145 3903">
    <p class='ocr_par' dir='ltr' id='par_1_69' title="bbox 641 3827 2145 3903">
     <span class='ocr_line' id='line_1_69' title="bbox 641 3827 2145 3903; baseline -0.001 -19"><span class='ocrx_word' id='word_1_515' title='bbox 641 3833 803 3903; x_wconf 62' lang='grc'><strong>449</strong></span> <span class='ocrx_word' id='word_1_516' title='bbox 830 3832 885 3885; x_wconf 91' lang='lat' dir='ltr'><strong>In</strong></span> <span class='ocrx_word' id='word_1_517' title='bbox 916 3831 999 3884; x_wconf 92' lang='lat' dir='ltr'><strong>his</strong></span> <span class='ocrx_word' id='word_1_518' title='bbox 1030 3830 1344 3884; x_wconf 88' lang='lat' dir='ltr'><strong>testimoniis</strong></span> <span class='ocrx_word' id='word_1_519' title='bbox 1394 3827 1570 3882; x_wconf 85' lang='lat' dir='ltr'><strong>unitas</strong></span> <span class='ocrx_word' id='word_1_520' title='bbox 1598 3828 1877 3884; x_wconf 88' lang='lat' dir='ltr'><strong>Trinitatis</strong></span> <span class='ocrx_word' id='word_1_521' title='bbox 1907 3833 2145 3884; x_wconf 82' lang='lat' dir='ltr'><strong>ostendi-</strong></span> 
     </span>
    </p>
   </div>
   <div class='ocr_carea' id='block_1_70' title="bbox 573 3917 2143 3990">
    <p class='ocr_par' dir='ltr' id='par_1_70' title="bbox 573 3917 2143 3990">
     <span class='ocr_line' id='line_1_70' title="bbox 573 3917 2143 3990; baseline -0.001 -14"><span class='ocrx_word' id='word_1_522' title='bbox 573 3933 679 3987; x_wconf 90' lang='lat' dir='ltr'><strong>tur,</strong></span> <span class='ocrx_word' id='word_1_523' title='bbox 702 3924 825 3976; x_wconf 91' lang='lat' dir='ltr'><strong>dum</strong></span> <span class='ocrx_word' id='word_1_524' title='bbox 859 3920 998 3990; x_wconf 91' lang='lat' dir='ltr'><strong>quod</strong></span> <span class='ocrx_word' id='word_1_525' title='bbox 1030 3918 1189 3974; x_wconf 85' lang='lat' dir='ltr'><strong>Pater</strong></span> <span class='ocrx_word' id='word_1_526' title='bbox 1226 3928 1472 3983; x_wconf 90' lang='lat' dir='ltr'><strong>vocatur,</strong></span> <span class='ocrx_word' id='word_1_527' title='bbox 1524 3917 1606 3971; x_wconf 90' lang='lat' dir='ltr'><strong>vel</strong></span> <span class='ocrx_word' id='word_1_528' title='bbox 1663 3918 1821 3973; x_wconf 88' lang='lat' dir='ltr'><strong>etiam</strong></span> <span class='ocrx_word' id='word_1_529' title='bbox 1876 3932 2143 3987; x_wconf 88' lang='lat' dir='ltr'><strong>operatur,</strong></span> 
     </span>
    </p>
   </div>
   <div class='ocr_carea' id='block_1_71' title="bbox 572 4014 2143 4086">
    <p class='ocr_par' dir='ltr' id='par_1_71' title="bbox 572 4014 2143 4086">
     <span class='ocr_line' id='line_1_71' title="bbox 572 4014 2143 4086; baseline -0.002 -14"><span class='ocrx_word' id='word_1_530' title='bbox 572 4019 671 4073; x_wconf 89' lang='lat' dir='ltr'><strong>hoc</strong></span> <span class='ocrx_word' id='word_1_531' title='bbox 696 4019 860 4072; x_wconf 87' lang='lat' dir='ltr'><strong>Filius</strong></span> <span class='ocrx_word' id='word_1_532' title='bbox 890 4024 944 4072; x_wconf 90' lang='lat' dir='ltr'><strong>et</strong></span> <span class='ocrx_word' id='word_1_533' title='bbox 967 4015 1194 4086; x_wconf 86' lang='lat' dir='ltr'><strong>Spiritus</strong></span> <span class='ocrx_word' id='word_1_534' title='bbox 1207 4023 1422 4068; x_wconf 89' lang='lat' dir='ltr'><strong>sanctus</strong></span> <span class='ocrx_word' id='word_1_535' title='bbox 1438 4023 1826 4082; x_wconf 91' lang='lat' dir='ltr'><strong>nuncupentur,</strong></span> <span class='ocrx_word' id='word_1_536' title='bbox 1853 4014 1932 4069; x_wconf 85' lang='lat' dir='ltr'><strong>vel</strong></span> <span class='ocrx_word' id='word_1_537' title='bbox 1961 4015 2143 4069; x_wconf 88' lang='lat' dir='ltr'><strong>eadem</strong></span> 
     </span>
    </p>
   </div>
   <div class='ocr_carea' id='block_1_72' title="bbox 572 4106 874 4179">
    <p class='ocr_par' dir='ltr' id='par_1_72' title="bbox 572 4106 874 4179">
     <span class='ocr_line' id='line_1_72' title="bbox 572 4106 874 4179; baseline -0.007 -14"><span class='ocrx_word' id='word_1_538' title='bbox 572 4106 874 4179; x_wconf 58' lang='lat' dir='ltr'><strong>orerentur.</strong></span> 
     </span>
    </p>
   </div>
   <div class='ocr_carea' id='block_1_73' title="bbox 1087 4199 1627 4256">
    <p class='ocr_par' dir='ltr' id='par_1_73' title="bbox 1087 4199 1627 4256">
     <span class='ocr_line' id='line_1_73' title="bbox 1087 4199 1627 4256; baseline -0.006 0"><span class='ocrx_word' id='word_1_539' title='bbox 1087 4199 1315 4256; x_wconf 73' lang='lat' dir='ltr'><strong>CAPUT</strong></span> <span class='ocrx_word' id='word_1_540' title='bbox 1344 4199 1627 4255; x_wconf 76' lang='lat' dir='ltr'><strong>PRIMUM.</strong></span> 
     </span>
    </p>
   </div>
   <div class='ocr_carea' id='block_1_74' title="bbox 926 4284 1784 4339">
    <p class='ocr_par' dir='ltr' id='par_1_74' title="bbox 926 4284 1784 4339">
     <span class='ocr_line' id='line_1_74' title="bbox 926 4284 1784 4339; baseline -0.002 -1"><span class='ocrx_word' id='word_1_541' title='bbox 926 4287 1002 4339; x_wconf 76' lang='lat' dir='ltr'><strong>De</strong></span> <span class='ocrx_word' id='word_1_542' title='bbox 1030 4284 1285 4339; x_wconf 83' lang='lat' dir='ltr'><strong>communi</strong></span> <span class='ocrx_word' id='word_1_543' title='bbox 1299 4286 1500 4338; x_wconf 84' lang='lat' dir='ltr'><strong>deitatis</strong></span> <span class='ocrx_word' id='word_1_544' title='bbox 1522 4284 1784 4339; x_wconf 69' lang='lat' dir='ltr'><strong>vocabulo.</strong></span> 
     </span>
    </p>
   </div>
   <div class='ocr_carea' id='block_1_75' title="bbox 641 4373 2148 4444">
    <p class='ocr_par' dir='ltr' id='par_1_75' title="bbox 641 4373 2148 4444">
     <span class='ocr_line' id='line_1_75' title="bbox 641 4373 2148 4444; baseline 0.001 -17"><span class='ocrx_word' id='word_1_545' title='bbox 641 4375 782 4429; x_wconf 89' lang='lat' dir='ltr'><strong>Deus</strong></span> <span class='ocrx_word' id='word_1_546' title='bbox 811 4376 991 4437; x_wconf 84' lang='lat' dir='ltr'><strong>Pater,</strong></span> <span class='ocrx_word' id='word_1_547' title='bbox 1021 4375 1159 4427; x_wconf 89' lang='lat' dir='ltr'><strong>Deus</strong></span> <span class='ocrx_word' id='word_1_548' title='bbox 1190 4373 1373 4437; x_wconf 86' lang='lat' dir='ltr'><strong>Filius,</strong></span> <span class='ocrx_word' id='word_1_549' title='bbox 1394 4375 1537 4428; x_wconf 90' lang='lat' dir='ltr'><strong>Deus</strong></span> <span class='ocrx_word' id='word_1_550' title='bbox 1565 4374 1792 4444; x_wconf 90' lang='lat' dir='ltr'><strong>Spiritus</strong></span> <span class='ocrx_word' id='word_1_551' title='bbox 1809 4383 2047 4430; x_wconf 78' lang='lat' dir='ltr'><strong>sanctus.</strong></span> <span class='ocrx_word' id='word_1_552' title='bbox 2073 4376 2148 4429; x_wconf 89' lang='lat' dir='ltr'><strong>De</strong></span> 
     </span>
    </p>
   </div>
   <div class='ocr_carea' id='block_1_76' title="bbox 2254 3830 3801 3903">
    <p class='ocr_par' dir='ltr' id='par_1_76' title="bbox 2254 3830 3801 3903">
     <span class='ocr_line' id='line_1_76' title="bbox 2254 3830 3801 3903; baseline -0.004 -13"><span class='ocrx_word' id='word_1_553' title='bbox 2254 3852 2379 3891; x_wconf 90' lang='lat' dir='ltr'><strong>num</strong></span> <span class='ocrx_word' id='word_1_554' title='bbox 2404 3844 2549 3901; x_wconf 88' lang='lat' dir='ltr'><strong>sunt,</strong></span> <span class='ocrx_word' id='word_1_555' title='bbox 2578 3835 2716 3889; x_wconf 91' lang='lat' dir='ltr'><strong>idem</strong></span> <span class='ocrx_word' id='word_1_556' title='bbox 2752 3836 2864 3903; x_wconf 56' lang='lat' dir='ltr'><strong>ipse</strong></span> <span class='ocrx_word' id='word_1_557' title='bbox 2890 3833 3141 3888; x_wconf 77' lang='lat' dir='ltr'><strong>Dominus</strong></span> <span class='ocrx_word' id='word_1_558' title='bbox 3198 3830 3251 3902; x_wconf 93' lang='grc'><strong>(1</strong></span> <span class='ocrx_word' id='word_1_559' title='bbox 3287 3832 3408 3885; x_wconf 84' lang='lat' dir='ltr'><strong>Cor.</strong></span> <span class='ocrx_word' id='word_1_560' title='bbox 3436 3848 3529 3895; x_wconf 87' lang='lat' dir='ltr'><strong>xu,</strong></span> <span class='ocrx_word' id='word_1_561' title='bbox 3562 3831 3637 3900; x_wconf 72' lang='lat'><strong>3).</strong></span> <span class='ocrx_word' id='word_1_562' title='bbox 3692 3833 3801 3886; x_wconf 74' lang='lat' dir='ltr'><strong>Item</strong></span> 
     </span>
    </p>
   </div>
   <div class='ocr_carea' id='block_1_77' title="bbox 2254 3924 3230 3993">
    <p class='ocr_par' dir='ltr' id='par_1_77' title="bbox 2254 3924 3230 3993">
     <span class='ocr_line' id='line_1_77' title="bbox 2254 3924 3230 3993; baseline -0.005 -11"><span class='ocrx_word' id='word_1_563' title='bbox 2254 3928 2360 3983; x_wconf 89' lang='lat' dir='ltr'><strong>ibi:</strong></span> <span class='ocrx_word' id='word_1_564' title='bbox 2392 3927 2648 3982; x_wconf 90' lang='lat' dir='ltr'><strong>Dominus</strong></span> <span class='ocrx_word' id='word_1_565' title='bbox 2678 3938 2856 3981; x_wconf 84' lang='lat' dir='ltr'><strong>autem</strong></span> <span class='ocrx_word' id='word_1_566' title='bbox 2882 3924 3097 3993; x_wconf 88' lang='lat' dir='ltr'><strong>s&#39;piritus</strong></span> <span class='ocrx_word' id='word_1_567' title='bbox 3125 3939 3157 3979; x_wconf 89' lang='lat' dir='ltr'><strong>e</strong></span> <span class='ocrx_word' id='word_1_568' title='bbox 3189 3934 3230 3977; x_wconf 89' lang='grc' dir='ltr'>ι.</span> 
     </span>
    </p>
   </div>
   <div class='ocr_carea' id='block_1_78' title="bbox 2857 4013 3207 4070">
    <p class='ocr_par' dir='ltr' id='par_1_78' title="bbox 2857 4013 3207 4070">
     <span class='ocr_line' id='line_1_78' title="bbox 2857 4013 3207 4070; baseline 0.003 -1"><span class='ocrx_word' id='word_1_569' title='bbox 2857 4014 3081 4070; x_wconf 77' lang='lat' dir='ltr'><strong>CAPUT</strong></span> <span class='ocrx_word' id='word_1_570' title='bbox 3122 4013 3207 4070; x_wconf 88' lang='lat' dir='ltr'><strong>Ill.</strong></span> 
     </span>
    </p>
   </div>
   <div class='ocr_carea' id='block_1_79' title="bbox 2503 4105 3577 4174">
    <p class='ocr_par' dir='ltr' id='par_1_79' title="bbox 2503 4105 3577 4174">
     <span class='ocr_line' id='line_1_79' title="bbox 2503 4105 3577 4174; baseline -0.003 -12"><span class='ocrx_word' id='word_1_571' title='bbox 2503 4107 2577 4162; x_wconf 87' lang='lat' dir='ltr'><strong>De</strong></span> <span class='ocrx_word' id='word_1_572' title='bbox 2610 4107 2864 4162; x_wconf 87' lang='lat' dir='ltr'><strong>communi</strong></span> <span class='ocrx_word' id='word_1_573' title='bbox 2900 4107 3257 4174; x_wconf 83' lang='lat' dir='ltr'><strong>omnipotentia</strong></span> <span class='ocrx_word' id='word_1_574' title='bbox 3286 4105 3577 4160; x_wconf 78' lang='lat' dir='ltr'><strong>Trinitatis.</strong></span> 
     </span>
    </p>
   </div>
   <div class='ocr_carea' id='block_1_80' title="bbox 2321 4196 3803 4273">
    <p class='ocr_par' dir='ltr' id='par_1_80' title="bbox 2321 4196 3803 4273">
     <span class='ocr_line' id='line_1_80' title="bbox 2321 4196 3803 4273; baseline -0.005 -18"><span class='ocrx_word' id='word_1_575' title='bbox 2321 4200 2482 4273; x_wconf 65' lang='grc'><strong>450</strong></span> <span class='ocrx_word' id='word_1_576' title='bbox 2509 4200 2855 4266; x_wconf 83' lang='lat' dir='ltr'><strong>Omnipotens</strong></span> <span class='ocrx_word' id='word_1_577' title='bbox 2870 4199 3047 4261; x_wconf 89' lang='lat' dir='ltr'><strong>Pater,</strong></span> <span class='ocrx_word' id='word_1_578' title='bbox 3062 4198 3402 4265; x_wconf 89' lang='lat' dir='ltr'><strong>omnipotens</strong></span> <span class='ocrx_word' id='word_1_579' title='bbox 3428 4197 3617 4260; x_wconf 82' lang='lat' dir='ltr'><strong>Filius,</strong></span> <span class='ocrx_word' id='word_1_580' title='bbox 3644 4196 3803 4250; x_wconf 78' lang='lat' dir='ltr'><strong>omni-</strong></span> 
     </span>
    </p>
   </div>
   <div class='ocr_carea' id='block_1_81' title="bbox 2254 4287 3804 4360">
    <p class='ocr_par' dir='ltr' id='par_1_81' title="bbox 2254 4287 3804 4360">
     <span class='ocr_line' id='line_1_81' title="bbox 2254 4287 3804 4360; baseline -0.005 -15"><span class='ocrx_word' id='word_1_581' title='bbox 2254 4302 2440 4360; x_wconf 81' lang='lat' dir='ltr'><strong>potens</strong></span> <span class='ocrx_word' id='word_1_582' title='bbox 2462 4290 2689 4359; x_wconf 85' lang='lat' dir='ltr'><strong>Spiritus</strong></span> <span class='ocrx_word' id='word_1_583' title='bbox 2718 4299 2935 4344; x_wconf 88' lang='lat' dir='ltr'><strong>sanctus</strong></span> <span class='ocrx_word' id='word_1_584' title='bbox 2964 4287 3054 4358; x_wconf 88' lang='lat' dir='ltr'><strong>(II</strong></span> <span class='ocrx_word' id='word_1_585' title='bbox 3082 4288 3202 4343; x_wconf 83' lang='lat' dir='ltr'><strong>Cor.</strong></span> <span class='ocrx_word' id='word_1_586' title='bbox 3228 4304 3309 4354; x_wconf 88' lang='grc' dir='ltr'>ιιι,</span> <span class='ocrx_word' id='word_1_587' title='bbox 3338 4288 3449 4359; x_wconf 75' lang='grc'><strong>17).</strong></span> <span class='ocrx_word' id='word_1_588' title='bbox 3480 4288 3554 4343; x_wconf 84' lang='lat' dir='ltr'><strong>De</strong></span> <span class='ocrx_word' id='word_1_589' title='bbox 3580 4288 3735 4343; x_wconf 82' lang='lat' dir='ltr'><strong>Patre</strong></span> <span class='ocrx_word' id='word_1_590' title='bbox 3760 4288 3804 4340; x_wconf 78' lang='lat' dir='ltr'><strong>in</strong></span> 
     </span>
    </p>
   </div>
   <div class='ocr_carea' id='block_1_82' title="bbox 2250 4380 3807 4451">
    <p class='ocr_par' dir='ltr' id='par_1_82' title="bbox 2250 4380 3807 4451">
     <span class='ocr_line' id='line_1_82' title="bbox 2250 4380 3807 4451; baseline -0.003 -15"><span class='ocrx_word' id='word_1_591' title='bbox 2250 4383 2570 4436; x_wconf 88' lang='lat' dir='ltr'><strong>Salomone:</strong></span> <span class='ocrx_word' id='word_1_592' title='bbox 2593 4381 2943 4451; x_wconf 89' lang='lat' dir='ltr'><strong>Omnipotens</strong></span> <span class='ocrx_word' id='word_1_593' title='bbox 2971 4396 3150 4435; x_wconf 88' lang='lat' dir='ltr'><strong>sermo</strong></span> <span class='ocrx_word' id='word_1_594' title='bbox 3182 4389 3305 4434; x_wconf 86' lang='lat' dir='ltr'><strong>tuus</strong></span> <span class='ocrx_word' id='word_1_595' title='bbox 3323 4380 3576 4435; x_wconf 83' lang='lat' dir='ltr'><strong>exsiliens</strong></span> <span class='ocrx_word' id='word_1_596' title='bbox 3600 4395 3629 4432; x_wconf 86' lang='lat' dir='ltr'><strong>a</strong></span> <span class='ocrx_word' id='word_1_597' title='bbox 3673 4392 3807 4447; x_wconf 69' lang='lat' dir='ltr'><strong>rega-</strong></span> 
     </span>
    </p>
   </div>
   <div class='ocr_carea' id='block_1_83' title="bbox 573 4462 3805 4544">
    <p class='ocr_par' dir='ltr' id='par_1_83' title="bbox 573 4462 3805 4544">
     <span class='ocr_line' id='line_1_83' title="bbox 573 4462 3805 4544; baseline 0.001 -25"><span class='ocrx_word' id='word_1_598' title='bbox 573 4463 730 4520; x_wconf 87' lang='lat' dir='ltr'><strong>Patre</strong></span> <span class='ocrx_word' id='word_1_599' title='bbox 754 4465 804 4518; x_wconf 89' lang='lat' dir='ltr'><strong>in</strong></span> <span class='ocrx_word' id='word_1_600' title='bbox 838 4465 1094 4532; x_wconf 82' lang='lat' dir='ltr'><strong>Apostolo</strong></span> <span class='ocrx_word' id='word_1_601' title='bbox 1125 4481 1137 4515; x_wconf 90' lang='lat'><strong>:</strong></span> <span class='ocrx_word' id='word_1_602' title='bbox 1173 4462 1321 4518; x_wconf 90' lang='lat' dir='ltr'><strong>Unus</strong></span> <span class='ocrx_word' id='word_1_603' title='bbox 1343 4463 1481 4517; x_wconf 84' lang='lat' dir='ltr'><strong>Deus</strong></span> <span class='ocrx_word' id='word_1_604' title='bbox 1504 4465 1681 4529; x_wconf 90' lang='lat' dir='ltr'><strong>Pater,</strong></span> <span class='ocrx_word' id='word_1_605' title='bbox 1713 4482 1775 4519; x_wconf 83' lang='lat' dir='ltr'><strong>ex</strong></span> <span class='ocrx_word' id='word_1_606' title='bbox 1826 4482 1930 4534; x_wconf 91' lang='lat' dir='ltr'><strong>quo</strong></span> <span class='ocrx_word' id='word_1_607' title='bbox 1968 4468 2143 4521; x_wconf 79' lang='lat' dir='ltr'><strong>omnia</strong></span> <span class='ocrx_word' id='word_1_608' title='bbox 2177 4463 2225 4521; x_wconf 89' lang='lat' dir='ltr'><strong>D</strong></span> <span class='ocrx_word' id='word_1_609' title='bbox 2251 4475 2393 4528; x_wconf 85' lang='lat' dir='ltr'><strong>libus</strong></span> <span class='ocrx_word' id='word_1_610' title='bbox 2422 4473 2640 4527; x_wconf 83' lang='lat' dir='ltr'><strong>sedibus</strong></span> <span class='ocrx_word' id='word_1_611' title='bbox 2659 4473 2804 4527; x_wconf 87' lang='lat' dir='ltr'><strong>venit</strong></span> <span class='ocrx_word' id='word_1_612' title='bbox 2825 4472 2979 4544; x_wconf 78' lang='lat' dir='ltr'><strong>(Sep.</strong></span> <span class='ocrx_word' id='word_1_613' title='bbox 3010 4488 3157 4534; x_wconf 87' lang='lat' dir='ltr'><strong>xvut.</strong></span> <span class='ocrx_word' id='word_1_614' title='bbox 3186 4472 3305 4540; x_wconf 78' lang='grc'><strong>15).</strong></span> <span class='ocrx_word' id='word_1_615' title='bbox 3338 4473 3413 4526; x_wconf 87' lang='lat' dir='ltr'><strong>De</strong></span> <span class='ocrx_word' id='word_1_616' title='bbox 3455 4471 3595 4526; x_wconf 79' lang='lat' dir='ltr'><strong>Filio</strong></span> <span class='ocrx_word' id='word_1_617' title='bbox 3626 4470 3712 4524; x_wconf 90' lang='lat' dir='ltr'><strong>ubi</strong></span> <span class='ocrx_word' id='word_1_618' title='bbox 3730 4484 3805 4523; x_wconf 84' lang='lat' dir='ltr'><strong>stt-</strong></span> 
     </span>
    </p>
   </div>
   <div class='ocr_carea' id='block_1_84' title="bbox 582 4555 2147 4624">
    <p class='ocr_par' dir='ltr' id='par_1_84' title="bbox 582 4555 2147 4624">
     <span class='ocr_line' id='line_1_84' title="bbox 582 4555 2147 4624; baseline 0.004 -16"><span class='ocrx_word' id='word_1_619' title='bbox 582 4556 635 4624; x_wconf 91' lang='grc'><strong>(1</strong></span> <span class='ocrx_word' id='word_1_620' title='bbox 660 4556 780 4609; x_wconf 86' lang='lat' dir='ltr'><strong>Cor.</strong></span> <span class='ocrx_word' id='word_1_621' title='bbox 810 4572 923 4621; x_wconf 83' lang='lat' dir='ltr'><strong>vui,</strong></span> <span class='ocrx_word' id='word_1_622' title='bbox 957 4555 1035 4621; x_wconf 88' lang='grc'><strong>6).</strong></span> <span class='ocrx_word' id='word_1_623' title='bbox 1058 4556 1123 4610; x_wconf 83' lang='grc' dir='ltr'>Ει</span> <span class='ocrx_word' id='word_1_624' title='bbox 1149 4555 1341 4609; x_wconf 91' lang='lat' dir='ltr'><strong>iterum</strong></span> <span class='ocrx_word' id='word_1_625' title='bbox 1375 4572 1386 4607; x_wconf 96' lang='lat'>:</span> <span class='ocrx_word' id='word_1_626' title='bbox 1413 4555 1525 4609; x_wconf 83' lang='lat' dir='ltr'><strong>Non</strong></span> <span class='ocrx_word' id='word_1_627' title='bbox 1549 4567 1629 4610; x_wconf 90' lang='lat' dir='ltr'><strong>est</strong></span> <span class='ocrx_word' id='word_1_628' title='bbox 1663 4557 1802 4612; x_wconf 88' lang='lat' dir='ltr'><strong>Deus</strong></span> <span class='ocrx_word' id='word_1_629' title='bbox 1855 4560 1954 4613; x_wconf 92' lang='lat' dir='ltr'><strong>nisi</strong></span> <span class='ocrx_word' id='word_1_630' title='bbox 2011 4576 2147 4615; x_wconf 88' lang='lat' dir='ltr'><strong>unus</strong></span> 
     </span>
    </p>
   </div>
   <div class='ocr_carea' id='block_1_85' title="bbox 577 4646 2147 4719">
    <p class='ocr_par' dir='ltr' id='par_1_85' title="bbox 577 4646 2147 4719">
     <span class='ocr_line' id='line_1_85' title="bbox 577 4646 2147 4719; baseline 0.006 -19"><span class='ocrx_word' id='word_1_631' title='bbox 577 4646 767 4719; x_wconf 85' lang='lat' dir='ltr'><strong>(Ibid.,</strong></span> <span class='ocrx_word' id='word_1_632' title='bbox 802 4649 879 4719; x_wconf 69' lang='grc'><strong>4).</strong></span> <span class='ocrx_word' id='word_1_633' title='bbox 908 4650 980 4703; x_wconf 90' lang='lat' dir='ltr'><strong>De</strong></span> <span class='ocrx_word' id='word_1_634' title='bbox 1004 4649 1137 4703; x_wconf 85' lang='lat' dir='ltr'><strong>Filio</strong></span> <span class='ocrx_word' id='word_1_635' title='bbox 1169 4649 1220 4703; x_wconf 93' lang='lat' dir='ltr'><strong>in</strong></span> <span class='ocrx_word' id='word_1_636' title='bbox 1249 4648 1454 4719; x_wconf 86' lang='lat' dir='ltr'><strong>psalmo</strong></span> <span class='ocrx_word' id='word_1_637' title='bbox 1477 4665 1592 4702; x_wconf 78' lang='lat' dir='ltr'><strong>xeix</strong></span> <span class='ocrx_word' id='word_1_638' title='bbox 1626 4650 1870 4719; x_wconf 81' lang='lat' dir='ltr'><strong>(Vcrs.&#39;5)</strong></span> <span class='ocrx_word' id='word_1_639' title='bbox 1907 4671 1919 4704; x_wconf 91' lang='lat'>:</span> <span class='ocrx_word' id='word_1_640' title='bbox 1948 4654 2147 4709; x_wconf 85' lang='lat' dir='ltr'><strong>Scitote</strong></span> 
     </span>
    </p>
   </div>
   <div class='ocr_carea' id='block_1_86' title="bbox 575 4739 2148 4811">
    <p class='ocr_par' dir='ltr' id='par_1_86' title="bbox 575 4739 2148 4811">
     <span class='ocr_line' id='line_1_86' title="bbox 575 4739 2148 4811; baseline 0.006 -20"><span class='ocrx_word' id='word_1_641' title='bbox 575 4741 823 4807; x_wconf 89' lang='lat' dir='ltr'><strong>quoniam</strong></span> <span class='ocrx_word' id='word_1_642' title='bbox 857 4740 1113 4794; x_wconf 80' lang='lat' dir='ltr'><strong>Dominus</strong></span> <span class='ocrx_word' id='word_1_643' title='bbox 1144 4741 1257 4809; x_wconf 86' lang='lat' dir='ltr'><strong>ipse</strong></span> <span class='ocrx_word' id='word_1_644' title='bbox 1308 4750 1390 4795; x_wconf 89' lang='lat' dir='ltr'><strong>est</strong></span> <span class='ocrx_word' id='word_1_645' title='bbox 1417 4739 1579 4805; x_wconf 88' lang='lat' dir='ltr'><strong>Deus,</strong></span> <span class='ocrx_word' id='word_1_646' title='bbox 1624 4742 1736 4808; x_wconf 87' lang='lat' dir='ltr'><strong>ipse</strong></span> <span class='ocrx_word' id='word_1_647' title='bbox 1769 4742 1892 4796; x_wconf 80' lang='lat' dir='ltr'><strong>fecit</strong></span> <span class='ocrx_word' id='word_1_648' title='bbox 1942 4758 2060 4811; x_wconf 85' lang='lat' dir='ltr'><strong>nos,</strong></span> <span class='ocrx_word' id='word_1_649' title='bbox 2093 4754 2148 4800; x_wconf 90' lang='lat' dir='ltr'><strong>et</strong></span> 
     </span>
    </p>
   </div>
   <div class='ocr_carea' id='block_1_87' title="bbox 570 4830 2146 4904">
    <p class='ocr_par' dir='ltr' id='par_1_87' title="bbox 570 4830 2146 4904">
     <span class='ocr_line' id='line_1_87' title="bbox 570 4830 2146 4904; baseline 0.004 -20"><span class='ocrx_word' id='word_1_650' title='bbox 570 4844 677 4884; x_wconf 89' lang='lat' dir='ltr'><strong>non</strong></span> <span class='ocrx_word' id='word_1_651' title='bbox 711 4830 808 4898; x_wconf 90' lang='lat' dir='ltr'><strong>ipsi</strong></span> <span class='ocrx_word' id='word_1_652' title='bbox 830 4846 945 4884; x_wconf 90' lang='lat' dir='ltr'><strong>nos.</strong></span> <span class='ocrx_word' id='word_1_653' title='bbox 981 4832 1056 4887; x_wconf 91' lang='lat' dir='ltr'><strong>De</strong></span> <span class='ocrx_word' id='word_1_654' title='bbox 1083 4832 1280 4901; x_wconf 90' lang='lat' dir='ltr'><strong>Spiritu</strong></span> <span class='ocrx_word' id='word_1_655' title='bbox 1310 4842 1495 4887; x_wconf 89' lang='lat' dir='ltr'><strong>sancto</strong></span> <span class='ocrx_word' id='word_1_656' title='bbox 1523 4835 1843 4901; x_wconf 68' lang='lat' dir='ltr'><strong>inArostolo</strong></span> <span class='ocrx_word' id='word_1_657' title='bbox 1872 4855 1884 4890; x_wconf 89' lang='lat'><strong>:</strong></span> <span class='ocrx_word' id='word_1_658' title='bbox 1919 4836 2146 4904; x_wconf 90' lang='lat' dir='ltr'><strong>Spiritus</strong></span> 
     </span>
    </p>
   </div>
   <div class='ocr_carea' id='block_1_88' title="bbox 568 4918 2143 4993">
    <p class='ocr_par' dir='ltr' id='par_1_88' title="bbox 568 4918 2143 4993">
     <span class='ocr_line' id='line_1_88' title="bbox 568 4918 2143 4993; baseline 0.004 -20"><span class='ocrx_word' id='word_1_659' title='bbox 568 4927 652 4974; x_wconf 87' lang='lat' dir='ltr'><strong>est</strong></span> <span class='ocrx_word' id='word_1_660' title='bbox 677 4918 813 4972; x_wconf 90' lang='lat' dir='ltr'><strong>Deus</strong></span> <span class='ocrx_word' id='word_1_661' title='bbox 841 4918 926 4991; x_wconf 86' lang='lat' dir='ltr'><strong>(II</strong></span> <span class='ocrx_word' id='word_1_662' title='bbox 958 4920 1079 4973; x_wconf 87' lang='lat' dir='ltr'><strong>Cor.</strong></span> <span class='ocrx_word' id='word_1_663' title='bbox 1120 4936 1199 4987; x_wconf 91' lang='grc' dir='ltr'>ιιι,</span> <span class='ocrx_word' id='word_1_664' title='bbox 1242 4922 1352 4987; x_wconf 74' lang='grc'><strong>17).</strong></span> <span class='ocrx_word' id='word_1_665' title='bbox 1405 4921 1471 4976; x_wconf 85' lang='lat' dir='ltr'><strong>Et</strong></span> <span class='ocrx_word' id='word_1_666' title='bbox 1522 4923 1575 4978; x_wconf 95' lang='lat' dir='ltr'><strong>in</strong></span> <span class='ocrx_word' id='word_1_667' title='bbox 1635 4923 1963 4993; x_wconf 73' lang='lat' dir='ltr'><strong>Evangelio:</strong></span> <span class='ocrx_word' id='word_1_668' title='bbox 2014 4925 2143 4990; x_wconf 83' lang='lat' dir='ltr'><strong>Quia</strong></span> 
     </span>
    </p>
   </div>
   <div class='ocr_carea' id='block_1_89' title="bbox 570 5007 1415 5081">
    <p class='ocr_par' dir='ltr' id='par_1_89' title="bbox 570 5007 1415 5081">
     <span class='ocr_line' id='line_1_89' title="bbox 570 5007 1415 5081; baseline 0.001 -20"><span class='ocrx_word' id='word_1_669' title='bbox 570 5007 709 5063; x_wconf 88' lang='lat' dir='ltr'><strong>Deus</strong></span> <span class='ocrx_word' id='word_1_670' title='bbox 735 5010 844 5078; x_wconf 86' lang='lat' dir='ltr'><strong>ipse</strong></span> <span class='ocrx_word' id='word_1_671' title='bbox 872 5018 954 5064; x_wconf 91' lang='lat' dir='ltr'><strong>est</strong></span> <span class='ocrx_word' id='word_1_672' title='bbox 988 5009 1167 5081; x_wconf 87' lang='lat' dir='ltr'><strong>(Joan.</strong></span> <span class='ocrx_word' id='word_1_673' title='bbox 1200 5025 1272 5075; x_wconf 88' lang='lat' dir='ltr'><strong>tv,</strong></span> <span class='ocrx_word' id='word_1_674' title='bbox 1300 5011 1415 5078; x_wconf 59' lang='grc' dir='ltr'><strong>Μ).</strong></span> 
     </span>
    </p>
   </div>
   <div class='ocr_carea' id='block_1_90' title="bbox 1193 5119 1517 5177">
    <p class='ocr_par' dir='ltr' id='par_1_90' title="bbox 1193 5119 1517 5177">
     <span class='ocr_line' id='line_1_90' title="bbox 1193 5119 1517 5177; baseline 0.003 -3"><span class='ocrx_word' id='word_1_675' title='bbox 1193 5119 1415 5177; x_wconf 82' lang='lat' dir='ltr'><strong>CAPUT</strong></span> <span class='ocrx_word' id='word_1_676' title='bbox 1454 5122 1517 5176; x_wconf 91' lang='lat' dir='ltr'><strong>Il.</strong></span> 
     </span>
    </p>
   </div>
   <div class='ocr_carea' id='block_1_91' title="bbox 765 5211 1943 5283">
    <p class='ocr_par' dir='ltr' id='par_1_91' title="bbox 765 5211 1943 5283">
     <span class='ocr_line' id='line_1_91' title="bbox 765 5211 1943 5283; baseline 0.003 -17"><span class='ocrx_word' id='word_1_677' title='bbox 765 5211 863 5273; x_wconf 79' lang='lat' dir='ltr'><strong>Ubi</strong></span> <span class='ocrx_word' id='word_1_678' title='bbox 891 5212 1052 5265; x_wconf 85' lang='lat' dir='ltr'><strong>omnis</strong></span> <span class='ocrx_word' id='word_1_679' title='bbox 1077 5212 1300 5267; x_wconf 81' lang='lat' dir='ltr'><strong>Trinitas</strong></span> <span class='ocrx_word' id='word_1_680' title='bbox 1331 5211 1581 5268; x_wconf 75' lang='lat' dir='ltr'><strong>Dominus</strong></span> <span class='ocrx_word' id='word_1_681' title='bbox 1600 5225 1943 5283; x_wconf 83' lang='lat' dir='ltr'><strong>nuncupatur.</strong></span> 
     </span>
    </p>
   </div>
   <div class='ocr_carea' id='block_1_92' title="bbox 636 5301 2140 5373">
    <p class='ocr_par' dir='ltr' id='par_1_92' title="bbox 636 5301 2140 5373">
     <span class='ocr_line' id='line_1_92' title="bbox 636 5301 2140 5373; baseline 0.003 -17"><span class='ocrx_word' id='word_1_682' title='bbox 636 5303 892 5357; x_wconf 88' lang='lat' dir='ltr'><strong>Dominus</strong></span> <span class='ocrx_word' id='word_1_683' title='bbox 922 5301 1079 5359; x_wconf 87' lang='lat' dir='ltr'><strong>Pater</strong></span> <span class='ocrx_word' id='word_1_684' title='bbox 1105 5304 1321 5371; x_wconf 91' lang='lat' dir='ltr'><strong>dicitur,</strong></span> <span class='ocrx_word' id='word_1_685' title='bbox 1372 5304 1629 5358; x_wconf 89' lang='lat' dir='ltr'><strong>Dominus</strong></span> <span class='ocrx_word' id='word_1_686' title='bbox 1660 5306 1846 5373; x_wconf 88' lang='lat' dir='ltr'><strong>Filius,</strong></span> <span class='ocrx_word' id='word_1_687' title='bbox 1885 5306 2140 5361; x_wconf 86' lang='lat' dir='ltr'><strong>Dominus</strong></span> 
     </span>
    </p>
   </div>
   <div class='ocr_carea' id='block_1_93' title="bbox 562 5396 2143 5468">
    <p class='ocr_par' dir='ltr' id='par_1_93' title="bbox 562 5396 2143 5468">
     <span class='ocr_line' id='line_1_93' title="bbox 562 5396 2143 5468; baseline 0.003 -19"><span class='ocrx_word' id='word_1_688' title='bbox 562 5396 790 5464; x_wconf 80' lang='lat' dir='ltr'><strong>Spiritus</strong></span> <span class='ocrx_word' id='word_1_689' title='bbox 815 5407 1052 5453; x_wconf 87' lang='lat' dir='ltr'><strong>sanctus.</strong></span> <span class='ocrx_word' id='word_1_690' title='bbox 1078 5397 1154 5451; x_wconf 86' lang='lat' dir='ltr'><strong>De</strong></span> <span class='ocrx_word' id='word_1_691' title='bbox 1186 5396 1338 5452; x_wconf 89' lang='lat' dir='ltr'><strong>Patre</strong></span> <span class='ocrx_word' id='word_1_692' title='bbox 1363 5396 1415 5451; x_wconf 93' lang='lat' dir='ltr'><strong>in</strong></span> <span class='ocrx_word' id='word_1_693' title='bbox 1446 5397 1713 5453; x_wconf 86' lang='lat' dir='ltr'><strong>Levitico:</strong></span> <span class='ocrx_word' id='word_1_694' title='bbox 1741 5398 1850 5468; x_wconf 80' lang='lat' dir='ltr'><strong>Ego</strong></span> <span class='ocrx_word' id='word_1_695' title='bbox 1880 5414 1997 5452; x_wconf 90' lang='lat' dir='ltr'><strong>sum</strong></span> <span class='ocrx_word' id='word_1_696' title='bbox 2028 5399 2143 5453; x_wconf 89' lang='lat' dir='ltr'><strong>Do-</strong></span> 
     </span>
    </p>
   </div>
   <div class='ocr_carea' id='block_1_94' title="bbox 565 5487 2139 5559">
    <p class='ocr_par' dir='ltr' id='par_1_94' title="bbox 565 5487 2139 5559">
     <span class='ocr_line' id='line_1_94' title="bbox 565 5487 2139 5559; baseline 0.004 -22"><span class='ocrx_word' id='word_1_697' title='bbox 565 5487 739 5540; x_wconf 90' lang='lat' dir='ltr'><strong>minus</strong></span> <span class='ocrx_word' id='word_1_698' title='bbox 769 5487 908 5541; x_wconf 86' lang='lat' dir='ltr'><strong>Deus</strong></span> <span class='ocrx_word' id='word_1_699' title='bbox 944 5495 1143 5553; x_wconf 88' lang='lat' dir='ltr'><strong>vester,</strong></span> <span class='ocrx_word' id='word_1_700' title='bbox 1172 5488 1261 5555; x_wconf 91' lang='lat' dir='ltr'><strong>qui</strong></span> <span class='ocrx_word' id='word_1_701' title='bbox 1283 5488 1503 5542; x_wconf 89' lang='lat' dir='ltr'><strong>liberavi</strong></span> <span class='ocrx_word' id='word_1_702' title='bbox 1534 5504 1630 5543; x_wconf 85' lang='lat' dir='ltr'><strong>vos</strong></span> <span class='ocrx_word' id='word_1_703' title='bbox 1658 5488 1726 5543; x_wconf 88' lang='lat' dir='ltr'><strong>de</strong></span> <span class='ocrx_word' id='word_1_704' title='bbox 1760 5498 1896 5542; x_wconf 81' lang='lat' dir='ltr'><strong>terra</strong></span> <span class='ocrx_word' id='word_1_705' title='bbox 1925 5488 2139 5559; x_wconf 61' lang='lat' dir='ltr'><strong>Egypti</strong></span> 
     </span>
    </p>
   </div>
   <div class='ocr_carea' id='block_1_95' title="bbox 565 5574 2135 5649">
    <p class='ocr_par' dir='ltr' id='par_1_95' title="bbox 565 5574 2135 5649">
     <span class='ocr_line' id='line_1_95' title="bbox 565 5574 2135 5649; baseline 0.006 -25"><span class='ocrx_word' id='word_1_706' title='bbox 565 5574 750 5641; x_wconf 73' lang='lat' dir='ltr'><strong>(Levii.</strong></span> <span class='ocrx_word' id='word_1_707' title='bbox 774 5594 880 5643; x_wconf 78' lang='lat' dir='ltr'><strong>xix,</strong></span> <span class='ocrx_word' id='word_1_708' title='bbox 912 5578 1023 5647; x_wconf 80' lang='grc'><strong>56).</strong></span> <span class='ocrx_word' id='word_1_709' title='bbox 1059 5579 1134 5632; x_wconf 81' lang='lat' dir='ltr'><strong>De</strong></span> <span class='ocrx_word' id='word_1_710' title='bbox 1167 5578 1297 5633; x_wconf 82' lang='lat' dir='ltr'><strong>Filio</strong></span> <span class='ocrx_word' id='word_1_711' title='bbox 1334 5580 1384 5633; x_wconf 92' lang='lat' dir='ltr'><strong>in</strong></span> <span class='ocrx_word' id='word_1_712' title='bbox 1417 5580 1621 5648; x_wconf 86' lang='lat' dir='ltr'><strong>psalmo</strong></span> <span class='ocrx_word' id='word_1_713' title='bbox 1663 5596 1760 5633; x_wconf 86' lang='lat' dir='ltr'><strong>xcv</strong></span> <span class='ocrx_word' id='word_1_714' title='bbox 1795 5579 1971 5649; x_wconf 70' lang='grc' dir='ltr'><strong>(νοτε.</strong></span> <span class='ocrx_word' id='word_1_715' title='bbox 2006 5580 2135 5646; x_wconf 78' lang='grc'><strong>10);</strong></span> 
     </span>
    </p>
   </div>
   <div class='ocr_carea' id='block_1_96' title="bbox 568 5665 2140 5741">
    <p class='ocr_par' dir='ltr' id='par_1_96' title="bbox 568 5665 2140 5741">
     <span class='ocr_line' id='line_1_96' title="bbox 568 5665 2140 5741; baseline 0.008 -25"><span class='ocrx_word' id='word_1_716' title='bbox 568 5665 733 5722; x_wconf 89' lang='lat' dir='ltr'><strong>Dicite</strong></span> <span class='ocrx_word' id='word_1_717' title='bbox 761 5669 811 5723; x_wconf 90' lang='lat' dir='ltr'><strong>in</strong></span> <span class='ocrx_word' id='word_1_718' title='bbox 839 5672 1161 5737; x_wconf 86' lang='lat' dir='ltr'><strong>nationibus,</strong></span> <span class='ocrx_word' id='word_1_719' title='bbox 1211 5672 1471 5727; x_wconf 89' lang='lat' dir='ltr'><strong>Dominus</strong></span> <span class='ocrx_word' id='word_1_720' title='bbox 1502 5675 1743 5741; x_wconf 79' lang='lat' dir='ltr'><strong>regnavit</strong></span> <span class='ocrx_word' id='word_1_721' title='bbox 1786 5688 1816 5725; x_wconf 92' lang='lat' dir='ltr'><strong>a</strong></span> <span class='ocrx_word' id='word_1_722' title='bbox 1861 5674 2025 5740; x_wconf 75' lang='lat' dir='ltr'><strong>ligno.</strong></span> <span class='ocrx_word' id='word_1_723' title='bbox 2067 5675 2140 5729; x_wconf 89' lang='lat' dir='ltr'><strong>De</strong></span> 
     </span>
    </p>
   </div>
   <div class='ocr_carea' id='block_1_97' title="bbox 568 5753 2139 5832">
    <p class='ocr_par' dir='ltr' id='par_1_97' title="bbox 568 5753 2139 5832">
     <span class='ocr_line' id='line_1_97' title="bbox 568 5753 2139 5832; baseline 0.009 -24"><span class='ocrx_word' id='word_1_724' title='bbox 568 5753 767 5825; x_wconf 76' lang='lat' dir='ltr'><strong>Spiritu</strong></span> <span class='ocrx_word' id='word_1_725' title='bbox 794 5769 977 5816; x_wconf 88' lang='lat' dir='ltr'><strong>sancto</strong></span> <span class='ocrx_word' id='word_1_726' title='bbox 1006 5761 1057 5816; x_wconf 91' lang='lat' dir='ltr'><strong>in</strong></span> <span class='ocrx_word' id='word_1_727' title='bbox 1092 5763 1346 5832; x_wconf 76' lang='lat' dir='ltr'><strong>Apostolo</strong></span> <span class='ocrx_word' id='word_1_728' title='bbox 1379 5779 1397 5816; x_wconf 82' lang='lat'><strong>:</strong></span> <span class='ocrx_word' id='word_1_729' title='bbox 1438 5763 1735 5823; x_wconf 82' lang='lat' dir='ltr'><strong>Divisioncs</strong></span> <span class='ocrx_word' id='word_1_730' title='bbox 1791 5764 2139 5822; x_wconf 85' lang='lat' dir='ltr'><strong>ministratio-</strong></span> 
     </span>
    </p>
   </div>
   <div class='ocr_carea' id='block_1_98' title="bbox 2249 4563 3807 4633">
    <p class='ocr_par' dir='ltr' id='par_1_98' title="bbox 2249 4563 3807 4633">
     <span class='ocr_line' id='line_1_98' title="bbox 2249 4563 3807 4633; baseline -0.003 -16"><span class='ocrx_word' id='word_1_731' title='bbox 2249 4578 2370 4633; x_wconf 92' lang='lat' dir='ltr'><strong>pra:</strong></span> <span class='ocrx_word' id='word_1_732' title='bbox 2406 4563 2552 4619; x_wconf 88' lang='lat' dir='ltr'><strong>Unus</strong></span> <span class='ocrx_word' id='word_1_733' title='bbox 2580 4565 2721 4617; x_wconf 87' lang='lat' dir='ltr'><strong>enim</strong></span> <span class='ocrx_word' id='word_1_734' title='bbox 2758 4563 3054 4617; x_wconf 83' lang='lat' dir='ltr'><strong>altissimus</strong></span> <span class='ocrx_word' id='word_1_735' title='bbox 3081 4572 3293 4617; x_wconf 83' lang='lat' dir='ltr'><strong>creator</strong></span> <span class='ocrx_word' id='word_1_736' title='bbox 3340 4563 3701 4630; x_wconf 83' lang='lat' dir='ltr'><strong>omnipotens,</strong></span> <span class='ocrx_word' id='word_1_737' title='bbox 3726 4576 3807 4613; x_wconf 78' lang='lat' dir='ltr'><strong>rex</strong></span> 
     </span>
    </p>
   </div>
   <div class='ocr_carea' id='block_1_99' title="bbox 2249 4651 3805 4722">
    <p class='ocr_par' dir='ltr' id='par_1_99' title="bbox 2249 4651 3805 4722">
     <span class='ocr_line' id='line_1_99' title="bbox 2249 4651 3805 4722; baseline -0.003 -15"><span class='ocrx_word' id='word_1_738' title='bbox 2249 4663 2435 4722; x_wconf 91' lang='lat' dir='ltr'><strong>potens</strong></span> <span class='ocrx_word' id='word_1_739' title='bbox 2461 4662 2515 4708; x_wconf 90' lang='lat' dir='ltr'><strong>et</strong></span> <span class='ocrx_word' id='word_1_740' title='bbox 2552 4653 2871 4708; x_wconf 89' lang='lat' dir='ltr'><strong>metuendus</strong></span> <span class='ocrx_word' id='word_1_741' title='bbox 2900 4652 3059 4707; x_wconf 91' lang='lat' dir='ltr'><strong>nimis</strong></span> <span class='ocrx_word' id='word_1_742' title='bbox 3091 4651 3281 4715; x_wconf 76' lang='lat' dir='ltr'><strong>(Ecdi.</strong></span> <span class='ocrx_word' id='word_1_743' title='bbox 3315 4670 3352 4719; x_wconf 88' lang='grc' dir='ltr'><strong>ι,</strong></span> <span class='ocrx_word' id='word_1_744' title='bbox 3381 4654 3459 4722; x_wconf 88' lang='lat'><strong>8).</strong></span> <span class='ocrx_word' id='word_1_745' title='bbox 3493 4653 3568 4707; x_wconf 89' lang='lat' dir='ltr'><strong>De</strong></span> <span class='ocrx_word' id='word_1_746' title='bbox 3614 4652 3805 4721; x_wconf 78' lang='lat' dir='ltr'><strong>Spiritu</strong></span> 
     </span>
    </p>
   </div>
   <div class='ocr_carea' id='block_1_100' title="bbox 2246 4741 3807 4821">
    <p class='ocr_par' dir='ltr' id='par_1_100' title="bbox 2246 4741 3807 4821">
     <span class='ocr_line' id='line_1_100' title="bbox 2246 4741 3807 4821; baseline -0.002 -25"><span class='ocrx_word' id='word_1_747' title='bbox 2246 4752 2431 4797; x_wconf 83' lang='lat' dir='ltr'><strong>sancto</strong></span> <span class='ocrx_word' id='word_1_748' title='bbox 2462 4742 2552 4797; x_wconf 91' lang='lat' dir='ltr'><strong>ubi</strong></span> <span class='ocrx_word' id='word_1_749' title='bbox 2576 4757 2770 4821; x_wconf 79' lang='lat' dir='ltr'><strong>supra:</strong></span> <span class='ocrx_word' id='word_1_750' title='bbox 2802 4742 2894 4797; x_wconf 86' lang='lat' dir='ltr'><strong>Est</strong></span> <span class='ocrx_word' id='word_1_751' title='bbox 2922 4742 3064 4798; x_wconf 87' lang='lat' dir='ltr'><strong>enim</strong></span> <span class='ocrx_word' id='word_1_752' title='bbox 3093 4741 3147 4797; x_wconf 93' lang='lat' dir='ltr'><strong>in</strong></span> <span class='ocrx_word' id='word_1_753' title='bbox 3202 4744 3463 4813; x_wconf 80' lang='lat' dir='ltr'><strong>sapientia</strong></span> <span class='ocrx_word' id='word_1_754' title='bbox 3489 4744 3708 4813; x_wconf 87' lang='lat' dir='ltr'><strong>spiritus</strong></span> <span class='ocrx_word' id='word_1_755' title='bbox 3734 4741 3807 4794; x_wconf 86' lang='lat' dir='ltr'><strong>in-</strong></span> 
     </span>
    </p>
   </div>
   <div class='ocr_carea' id='block_1_101' title="bbox 2250 4832 3807 4905">
    <p class='ocr_par' dir='ltr' id='par_1_101' title="bbox 2250 4832 3807 4905">
     <span class='ocr_line' id='line_1_101' title="bbox 2250 4832 3807 4905; baseline 0.001 -20"><span class='ocrx_word' id='word_1_756' title='bbox 2250 4833 2554 4901; x_wconf 77' lang='lat' dir='ltr'><strong>telligentia:</strong></span> <span class='ocrx_word' id='word_1_757' title='bbox 2606 4841 2847 4899; x_wconf 88' lang='lat' dir='ltr'><strong>sanctus,</strong></span> <span class='ocrx_word' id='word_1_758' title='bbox 2894 4832 3081 4889; x_wconf 89' lang='lat' dir='ltr'><strong>unicus</strong></span> <span class='ocrx_word' id='word_1_759' title='bbox 3110 4834 3268 4904; x_wconf 85' lang='lat' dir='ltr'><strong>(Sap.</strong></span> <span class='ocrx_word' id='word_1_760' title='bbox 3299 4834 3528 4905; x_wconf 58' lang='lat' dir='ltr'><strong>vnﬂi),</strong></span> <span class='ocrx_word' id='word_1_761' title='bbox 3578 4844 3635 4891; x_wconf 87' lang='lat' dir='ltr'><strong>et</strong></span> <span class='ocrx_word' id='word_1_762' title='bbox 3660 4832 3807 4895; x_wconf 76' lang='lat' dir='ltr'><strong>inira,</strong></span> 
     </span>
    </p>
   </div>
   <div class='ocr_carea' id='block_1_102' title="bbox 2249 4922 2999 4993">
    <p class='ocr_par' dir='ltr' id='par_1_102' title="bbox 2249 4922 2999 4993">
     <span class='ocr_line' id='line_1_102' title="bbox 2249 4922 2999 4993; baseline 0 -16"><span class='ocrx_word' id='word_1_763' title='bbox 2249 4924 2424 4978; x_wconf 88' lang='lat' dir='ltr'><strong>omnia</strong></span> <span class='ocrx_word' id='word_1_764' title='bbox 2453 4932 2639 4993; x_wconf 83' lang='lat' dir='ltr'><strong>potens</strong></span> <span class='ocrx_word' id='word_1_765' title='bbox 2666 4922 2853 4991; x_wconf 85' lang='lat' dir='ltr'><strong>(lbid.,</strong></span> <span class='ocrx_word' id='word_1_766' title='bbox 2881 4922 2999 4993; x_wconf 76' lang='grc'><strong>27).</strong></span> 
     </span>
    </p>
   </div>
   <div class='ocr_carea' id='block_1_103' title="bbox 2782 5035 3206 5091">
    <p class='ocr_par' dir='ltr' id='par_1_103' title="bbox 2782 5035 3206 5091">
     <span class='ocr_line' id='line_1_103' title="bbox 2782 5035 3206 5091; baseline -0.005 -2"><span class='ocrx_word' id='word_1_767' title='bbox 2782 5057 2797 5083; x_wconf 73' lang='lat'><em>2</em></span> <span class='ocrx_word' id='word_1_768' title='bbox 2859 5036 3087 5091; x_wconf 82' lang='lat' dir='ltr'><strong>CAPUT</strong></span> <span class='ocrx_word' id='word_1_769' title='bbox 3118 5035 3206 5089; x_wconf 84' lang='lat' dir='ltr'><strong>IV.</strong></span> 
     </span>
    </p>
   </div>
   <div class='ocr_carea' id='block_1_104' title="bbox 2560 5124 3491 5198">
    <p class='ocr_par' dir='ltr' id='par_1_104' title="bbox 2560 5124 3491 5198">
     <span class='ocr_line' id='line_1_104' title="bbox 2560 5124 3491 5198; baseline 0.002 -20"><span class='ocrx_word' id='word_1_770' title='bbox 2560 5124 2639 5180; x_wconf 81' lang='lat' dir='ltr'><strong>De</strong></span> <span class='ocrx_word' id='word_1_771' title='bbox 2661 5128 2917 5180; x_wconf 86' lang='lat' dir='ltr'><strong>communi</strong></span> <span class='ocrx_word' id='word_1_772' title='bbox 2956 5127 3180 5198; x_wconf 85' lang='lat' dir='ltr'><strong>potentia</strong></span> <span class='ocrx_word' id='word_1_773' title='bbox 3204 5126 3491 5180; x_wconf 82' lang='lat' dir='ltr'><strong>Trinitatis.</strong></span> 
     </span>
    </p>
   </div>
   <div class='ocr_carea' id='block_1_105' title="bbox 2318 5218 3807 5288">
    <p class='ocr_par' dir='ltr' id='par_1_105' title="bbox 2318 5218 3807 5288">
     <span class='ocr_line' id='line_1_105' title="bbox 2318 5218 3807 5288; baseline -0.001 -17"><span class='ocrx_word' id='word_1_774' title='bbox 2318 5218 2514 5272; x_wconf 87' lang='lat' dir='ltr'><strong>Potens</strong></span> <span class='ocrx_word' id='word_1_775' title='bbox 2542 5219 2716 5284; x_wconf 88' lang='lat' dir='ltr'><strong>Pater,</strong></span> <span class='ocrx_word' id='word_1_776' title='bbox 2741 5228 2929 5286; x_wconf 90' lang='lat' dir='ltr'><strong>potens</strong></span> <span class='ocrx_word' id='word_1_777' title='bbox 2942 5219 3123 5285; x_wconf 85' lang='lat' dir='ltr'><strong>Filius,</strong></span> <span class='ocrx_word' id='word_1_778' title='bbox 3142 5218 3807 5288; x_wconf 87' lang='lat' dir='ltr'><strong>potensSpiritussanctus.</strong></span> 
     </span>
    </p>
   </div>
   <div class='ocr_carea' id='block_1_106' title="bbox 2247 5306 3809 5363">
    <p class='ocr_par' dir='ltr' id='par_1_106' title="bbox 2247 5306 3809 5363">
     <span class='ocr_line' id='line_1_106' title="bbox 2247 5306 3809 5363; baseline -0.001 -2"><span class='ocrx_word' id='word_1_779' title='bbox 2247 5307 2324 5362; x_wconf 91' lang='lat' dir='ltr'><strong>De</strong></span> <span class='ocrx_word' id='word_1_780' title='bbox 2347 5308 2502 5361; x_wconf 84' lang='lat' dir='ltr'><strong>Patre</strong></span> <span class='ocrx_word' id='word_1_781' title='bbox 2513 5308 2577 5361; x_wconf 91' lang='lat' dir='ltr'><strong>ad</strong></span> <span class='ocrx_word' id='word_1_782' title='bbox 2590 5306 2919 5363; x_wconf 89' lang='lat' dir='ltr'><strong>Corinthios:</strong></span> <span class='ocrx_word' id='word_1_783' title='bbox 2942 5309 3133 5362; x_wconf 88' lang='lat' dir='ltr'><strong>Potens</strong></span> <span class='ocrx_word' id='word_1_784' title='bbox 3146 5317 3415 5363; x_wconf 85' lang='lat' dir='ltr'><strong>estautem</strong></span> <span class='ocrx_word' id='word_1_785' title='bbox 3436 5308 3577 5362; x_wconf 84' lang='lat' dir='ltr'><strong>Deus</strong></span> <span class='ocrx_word' id='word_1_786' title='bbox 3606 5322 3809 5363; x_wconf 81' lang='lat' dir='ltr'><strong>omnem</strong></span> 
     </span>
    </p>
   </div>
   <div class='ocr_carea' id='block_1_107' title="bbox 2249 5397 3811 5471">
    <p class='ocr_par' dir='ltr' id='par_1_107' title="bbox 2249 5397 3811 5471">
     <span class='ocr_line' id='line_1_107' title="bbox 2249 5397 3811 5471; baseline 0.003 -23"><span class='ocrx_word' id='word_1_787' title='bbox 2249 5397 2473 5466; x_wconf 81' lang='lat' dir='ltr'><strong>gratiam</strong></span> <span class='ocrx_word' id='word_1_788' title='bbox 2498 5398 2771 5452; x_wconf 85' lang='lat' dir='ltr'><strong>abundare</strong></span> <span class='ocrx_word' id='word_1_789' title='bbox 2820 5397 2993 5453; x_wconf 82' lang='lat' dir='ltr'><strong>facere</strong></span> <span class='ocrx_word' id='word_1_790' title='bbox 3018 5400 3067 5452; x_wconf 91' lang='lat' dir='ltr'><strong>iu</strong></span> <span class='ocrx_word' id='word_1_791' title='bbox 3090 5397 3328 5468; x_wconf 86' lang='lat' dir='ltr'><strong>vobis(ll</strong></span> <span class='ocrx_word' id='word_1_792' title='bbox 3349 5398 3468 5455; x_wconf 87' lang='lat' dir='ltr'><strong>Car.</strong></span> <span class='ocrx_word' id='word_1_793' title='bbox 3496 5416 3575 5463; x_wconf 79' lang='lat' dir='ltr'><strong>Ix,</strong></span> <span class='ocrx_word' id='word_1_794' title='bbox 3598 5401 3667 5471; x_wconf 88' lang='lat'><strong>8).</strong></span> <span class='ocrx_word' id='word_1_795' title='bbox 3687 5402 3811 5454; x_wconf 73' lang='lat' dir='ltr'><strong>Item</strong></span> 
     </span>
    </p>
   </div>
   <div class='ocr_carea' id='block_1_108' title="bbox 2250 5488 3810 5561">
    <p class='ocr_par' dir='ltr' id='par_1_108' title="bbox 2250 5488 3810 5561">
     <span class='ocr_line' id='line_1_108' title="bbox 2250 5488 3810 5561; baseline 0.001 -18"><span class='ocrx_word' id='word_1_796' title='bbox 2250 5489 2319 5543; x_wconf 88' lang='lat' dir='ltr'><strong>ibi</strong></span> <span class='ocrx_word' id='word_1_797' title='bbox 2348 5508 2358 5541; x_wconf 93' lang='lat'>:</span> <span class='ocrx_word' id='word_1_798' title='bbox 2387 5488 2453 5543; x_wconf 91' lang='lat' dir='ltr'><strong>Ut</strong></span> <span class='ocrx_word' id='word_1_799' title='bbox 2482 5489 2611 5543; x_wconf 83' lang='lat' dir='ltr'><strong>ﬁdes</strong></span> <span class='ocrx_word' id='word_1_800' title='bbox 2632 5499 2807 5543; x_wconf 62' lang='lat' dir='ltr'><strong>vostra</strong></span> <span class='ocrx_word' id='word_1_801' title='bbox 2828 5507 2932 5545; x_wconf 90' lang='lat' dir='ltr'><strong>non</strong></span> <span class='ocrx_word' id='word_1_802' title='bbox 2953 5492 3016 5545; x_wconf 92' lang='lat' dir='ltr'><strong>sit</strong></span> <span class='ocrx_word' id='word_1_803' title='bbox 3046 5492 3097 5545; x_wconf 93' lang='lat' dir='ltr'><strong>in</strong></span> <span class='ocrx_word' id='word_1_804' title='bbox 3125 5492 3385 5561; x_wconf 85' lang='lat' dir='ltr'><strong>sapientia</strong></span> <span class='ocrx_word' id='word_1_805' title='bbox 3406 5492 3695 5553; x_wconf 86' lang='lat' dir='ltr'><strong>hominum.</strong></span> <span class='ocrx_word' id='word_1_806' title='bbox 3722 5491 3810 5544; x_wconf 75' lang='lat' dir='ltr'><strong>Sed</strong></span> 
     </span>
    </p>
   </div>
   <div class='ocr_carea' id='block_1_109' title="bbox 2249 5581 3813 5657">
    <p class='ocr_par' dir='ltr' id='par_1_109' title="bbox 2249 5581 3813 5657">
     <span class='ocr_line' id='line_1_109' title="bbox 2249 5581 3813 5657; baseline 0 -20"><span class='ocrx_word' id='word_1_807' title='bbox 2249 5584 2302 5637; x_wconf 90' lang='lat' dir='ltr'><strong>in</strong></span> <span class='ocrx_word' id='word_1_808' title='bbox 2332 5583 2564 5648; x_wconf 86' lang='lat' dir='ltr'><strong>potentia</strong></span> <span class='ocrx_word' id='word_1_809' title='bbox 2589 5583 2682 5636; x_wconf 87' lang='lat' dir='ltr'><strong>Dei</strong></span> <span class='ocrx_word' id='word_1_810' title='bbox 2710 5581 2892 5653; x_wconf 87' lang='lat' dir='ltr'><strong>(ICor.</strong></span> <span class='ocrx_word' id='word_1_811' title='bbox 2924 5584 3072 5655; x_wconf 83' lang='grc' dir='ltr'>ιι,5).</span> <span class='ocrx_word' id='word_1_812' title='bbox 3100 5587 3169 5639; x_wconf 70' lang='lat' dir='ltr'><strong>De</strong></span> <span class='ocrx_word' id='word_1_813' title='bbox 3186 5586 3318 5641; x_wconf 80' lang='lat' dir='ltr'><strong>Filio</strong></span> <span class='ocrx_word' id='word_1_814' title='bbox 3348 5587 3436 5640; x_wconf 91' lang='lat' dir='ltr'><strong>ubi</strong></span> <span class='ocrx_word' id='word_1_815' title='bbox 3466 5588 3813 5657; x_wconf 83' lang='lat' dir='ltr'><strong>supra:C0n-</strong></span> 
     </span>
    </p>
   </div>
   <div class='ocr_carea' id='block_1_110' title="bbox 2247 5670 3815 5748">
    <p class='ocr_par' dir='ltr' id='par_1_110' title="bbox 2247 5670 3815 5748">
     <span class='ocr_line' id='line_1_110' title="bbox 2247 5670 3815 5748; baseline 0.001 -23"><span class='ocrx_word' id='word_1_816' title='bbox 2247 5674 2474 5743; x_wconf 76' lang='lat' dir='ltr'><strong>gregatis</strong></span> <span class='ocrx_word' id='word_1_817' title='bbox 2500 5674 2669 5740; x_wconf 91' lang='lat' dir='ltr'><strong>vobis,</strong></span> <span class='ocrx_word' id='word_1_818' title='bbox 2698 5683 2751 5727; x_wconf 94' lang='lat' dir='ltr'><strong>ct</strong></span> <span class='ocrx_word' id='word_1_819' title='bbox 2773 5690 2892 5729; x_wconf 89' lang='lat' dir='ltr'><strong>meo</strong></span> <span class='ocrx_word' id='word_1_820' title='bbox 2922 5678 3106 5743; x_wconf 86' lang='lat' dir='ltr'><strong>spiritu</strong></span> <span class='ocrx_word' id='word_1_821' title='bbox 3136 5694 3254 5731; x_wconf 89' lang='lat' dir='ltr'><strong>cum</strong></span> <span class='ocrx_word' id='word_1_822' title='bbox 3299 5670 3679 5748; x_wconf 76' lang='lat' dir='ltr'><strong>omnipotentis</strong></span> <span class='ocrx_word' id='word_1_823' title='bbox 3712 5678 3815 5733; x_wconf 82' lang='lat' dir='ltr'><strong>Du-</strong></span> 
     </span>
    </p>
   </div>
   <div class='ocr_carea' id='block_1_111' title="bbox 2248 5764 3809 5838">
    <p class='ocr_par' dir='ltr' id='par_1_111' title="bbox 2248 5764 3809 5838">
     <span class='ocr_line' id='line_1_111' title="bbox 2248 5764 3809 5838; baseline 0.001 -17"><span class='ocrx_word' id='word_1_824' title='bbox 2248 5765 2375 5821; x_wconf 89' lang='lat' dir='ltr'><strong>mini</strong></span> <span class='ocrx_word' id='word_1_825' title='bbox 2406 5764 2914 5822; x_wconf 83' lang='lat' dir='ltr'><strong>nostriJesuChristi</strong></span> <span class='ocrx_word' id='word_1_826' title='bbox 2938 5765 2989 5837; x_wconf 91' lang='grc'><strong>(1</strong></span> <span class='ocrx_word' id='word_1_827' title='bbox 3003 5767 3184 5835; x_wconf 66' lang='lat' dir='ltr'><strong>Conv,</strong></span> <span class='ocrx_word' id='word_1_828' title='bbox 3213 5768 3288 5838; x_wconf 70' lang='grc' dir='ltr'>ιι).</span> <span class='ocrx_word' id='word_1_829' title='bbox 3307 5770 3435 5828; x_wconf 85' lang='lat' dir='ltr'><strong>Item</strong></span> <span class='ocrx_word' id='word_1_830' title='bbox 3470 5770 3523 5825; x_wconf 87' lang='lat' dir='ltr'><strong>in</strong></span> <span class='ocrx_word' id='word_1_831' title='bbox 3554 5768 3809 5826; x_wconf 78' lang='lat' dir='ltr'><strong>secunda:</strong></span> 
     </span>
    </p>
   </div>
  </div>
