3978 6380
148 333 259 387 Ηὸ

1274 329 1533 387 CONTRA
1578 329 1986 391 VARIMADUM
2025 331 2152 388 LIB.
2196 330 2281 386 III.

3291 338 3396 393 ιιι

147 446 231 498 Διι
258 420 686 510 experimentum
726 440 963 511 quaeritis
992 438 1109 509 ejus
1132 439 1222 508 qui
1278 440 1330 494 in
1360 456 1445 496 me
1495 442 1727 513 loquitur
1754 445 1805 504 Α
1833 446 2085 513 operibus
2111 446 2222 500 suis
2249 442 2402 513 (lsai.
2436 458 2620 509 xxxut,
2650 442 2766 512 22).
2798 442 2865 497 Et
2902 442 2954 496 in
2981 443 3224 511 psalmo:
3256 446 3400 505 Deus

148 532 430 587 Christus?
450 532 537 599 qui
566 532 619 585 in
646 532 796 586 vobis
829 546 930 585 non
954 530 1271 595 infirmatur,
1290 532 1382 587 sed
1410 541 1597 601 potens
1644 540 1728 585 est

149 622 241 694 (II
273 623 395 676 Cor.
430 638 544 686 χιιι,
571 624 650 691 5).
675 622 749 676 De
771 623 974 689 Spiritu
1011 631 1197 675 sancto
1225 622 1312 674 ubi
1367 638 1563 684 supra:
1610 622 1726 675 Non

151 716 297 767 enim
321 712 491 766 audeo
515 712 711 780 aliquid
737 712 921 765 horum
952 711 1119 780 loqui,
1151 726 1269 780 qua:
1298 728 1403 765 non
1445 712 1727 781 perfecerit

151 803 392 871 Spiritus
425 816 516 869 per
554 814 637 856 me
668 802 718 854 in
748 802 1105 856 obedientiam
1155 804 1411 871 gentium,
1471 803 1630 855 verbo
1675 812 1729 856 et

154 894 335 956 factis,
361 894 414 944 in
447 901 706 959 potestate
728 892 999 961 signorum
1031 902 1082 946 et
1143 891 1521 960 prodigiorum,
1556 893 1605 945 in
1634 907 1729 961 po-

154 982 319 1036 tentia
352 982 580 1050 Spiritus
605 981 777 1049 (Rom.
802 998 885 1047 xv,
920 984 1028 1051 I8).
1058 981 1123 1035 Et
1149 983 1367 1035 iterum:
1402 983 1727 1038 Deusautem

154 1074 267 1141 spei
296 1074 503 1141 repleat
534 1088 629 1125 vos
658 1072 798 1126 omni
822 1073 1014 1142 gaudio
1034 1082 1086 1126 et
1113 1087 1241 1140 pace
1272 1073 1326 1127 in
1354 1074 1641 1136 credendo.
1674 1081 1731 1128 ut

152 1163 445 1218 abundetis
471 1178 566 1232 spe
592 1172 647 1218 et
673 1164 905 1234 potentia
949 1163 1179 1232 Spiritus
1207 1166 1376 1220 sancti
1407 1164 1592 1237 (Ibid.,
1621 1166 1726 1234 15).

778 1254 1007 1311 CAPUT
1048 1255 1112 1308 V.

486 1344 565 1402 De
592 1348 843 1400 communi
865 1349 1180 1414 paternitatis
1208 1347 1468 1401 vocabulo.

221 1436 393 1491 Pater
417 1436 579 1501 Deus,
621 1437 778 1491 Pater
829 1437 1012 1501 Filius,
1040 1436 1198 1492 Pater
1241 1438 1471 1506 Spiritus
1492 1446 1728 1491 sanctus.

156 1528 232 1582 De
256 1528 420 1582 Patre
450 1529 765 1597 Apostolus:
794 1527 943 1583 Unus
976 1528 1114 1583 Deus
1137 1529 1311 1593 Pater,
1343 1544 1407 1583 ex
1431 1545 1535 1597 quo
1556 1529 1730 1581 omnia

155 1615 208 1685 (1
223 1616 353 1671 Cor.
369 1632 481 1681 vtu,
503 1618 580 1685 6).
601 1617 900 1671 Etiterum:
936 1618 1074 1671 Deus
1097 1630 1147 1672 et
1166 1619 1317 1672 Pater
1332 1618 1539 1672 Domini
1566 1618 1734 1672 nostri

155 1707 289 1761 Jesu
317 1707 517 1761 Christi
535 1708 763 1777 scit,qni
787 1708 1193 1762 csthenedictus
1220 1709 1271 1760 in
1294 1706 1585 1777 smculaUl
1611 1707 1730 1761 Cor.

1828 544 2004 589 autem
2031 552 2121 591 rex
2148 546 2329 589 noster
2356 546 2478 590 ante
2508 536 2697 590 saecula
2715 546 2965 603 operatus
2988 545 3073 591 est
3098 538 3320 593 salutem
3344 540 3398 594 in

1828 626 2007 681 medio
2038 637 2191 680 terra:
2222 625 2388 691 (Ρωι.
2417 639 2597 690 Lxxtu,
2617 626 3022 694 I2).DeFilioin
3050 628 3399 696 Apocalypsi:

1828 714 1894 768 Et
1924 716 2187 769 exercitus
2211 716 2442 769 ccclesiis
2482 716 2803 783 sequebatur
2822 732 2942 770 eum
2982 717 3035 771 in
3062 718 3213 784 equis
3240 718 3399 783 albis,

1834 805 2002 858 induti
2041 805 2312 874 byssiuum
2345 806 2597 857 mundum
2625 806 2812 873 (Apoc.
2843 821 2952 871 xu,
2984 804 3095 873 IL).
3124 806 3189 859 Et
3216 806 3348 859 infra
3381 822 3395 856 :

1833 896 1890 949 Et
1926 895 2081 948 habet
2115 897 2164 947 in
2193 896 2511 950 vestimento
2538 907 2587 950 et
2614 898 2666 949 in
2691 895 2894 951 femore
2914 910 3011 949 suo
3046 912 3239 951 nomen
3266 896 3400 951 scri-

1831 998 2004 1053 ptum:
2038 986 2149 1040 Rex
2175 985 2398 1052 Regum,
2430 997 2483 1039 et
2514 986 2768 1042 Dominus
2792 987 3178 1041 dominantium
3208 985 3397 1055 (Ibid,

1834 1079 1940 1140 16).
1970 1079 2041 1132 De
2068 1078 2264 1147 Spiritu
2293 1089 2475 1131 sancto
2502 1079 2552 1132 in
2572 1078 2702 1132 Isaia
2728 1097 2742 1133 :
2767 1080 2883 1133 Vidi
2910 1080 3191 1133 Dominum
3220 1094 3399 1148 regem

1833 1168 2063 1223 Sabaoth
2092 1168 2257 1221 oculis
2284 1166 2416 1220 meis
2440 1166 2594 1237 (lsai.
2628 1183 2701 1230 vt,
2734 1167 2815 1235 5).
2873 1169 2936 1221 Et
2977 1168 3153 1221 audivi
3212 1183 3398 1223 vocem

1833 1257 2097 1310 dicentem
2131 1257 2290 1308 mihi:
2326 1256 2490 1322 Quum
2507 1256 2734 1319 mittam,
2765 1267 2819 1312 et
2863 1258 2981 1325 quis
3012 1258 3107 1313 ibit
3136 1258 3202 1313 ad
3236 1273 3402 1328 popu-

1836 1348 1943 1402 lum
1968 1346 2152 1401 istum?
2186 1346 2249 1399 Et
2275 1346 2419 1399 dixi:
2445 1346 2580 1400 Ecce
2605 1360 2705 1413 ego
2733 1347 3043 1412 sum,mitte
3070 1363 3175 1403 me.
3193 1348 3256 1401 Et
3270 1349 3405 1402 dixit

1835 1437 1899 1490 ad
1933 1451 2051 1489 me:
2081 1435 2243 1501 Vade,
2272 1445 2324 1489 et
2345 1436 2431 1490 die
2461 1435 3209 1503 populoltuie:Aureaudietis
3229 1447 3403 1493 etnon

1835 1526 2161 1594 intelligetis,
2212 1533 2267 1577 et
2296 1524 2538 1578 videntes
2583 1524 2849 1589 videbitis,
2894 1532 2949 1578 et
2994 1540 3098 1578 non
3158 1522 3405 1581 videbitis

1835 1615 2019 1682 (lbid.,
2053 1616 2132 1681 8).
2161 1614 2224 1669 Ut
2249 1614 2503 1682 Spiritum
2530 1623 2769 1669 sanctum
2795 1613 2958 1669 fuisse
2982 1614 3249 1677 advertas,
3269 1616 3405 1671 Pau-

1846 1708 1951 1760 lum
1982 1707 2334 1761 audiludmos
2362 1707 2413 1758 in
2444 1706 2661 1759 Actibus
2689 1706 3092 1773 increpantem:
3126 1706 3287 1771 Bene,
3318 1706 3402 1761 in.

155 1811 213 1860 ιι,
247 1796 367 1866 51).
394 1797 466 1851 De
488 1796 619 1849 Fiiiu
642 1797 692 1850 in
723 1798 926 1851 cantico
958 1795 1403 1851 Deuteronontio:
1430 1795 1616 1850 Nonne
1646 1797 1729 1850 hie
1762 1801 1804 1859 Β
1831 1799 1967 1867 quit,
1999 1797 2226 1864 Spiritus
2253 1804 2465 1850 sanctus
2484 1796 2688 1849 locutus
2715 1803 2797 1849 est
2840 1794 2906 1849 ad
2938 1803 3117 1863 patres
3144 1804 3354 1849 vestros
3379 1814 3394 1851 :

152 1885 321 1957 45],
356 1898 502 1956 pater
524 1895 644 1941 tuus
681 1888 916 1954 possedit
945 1896 1016 1951 te,
1049 1899 1101 1941 et
1132 1886 1276 1952 fecit,
1307 1897 1358 1942 et
1385 1886 1660 1942 constituit
1688 1896 1738 1943 te

155 1973 344 2042 (Deut.
372 1991 557 2041 xxxvr,
583 1975 663 2041 t3)?
688 1976 753 2029 Et
776 1978 823 2029 ls
842 1977 970 2030 tias:
1004 1976 1141 2030 Puer
1170 1987 1324 2031 natus
1371 1987 1451 2031 cst
1478 1978 1654 2042 nobis,
1678 1978 1738 2031 ﬁ-

155 2067 259 2121 lius
282 2069 443 2121 datus
464 2077 547 2121 est
575 2068 741 2121 nobis
761 2066 886 2121 Isai.
917 2085 987 2134 tx,
1008 2069 1084 2138 6).
1108 2070 1172 2122 Ει
1194 2068 1358 2123 infra:
1396 2069 1533 2123 Deus
1564 2070 1733 2134 fortis,

156 2169 313 2228 pater
337 2159 495 2213 futuri
524 2160 724 2224 saaculi,
756 2159 999 2229 princeps
1025 2160 1188 2229 pacis.
1219 2162 1293 2215 De
1323 2160 1521 2229 Spiritu
1552 2170 1737 2216 sancto

152 2251 221 2304 ad
258 2251 543 2305 Hebraeus:
574 2251 826 2305 Ilumincs
853 2252 1063 2317 quidem
1088 2263 1283 2325 nostra;
1310 2252 1487 2305 carnis
1508 2251 1738 2305 habeba-

154 2358 282 2396 mus
314 2352 670 2410 correptores,
698 2351 749 2396 et
772 2344 1087 2397 verebamur
1113 2344 1163 2396 in
1187 2346 1290 2406 eis,
1336 2350 1537 2411 quanto
1564 2344 1736 2410 magis

150 2432 510 2499 subjiciemur
542 2431 683 2485 Patri
714 2432 962 2498 spiritus,
1003 2442 1056 2484 et
1085 2432 1398 2485 obediemus
1428 2432 1474 2483 ei
1504 2438 1559 2483 ut
1596 2432 1740 2484 viva-

152 2521 320 2574 mus?
355 2520 429 2573 Illi
461 2519 673 2589 quidem
705 2522 886 2589 paucis
930 2520 1116 2575 diebus
1158 2535 1253 2589 pro
1300 2520 1573 2574 voluntate
1620 2535 1737 2583 sua,

150 2612 458 2680 sicutipsis
496 2612 796 2675 videbatur,
851 2612 1180 2680 disciplinam
1228 2610 1464 2664 dabant:
1522 2611 1740 2679 spiritus

152 2711 338 2753 autem
362 2702 426 2754 ad
456 2702 733 2755 utilitatem
761 2700 1119 2768 accipiendam
1153 2700 1592 2753 sanetilicationis
1624 2714 1736 2753 suae

156 2791 348 2861 (Hebr.
372 2806 464 2859 xu,
489 2790 564 2862 9).
765 2858 992 2914 CAPUT
1046 2857 1132 2910 Ἢ.

402 2969 500 3024 Ubi
520 2978 727 3024 sanctus
749 2970 912 3023 omnis
940 2968 1161 3022 Trinitas
1191 2968 1497 3037 appellatur.

230 3082 463 3137 Sanctus
506 3082 693 3145 Pater,
734 3090 951 3135 sanctus
1001 3080 1186 3145 Filius,
1246 3088 1463 3133 sanctus
1505 3077 1735 3147 Spiritus

158 3165 399 3230 sanctus.
427 3173 499 3228 De
526 3173 680 3227 Patre
707 3172 757 3226 in
785 3171 983 3224 Esdra:
1018 3170 1278 3237 Quoniam
1320 3176 1535 3233 sanctus
1590 3167 1731 3222 Detts
1758 3151 1807 3216 C

156 3277 243 3321 est
269 3266 487 3320 veritas.
520 3265 653 3318 Etin
674 3264 943 3318 Levitico:
977 3263 1158 3317 Sancti
1180 3271 1375 3329 estote,
1406 3262 1655 3330 quoniam
1682 3272 1738 3317 et

158 3369 259 3423 ego
286 3362 501 3408 sanctus
525 3368 641 3408 sum
674 3352 929 3407 Dominus
953 3351 1093 3406 Deus
1117 3360 1294 3405 vester
1320 3349 1504 3419 (ιευὶι.
1526 3366 1600 3414 xt,
1619 3350 1734 3417 44).

159 3443 240 3497 De
272 3443 411 3497 Filio
440 3443 492 3496 in
520 3440 839 3509 Evangelio:
869 3440 991 3495 Scio
1013 3447 1064 3494 te
1092 3438 1277 3506 quisis
1324 3448 1377 3490 tu
1404 3448 1621 3492 sanctus
1648 3438 1739 3491 Dei

160 3530 355 3599 (Marc.
387 3530 553 3599 1,24).
586 3530 828 3584 ltcmibi:
859 3527 1008 3594 Quod
1041 3536 1362 3581 nasceturex
1393 3534 1445 3580 te
1474 3535 1736 3591 sanctum,

160 3622 441 3676 vocabitur
472 3621 635 3675 Filius
666 3619 757 3673 Dei
788 3618 937 3689 (Luc.
964 3632 1001 3682 ι,
1030 3617 1146 3685 55).
1178 3615 1254 3670 De
1302 3615 1503 3684 Spiritu
1556 3629 1663 3667 san-
1690 3623 1740 3668 to

161 3714 215 3766 in
246 3712 531 3766 Salomone
556 3728 571 3766 :
601 3714 825 3765 Sanctus
844 3709 984 3765 enim
1016 3707 1247 3775 Spiritus
1287 3706 1581 3774 disciplina:
1602 3704 1738 3759 ell‘u-

160 3803 275 3872 giet
301 3803 497 3867 lit-tum,
530 3811 582 3855 et
610 3803 811 3856 auferet
852 3814 963 3854 sea
990 3795 1400 3868 cogitationibus
1441 3811 1558 3865 quae
1614 3803 1739 3849 sunt

160 3894 285 3947 sine
317 3892 585 3947 intellectu
612 3891 765 3962 (Sap.
797 3907 836 3953 ι.
865 3891 944 3958 5).

765 3999 991 4055 CAPUT
1032 3999 1139 4053 VII.

451 4093 529 4146 De
551 4094 804 4146 communi
831 4093 1117 4161 principatu
1149 4091 1437 4145 Trinitatis.

155 4205 161 4209 ’
240 4202 496 4272 Princeps
520 4204 693 4270 Pater,
718 4204 967 4273 princeps
1018 4203 1207 4267 Filius,
1239 4203 1487 4272 princeps
1515 4199 1746 4271 Spiritus

165 4303 408 4346 sanctus.
437 4292 513 4347 De
542 4292 695 4348 Patre
721 4294 773 4347 in
800 4292 1045 4347 Iudicum
1072 4307 1084 4344 :
1116 4291 1260 4345 Dixit
1284 4290 1349 4346 ad
1378 4306 1472 4346 eos
1497 4289 1743 4346 Gedeon:

167 4383 283 4437 Non
333 4382 674 4451 principabor
704 4397 802 4450 ego
835 4383 1017 4449 vestri,
1067 4396 1238 4450 neque
1266 4380 1401 4435 lilius
1431 4395 1601 4439 meus.
1652 4379 1743 4432 sed

168 4470 313 4525 Deus
343 4471 594 4540 princeps
626 4473 775 4526 estin
798 4472 950 4526 vobis
978 4470 1173 4542 (Judic.
1200 4485 1311 4537 vnt,
1342 4471 1457 4539 25).
1483 4470 1619 4523 Elin
1640 4468 1746 4523 Nu-

1841 1890 1982 1941 Aure
2003 1888 2250 1951 audietis,
2279 1896 2331 1941 et
2368 1901 2473 1939 non
2503 1886 2828 1956 intelligetis,
2858 1893 2912 1941 et
2938 1886 3180 1942 videntes
3205 1885 3406 1942 videbi—

1841 1984 1927 2050 tis,
1960 1990 2016 2037 et
2032 1998 2137 2036 non
2167 1980 2413 2036 videbitis
2439 1982 2577 2048 (Act.
2609 1996 2794 2044 xxvut,
2822 1980 2936 2050 '26).

2440 2069 2663 2125 CAPUT
2714 2070 2801 2124 IX.

1914 2160 2012 2215 Ubi
2034 2162 2195 2214 omnis
2225 2160 2448 2214 Trinitas
2474 2161 2676 2213 Iudicis
2715 2160 2955 2214 vocabuio
2992 2170 3334 2230 nuncupatur.

1908 2250 2072 2304 .Iudex
2102 2259 2273 2319 pater,
2301 2250 2459 2318 judex
2494 2250 2677 2311 Filius,
2702 2250 2863 2318 judex
2896 2248 3128 2316 Spiritus
3167 2260 3404 2306 sanctus.

1842 2341 1916 2395 De
1948 2341 2099 2393 Putre
2123 2342 2175 2392 in
2205 2342 2407 2408 psalmo
2436 2356 2552 2393 χιιι
2587 2337 2762 2409 (Vera.
2796 2340 2883 2407 6):
2920 2340 2983 2393 Et
3017 2338 3406 2395 aniumtiabunt

1840 2431 1960 2486 coeli
1988 2430 2243 2499 justitiam
2267 2431 2401 2497 ejus,
2445 2430 2690 2496 quoniam
2740 2429 3063 2497 Deusjudex
3106 2439 3206 2483 est.
3259 2431 3325 2484 Et
3353 2431 3406 2484 in

1841 2514 2068 2589 Septimo
2091 2520 2264 2590 (Vers.
2295 2520 2409 2589 l2):
2444 2520 2581 2572 Dt'IIS
2608 2520 2767 2588 judex
2791 2520 2985 2586 justus,
3014 2519 3165 2572 fortis
3201 2528 3256 2573 et
3302 2534 3400 2586 pa-

1843 2613 2001 2666 tiens.
2036 2611 2108 2664 De
2137 2609 2271 2663 Filio
2302 2610 2353 2663 in
2403 2608 2716 2663 Canonicis:
2762 2610 2897 2664 Ecce
2924 2608 3064 2662 enim
3088 2608 3250 2677 judex
3275 2616 3398 2667 ante

1837 2703 2053 2772 januam
2083 2703 2281 2757 assistit
2332 2700 2469 2769 (Jac.
2500 2717 2553 2768 v,
2582 2701 2661 2770 9).
2712 2701 2786 2755 De
2836 2700 3034 2769 Spiritu
3091 2709 3304 2753 sancto:
3342 2700 3408 2753 Et

1841 2808 1981 2847 nunc
2022 2792 2342 2847 revelabitur
2389 2791 2549 2845 homo
2596 2790 2829 2860 peccati,
2883 2791 3022 2845 ﬁlius
3068 2788 3405 2857 perditionis,

1839 2897 1994 2952 quem
2019 2883 2299 2936 interficiet
2337 2882 2595 2936 Dominus
2620 2882 2805 2949 Spirilll
2828 2880 2936 2934 oris
2983 2882 3060 2934 sui
3090 2881 3107 2949 (
3134 2876 3194 2931 II
3230 2878 3405 2931 Thess.

1841 2990 1899 3041 ιι,
1930 2974 1986 3039 5,
2010 2972 2084 3042 8).
2120 2973 2183 3027 Et
2204 2972 2254 3026 in
2282 2972 2437 3026 Isaia:
2473 2970 2611 3026 Ecce
2658 2984 2757 3039 ego
2785 2970 2837 3024 in
2891 2970 3078 3038 spiritu
3108 2982 3226 3023 meo
3269 2966 3405 3021 facio

1834 3066 2114 3135 judicium,
2138 3064 2264 3118 dicit
2288 3062 2545 3117 Dominus
2573 3061 2733 3115 Deus.

2451 3171 2676 3227 CAPUT
2715 3170 2779 3224 Χ.

2264 3264 2338 3319 De
2376 3266 2628 3319 communi
2657 3265 2981 3333 perfectione.

1909 3355 2074 3428 £53
2092 3356 2368 3411 Perfectus
2390 3357 2571 3421 Pater,
2630 3354 2897 3424 perlectus
2928 3352 3111 3419 Filius,
3139 3351 3407 3422 perfectus

1837 3447 2069 3515 Spiritus
2086 3456 2319 3501 sanctus.
2354 3446 2429 3500 De
2461 3445 2616 3499 Patre
2637 3446 2689 3498 in
2726 3444 3043 3512 Evangello:
3075 3444 3257 3497 Estote
3279 3457 3409 3511 ergo

1842 3537 2100 3609 perfecti,
2150 3538 2286 3590 sicut
2329 3536 2483 3589 Pater
2509 3542 2686 3588 vester
2728 3533 2963 3587 caelestis
3009 3532 3274 3601 perfectus
3326 3538 3411 3585 est

1840 3629 2051 3699 (Matth.
2076 3643 2128 3691 v,
2157 3626 2272 3694 48).
2301 3627 2372 3679 De
2393 3625 2529 3679 Filio
2573 3624 2639 3677 ad
2680 3623 2932 3678 Hebrteos
2956 3638 2970 3675 :
3023 3622 3097 3677 Ex
3126 3620 3210 3675 bis
3264 3621 3409 3676 enim

1840 3735 1959 3790 qua:
1991 3732 2177 3787 passus
2198 3726 2279 3771 est
2308 3717 2493 3771 didicit
2519 3714 2772 3769 obediens
2803 3713 2941 3779 fieri,
2972 3713 3060 3782 qui
3080 3713 3241 3767 etiam
3289 3725 3409 3779 per-

1842 3812 2009 3864 fectus
2040 3806 2209 3861 fictus
2235 3815 2320 3862 est
2347 3806 2594 3860 omnibus
2612 3804 2980 3860 obedientibus
3005 3803 3105 3857 sibi
3138 3801 3321 3871 (Hebr.
3350 3815 3411 3868 v,

1843 3902 1915 3969 8).
1942 3900 2018 3953 De
2046 3898 2245 3967 Spiritu
2276 3906 2459 3952 sancto
2484 3897 2569 3951 ubi
2600 3910 2758 3965 supra
2803 3911 2816 3948 :
2875 3892 2979 3950 Sed
3019 3891 3315 3946 accessistis
3344 3890 3411 3944 ad

1842 4003 2077 4046 montem
2118 3992 2269 4053 Sion,
2316 3999 2371 4043 et
2409 3989 2475 4042 ad
2526 3988 2798 4042 civitatem
2838 3984 3065 4039 viventis
3122 3980 3414 4036 Ierusalem

1842 4082 2030 4153 (Hebr.
2057 4096 2155 4141 xu,
2183 4079 2301 4145 22).
2334 4079 2397 4132 Et
2444 4076 2620 4130 infra:
2658 4077 2721 4129 Et
2763 4076 2829 4128 ad
2860 4074 3102 4142 spiritum
3145 4072 3413 4141 justorttm

1847 4174 2201 4244 perfecturum
2233 4169 2548 4241 (Ibid.,2.‘5).

2449 4274 2673 4331 CAPUT
2712 4274 2801 4328 XI.

2336 4366 2411 4419 De
2437 4366 2687 4420 communi
2709 4364 2933 4417 veritate.

1920 4459 2090 4512 Verus
2119 4459 2296 4524 Pater,
2318 4473 2478 4513 verus
2504 4457 2690 4521 Filius,
2716 4470 2871 4509 verus
2909 4454 3138 4525 Spiritus
3176 4463 3414 4509 sanctus.

168 4533 371 4614 meris:
401 4560 515 4613 Non
533 4533 633 4615 erit
652 4560 802 4614 labor
828 4533 1079 4623 inJac'ob,
1098 4574 1269 4626 neque
1293 4533 1565 4613 videbitur
1594 4559 1743 4612 labor
1775 4533 1822 4590 D
1850 4551 1924 4606 De
1947 4549 2100 4605 Patre
2124 4553 2174 4604 in
2205 4552 2518 4606 Salomone:
2557 4550 2697 4604 Deus
2741 4558 2924 4602 noster
2971 4548 3146 4601 suavis
3176 4556 3230 4601 et
3262 4562 3416 4601 verus

170 4650 219 4702 in
238 4650 424 4713 Israel,
454 4652 698 4719 quoniam
716 4651 968 4704 Dominus
992 4651 1129 4704 Deus
1152 4653 1267 4716 ejus
1292 4664 1411 4704 cum
1440 4663 1525 4713 eo,
1545 4657 1596 4701 ct
1627 4649 1741 4708 ipse

171 4743 459 4807 praeclarus
506 4743 894 4813 princepscum
940 4741 1256 4812 ipso(Num.
1293 4756 1453 4805 xxtu,
1498 4741 1614 4808 21).
1666 4740 1740 4794 De

174 4830 305 4887 Filio
334 4834 383 4885 in
419 4832 648 4899 Epistula
678 4831 866 4887 Petrus
919 4831 1191 4899 apostolus
1224 4846 1239 4884 :
1272 4830 1480 4884 Pascite
1524 4843 1739 4897 gregem

174 4920 283 4989 Dei,
316 4923 406 4991 qui
437 4930 519 4975 est
546 4922 597 4974 in
628 4920 801 4988 vobis,
836 4935 940 4974 non
968 4920 1115 4988 quasi
1136 4920 1330 4982 coacti,
1364 4920 1457 4973 sed
1499 4918 1742 4973 volunta-

174 5014 253 5069 rie
281 5028 349 5068 ex
372 5012 572 5077 animo,
606 5020 663 5066 ut
683 5026 802 5065 cum
832 5010 1135 5079 apparuerit
1173 5009 1419 5077 princeps
1468 5019 1738 5077 pastorum

176 5105 446 5173 accipiatis
474 5102 967 5159 immarcessibilem
986 5115 1240 5156 coronam
1270 5100 1320 5167 (I
1352 5100 1490 5153 Petr.
1507 5116 1557 5163 v,
1582 5100 1635 5162 2,
1659 5097 1737 5166 5).

176 5194 464 5262 DeSpiritu
491 5203 704 5259 saneto,
746 5193 949 5261 psalmo
977 5208 1006 5246 ι.
1027 5191 1202 5262 (Vers.
1234 5190 1325 5259 14)
1356 5209 1368 5243 :
1396 5190 1576 5245 Redde
1611 5191 1740 5244 mihi

177 5282 407 5339 lmtitiam
434 5283 683 5337 salutaris
713 5284 822 5347 tui,
853 5292 905 5337 et
949 5281 1150 5350 Spiritu
1179 5280 1456 5350 principali
1487 5280 1740 5336 conlirma

177 5385 279 5427 me.

755 5438 979 5497 CAPUT
1019 5442 1153 5495 VIII.

276 5552 430 5622 Quod
458 5552 589 5623 regis
609 5552 852 5607 vocabulo
878 5553 1039 5606 omnis
1069 5552 1291 5605 Trinitas
1318 5551 1627 5620 appellatur.

244 5668 403 5739 452
440 5669 548 5721 ltex
574 5666 751 5725 Pater,
774 5679 868 5717 rex
902 5662 1087 5729 Filius,
1119 5679 1209 5718 rex
1240 5664 1470 5729 Spiritus
1500 5672 1736 5716 sanctus.

188 5756 251 5811 De
284 5759 435 5812 Patre
461 5760 508 5811 in
544 5757 695 5824 Isaia,
728 5754 983 5810 Dominus
1015 5769 1111 5809 rex
1163 5770 1404 5825 magnus,
1432 5762 1489 5809 et
1515 5753 1659 5810 dives
1687 5753 1743 5810 iu

1844 4652 1925 4697 est
1950 4658 1963 4695 :
1996 4656 2154 4696 nosse
2184 4653 2358 4696 autem
2386 4652 2436 4696 te
2462 4641 2855 4695 consummatio
2896 4638 3116 4706 justitite
3146 4648 3227 4691 est
3259 4638 3417 4706 (Sap.

1846 4750 1937 4799 xv,
1974 4735 2024 4801 I,
2055 4736 2131 4801 5).
2160 4734 2230 4787 De
2263 4733 2399 4788 Filio
2422 4734 2474 4786 in
2500 4732 2745 4786 Joanne:
2781 4730 2846 4785 Ut
2868 4731 3033 4784 simus
3056 4729 3107 4783 in
3136 4744 3260 4783 vero
3282 4728 3417 4781 Filio

1844 4828 1958 4892 ejus
1978 4826 2103 4880 Jesu
2120 4826 2349 4891 Christo,
2377 4826 2460 4878 hic
2488 4836 2571 4880 est
2598 4825 2738 4878 Deus
2764 4836 2949 4888 verus,
3003 4830 3055 4877 ct
3083 4821 3186 4876 vita
3218 4827 3417 4874 πίει-ιιι

1847 4915 1901 4987 (I
1931 4917 2085 4969 Joan.
2110 4931 2161 4981 v,
2192 4916 2305 4983 20).
2338 4916 2409 4969 De
2434 4915 2634 4983 Spirittt
2657 4924 2843 4969 sancto
2866 4914 2917 4968 in
2944 4911 3417 4982 Evangelioztjum

1849 5008 2052 5062 venerit
2082 5006 2385 5061 Paracletus
2417 5008 2507 5060 ille
2528 5006 2745 5074 spiritus
2769 5007 3036 5073 veritatis,
3081 5004 3293 5060 docebit
3323 5017 3423 5055 vos

1849 5112 2058 5152 omnem
2086 5097 2358 5151 veritatem
2383 5096 2558 5168 (Joan.
2594 5090 2845 5168 xvt,'i.’>).

2446 5208 2671 5266 CAPUT
2713 5210 2825 5264 XII.

2305 5297 2379 5353 De
2397 5302 2529 5371 justi
2562 5303 2960 5369 comparatione.

1920 5387 2101 5443 Justus
2128 5388 2303 5451 Pater,
2326 5391 2499 5459 justus
2527 5390 2712 5455 Filius,
2740 5389 2916 5458 justus
2935 5388 3160 5457 Spiritus
3180 5396 3417 5440 sanctus.

1849 5478 1923 5533 De
1950 5479 2106 5533 Patre
2128 5481 2178 5533 in
2204 5479 2415 5535 Exodo:
2451 5480 2670 5534 Vocavit
2691 5489 2867 5533 autem
2895 5478 3099 5532 Pharao
3125 5476 3336 5548 Moysen
3364 5488 3419 5531 ct

1850 5575 2045 5634 Aaron,
2074 5579 2129 5625 et
2156 5571 2288 5624 dixit
2315 5571 2424 5626 eis:
2458 5569 2680 5626 Peccavi
2712 5584 2875 5631 nunc,
2902 5583 3022 5621 nam
3071 5568 3210 5622 Deus
3237 5567 3414 5635 justus

1846 5672 1946 5727 est,
1975 5678 2073 5733 ego
2101 5674 2274 5719 autem
2302 5675 2355 5718 et
2381 5663 2601 5731 populus
2631 5676 2781 5715 meus
2805 5659 2948 5728 impii
2978 5657 3176 5729 (Exod.
3202 5676 3273 5722 nt,
3297 5659 3414 5724 27).

1820 5764 1823 5769 ‘
1860 5754 1931 5809 De
1963 5754 2100 5811 Filio
2123 5756 2175 5810 in
2202 5752 2468 5821 Suphunia
2495 5768 2508 5805 :
2543 5751 2797 5806 Dominus
2824 5751 2996 5819 iustus
3022 5750 3073 5807 in
3119 5752 3293 5808 medio
3316 5751 3418 5818 tui,
