3978 6380
623 365 728 421 415

1891 433 1895 437 .
1929 382 2147 442 VIGILII
2184 386 2565 451 TAPSKNSIS

3763 415 3851 475 "6

623 490 727 531 non
751 464 908 535 facies
935 478 1125 552 injuste
1149 486 1343 558 (Sapit.
1371 502 1450 555 tu,
1482 490 1558 557 5).
1592 490 1655 545 Et
1684 490 1737 544 in
1757 492 1981 560 epistola
2023 495 2182 551 Joan-
2210 501 2261 559 A
2289 503 2530 575 seditque
2572 521 2732 577 super
2758 526 3187 585 unumquemque
3208 530 3417 587 eorum,
3448 529 3503 576 et
3524 524 3717 593 repleti
3742 543 3849 585 sunt

623 568 738 620 nis:
770 569 919 625 Sicut
946 573 1125 628 docuit
1154 592 1246 631 vos
1277 594 1494 634 manere
1526 580 1576 632 in
1606 595 1673 635 eo
1699 580 1752 650 (Ι
1778 580 1937 636 Joan.
1969 599 2029 651 tt,
2054 585 2173 656 27).

624 658 688 712 Et
718 660 878 716 inira:
907 664 1054 730 Quod
1085 669 1127 721 si
1163 670 1310 723 scitis
1353 671 1471 736 quia
1501 672 1675 739 justus
1703 681 1806 736 est,
1859 674 2010 729 scitis
2062 677 2181 744 quia

621 751 795 804 omnis
815 752 902 817 qui
934 751 1056 807 facit
1084 754 1364 823 justitiam,
1387 774 1451 812 ex
1485 761 1600 827 ipso
1637 770 1720 815 est
1748 760 1936 831 (Ibid.,
1968 762 2078 833 29).
2108 764 2185 819 De

619 835 815 904 Spiritu
836 852 1018 895 sancto
1040 844 1089 896 in
1141 844 1424 912 Aposmlo:
1454 847 1696 916 Magnum
1746 851 1954 918 pietatie
2006 865 2184 904 sacra-

620 938 875 996 mentum,
898 932 1037 998 quod
1061 935 1447 990 manifestatum
1471 949 1555 993 est
1571 940 1621 993 itt
1643 954 1823 1007 carne,
1837 941 2180 1011 justiticatum

616 1028 698 1095 est
726 1017 778 1071 in
809 1020 996 1087 spiritu
1022 1021 1077 1093 (Ι
1105 1023 1238 1091 Tim,
1274 1029 1477 1095 ttt,l6).

618 1088 625 1095 ’
1031 1088 1041 1093 ⁷
1199 1088 1603 1175 (ἓΑΡῠΤῃη.

1053 1203 1130 1258 De
1144 1208 1399 1261 communi
1430 1210 1746 1277 fortitudine.

682 1284 845 1357 454
871 1289 1045 1346 Fortis
1085 1294 1261 1361 Pater,
1306 1296 1460 1351 fortis
1509 1299 1695 1365 Filius,
1754 1302 1905 1355 furtis
1949 1304 2180 1372 Spiritus

612 1386 847 1431 sanctus.
870 1379 945 1435 De
973 1380 1127 1437 Patre
1165 1385 1216 1438 in
1273 1386 1447 1441 Isaia:
1491 1390 1627 1443 Deus
1679 1390 1828 1446 fortis
1872 1402 1925 1446 et
1970 1404 2176 1461 potens,

611 1467 787 1534 magni
811 1471 1057 1539 nominis,
1095 1474 1313 1530 Domine
1336 1476 1489 1549 (Isai.
1526 1496 1708 1543 xxvm,
1741 1483 1818 1552 ι2).
1858 1484 1933 1538 De
1967 1486 2098 1539 Filio
2127 1487 2178 1542 itt

613 1555 819 1621 psalmo
845 1561 1138 1616 centesimo
1169 1566 1396 1633 septimo
1412 1568 1650 1627 decimo:
1683 1571 1959 1628 Fortitudo
1989 1591 2103 1630 mea
2125 1586 2183 1632 et

609 1642 844 1701 laudatio
875 1665 989 1705 mea
1032 1652 1285 1711 Dominus
1313 1659 1616 1730 (νινε-11)».
1655 1663 1735 1718 De
1767 1664 1967 1727 Spiritu
1995 1677 2179 1724 sancto

609 1732 662 1786 in
688 1734 1001 1795 Salomone:
1033 1740 1088 1795 In
1116 1744 1306 1800 timore
1334 1747 1426 1801 Dei
1464 1750 1691 1816 Spiritus
1745 1753 2091 1824 fortitudinis,
2124 1766 2180 1812 et

608 1821 660 1875 in
686 1825 781 1878 viis
800 1826 915 1895 ejus
946 1844 1047 1899 pax
1069 1845 1121 1888 et
1146 1835 1250 1887 vita
1278 1845 1481 1891 aeterna
1504 1838 1683 1909 (Prov.
1720 1858 1827 1909 xtv,
1853 1845 1972 1915 26).

1188 1922 1414 1981 CAPUT
1453 1928 1591 1985 XIV.

1091 2030 1170 2086 De
1194 2040 1448 2092 communi
1468 2043 1691 2108 judicio.

678 2131 885 2190 Iudicat
916 2136 1091 2209 Pater,
1118 2143 1324 2212 judicat
1355 2148 1536 2206 Filius.
1558 2152 1765 2221 judicat
1794 2154 2023 2223 Spiritus
2049 2170 2172 2212 san-

606 2227 747 2274 ctus.
779 2222 853 2278 De
882 2225 1035 2283 Patre
1063 2230 1115 2284 in
1138 2232 1341 2301 psalmo
1368 2253 1474 2292 xui
1505 2239 1682 2308 (Vera.
1718 2243 1803 2312 l):
1853 2244 2033 2301 Judica
2063 2263 2170 2313 me,

608 2307 770 2376 Deus,
794 2323 847 2366 et
880 2314 1126 2375 discerne
1147 2336 1357 2378 causam
1382 2307 1575 2384 meatu.
1604 2331 1675 2386 De
1719 2332 1757 2386 F
1762 2334 1854 2387 ilio
1894 2336 1943 2389 in
1966 2336 2171 2406 psalmo

612 2411 661 2450 lx
692 2398 866 2467 (Vers.
892 2404 979 2473 9):
1017 2406 1336 2478 l'rwparavit
1361 2414 1411 2470 in
1463 2417 1668 2486 judicio
1709 2398 2170 2493 thronum-snum,

600 2493 657 2540 et
685 2487 796 2556 ipse
820 2490 1080 2558 judicabit
1103 2499 1289 2554 orbem
1324 2512 1480 2559 terra:
1513 2508 1562 2561 in
1611 2510 1881 2577 mluitate.
1939 2513 2013 2567 De
2042 2487 2166 2582 Spi:

599 2576 701 2631 ritu
734 2592 919 2637 sancto
946 2586 996 2638 in
1028 2586 1045 2639 l
1076 2587 1193 2644 aia:
1222 2590 1287 2644 Et
1307 2594 1485 2649 abluet
1517 2576 1770 2653 Dominus
1810 2602 1997 2656 sordes
2030 2604 2169 2659 lilio-

598 2679 714 2721 rum
732 2679 787 2723 et
808 2672 1031 2729 ﬁliarum
1054 2676 1206 2745 Sion,
1229 2691 1282 2737 et
1303 2688 1613 2755 sanguinein
1638 2690 1881 2759 purgabit
1903 2692 1968 2746 de
1991 2688 2168 2749 medio

597 2769 781 2814 eorum
804 2760 1005 2833 Spiritu
1030 2768 1212 2836 judicii
1237 2770 1390 2842 (Isat.
1423 2790 1493 2841 tv,
1518 2777 1599 2844 1).

1196 2885 1421 2942 CAPUT
1461 2888 1573 2944 XV.

965 2994 1042 3049 De
1062 3004 1318 3055 communi
1337 3018 1485 3069 opere
1512 3005 1801 3064 Trinitatis.

665 3099 926 3166 Uperatnr
946 3105 1121 3173 Pater,
1152 3124 1401 3179 operatur
1427 3116 1527 3172 Fili
1551 3136 1612 3187 IS,
1648 3132 1901 3191 operatur
1923 3124 2156 3195 Spiritus

595 3200 829 3247 sanctus.
862 3196 933 3250 De
956 3200 1107 3255 l‘atre
1126 3203 1191 3256 ad
1215 3204 1582 3275 Philippenses
1611 3228 1624 3264 :
1655 3212 1790 3267 Deus
1815 3224 1897 3269 est
1921 3220 2010 3286 qui
2032 3233 2159 3288 ope-
2184 3197 2231 3261 C

597 3289 747 3335 ratur
772 3283 822 3338 in
852 3286 1001 3341 vobis
1032 3301 1083 3344 et
1127 3294 1265 3347 vvlle
1296 3294 1521 3366 (Philip.
1567 3315 1623 3368 ιι,
1671 3301 1782 3369 13).
1818 3305 1891 3359 De
1921 3283 2082 3362 Pilio
2104 3310 2155 3365 in

596 3372 913 3443 Evangelia:
940 3378 1022 3433 Me
1048 3392 1257 3450 oportet
1288 3390 1497 3455 operari
1524 3406 1684 3458 opera
1710 3395 1829 3463 ejus
1881 3399 1971 3465 qui
2012 3401 2159 3456 misit

590 3477 696 3529 me,
721 3463 893 3521 donec
921 3468 1036 3525 dies
1061 3482 1144 3527 est
1173 3472 1349 3543 (Joan.
1380 3494 1452 3543 ix,
1484 3480 1560 3550 4).
1593 3483 1666 3537 De
1708 3463 1910 3553 Spiritu
1961 3501 2152 3545 sancto

590 3554 641 3606 in
673 3558 926 3624 Apostolo
946 3577 960 3613 :
984 3561 1246 3630 Operatur
1264 3577 1439 3622 autem
1467 3588 1601 3627 unus
1631 3585 1791 3644 atque
1829 3578 1967 3632 idem
1994 3581 2153 3649 spiri—

589 3654 693 3707 tus.
727 3648 966 3705 dividens
992 3722 993 3727 η
1019 3654 1241 3724 singulis
1290 3662 1495 3729 propria
1548 3681 1702 3734 prout
1739 3670 1850 3724 vult
1892 3672 1912 3741 (
1944 3671 1973 3724 1
2004 3670 2150 3745 (ἔθη,

590 3747 683 3789 xit.
720 3736 827 3789 11).

670 3777 683 3800 ’
720 3742 827 3803 ω’
1167 3813 1392 3872 CAPUT
1431 3821 1567 3875 xw.

737 3891 886 3954 Quod
907 3911 1084 3950 nonin
1108 3897 1315 3957 Excelsi
1336 3910 1496 3962 omnis
1528 3911 1750 3967 Trinitas
1778 3916 2039 3973 sortiatur.

660 4000 916 4060 Excelsns
948 4008 1121 4076 Pater,
1145 4016 1387 4071 excelsus
1410 4018 1595 4084 Filius,
1623 4028 1869 4083 exceISus
1922 4030 2152 4099 Spiritus

582 4103 816 4151 sanctus.
843 4098 918 4152 De
945 4100 1100 4159 Patre
1123 4105 1175 4159 in
1207 4108 1451 4165 Daniele:
1486 4112 1648 4184 Signa
1678 4129 1731 4172 et
1757 4098 1997 4192 prodigia
2030 4140 2149 4193 qua:

582 4180 927 4242 iecitmecum
959 4190 1095 4247 Deus
1116 4198 1366 4252 excelsus
1389 4180 1651 4270 (Danjtn,
1681 4180 1793 4277 99).
1830 4210 1895 4265 Et
1912 4180 1973 4266 in
2006 4180 2149 4281 psal-

580 4286 669 4324 mo
714 4291 888 4331 Lxxvu
941 4280 1113 4346 (Vm.
1169 4286 1305 4354 55):
1358 4290 1500 4347 Deus
1555 4298 1797 4352 exi-elsus
1840 4280 2148 4371 redemptor

579 4359 739 4431 455
760 4380 943 4419 eorum
974 4381 1074 4426 est.
1101 4373 1174 4426 De
1205 4375 1338 4430 Filio
1362 4380 1412 4433 in
1441 4385 1643 4450 psalmo
1691 4393 1984 4446 centesimo
2009 4394 2145 4447 duo-

581 4448 787 4503 decimo
815 4453 990 4522 (Vera.
1014 4457 1068 4524 4)
1097 4475 1114 4514 :
1138 4461 1390 4519 Excelsus
1410 4448 1569 4536 super
1597 4490 1783 4529 omnes
1825 4492 2007 4546 gentes
2037 4482 2138 4535 Do-

531 4612 535 4617 _
581 4538 775 4606 minus,
803 4553 857 4597 et
884 4559 1043 4612 super
1059 4551 1223 4606 cmlos
1244 4553 1412 4623 gloria
1436 4563 1576 4623 ejus.
1606 4563 1678 4617 De
1706 4556 1908 4635 Spiritu
1956 4585 2141 4628 sancto
2174 4554 2222 4613 D

578 4628 632 4681 in
656 4628 785 4685 Isaia
815 4650 830 4691 :
858 4634 981 4691 I'Izsc
1006 4638 1132 4695 dicit
1157 4643 1427 4713 Excelsns,
1452 4652 1501 4704 in
1534 4658 1761 4712 excelsis
1812 4661 2056 4717 habitans
2088 4668 2139 4721 in

577 4729 855 4790 internum,
881 4726 1106 4786 Sanctus
1127 4734 1178 4788 in
1198 4738 1416 4803 sanctis,
1448 4742 1699 4800 Dominus
1749 4755 1991 4808 exce'sus
2043 4770 2140 4810 uo-

577 4824 698 4865 men
716 4812 787 4880 ei,
817 4815 871 4870 in
897 4821 1091 4876 sanctis
1119 4827 1461 4893 requiescens
1487 4832 1640 4901 (lsai.
1669 4853 1793 4903 LVII,
1826 4841 1947 4913 l5).

1135 4936 1362 4995 CAPUT
1409 4944 1575 4998 XVII.

820 5017 971 5089 Quod
992 5022 1122 5091 ignis
1147 5031 1306 5083 omnis
1330 5031 1556 5089 Trinitas
1578 5040 1885 5107 appellatur.

642 5101 783 5171 ignis
813 5107 990 5175 Pater,
1018 5113 1152 5180 ignis
1184 5116 1365 5184 Filius,
1395 5123 1530 5190 ignis
1558 5101 2038 5194 spiritussanctus.
2063 5138 2135 5195 De

571 5191 727 5249 Patre
756 5197 807 5250 in
829 5197 1273 5261 Deuteronomio:
1304 5211 1594 5270 Observate
1643 5233 1710 5275 ne
1752 5219 1957 5280 faciatis
1987 5229 2135 5284 vobis

569 5282 702 5352 ipsis
732 5287 812 5342 vel
835 5289 1177 5349 simulacrum
1203 5302 1437 5354 omnium
1461 5302 1527 5359 de
1545 5308 1736 5375 quibus
1760 5319 2011 5384 praecepit
2042 5282 2132 5374 tibi

570 5373 730 5442 Deus,
752 5380 1004 5447 quoniam
1035 5383 1286 5441 Dominus
1312 5388 1451 5446 Deus
1478 5373 1594 5450 tuus
1626 5398 1763 5468 ignis
1810 5417 2132 5465 consumens

567 5468 837 5536 rst(lieut.
871 5487 946 5536 tv,
972 5475 1064 5529 25)
1118 5478 1190 5533 De
1221 5478 1353 5534 Filio
1398 5482 1449 5536 in
1480 5488 1681 5554 psalmo
1709 5496 1999 5550 centesimo
2033 5498 2130 5554 de-

566 5571 704 5608 enno
722 5569 909 5615 octavo
935 5562 1108 5633 (Veis.
1132 5567 1153 5620 1
1172 5568 1251 5637 ιθ)
1268 5586 1284 5623 :
1311 5571 1530 5641 Ignitum
1546 5578 1764 5634 verbum
1790 5592 1935 5638 tuum
1950 5584 2130 5654 nimis,

567 5653 621 5695 et
644 5658 829 5701 servus
854 5661 971 5706 tuus
986 5656 1174 5711 dilexit
1204 5659 1348 5714 illud.
1378 5663 1450 5717 De
1470 5665 1668 5731 Spiritu
1697 5681 1881 5725 sancto
1908 5676 1956 5727 in
1986 5677 2131 5729 Acti-

566 5732 664 5787 bus
693 5751 706 5789 :
739 5737 804 5795 Et
824 5742 945 5798 visa:
973 5759 1094 5801 sunt
1122 5750 1224 5805 illis
1252 5751 1337 5805 div
1363 5770 1436 5807 sa:
1467 5754 1657 5826 lingua:
1682 5768 1931 5832 tanquam
1964 5765 2124 5835 ignis,

2287 594 2485 665 Spiritu
2513 610 2699 657 sancto
2723 604 2860 673 (Act.
2895 621 2953 673 ιι,
2988 606 3069 675 5).

2846 715 3071 772 CAPUT
3110 718 3294 775 XVIII.

2583 799 2734 865 Quod
2758 804 2851 856 lux
2875 807 3035 860 omnis
3064 808 3291 864 Trinitas
3330 813 3561 867 dicatur.

2358 882 2467 938 Lux
2499 886 2672 955 Pater,
2699 892 2782 947 lux
2814 894 3002 961 Filius,
3033 898 3118 952 lux
3148 900 3381 967 Spiritus
3397 917 3641 962 sanctus.
3675 910 3743 963 De
3763 910 3843 963 Pa-

2284 979 2365 1028 tre
2386 975 2437 1028 in
2463 976 2683 1035 Joannis
2716 984 2947 1052 Epistola
2978 1006 2993 1042 :
3028 988 3165 1044 Deus
3196 992 3282 1045 lux
3323 1004 3424 1059 est,
3465 1007 3519 1051 et
3552 1001 3782 1055 tenebm
3802 1006 3841 1056 in

2280 1078 2345 1117 eo
2383 1080 2485 1119 n0n
2513 1080 2638 1125 sunt
2668 1074 2789 1127 ulla:
2812 1075 2866 1144 (I
2893 1076 3048 1133 Joan.
3079 1095 3117 1144 ι,
3146 1083 3225 1151 5).
3258 1083 3332 1139 De
3357 1086 3491 1141 Filio
3535 1088 3589 1141 in
3621 1092 3839 1161 Evange-

2281 1157 2380 1212 lio:
2415 1156 2524 1227 Ego
2548 1174 2663 1215 sum
2692 1163 2777 1218 lux
2812 1168 2967 1234 hujus
2995 1172 3217 1227 mundi:
3257 1176 3347 1244 qui
3377 1182 3722 1248 persequitur
3748 1156 3838 1249 me,

2282 1261 2387 1299 non
2409 1249 2645 1306 ambulat
2681 1252 2735 1307 in
2790 1258 3046 1325 tenebris,
3100 1262 3195 1317 sed
3245 1263 3462 1321 habebit
3504 1269 3693 1325 lumen
3738 1276 3839 1326 vita

2279 1333 2461 1401 (Joan.
2490 1354 2600 1404 vni,
2631 1342 2742 1412 η).
2770 1345 2845 1400 De
2863 1346 3063 1416 Spiritu
3089 1361 3276 1408 sancto
3299 1355 3352 1409 in
3369 1354 3669 1415 Ezechiele
3688 1377 3702 1413 :
3721 1362 3838 1419 Ecca

2279 1426 2496 1493 spiritus
2520 1430 2724 1488 Domini
2745 1450 2973 1503 surgens
2995 1442 3243 1498 veniebat
3270 1447 3339 1500 ab
3368 1450 3651 1518 aquilone,
3698 1464 3750 1509 et
3795 1458 3836 1511 in

2279 1516 2327 1570 ci
2358 1517 2500 1573 cuitu
2530 1520 2749 1591 cjuslux
2780 1526 3045 1597 refulgens
3068 1532 3281 1602 (Ezech.
3316 1553 3355 1605 ι,
3389 1516 3466 1610 1).

2855 1618 3081 1677 CAPUT
3120 1624 3263 1681 XIX.

2613 1702 2687 1757 De
2716 1711 2967 1762 communi
2989 1710 3208 1768 bonitate
3232 1714 3514 1774 Trinitatis.

2353 1788 2527 1845 Bonus
2559 1791 2730 1859 Pater,
2756 1796 2923 1853 bonus
2947 1800 3134 1865 Filius,
3170 1804 3337 1860 bonus
3363 1809 3831 1878 Spiritussanrtus.

2207 1850 2251 1910 Β
2280 1876 2354 1931 De
2384 1877 2537 1934 Patre
2571 1882 2621 1935 in
2644 1850 2847 1952 psalmo
2900 1850 3262 1960 sistit-“(Vera
3310 1850 3613 1967 l):rQuam
3682 1861 3829 1963 bonus

2276 1965 2416 2021 Deus
2451 1969 2608 2026 Israel
2627 1974 2785 2028 rectis
2808 1977 2986 2032 corde.
3019 1980 3090 2035 De
3118 1981 3289 2037 Filio:
3322 1965 3434 2054 Ego
3463 1965 3605 2047 sum
3668 2008 3829 2060 pastor

2274 2056 2444 2113 bonus
2467 2059 2643 2129 (Joan.
2671 2080 2722 2130 x,
2750 2064 2857 2135 11).
2892 2067 2975 2134 Et,
3000 2069 3244 2140 Magister
3272 2077 3427 2143 bone,
3450 2082 3577 2148 quid
3611 2056 3738 2137 boni
3758 2084 3825 2137 is-

2273 2145 2410 2201 ciam
2434 2162 2487 2201 ut
2513 2151 2732 2206 habeam
2762 2156 2919 2211 vitam
2964 2167 3215 2214 aeternam
3262 2145 3608 2234 (Matth.xtx,
3636 2173 3755 2241 i6)?
3774 2176 3827 2227 De

2270 2236 2468 2305 Spiritu
2495 2253 2679 2298 sancto
2698 2244 2862 2319 ‘56
2884 2251 2934 2304 in
2968 2252 3161 2308 Esdra:
3192 2255 3444 2324 Spiritum
3468 2270 3620 2315 tuum
3653 2236 3826 2318 bonum

2268 2328 2458 2385 dedisti
2487 2336 2564 2388 eis
2593 2334 2680 2405 (II
2714 2336 2868 2395 Esdr.
2901 2357 2976 2409 tx,
3000 2344 3114 2413 20).
3149 2344 3211 2400 Et
3241 2348 3293 2402 in
3325 2350 3643 2410 Salomone:
3669 2355 3826 2412 Bonas

2270 2421 2499 2491 Spiritus
2523 2434 2644 2481 tuus
2665 2427 2717 2483 in
2745 2432 2991 2488 omnibus
3013 2436 3168 2507 (ευρ.
3195 2455 3289 2506 xu,
3326 2442 3399 2510 l).

2860 2521 3087 2581 CAPUT
3127 2527 3245 2582 XX.

2515 2605 2595 2663 De
2628 2615 2885 2667 communi
2912 2618 3258 2687 magnitudine
3296 2621 3589 2680 Trinitatis.

2338 2695 2555 2767 Magnus
2578 2700 2755 2766 Pater,
2786 2720 3003 2775 magnus
3024 2707 3209 2776 Filius,
3226 2727 3447 2783 magnus
3464 2716 3700 2785 Spiritus
3722 2736 3818 2774 san-

2263 2797 2403 2845 ctus.
2440 2790 2691 2848 Del’atre
2731 2795 2784 2849 in
2828 2796 3050 2853 Exodo:
3082 2802 3232 2857 Nunc
3290 2806 3527 2861 intellexi
3584 2815 3818 2879 quoniam

2264 2890 2485 2949 magnus
2532 2892 2616 2937 est
2643 2883 2784 2940 Deus
2825 2886 3019 2957 (Exod.
3059 2906 3213 2957 xvnt,
3266 2894 3374 2963 11).
3410 2896 3477 2951 Et
3518 2900 3574 2952 in
3636 2903 3819 2967 psalmo

2262 2974 2624 3041 octuagesimo
2648 2978 2831 3044 quinto
2869 2977 3045 3049 (νοτε.
3097 2983 3184 3052 10)
3218 3002 3231 3037 :
3261 2985 3339 3039 Tu
3390 3002 3451 3042 es
3499 2989 3643 3044 Deus
3691 2993 3817 3046 solus

2263 3074 2508 3129 magnus.
2533 3062 2609 3117 De
2651 3064 2789 3119 Filio
2826 3067 2891 3121 ad
2928 3068 3141 3125 Titum:
3190 3072 3579 3143 Exspcctantcs
3630 3080 3816 3135 beatam

2263 3162 2434 3216 Spem,
2467 3161 2520 3206 et
2545 3153 2829 3209 adventum
2866 3157 3053 3226 gloriae
3090 3164 3264 3233 magni
3309 3165 3422 3230 Dei,
3450 3177 3505 3221 et
3540 3167 3816 3224 Salvatoris

2262 3242 2426 3295 uoswi
2455 3242 2579 3297 .Iesu
2607 3243 2807 3301 Christi
2832 3248 2959 3317 (Tit.
2985 3266 3042 3315 ll,
3074 3253 3183 3322 15).
3226 3255 3299 3311 De
3325 3256 3528 3325 Spiritu
3557 3274 3743 3315 sancto
3770 3266 3814 3315 ia

2261 3329 2585 3400 Regnorum,
2608 3337 2680 3389 ait
2713 3337 2963 3393 Dominus
2988 3341 3053 3395 ad
3101 3342 3305 3398 Eliam:
3339 3346 3614 3415 Egredere
3637 3393 3651 3415 ,
3680 3364 3730 3405 et
3746 3364 3814 3406 sta

2261 3420 2313 3472 in
2342 3433 2521 3476 monte
2538 3437 2718 3479 coram
2748 3442 2849 3490 me,
2875 3438 2929 3484 et
2952 3444 3078 3485 ecce
3128 3432 3383 3491 Dominus
3413 3442 3608 3492 transit
3648 3452 3699 3495 et
3722 3444 3812 3509 spi-

2258 3509 2389 3562 ritus
2409 3526 2629 3581 magnus
2663 3524 2717 3569 et
2743 3515 2913 3583 fortis,
2943 3520 3278 3588 subvertens,
3322 3535 3377 3581 et
3420 3541 3709 3587 conterens
3732 3548 3813 3601 pe-

2259 3589 2391 3653 tram
2423 3611 2544 3659 ante
2568 3603 2845 3661 Domitium
2877 3606 2999 3679 (111
3028 3612 3152 3685 Reg.
3174 3630 3286 3681 xiv,
3318 3616 3429 3685 ll).

2840 3701 3064 3758 CAPUT
3104 3704 3243 3762 XXI.

2611 3788 2689 3842 De
2713 3795 2965 3847 communi
2978 3795 3158 3851 virtute
3187 3797 3473 3854 Trinitatis.

2329 3872 2502 3929 Virtus
2534 3876 2722 3945 Patria,
2756 3881 2923 3935 virtus
2943 3882 3080 3946 Filii.
3110 3888 3276 3941 virtus
3302 3892 3810 3956 Spiritussancti.De

2253 3960 2408 4016 Patre
2437 3965 2502 4017 ad
2535 3966 2833 4025 Romanos:
2871 3971 2985 4027 Non
3016 3976 3159 4029 enim
3204 3978 3509 4033 confundor
3536 3982 3605 4039 de
3650 3984 3805 4037 Evan-

2252 4056 2419 4120 gelio:
2453 4054 2628 4110 Virtus
2644 4061 2785 4114 enim
2803 4071 2887 4116 est
2906 4063 2959 4117 in
2973 4064 3199 4121 salutem
3221 4070 3365 4124 omni
3380 4073 3615 4127 credenti
3640 4075 3803 4143 (Rom.

2252 4156 2290 4204 ι,
2317 4143 2428 4211 16).
2462 4145 2534 4198 De
2565 4146 2700 4202 Filio
2738 4150 2804 4203 ad
2856 4152 3187 4211 Corinthios:
3243 4158 3623 4219 Libentissime
3660 4165 3804 4232 igitur

2250 4233 2519 4298 gloriabor
2546 4236 2597 4289 in
2625 4237 3022 4298 infirmitatibus
3053 4247 3209 4312 meis,
3236 4257 3293 4301 ut
3345 4250 3611 4307 inhabitet
3653 4254 3804 4307 virtus

2249 4320 2442 4376 Christi
2474 4324 2526 4378 in
2554 4340 2640 4381 me
2666 4326 2719 4397 (1
2726 4326 2754 4379 Ι
2778 4328 2899 4383 Cor.
2938 4348 3033 4399 xu,
3057 4335 3134 4403 9).
3156 4336 3221 4391 Et
3245 4338 3315 4394 de
3336 4341 3537 4409 Spiritu
3556 4345 3801 4397 sanctuad

2248 4408 2788 4471 Thessalonicenses:
2846 4419 3114 4488 Scientes,
3170 4408 3389 4492 fratres,
3430 4433 3585 4488 electi
3617 4451 3643 4487 a
3680 4435 3795 4501 Deo,

2246 4501 2585 4558 dilectionem
2612 4517 2866 4575 vestram,
2897 4515 3020 4582 quia
3048 4516 3397 4588 Evangelium
3448 4534 3681 4580 nostrum
3701 4531 3798 4580 uim

2251 4592 2344 4644 fuit
2372 4595 2507 4659 apud
2540 4612 2631 4651 vos
2662 4597 2713 4652 in
2745 4602 2906 4655 verbo
2936 4614 3164 4672 tantum,
3199 4611 3292 4667 sed
3322 4613 3374 4668 in
3405 4616 3603 4673 virtute
3645 4618 3798 4688 Spiri-

2246 4692 2330 4739 tus
2351 4688 2520 4743 snncti
2546 4688 2598 4761 (1
2629 4691 2776 4748 Tltcs.
2804 4710 2841 4760 l,
2876 4695 2951 4763 ι).

2807 4789 3032 4846 CAPUT
3072 4794 3236 4848 XXII.

2575 4871 2672 4925 Ubi
2693 4874 2807 4942 [ovs
2828 4882 2989 4933 omnis
3018 4881 3241 4938 Trinitas
3270 4887 3481 4942 dicitur.

2320 4958 2459 5015 Fons
2483 4961 2660 5027 Pater,
2686 4965 2803 5021 fons
2839 4969 3025 5039 Filius,
3059 4973 3176 5028 lous
3203 4978 3437 5044 Spiritus
3474 4994 3706 5039 sanctus.
3728 4984 3797 5038 De

2244 5048 2401 5104 Patre
2429 5053 2480 5105 in
2511 5053 2776 5111 .Ieremia:
2812 5058 2933 5114 llzec
2956 5063 3086 5116 dicit
3118 5065 3370 5122 Dominus
3419 5072 3566 5129 Deus
3614 5075 3755 5129 Israel
3786 5121 3793 5125 .

2244 5138 2361 5195 Duo
2384 5143 2521 5197 mala
2547 5144 2667 5199 fecit
2695 5151 2919 5216 populus
2945 5169 3114 5221 meus,
3159 5173 3245 5212 uie
3268 5162 3605 5230 reliquerunt
3617 5168 3793 5219 fontem

2242 5242 2393 5297 aqute
2419 5232 2563 5296 vitaz,
2596 5244 2647 5288 et
2670 5235 2919 5292 foderunt
2937 5242 3034 5296 sibi
3063 5244 3208 5299 lacus
3230 5248 3477 5315 detritus,
3503 5255 3597 5322 (μή
3623 5270 3793 5323 mnam

2244 5334 2348 5373 non
2371 5335 2592 5391 possunt
2613 5329 2889 5384 continere
2911 5330 3046 5398 (ler.
3079 5350 3135 5399 ll,
3164 5336 3252 5406 l3)
3304 5339 3462 5411 557
3503 5344 3581 5399 De
3608 5346 3731 5400 Filio
3745 5347 3792 5398 in

2245 5412 2563 5473 Salomone:
2594 5419 2733 5476 l’ons
2779 5425 3052 5491 sapientia:
3102 5433 3317 5485 verbum
3352 5435 3441 5489 Dei
3497 5438 3552 5491 in
3587 5439 3793 5494 excelsis

2241 5502 2428 5572 (Eccli.
2459 5523 2495 5572 ι,
2529 5509 2606 5575 5).
2638 5511 2713 5565 De
2739 5512 2936 5581 Spiritu
2960 5532 3145 5572 sanco
3176 5520 3227 5575 in
3250 5522 3411 5575 Isaia:
3446 5526 3587 5581 Ecce
3616 5544 3786 5579 nomen

2239 5591 2329 5647 Dei
2360 5606 2478 5662 post
2500 5599 2721 5652 multum
2745 5610 2952 5671 tempus
2980 5608 3145 5671 venit,
3167 5612 3555 5667 ardensinira.
3571 5618 3761 5683 indigna

2237 5680 2389 5735 tionis
2418 5687 2623 5738 voravit
2650 5702 2857 5755 gentes,
2899 5704 2955 5746 et
2985 5698 3201 5763 spiritus
3250 5703 3392 5756 velut
3424 5704 3548 5759 fons
3576 5723 3718 5777 aqua'
3740 5709 3789 5759 in

2239 5772 2375 5827 valle
2398 5774 2613 5831 trahens
2635 5777 2787 5836 (lsai.
2815 5796 2940 5849 xxx,
2975 5785 3088 5850 ‘27).
