3978 6380
159 381 252 446 M7

701 490 928 551 CAPUT
955 491 1136 548 XXIII.

426 585 522 643 Ubi
549 584 734 656 fluvius
756 585 918 639 omnis
953 583 1173 635 Trinitas
1204 583 1390 636 dicitur

218 662 424 735 Fluvius
451 677 630 740 Pater,
663 674 852 729 ﬂuvius
883 671 1070 736 Filius,
1104 672 1292 726 ﬂuvius
1319 672 1549 739 Spiritus
1576 685 1706 724 san-

156 780 277 832 ctus.
310 767 384 820 De
406 766 561 819 Patre
585 764 636 818 in
667 763 952 818 Salomone
975 777 987 813 :
1011 761 1315 814 Benedictio
1341 761 1431 814 Dei
1455 770 1704 828 tanquam

156 861 330 916 ﬂuvius
384 856 648 912 inundans
709 852 895 925 (Eccli.
951 867 1133 916 xxxix,
1173 854 1292 923 27),
1335 864 1388 908 et
1417 854 1467 909 in
1501 855 1706 922 psalmo

156 972 258 1010 utv
289 952 462 1022 (Vers.
496 951 620 1019 I0):
657 948 869 1002 Fluvius
913 946 1006 1000 Del
1035 947 1268 1014 repletus
1309 955 1392 1001 est
1441 961 1593 1015 aqua.
1631 947 1705 1001 De

157 1043 342 1113 Filioin
372 1041 501 1094 Isaia
545 1056 559 1092 :
603 1038 728 1092 “rec
757 1035 888 1090 dicit
920 1036 1176 1090 Dominus
1216 1054 1229 1090 :
1265 1036 1378 1105 Ego
1420 1035 1705 1090 declinabo

153 1137 197 1190 in
221 1135 294 1188 eis
323 1143 381 1187 ut
422 1132 610 1186 ﬂuvius
656 1131 821 1200 pacis,
855 1138 910 1184 et
955 1138 1014 1183 ut
1045 1141 1252 1184 torrens
1303 1129 1564 1185 inundans
1590 1129 1705 1198 glo-

151 1229 268 1282 riam
289 1227 524 1296 gentium
554 1223 710 1296 (Isai.
739 1239 880 1287 LxVI,
905 1223 1013 1291 Η).
1040 1223 1171 1278 Item
1205 1225 1274 1278 ibi
1300 1241 1312 1276 :
1343 1223 1406 1278 Et
1430 1223 1708 1292 apparebit

150 1320 195 1372 in
221 1319 343 1372 Sion
376 1318 511 1370 sicut
541 1315 731 1369 ﬂuvius
779 1313 1072 1368 decurrens
1100 1352 1115 1376 ,
1166 1323 1220 1368 et
1266 1315 1441 1367 clarus
1469 1314 1520 1366 in
1566 1323 1704 1366 terra

149 1408 331 1461 sitienti
359 1405 514 1474 (Isai.
546 1422 650 1472 ιιι,
681 1405 796 1475 20).
828 1405 901 1459 De
929 1406 1131 1473 Spiritu
1161 1412 1346 1459 sancto
1389 1403 1441 1456 in
1467 1402 1710 1472 Evange-

148 1496 243 1549 lio;
272 1496 325 1549 In
355 1494 443 1548 die
474 1494 608 1548 festo
631 1508 822 1563 magno
851 1495 1025 1547 stabat
1046 1494 1220 1558 Jesus,
1253 1501 1306 1547 et
1331 1492 1588 1546 clamabat
1625 1493 1706 1546 di-

146 1604 297 1642 cens:
328 1589 580 1657 Quisquis
609 1587 782 1644 credit
816 1589 866 1642 in
898 1603 1004 1651 me,
1036 1589 1173 1641 sicut
1219 1586 1349 1640 dicit
1397 1585 1705 1654 Seriptura,

147 1677 350 1731 ﬂumina
382 1676 450 1730 de
475 1684 659 1731 ventre
685 1675 801 1746 ejus
830 1675 990 1731 ﬂuent
1013 1690 1164 1744 aqua:
1197 1676 1356 1729 vivae.
1391 1674 1498 1728 IIoc
1527 1683 1704 1728 autem

145 1767 344 1822 dicebat
370 1766 435 1820 de
455 1767 677 1835 Spiritu,
700 1780 857 1834 quem
883 1765 1149 1836 accepturi
1171 1772 1324 1819 erant
1351 1763 1630 1818 credentes
1653 1765 1703 1818 in

144 1871 254 1912 cum
282 1855 460 1927 (Joan.
492 1870 584 1921 vn,
606 1855 721 1925 57).

706 1963 932 2023 CAPUT
959 1965 1148 2020 XXIV.

210 2079 306 2134 Ubi
335 2079 559 2133 Verbum
590 2077 816 2147 Spiritus
838 2086 1044 2131 sanctus
1073 2074 1262 2128 dicitur
1287 2074 1414 2128 sicut
1446 2070 1492 2123 F
1497 2072 1633 2124 ilius.

208 2194 442 2248 Verbum
489 2193 583 2248 Dei
627 2193 800 2249 Patris
850 2193 1036 2260 Filius,
1083 2191 1317 2248 Verbum
1351 2192 1442 2246 Dei
1477 2192 1704 2260 Spiritus

141 2294 380 2339 sanctus.
429 2285 503 2338 De
537 2284 672 2338 Filio
723 2284 774 2338 in
826 2281 1155 2349 Evangelio:
1207 2281 1262 2334 In
1294 2281 1553 2350 principio
1590 2288 1705 2334 erat

142 2373 388 2435 Verbum,
421 2382 476 2426 et
504 2372 736 2427 Verbum
761 2380 879 2446 erat
907 2376 1046 2440 apud
1069 2371 1259 2438 Deum,
1304 2379 1359 2423 et
1408 2370 1547 2424 Deus
1590 2378 1707 2424 erat

138 2463 369 2518 Verbum
403 2463 584 2531 (Joan.
613 2480 650 2527 l,
678 2447 763 2533 1).
786 2464 850 2517 Et
875 2462 928 2516 in
958 2461 1312 2532 Apocalypsi:
1344 2460 1409 2513 Et
1453 2469 1569 2514 erat
1610 2475 1706 2515 co-

132 2562 359 2619 Opertus
408 2552 783 2606 vestimentum
815 2563 1088 2617 aspersum
1139 2549 1416 2616 sanguine,
1446 2557 1499 2600 et
1551 2563 1708 2602 voca-

133 2639 282 2692 bitur
313 2652 506 2693 nomen
551 2640 668 2707 ejus
701 2637 929 2692 Verbum
962 2637 1056 2691 Dei
1100 2637 1280 2706 (Apoc.
1329 2653 1442 2701 xix,
1473 2637 1580 2706 15).
1631 2638 1706 2692 De

136 2725 342 2793 Spiritu
373 2735 558 2781 sancto
587 2725 652 2779 ad
680 2723 970 2795 Ephesios:
1003 2724 1057 2779 In
1080 2724 1326 2783 omnibus
1368 2735 1706 2781 assumentes

131 2821 340 2867 scutum
382 2813 526 2882 ﬁdei,
573 2815 623 2869 in
662 2830 769 2884 quo
796 2814 1010 2884 possitis
1049 2817 1232 2868 omnia
1279 2814 1452 2883 jacula
1485 2817 1703 2884 nequis-

133 2904 252 2957 simi
280 2905 562 2958 candentia
591 2905 948 2973 exstinguere,
979 2913 1035 2959 et
1063 2905 1265 2974 galeam
1288 2903 1494 2968 salutis,
1518 2911 1572 2957 et
1592 2905 1702 2972 gla-

127 2993 276 3048 dium
299 2995 540 3063 spiritus,
569 2995 710 3064 quod
733 3006 817 3050 est
842 2995 1073 3050 Verbum
1118 2995 1209 3051 Dei
1241 2992 1457 3066 (Ephes.
1487 3010 1560 3062 Vl,
1589 2997 1700 3066 I6).

699 3107 924 3163 CAPUT
957 3106 1120 3162 XXV.

355 3219 506 3283 Quod
532 3220 718 3272 caritas
749 3221 909 3273 omnis
925 3218 1152 3275 Trinitas
1180 3220 1484 3290 appelletur.

197 3328 366 3399 ὧδε
393 3329 594 3385 Caritas
618 3331 793 3394 Pater,
825 3333 1017 3387 caritas
1046 3331 1228 3395 Filius,
1253 3334 1445 3388 caritas
1473 3334 1700 3405 Spiritus

129 3428 364 3472 sanctus.
398 3419 469 3474 De
501 3419 652 3474 Patre
683 3421 734 3473 in
776 3420 1000 3477 Joannis
1045 3422 1303 3490 Epistola:
1332 3423 1525 3490 Filioli,
1561 3425 1700 3480 Deus

128 3508 320 3562 caritas
349 3519 454 3572 est,
483 3518 534 3562 et
566 3508 651 3577 qui
679 3518 858 3564 manet
888 3511 938 3564 in
964 3512 1209 3575 caritate,
1239 3511 1291 3565 in
1342 3511 1452 3567 Deo
1499 3523 1697 3580 manet,

127 3605 178 3648 et
200 3596 340 3650 Deus
363 3598 412 3650 in
436 3612 500 3650 eo
522 3599 570 3665 (Ι
600 3596 756 3652 Joan.
786 3614 858 3665 tv,
890 3598 998 3670 16).
1028 3600 1100 3654 De
1123 3598 1253 3654 Filio
1277 3599 1697 3666 adCorinthios:

126 3686 246 3741 Sive
272 3689 414 3742 enim
445 3701 623 3744 mente
644 3691 972 3746 excessimus
1006 3691 1114 3745 Deo
1139 3707 1152 3755 ;
1176 3692 1287 3745 sive
1311 3691 1474 3745 sobrii
1493 3708 1697 3756 sumus,

125 3777 305 3841 vobis;
334 3779 526 3832 caritas
551 3779 693 3834 enim
713 3779 907 3835 Christi
937 3791 1087 3851 urget
1118 3793 1214 3834 nos
1237 3779 1324 3851 (11
1352 3778 1474 3835 Cor.
1503 3797 1557 3846 v,
1583 3783 1694 3852 15).

124 3865 196 3920 De
217 3868 421 3936 Spiritu
452 3877 639 3923 sancto
662 3869 728 3924 ad
777 3871 1045 3925 Romanos
1071 3886 1086 3927 :
1114 3870 1351 3924 Obsecro
1375 3870 1552 3939 itaque
1581 3887 1695 3935 vos,

120 3953 339 4019 fratres,
370 3972 464 4026 per
495 3958 776 4013 Dominum
821 3970 1061 4024 nostrum
1087 3961 1266 4014 .Iesum
1309 3960 1604 4026 Christum,
1639 3971 1693 4015 et

116 4056 214 4109 per
240 4046 520 4098 caritatem
545 4045 772 4111 Spiritus
805 4049 973 4108 sancti
1023 4047 1201 4116 (Rom.
1252 4063 1343 4110 xv,
1378 4049 1493 4114 50).
1528 4049 1588 4100 Et
1630 4049 1696 4102 ad

117 4130 369 4184 Galatas:
406 4132 462 4184 In
500 4133 744 4187 libertate
773 4136 942 4189 vocati
965 4137 1097 4190 estis
1118 4135 1259 4203 (Gul.
1289 4151 1341 4201 v,
1375 4137 1486 4202 15).
1523 4136 1586 4188 Et
1618 4138 1698 4189 itt-

117 4215 235 4269 lra:
271 4219 367 4270 sed
398 4233 491 4287 per
514 4220 788 4274 caritatem
809 4221 1032 4290 spiritus
1055 4223 1248 4276 servile
1273 4223 1322 4274 in
1355 4223 1600 4276 invicem.
1634 4223 1699 4278 Et

116 4307 180 4360 ad
209 4305 522 4364 Corinthios
553 4310 753 4379 inquit:
789 4312 956 4367 Vultis
987 4312 1198 4366 veniam
1227 4313 1293 4367 ad
1329 4327 1421 4368 vos
1456 4314 1508 4367 in
1530 4314 1696 4383 virga,

116 4414 182 4451 an
212 4398 270 4453 in
299 4401 520 4455 caritate
547 4402 766 4471 spiritus
796 4401 849 4473 (I
875 4401 993 4457 Cor.
1028 4401 1243 4471 tv,2l)‘l

690 4515 916 4572 CAPUT
947 4516 1136 4571 XXVI.

233 4605 384 4669 Quod
411 4605 562 4658 vitam
594 4615 837 4660 aeternam
877 4611 1042 4662 ontnis
1066 4607 1290 4662 Trinitas
1317 4609 1586 4678 largiatur.

194 4710 370 4764 Vitam
399 4722 654 4767 aeternam
685 4715 775 4770 dat
804 4717 980 4783 Pater,
1007 4717 1146 4771 hanc
1172 4717 1355 4782 Filius,
1401 4717 1536 4772 hanc
1575 4719 1694 4788 Spi-

122 4798 252 4853 ritus
283 4812 518 4856 sanctus.
553 4802 627 4858 De
651 4805 805 4861 Patre
833 4809 883 4861 iu
911 4809 1132 4863 Joannis
1163 4809 1394 4876 Epistola
1427 4826 1440 4862 :
1468 4810 1564 4874 Qui
1585 4826 1688 4865 non

124 4892 288 4946 credit
321 4893 448 4956 Deo,
473 4894 781 4950 mendacem
815 4895 941 4951 facit
960 4912 1102 4960 eum,
1131 4898 1250 4966 quia
1277 4915 1380 4953 non
1408 4900 1583 4954 credit
1614 4909 1691 4954 te-

124 4984 376 5038 Stimonio
422 4986 562 5054 quod
597 4993 819 5041 testatus
847 4997 930 5042 est
953 4988 1020 5042 de
1049 4988 1182 5042 Filio
1220 5004 1350 5044 suo:
1384 4999 1439 5044 et
1483 4991 1582 5044 hoc
1607 4999 1690 5044 est

124 5074 502 5141 testimonium,
531 5077 781 5144 quoniam
831 5079 989 5131 vitam
1037 5088 1296 5132 mternam
1339 5078 1485 5132 dedit
1536 5081 1688 5133 nobis

123 5160 255 5216 Deus
281 5163 570 5233 (lJoan.v,
598 5167 704 5235 I0).
730 5167 802 5222 De
827 5167 959 5222 Filio
981 5169 1030 5222 in
1051 5169 1339 5237 Evangelia
1359 5186 1371 5220 :
1389 5169 1528 5222 Oves
1556 5183 1689 5222 mea-

123 5264 298 5307 vocem
345 5269 513 5308 mi-am
535 5257 776 5324 audiunt,
804 5267 857 5312 et
881 5269 1174 5326 sequuntur
1196 5273 1302 5320 me,
1330 5267 1384 5312 et
1404 5273 1503 5327 ego
1527 5259 1684 5312 vitam

122 5346 371 5390 asternam
399 5339 467 5391 do
491 5341 570 5392 eis
603 5341 619 5410 (
651 5341 805 5396 Joan.
831 5359 884 5406 x-,
910 5343 978 5396 27
1012 5343 1050 5412 ).
1087 5343 1150 5396 Et
1179 5343 1229 5395 in
1261 5343 1501 5410 Epistola
1527 5341 1688 5396 Joan-

124 5425 198 5480 nis
223 5445 232 5478 :
253 5430 356 5496 Qui
379 5430 537 5484 habet
565 5431 775 5495 Filium,
808 5435 964 5489 habet
992 5436 1148 5488 vitam
1171 5445 1425 5489 :cternam
1450 5431 1502 5504 (Ι
1528 5435 1684 5486 Joan.

123 5531 170 5578 v,
201 5519 308 5589 19.).
339 5520 413 5574 De
441 5523 639 5590 Spiritu
672 5536 855 5580 sancto
879 5526 943 5580 sd
970 5523 1221 5579 Galatas:
1253 5524 1350 5590 Qui
1374 5526 1600 5579 seminat
1632 5524 1685 5578 in

123 5623 274 5665 carne
304 5627 424 5676 sua,
455 5614 522 5669 de
550 5629 708 5672 carne
728 5628 780 5672 et
811 5626 973 5673 metet
1011 5620 1406 5686 corruptionem
1436 5634 1450 5671 :
1477 5617 1564 5686 qui
1593 5631 1686 5671 au-

123 5705 219 5755 tem
269 5704 500 5758 seminat
538 5704 588 5757 in
637 5708 845 5776 spiritu,
877 5708 944 5764 de
992 5709 1178 5775 spiritu
1219 5717 1381 5765 metet
1407 5710 1568 5764 vitam
1607 5715 1681 5763 a3-

126 5796 321 5848 ternam
356 5793 494 5848 (Gal.
528 5812 595 5850 vt.
618 5799 692 5853 8i.

1259 379 1526 436 CONTRA
1568 379 1977 437 VARIMADUM
2021 378 2144 436 LIB.
2189 380 2275 436 Ill.

1734 496 1785 554 A

3278 383 3381 440 418

2371 490 2590 546 CAPUT
2616 489 2820 544 XXVII.

2058 583 2207 648 Quod
2254 598 2426 650 paceni
2475 584 2637 634 omnis
2665 579 2888 633 Trinitas
2921 581 3126 632 tribuat.

1881 670 2069 724 Pacem
2101 671 2191 723 dat
2235 672 2409 734 Pater,
2457 686 2638 737 pacem
2689 670 2780 723 dat
2837 669 3022 730 Filius,
3077 683 3257 736 pacem
3289 669 3382 722 dat

1808 764 2037 830 Spiritus
2060 774 2296 816 sanctus.
2328 764 2455 818 Item
2488 764 2555 814 ibi
2600 781 2612 814 :
2660 762 2798 814 Deus
2853 771 3055 822 noster,
3103 775 3197 827 pac
3235 777 3284 812 tn
3313 763 3378 813 ila

1809 854 1962 907 nobis
1996 851 2136 920 (Gal.
2167 867 2204 915 t,
2235 853 2311 919 5).
2345 853 2408 906 Et
2455 854 2742 919 Apostolus
2787 867 2801 905 :
2838 852 2974 904 Deus
3029 862 3203 904 autem
3237 853 3379 918 pacis

1808 944 1899 997 det
1929 943 2081 995 vobis
2110 957 2294 1010 pacem
2322 940 2408 1010 (ll
2443 942 2623 996 Thess.
2647 958 2722 1004 ιιι,
2745 941 2856 1010 16).
2887 941 2948 994 Et
2977 943 3164 993 iterum
3195 958 3206 990 :
3243 941 3380 993 Deus

1808 1043 1985 1086 autem
2015 1031 2177 1103 459
2201 1031 2315 1098 spei
2339 1032 2629 1100 adimpleat
2647 1048 2738 1084 vos
2764 1031 2910 1084 omni
2937 1033 3128 1100 gaudio
3151 1043 3202 1084 et
3233 1047 3377 1097 pace,

1811 1131 1866 1176 ut
1887 1122 2168 1175 abundetis
2190 1130 2241 1174 et
2263 1120 2571 1190 glorilit-etis
2595 1121 2800 1174 Patrem
2832 1121 3039 1174 Domini
3065 1122 3230 1173 nostri
3255 1121 3379 1172 Iesu

1808 1213 2007 1267 Christi
2039 1213 2218 1282 (Rata.
2273 1227 2359 1274 xv,
2397 1213 2506 1280 15).
2566 1212 2639 1264 De
2666 1212 2799 1265 Filio
2830 1213 2881 1265 in
2932 1213 3176 1266 Numeris
3212 1231 3222 1262 :
3258 1212 3380 1264 IIavc

1809 1303 1936 1357 dicit
1963 1302 2240 1366 Dominus,
2263 1302 2352 1369 qni
2386 1300 2508 1354 fecit
2549 1301 2712 1354 Israel
2743 1318 2754 1352 :
2788 1302 2922 1356 Ecce
2952 1316 3050 1370 ego
3077 1303 3145 1354 do
3175 1303 3277 1354 illis
3305 1313 3382 1354 te-

1809 1403 2134 1446 szameutum
2188 1393 2354 1460 pacis,
2409 1400 2462 1444 et
2515 1392 2666 1444 eritis
2691 1407 2810 1444 cum
2839 1406 2925 1456 eo,
2954 1402 3006 1445 et
3036 1408 3153 1445 cum
3178 1393 3380 1446 semine

1809 1482 1923 1550 ejus
1957 1491 2070 1550 post
2099 1484 2267 1550 ipsum
2298 1481 2484 1552 (Nunt.
2524 1497 2646 1545 xxv,
2683 1479 2786 1550 15).
2837 1481 2910 1534 De
2953 1480 3152 1549 Spiritu
3195 1492 3381 1535 sancto

1809 1575 2095 1642 Aposzolus
2119 1592 2130 1624 :
2165 1573 2444 1627 Prudentia
2469 1573 2612 1626 enim
2644 1573 2820 1624 carnis
2845 1587 2987 1626 mors
3012 1582 3116 1640 est,
3150 1577 3380 1642 pruden-

1811 1667 1878 1718 tia
1911 1676 2087 1720 autem
2123 1666 2343 1734 Spiritus
2373 1665 2480 1717 vita
2520 1675 2570 1717 et
2595 1679 2690 1730 pax
2723 1672 2808 1717 est
2837 1664 3012 1730 (Itoni.
3050 1680 3162 1728 \‘ltl,
3195 1665 3268 1733 6).

2353 1757 2576 1811 CAPUT
2604 1757 2834 1810 XXVIII.

2222 1847 2298 1902 De
2322 1849 2576 1901 communi
2599 1847 2962 1902 consolatione.

1878 1939 2201 1994 Consolatur
2248 1938 2437 2004 Pater,
2492 1939 2797 1991 consolatur
2831 1937 3027 2004 Filus,
3072 1937 3286 1991 consula
3314 1955 3378 1992 ur

1809 2030 2039 2100 Spiritus
2092 2041 2328 2084 sanctus.
2382 2031 2455 2083 De
2485 2031 2640 2084 Patre
2667 2029 2735 2084 ad
2771 2029 3074 2084 Corinthius
3107 2047 3120 2082 :
3157 2029 3377 2083 Benedi-

1807 2133 1921 2175 ctus
1955 2122 2092 2175 Deus
2115 2121 2270 2175 Pater
2314 2120 2521 2174 Domini
2567 2121 2733 2175 nostri
2790 2120 2917 2175 Jesu
2965 2122 3187 2183 Christi,
3230 2132 3377 2190 pater

1807 2211 2291 2264 misericordiarum
2340 2221 2393 2264 et
2448 2211 2588 2264 Deus
2642 2212 2802 2264 totius
2853 2214 3232 2264 consolationis
3285 2212 3374 2280 qui

1805 2306 2111 2358 consolatur
2143 2320 2238 2358 nos
2263 2303 2346 2372 (Il
2381 2304 2501 2358 Cor.
2557 2321 2593 2368 I,
2627 2305 2704 2374 5).
2754 2306 2826 2359 De
2865 2306 2998 2358 Filio
3030 2309 3116 2360 ubi
3164 2324 3324 2375 supra
3358 2327 3370 2360 :

1807 2395 2068 2460 Quoniam
2101 2396 2239 2448 sicut
2271 2395 2543 2449 abundant
2575 2398 2850 2463 passiones
2879 2398 3075 2451 Christi
3116 2400 3165 2452 in
3199 2401 3376 2465 nobis,

1807 2483 1875 2537 ita
1903 2493 1957 2538 et
1979 2499 2072 2553 per
2094 2484 2366 2538 Christum
2396 2485 2626 2539 abundat
2654 2486 2948 2539 consolatio
2979 2498 3157 2540 nostra
3189 2487 3376 2554 (lbid.,

1807 2577 1882 2644 5).
1908 2575 1982 2629 De
2002 2575 2196 2644 Spiritu
2229 2586 2414 2630 sancto
2439 2576 2490 2630 in
2515 2577 2801 2646 Evangelio
2825 2581 2984 2631 :Cnm
3014 2581 3216 2632 venerit
3244 2595 3374 2633 cen-

1807 2665 2008 2719 solator
2036 2682 2192 2734 quem
2226 2669 2429 2720 tnittam
2461 2667 2610 2720 vobis
2641 2667 2897 2734 Spiritum
2927 2671 3190 2732 veritatis,
3227 2675 3313 2734 qui
3348 2686 3376 2725 a

1807 2756 1961 2812 Patre
1991 2774 2111 2813 meo
2131 2759 2389 2828 procedit,
2425 2760 2536 2828 ipse
2566 2775 2658 2812 vos
2684 2759 2895 2813 docebit
2927 2776 3139 2814 omnem
3183 2763 3375 2816 verita-

1805 2856 1934 2912 tem,
1965 2857 2018 2903 et
2043 2859 2263 2903 ventura
2295 2851 2634 2903 annuntiabit
2660 2849 2807 2903 vobis
2837 2850 3014 2921 (Joan.
3053 2868 3137 2918 xv,
3163 2852 3278 2919 26).

2367 2939 2590 2996 CAPUT
2619 2941 2811 2995 XXIX.

2123 3029 2200 3084 De
2222 3033 2480 3085 communi
2505 3033 2768 3122 j‘ramine
2788 3032 3074 3087 Trinitatis.

1874 3119 2104 3189 Adjuvat
2145 3121 2319 3187 Pater,
2372 3119 2588 3191 adjuvat
2643 3121 2826 3187 Filius,
2882 3122 3095 3192 adjuvat
3147 3123 3373 3192 Spiritus

1726 3207 1772 3270 C
1803 3223 2035 3269 sanctus.
2071 3213 2145 3269 De
2189 3214 2346 3270 Patre
2389 3217 2440 3269 in
2501 3217 2705 3285 psalmo
2734 3219 3142 3286 quadragesimo
3190 3220 3375 3289 quinto

1806 3303 1979 3374 (Vers.
2005 3304 2101 3373 6):
2135 3305 2272 3359 Deus
2301 3306 2351 3360 in
2404 3306 2581 3360 medio
2607 3308 2720 3375 ejus
2769 3323 2872 3360 non
2929 3312 3371 3375 commovebitur,

1803 3394 2206 3462 adjuvabiteam
2232 3393 2370 3449 Deus
2395 3395 2541 3449 vultu
2573 3411 2688 3449 suo.
2717 3396 2791 3450 De
2814 3396 2946 3450 Filio
2969 3396 3022 3450 in
3055 3398 3372 3468 Evangelio:

1801 3481 1934 3537 Cum
1965 3485 2201 3538 venisset
2229 3484 2386 3539 Jesus
2410 3484 2462 3538 in
2493 3494 2668 3553 partes
2695 3484 2821 3554 Tyri
2864 3495 2918 3539 et
2965 3486 3178 3539 Sidonis
3204 3527 3218 3549 ,
3250 3501 3374 3542 ecce

1805 3576 1997 3630 mulier
2021 3575 2323 3631 Chananara
2373 3591 2404 3630 a
2439 3576 2632 3630 ﬁnibus
2690 3577 2792 3629 illis
2847 3592 3060 3645 egressa
3090 3579 3374 3641 clamabat,

1802 3666 1991 3722 dicens
2031 3685 2043 3720 :
2097 3667 2298 3736 Adjuva
2343 3682 2452 3732 me,
2501 3667 2724 3723 Domine
2765 3668 2977 3739 (Matth.
3025 3686 3113 3735 xv,
3143 3671 3258 3741 25).
3301 3671 3375 3726 De

1802 3758 2002 3827 Spiritu
2033 3770 2220 3813 sancto
2252 3761 2302 3814 in
2333 3758 2593 3828 Apostolo
2625 3775 2640 3817 :
2671 3759 2801 3814 Nam
2829 3760 2954 3830 quid
2998 3775 3212 3815 oremus
3239 3762 3375 3816 sicut

1798 3859 2010 3920 oportet
2032 3851 2322 3914 nescimus,
2366 3849 2459 3904 sed
2505 3850 2619 3918 ipse
2649 3849 2880 3919 Spiritus
2907 3851 3116 3920 adjuvat
3148 3853 3372 3907 inlirmi-

1800 3948 1960 3997 tatem
1995 3953 2230 3997 nostram
2263 3941 2439 4009 (llam.
2472 3956 2587 4006 vni,
2613 3940 2733 4009 26).

2380 4049 2609 4103 CAPUT
2640 4049 2803 4101 XXX.

2159 4140 2234 4194 De
2258 4141 2512 4192 commun‘i
2542 4140 2707 4208 gloria
2738 4137 3022 4190 Trinitatis.

1870 4233 2034 4303 460
2076 4234 2216 4286 Deus
2238 4232 2422 4299 gloria:
2458 4231 2635 4297 Pater,
2677 4231 2777 4285 hoc
2810 4231 2996 4293 Filius,
3021 4229 3119 4283 hoc
3142 4229 3370 4298 Spiritus

1800 4333 2034 4378 sanctus.
2069 4323 2140 4376 De
2175 4321 2330 4376 Patre
2361 4322 2410 4373 in
2445 4320 2696 4377 Actibus:
2748 4320 2886 4374 Deus
2913 4319 3096 4387 gloria:
3125 4321 3368 4387 apparuit

1800 4413 1942 4468 Patri
1994 4423 2177 4468 nostro
2231 4412 2518 4478 Abraham,
2576 4426 2694 4465 cum
2729 4421 2872 4464 esset
2913 4411 2962 4463 in
2987 4407 3366 4476 Mesopotamia

1804 4503 1937 4574 (Act.
1968 4520 2064 4571 vtt,
2091 4503 2168 4574 Ξ).
2204 4503 2278 4557 De
2307 4501 2441 4556 Filio
2471 4502 2523 4554 in
2556 4501 2812 4571 Apostolo
2851 4516 2865 4552 :
2898 4499 2952 4554 Si
3001 4500 3143 4554 enim
3172 4515 3369 4568 cogno-

1806 4598 2043 4658 vissent,
2100 4610 2366 4664 nunquam
2422 4593 2699 4646 Dominum
2751 4590 2933 4660 gloria!
2982 4590 3370 4644 cruciﬁxissent

1801 4686 1855 4759 (Ι
1883 4689 1999 4742 Cor.
2031 4704 2086 4752 tt,
2129 4688 2205 4757 8).
2237 4687 2311 4742 Dc
2355 4686 2554 4754 Spiritu
2585 4691 2770 4738 sancto
2815 4683 2877 4736 ad
2909 4681 3246 4735 Corinthios:
3288 4681 3370 4734 An

1801 4781 2014 4836 nescitis
2070 4781 2190 4849 quia
2246 4793 2470 4847 corpora
2529 4785 2704 4830 vestra
2745 4774 2994 4841 templum
3021 4773 3178 4827 estin
3219 4772 3370 4826 vobis

1799 4872 2030 4939 Spiritus
2051 4871 2244 4933 sancti,
2282 4885 2439 4938 quem
2479 4868 2684 4921 habetis
2711 4881 2739 4918 a
2776 4863 2951 4931 Deo(l
2985 4863 3102 4916 Cor.
3136 4878 3207 4926 νι,
3240 4862 3369 4930 I9)?

1800 4960 1864 5015 Et
1891 4961 2054 5014 intra:
2090 4961 2396 5015 Glorilicate
2428 4968 2480 5010 et
2511 4965 2721 5025 portate
2756 4955 3034 5008 Dominum
3065 4955 3114 5007 in
3142 4967 3369 5021 corpore

1798 5062 1977 5107 vestto
2005 5051 2193 5121 (Ibid.,
2222 5051 2334 5118 ΞΟ).

2356 5157 2580 5212 CAPUT
2609 5158 2798 5212 XXXI.

2259 5249 2334 5303 De
2369 5249 2621 5301 communi
2653 5250 2904 5300 doctrina.

1869 5344 2114 5397 Doctrina
2145 5343 2336 5404 Patris,
2370 5342 2608 5394 doctrina
2657 5340 2796 5402 Filii,
2846 5339 3085 5392 doctr'na
3131 5320 3362 5402 Spiritus

1798 5435 1986 5487 sancti.
2025 5434 2098 5487 De
2129 5433 2283 5486 Patre
2331 5435 2380 5484 in
2414 5431 2631 5485 Actibus
2665 5448 2679 5482 :
2714 5431 2861 5482 Tunc
2901 5427 3033 5480 vidit
3081 5426 3360 5494 proconsul

1796 5526 1934 5591 quod
1985 5525 2176 5578 factum
2206 5535 2306 5587 est,
2361 5533 2415 5576 et
2462 5524 2587 5576 cred
2613 5523 2687 5574 ibt
2727 5520 2996 5572 admirans
3036 5520 3087 5570 in
3122 5517 3362 5571 doctrina

1799 5617 1890 5671 Dei
1913 5617 2051 5684 (Art.
2087 5631 2199 5679 xu,
2228 5616 2338 5683 12).
2363 5616 2436 5669 De
2467 5615 2599 5667 Filio
2621 5612 2684 5664 ad
2714 5611 2924 5665 'I'itnm:
2958 5607 3360 5662 Servidominis

1793 5709 1904 5760 suis
1941 5705 2250 5766 olteglientes
2295 5706 2403 5758 sint
2434 5705 2484 5756 iu
2516 5701 2766 5755 omnibus
2814 5699 2940 5766 (Tit.
2975 5713 3031 5761 tt,
3064 5697 3144 5766 9).
3180 5699 3242 5751 Et
3275 5702 3358 5750 in-

1793 5795 1899 5850 fra:
1935 5795 2000 5851 Ut
2025 5795 2270 5852 doctrina
2291 5793 2586 5850 Salvatoris
2613 5789 2781 5846 nostri
2815 5789 2945 5845 Jesu
2973 5787 3169 5844 Christi
3197 5806 3357 5845 orne-
