3978 6380
187 362 271 419 HI

1282 354 1550 411 CONTRA
1592 351 1995 411 VARIMADUII
2040 354 2163 409 LIB.
2207 351 2294 407 III.

3304 356 3409 413 422

183 470 376 542 psalmo
418 465 854 537 quinquagesimo
906 463 1082 535 (Verr.
1123 465 1217 535 12)
1254 481 1269 518 :
1320 465 1426 520 Cor
1479 464 1730 519 mundum
1762 472 1809 532 Α
1840 467 2132 522 viviﬁcatus
2159 476 2338 522 autem
2386 464 2571 534 spiritu
2612 464 2663 533 (Ι
2705 464 2813 519 Pet.
2848 481 2924 531 ιιι,
2954 466 3064 536 18).
3106 467 3168 521 Et
3215 468 3410 526 Paulus

182 577 293 619 crea
308 562 478 624 inme,
502 560 664 624 Deus,
687 567 741 614 et
762 558 1016 628 Spiritum
1044 567 1249 613 rectum
1272 572 1467 613 renova
1491 559 1541 612 in
1564 557 1732 612 visce-

183 658 316 711 ribus
339 652 490 707 meis.

752 717 978 773 CAPUT
1017 716 1149 771 XLI.

423 808 519 863 Ubi
556 807 838 862 benedictio
877 807 1141 861 Trinitatis
1170 807 1481 876 appellatur.

245 919 565 975 Benedictus
620 918 797 983 Pater,
843 918 1153 972 benedictus
1194 916 1381 982 Filius,
1429 917 1737 970 benedictus

182 1009 405 1077 Spiritus
434 1015 668 1062 sanctus.
698 1008 771 1062 De
801 1008 958 1062 Patre
986 1008 1039 1061 in
1066 1008 1388 1077 Evangelio:
1420 1006 1740 1060 Benedictus

182 1100 429 1153 Dominus
455 1096 615 1168 464
644 1098 783 1151 Deus
816 1098 998 1161 Israel,
1030 1098 1149 1167 quia
1180 1098 1409 1151 visitavit
1430 1105 1481 1150 et
1512 1097 1633 1150 iecit
1660 1112 1741 1151 re-

179 1189 533 1257 demptionem
584 1186 751 1256 plebis
806 1202 916 1241 suae
974 1186 1124 1255 (Luc.
1170 1202 1207 1253 ι,
1238 1188 1353 1248 78).
1408 1188 1481 1242 De
1512 1187 1649 1241 FtIlt)
1675 1188 1740 1240 ad

181 1280 445 1333 Romanos
485 1295 499 1330 :
544 1278 621 1332 Ex
652 1279 843 1348 quibus
891 1278 1139 1333 Christus
1171 1278 1464 1333 secundum
1503 1294 1740 1343 carnem,

178 1372 257 1439 qui
290 1382 371 1424 est
400 1384 560 1438 super
578 1373 757 1424 omnia
774 1368 909 1423 Deus
932 1370 1242 1425 benedictus
1265 1370 1317 1424 in
1346 1371 1541 1424 saecula
1566 1370 1741 1439 (ltum.

183 1478 249 1527 ix,
274 1462 357 1531 5).
394 1462 470 1517 De
499 1461 701 1531 Spiritu
739 1471 925 1516 sancto
956 1462 1009 1515 in
1058 1461 1349 1517 Salomone
1377 1478 1392 1516 :
1426 1462 1746 1517 Benedictus

180 1554 395 1621 spiritus
419 1554 684 1622 iustorum
710 1568 741 1607 a
766 1553 1011 1617 Domino,
1036 1562 1089 1608 et
1115 1554 1166 1608 in
1190 1562 1437 1623 reSpectu
1468 1553 1609 1606 illius
1634 1554 1750 1621 glo-

181 1644 453 1698 riabuntur
484 1642 673 1713 (Eccli.
705 1658 885 1710 xxmv,
916 1642 1026 1712 14).

741 1731 964 1787 CAPUT
1008 1732 1167 1787 XLII.

573 1819 674 1896 De.
689 1824 943 1879 communi
972 1825 1364 1896 eonfortatione.

246 1924 523 1979 (Ioniortat
552 1925 727 1990 Pater,
765 1924 845 1979 sic
872 1924 1058 1989 Filius,
1112 1925 1183 1977 ita
1228 1922 1457 1994 Spiritus
1505 1930 1745 1977 sanctus.

177 2001 255 2070 De
311 2013 465 2069 Patre
510 2016 562 2071 in
608 2014 801 2070 Esther
844 2032 857 2067 :
898 2014 1152 2069 Conforta
1202 2030 1309 2081 me,
1339 2015 1449 2067 Rex
1499 2015 1747 2079 deorum,

180 2088 395 2160 omnem
447 2106 800 2177 principatum
853 2117 1040 2160 tenens
1090 2104 1299 2176 (Esther
1334 2122 1454 2171 xw,
1510 2105 1618 2177 12).
1675 2105 1751 2159 De

185 2194 323 2248 Filio
354 2194 640 2263 Apostolus
672 2213 685 2250 :
712 2194 920 2250 Gratias
941 2209 1041 2265 ago
1073 2196 1181 2251 Deo
1216 2204 1400 2250 nostro
1442 2195 1568 2250 Jesu
1598 2196 1751 2247 Chri-

181 2296 289 2353 sto,
326 2289 413 2356 qui
441 2286 760 2341 contortavit
797 2302 919 2357 me,
960 2296 1015 2342 et
1046 2288 1256 2343 ﬁdelem
1304 2288 1605 2352 :estimavit,
1660 2301 1755 2354 po-

187 2391 327 2429 nens
357 2376 411 2429 in
441 2377 738 2431 ministerio
768 2374 823 2445 (1
845 2375 976 2430 Tim.
1002 2392 1041 2443 ι,
1074 2376 1187 2445 Ii).
1220 2376 1297 2431 De
1324 2376 1526 2445 Spiritu
1569 2385 1754 2428 sancto

183 2467 239 2519 in
267 2466 591 2535 Evangelio:
626 2466 763 2520 Puer
793 2477 973 2521 autem
998 2468 1294 2534 crescebat,
1323 2477 1379 2523 et
1420 2467 1757 2523 cool’ortaba-

186 2566 276 2608 tur
306 2554 359 2608 in
393 2554 585 2624 spiritu
620 2554 786 2627 ,(Luc.
811 2570 850 2623 ι,
882 2556 997 2625 80).

750 2664 977 2721 CAPUT
1019 2666 1197 2721 XLIII.

575 2756 654 2809 De
689 2760 943 2811 communi
969 2759 1349 2814 resurrectione.

263 2855 564 2911 Itesuscitat
585 2856 763 2925 Pater,
795 2861 1074 2915 resuscitat
1096 2860 1289 2927 Filius,
1329 2862 1614 2917 resuscitat
1636 2862 1759 2929 Spi-

189 2947 331 3001 ritus
355 2959 589 3001 sanctus.
617 2947 693 3002 De
715 2948 871 3003 Patre
897 2951 951 3004 in
978 2951 1233 3006 Actibus:
1262 2953 1401 3007 Deus
1429 2962 1636 3022 patrum
1666 2967 1761 3007 no-

186 3045 423 3091 strorum
455 3038 730 3092 suscitavit
757 3039 965 3108 Iesum,
1018 3050 1072 3097 et
1132 3056 1229 3097 nos
1276 3043 1624 3099 resuscitabit
1666 3059 1761 3113 per

176 3129 483 3199 potentiam
511 3144 663 3184 suam
695 3130 830 3201 (Act.
861 3147 916 3199 ιι,
943 3130 1054 3201 52).
1078 3132 1153 3187 De
1180 3133 1315 3188 Filio
1339 3133 1393 3187 in
1418 3132 1707 3203 Evangelio
1740 3152 1752 3185 :

178 3218 341 3273 Multi
370 3228 546 3273 autem
604 3219 913 3275 Judteorum
965 3232 1229 3277 venerunt
1276 3222 1368 3288 ibi,
1428 3238 1534 3278 non
1580 3224 1755 3279 solum

174 3316 414 3378 propter
438 3308 640 3375 Iesum,
667 3310 761 3366 sed
791 3320 849 3365 ut
891 3310 1147 3366 Lazarum
1178 3313 1444 3380 viderent,
1473 3330 1632 3384 quem
1683 3328 1762 3371 re-

174 3400 551 3454 suscitaverat
570 3415 599 3453 a
629 3404 853 3455 mortuis
875 3402 1051 3472 (Joan.
1083 3418 1180 3467 xu,
1209 3405 1286 3473 9).
1316 3405 1391 3460 De
1414 3403 1618 3474 Spiritu
1641 3422 1765 3461 san-

174 3498 283 3541 »cto
310 3488 362 3541 in
393 3490 647 3558 Apostolo
681 3509 693 3542 :
729 3492 786 3546 Si
817 3504 995 3548 autem
1036 3494 1264 3562 Spiritus
1287 3496 1424 3565 ejus,
1464 3498 1554 3567 qui
1598 3500 1764 3552 susci-

190 3580 326 3633 tavit
348 3580 527 3635 Jesum
546 3594 579 3635 a
606 3582 851 3650 mortuis,
904 3582 1108 3640 habitat
1132 3587 1183 3639 in
1209 3587 1381 3653 vobis,
1406 3588 1689 3643 viviﬁcabit
1716 3598 1770 3644 et

192 3670 443 3725 mortalia
469 3686 698 3743 corpora
724 3682 924 3742 vestra,
961 3691 1053 3745 per
1083 3676 1472 3737 inhabitantem
1510 3681 1765 3751 Spiritum

190 3775 436 3818 sanctum
466 3763 518 3819 in
546 3766 697 3821 vobis
719 3766 900 3835 (Rom.
933 3783 1046 3834 vut,
1080 3770 1189 3841 11).

749 3878 978 3935 CAPUT
1018 3881 1200 3936 XLIV.

584 3966 678 4021 'Dc
696 3973 951 4023 communi
979 3973 1340 4029 invisibilitate.
1448 3970 1451 3977 ’

268 4065 559 4120 Invisibilis
588 4067 766 4135 Pater,
826 4072 1107 4128 invisibilis
1164 4075 1348 4140 Filius,
1383 4077 1484 4131 hoc
1537 4078 1768 4147 Spiritus

191 4166 438 4211 sanctus.
469 4158 541 4213 De
558 4158 716 4215 Patre
735 4160 801 4215 ad
824 4160 1206 4220 Colosseuses:
1239 4167 1339 4233 Qui
1369 4178 1453 4222 est
1482 4170 1656 4237 imago
1675 4170 1769 4224 Dei

190 4246 481 4300 invisibilis
509 4246 647 4317 (Col.
682 4264 719 4316 ι,
748 4249 857 4320 15).
893 4251 967 4305 De
987 4252 1119 4307 Filio
1151 4258 1200 4309 in
1228 4257 1363 4310 libro
1383 4257 1514 4312 Job:
1549 4259 1771 4327 Sapien-

191 4338 327 4391 tiam
379 4338 470 4392 Dei
527 4339 667 4394 unde
721 4339 998 4395 invenies?
1028 4343 1181 4399 Latet
1232 4346 1374 4400 enim
1414 4364 1443 4400 a
1478 4361 1769 4416 conspectu

194 4429 357 4500 565
388 4431 649 4498 omnium,
681 4442 736 4487 et
778 4433 1084 4490 volucribus
1110 4438 1229 4490 creti
1262 4437 1521 4492 absconsa
1545 4447 1626 4493 est
1650 4438 1770 4507 (Job

194 4537 385 4588 xxvtn,
417 4523 531 4593 21).
568 4524 641 4577 De
671 4523 876 4594 Spiritu
900 4536 1083 4582 sancto
1114 4528 1200 4581 ubi
1228 4544 1387 4598 supra
1415 4549 1428 4583 :
1455 4532 1519 4585 Et
1550 4532 1759 4600 spiritus

1882 4558 2167 4626 Propterea
2194 4556 2347 4610 unxit
2386 4567 2435 4610 te

198 4614 431 4668 occurrit
469 4615 522 4668 in
554 4614 687 4669 l‘acie
718 4630 853 4681 mea,
888 4626 941 4671 et
973 4617 1295 4672 horruerunt
1343 4621 1517 4689 capilli
1554 4622 1678 4685 mei,
1712 4632 1766 4676 et

198 4719 389 4759 carnes
427 4714 482 4760 et
530 4707 730 4761 vultum
781 4716 837 4763 et
879 4708 1112 4776 speciem
1160 4725 1264 4764 non
1297 4712 1424 4778 vidi,
1455 4713 1548 4767 sed
1580 4730 1761 4768 vocem

200 4807 403 4850 tantum
427 4797 707 4853 audiebam
736 4797 853 4877 (Job
879 4815 951 4865 tv,
983 4802 1092 4870 15).

775 4909 1000 4967 CAPUT
1047 4913 1204 4968 XLV.

608 4997 687 5054 De
717 5003 973 5055 communi
1001 5004 1355 5071 oioiﬁcatione.

274 5094 515 5150 Viviiicat
544 5098 721 5164 Pater,
744 5099 969 5156 viviﬁcal
997 5102 1183 5170 Filius,
1229 5106 1330 5161 hoc
1383 5107 1614 5175 Spiritus
1647 5124 1771 5166 san-

200 5196 343 5242 ctus.
378 5186 452 5241 De
475 5187 629 5242 Patre
649 5190 715 5244 ad
745 5190 1043 5249 Romanos:
1076 5194 1209 5261 Quia
1240 5207 1442 5264 patrem
1482 5202 1768 5258 multarum

200 5280 441 5345 gentium
467 5280 617 5347 posui
643 5290 695 5336 te
723 5292 844 5337 ante
872 5283 1060 5350 Deum,
1090 5288 1176 5341 cui
1199 5289 1493 5357 credidisti,
1521 5295 1610 5362 qui
1634 5297 1771 5348 vivi-
1832 5320 1833 5323 η

201 5368 328 5423 ﬁcat
375 5369 550 5437 (ltum.
585 5387 655 5439 Iv,
688 5373 794 5443 17).
828 5374 924 5429 De
965 5375 1099 5431 Filio
1146 5378 1200 5433 in
1227 5381 1429 5450 Regum
1461 5402 1473 5436 :
1515 5386 1771 5442 Dominus

203 5459 490 5515 mortiﬁcat
516 5472 570 5517 et
613 5464 844 5520 viviﬁcat
865 5466 916 5534 (ι
946 5467 1074 5538 Reg.
1107 5485 1164 5535 ιι,
1186 5471 1262 5541 6).
1282 5473 1349 5527 Et
1370 5474 1420 5528 in
1448 5475 1767 5549 Evangelio:

202 5551 355 5604 Sicut
385 5550 542 5606 Pater
570 5556 791 5609 suscitat
822 5567 1060 5614 mortuos
1083 5571 1138 5616 et
1165 5562 1417 5632 viviﬁcat,
1443 5569 1583 5623 sicut
1604 5580 1656 5623 ct
1690 5571 1774 5625 Fi-

205 5640 305 5695 lius
329 5656 465 5709 quos
493 5645 601 5697 vult
631 5647 862 5702 viviticat
890 5647 1067 5718 (Joan.
1096 5667 1150 5720 v,
1179 5654 1294 5725 21).
1315 5656 1388 5710 De
1417 5658 1619 5727 Spiritu
1649 5676 1773 5716 san-

204 5745 290 5786 czo
325 5731 378 5787 in
418 5732 649 5804 Epistula
692 5737 831 5794 Petri
887 5743 1153 5809 apostoli:
1194 5746 1539 5807 Mortiﬁcatus
1585 5767 1768 5823 carne,

1785 3178 1831 3242 C

1838 558 2146 624 apostolus:
2183 557 2376 611 Littera
2424 556 2640 620 OCCIdII,
2696 555 2914 624 spiritus
2954 566 3133 611 autem
3179 559 3411 614 viviticat

1838 645 1924 711 (ll
1957 644 2078 703 Cor.
2112 662 2189 711 ιιι,
2219 646 2297 716 6).

2401 736 2623 790 CAPUT
2663 736 2843 790 XLVI.

2131 825 2229 880 Ubi
2259 828 2428 897 gratia
2461 828 2552 881 Dei
2576 827 2799 881 Trinitas
2822 830 3131 895 appellatur.

1917 915 2098 969 Gratia
2132 917 2436 978 DeiPatris.
2472 920 2638 985 gratia
2673 920 2816 984 Filii,
2844 920 3008 988 gratia
3041 921 3269 989 Spiritus
3294 937 3416 975 san-

1840 1007 1928 1059 cti.
1962 1007 2033 1059 De
2064 1006 2217 1059 Patre
2244 1007 2308 1059 ad
2343 1007 2609 1062 Romanos
2652 1025 2663 1059 :
2710 1009 2879 1063 Multo
2912 1010 3078 1078 magis
3105 1012 3269 1079 gratia
3301 1013 3414 1075 Dei,

1842 1107 1897 1150 et
1939 1097 2134 1149 donum
2164 1098 2214 1149 in
2268 1096 2433 1165 gratia
2482 1099 2637 1151 unius
2680 1097 2911 1152 hominis
2966 1098 3090 1152 Jesu
3124 1101 3318 1153 ChriSIi
3366 1103 3415 1153 in

1844 1189 2020 1257 plures
2049 1188 2334 1241 abundavit
2375 1188 2549 1255 (Rom.
2582 1204 2632 1251 v,
2669 1189 2778 1257 15).
2828 1189 2956 1243 Item
3000 1190 3070 1244 ibi
3120 1208 3131 1242 :
3173 1192 3302 1258 Quis
3334 1208 3419 1245 me

1848 1276 2094 1331 liberabit
2137 1276 2203 1331 de
2246 1290 2474 1344 corpore
2534 1277 2722 1329 mortis
2777 1276 2974 1345 hujus?
3010 1280 3173 1346 gratia
3209 1281 3297 1333 Dei
3328 1296 3418 1348 per

1845 1366 2027 1422 Iesum
2049 1366 2317 1420 Christum
2341 1366 2517 1434 (Rom.
2548 1382 2642 1431 vn.
2672 1368 2792 1432 Ἡ).
2838 1370 2911 1422 De
2948 1368 3081 1423 Filio
3124 1372 3188 1424 ad
3228 1372 3419 1426 Corin-

1848 1459 2027 1513 thios:
2058 1458 2237 1513 Nostis
2267 1457 2409 1511 enim
2435 1458 2659 1527 gratiam
2696 1459 2905 1515 Domini
2936 1462 3101 1515 nostri
3119 1462 3246 1518 Iesu
3269 1464 3418 1518 Chri-

1849 1552 1940 1615 sti,
1970 1551 2093 1619 quia
2146 1560 2364 1619 propter
2404 1564 2496 1603 vos
2548 1565 2749 1619 pauper
2806 1550 2972 1605 factus
3000 1562 3083 1607 est
3123 1570 3241 1608 cum
3267 1557 3419 1609 dives

1850 1649 1993 1693 esset
2019 1638 2101 1709 (11
2120 1640 2237 1692 Cor.
2265 1654 2377 1703 vm,
2406 1638 2488 1709 9).
2523 1639 2596 1693 De
2623 1640 2823 1707 Spiritu
2857 1641 2907 1693 in
2937 1642 3195 1700 Actibus:
3220 1646 3420 1701 Cecidit

1855 1732 2085 1800 Spiritus
2106 1741 2322 1785 sanctus
2344 1745 2508 1799 super
2538 1744 2723 1785 omnes
2746 1732 2834 1799 qui
2865 1731 3151 1787 audiebant
3179 1736 3419 1797 verbum,

1780 1823 1828 1883 Β
1853 1832 1907 1877 et
1945 1822 2332 1891 obstupuerunt
2363 1824 2449 1888 qui
2482 1832 2636 1875 erant
2674 1837 2738 1875 ex
2777 1820 3184 1880 circumcisione
3215 1825 3420 1889 fideles,

1851 1912 1941 1981 qui
1968 1911 2124 1965 simul
2149 1926 2269 1965 cum
2294 1911 2452 1966 Petro
2486 1922 2766 1976 venerant,
2798 1912 3045 1981 quoniam
3095 1924 3148 1967 et
3176 1916 3422 1984 gentibus

1852 2004 2017 2073 gratia
2046 2003 2275 2071 Spiritus
2303 2004 2472 2058 sancti
2499 2002 2689 2057 diliusa
2733 2012 2815 2058 est
2842 2004 2979 2074 (Act.
3014 2021 3065 2070 ι,
3099 2004 3211 2075 41).

2402 2092 2626 2148 CAPUT
2658 2092 2868 2147 XLVII.

2280 2181 2354 2235 De
2378 2185 2634 2236 communi
2661 2186 2999 2239 renovatione.

1924 2271 2167 2326 Renovat
2180 2272 2355 2339 Pater,
2370 2283 2588 2330 renovat
2610 2273 2797 2339 Filius,
2814 2275 2913 2330 hoc
2937 2276 3168 2345 Spiritus
3184 2288 3422 2333 sanctus.

1860 2363 1933 2416 De
1962 2364 2116 2417 Patre
2144 2364 2195 2417 in
2223 2363 2453 2433 Ieremia
2484 2383 2495 2416 :
2522 2365 2785 2421 Converte
2809 2382 2929 2431 nos,
2951 2369 3105 2433 Deus,
3132 2379 3185 2422 et
3210 2384 3423 2425 com-er.

1860 2459 2037 2505 temur
2058 2451 2221 2522 566
2243 2453 2309 2505 ad
2334 2462 2385 2507 te
2424 2471 2436 2504 :
2471 2468 2669 2509 renova
2696 2456 2808 2509 dies
2838 2466 3047 2512 nostros
3074 2458 3213 2512 sicut
3240 2460 3306 2514 ab
3340 2462 3409 2514 ini

1862 2540 1935 2595 tio
1973 2539 2187 2607 (Tltren.
2218 2558 2273 2605 γ,
2308 2539 2422 2606 21).
2458 2542 2530 2595 De
2576 2542 2713 2596 Filio
2744 2544 2797 2596 in
2840 2545 3129 2599 Salomone
3164 2562 3177 2597 :
3208 2548 3427 2617 Attingit

1861 2638 2039 2685 autem
2064 2644 2229 2700 usque
2251 2633 2317 2685 ad
2342 2632 2501 2699 tinem
2530 2631 2763 2699 fortiter,
2789 2644 2841 2688 et
2864 2636 3096 2704 disponit
3120 2640 3296 2693 omnia
3312 2654 3429 2692 sum

1850 2721 1912 2773 -vi
1939 2735 1997 2775 er
2022 2721 2174 2791 (Sap.
2204 2737 2314 2787 vnt,
2346 2722 2423 2791 I),
2453 2734 2540 2789 et,
2571 2721 2703 2779 Cum
2734 2726 2801 2780 sit
2832 2741 2955 2792 una,
2991 2731 3167 2782 omnia
3219 2730 3432 2786 innovat

1844 2810 2018 2881 :(Sap.
2049 2827 2140 2878 vn,
2177 2812 2284 2883 17).
2312 2812 2389 2869 De
2413 2813 2613 2883 Spiritu
2644 2827 2829 2872 sancto
2856 2819 2920 2872 ad
2953 2818 3257 2875 Romanos:
3288 2822 3435 2877 Nunc

1848 2914 1997 2955 .vero
2025 2905 2262 2957 evacuati
2293 2918 2478 2959 sumus
2507 2922 2533 2957 a
2568 2907 2684 2974 lege
2713 2909 2897 2971 mortis
2943 2910 2993 2963 in
3035 2926 3137 2979 qua
3160 2910 3436 2965 detineba-

1865 3007 2002 3057 tuur,
2028 2993 2097 3046 ita
2128 3002 2182 3047 ut
2210 2998 2505 3050 serviamus
2534 2998 2583 3049 in
2603 3001 2838 3054 novitate
2875 3002 3118 3067 spiritus,
3159 3010 3212 3056 et
3235 3017 3340 3056 non
3381 3004 3431 3057 in

1863 3091 2128 3138 vetustate
2157 3083 2346 3140 littera:
2370 3086 2548 3154 (Rom.
2578 3103 2668 3150 vn,
2701 3092 2777 3155 ti).

2388 3180 2616 3236 CAPUT
2653 3182 2885 3237 XLVIII.
2982 3216 2985 3219 -

2169 3269 2245 3323 De
2272 3272 2530 3325 communi
2557 3274 2820 3341 signaculo
2854 3274 3133 3330 Trinitatis.

1934 3361 2118 3429 Signat
2144 3361 2319 3425 Pater,
2340 3363 2512 3431 signat
2529 3361 2716 3429 Filius,
2743 3367 2915 3434 signat
2944 3368 3174 3436 Spiritus
3197 3382 3435 3427 sanctus.

1869 3450 1943 3505 De
1977 3451 2133 3505 Patre
2173 3451 2239 3504 ad
2269 3452 2575 3507 Corinthios
2619 3472 2631 3506 :
2667 3456 2764 3520 Qui
2820 3468 2993 3511 autem
3035 3461 3315 3513 conﬁrmat
3346 3477 3439 3515 nos

1868 3540 2138 3594 vobiscum
2166 3539 2219 3593 in
2245 3537 2479 3607 Christo,
2514 3552 2567 3597 et
2588 3542 2857 3597 Christum
2884 3537 3126 3612 in'vobis,
3150 3559 3204 3602 et
3224 3552 3311 3616 qui
3348 3568 3442 3604 un-

1869 3629 1944 3684 xit
1967 3644 2063 3684 nos
2097 3630 2256 3696 Deus,
2286 3641 2338 3684 et
2366 3631 2597 3701 signavit
2617 3648 2713 3686 nos
2741 3633 2822 3704 (II
2843 3634 2962 3688 Cor.
2990 3652 3027 3699 ι,
3057 3636 3170 3706 2|).
3206 3639 3277 3693 De
3308 3639 3440 3695 Filic

1868 3720 1934 3775 ad
1984 3720 2242 3790 Ephesios
2272 3739 2303 3785 :,
2335 3722 2628 3778 Audientes
2667 3724 2884 3779 verbum
2929 3726 3204 3794 Evangelii
3256 3730 3441 3785 salutis

1871 3822 2081 3879 vestrae,
2109 3813 2160 3867 in
2188 3828 2292 3882 quo
2321 3815 2604 3870 credentes
2636 3816 2825 3885 signati
2856 3817 2984 3871 estis
3016 3816 3232 3889 (Epltes.
3266 3836 3303 3885 ι,
3331 3822 3440 3889 15).

1870 3904 1945 3958 De
1972 3902 2171 3973 Spiritu
2199 3914 2385 3958 sancto
2417 3905 2506 3959 ubi
2536 3922 2695 3975 supra
2727 3925 2739 3960 :
2777 3906 2953 3962 Nolite
2980 3912 3297 3963 contristare
3328 3912 3445 3978 Spi-

1871 3993 2027 4046 ritum
2058 4002 2301 4047 sanctum
2335 3993 2429 4048 Dei
2460 3996 2511 4049 in
2545 4011 2648 4062 quo
2675 3996 2867 4066 signati
2908 3998 3036 4052 estis
3078 3998 3129 4052 in
3170 3998 3308 4053 diem
3359 4015 3444 4054 rc-

1871 4082 2194 4151 tlemplionis
2210 4082 2424 4153 (Ephcs.
2460 4100 2532 4149 tv,
2550 4085 2663 4153 50).
3277 4088 3281 4093 ’

2428 4197 2655 4252 CAPUT
2682 4197 2869 4253 XLIX.

2334 4286 2409 4338 De
2440 4289 2692 4341 communi
2732 4290 2987 4342 unctione.

1948 4376 2103 4445 Ungit
2134 4375 2310 4443 Pater,
2338 4378 2485 4445 ungit
2516 4377 2700 4443 Filius,
2733 4380 2880 4447 ungit
2934 4377 3163 4448 Spiritus
3200 4390 3437 4435 sanctus.

1878 4467 1949 4523 De
1976 4467 2133 4521 Patre
2161 4467 2209 4521 in
2241 4468 2445 4535 psalmo
2474 4466 2881 4537 quadragesimo
2905 4480 3093 4539 quarto
3133 4470 3312 4541 (Verr.
3346 4473 3437 4551 8).:

2467 4556 2627 4620 Deus,
2656 4557 2796 4612 Deus
2830 4570 2950 4615 tuus
2978 4560 3097 4614 oleo
3134 4561 3349 4616 laetitia.
3383 4563 3448 4617 Et

1878 4650 1929 4703 in
1959 4649 2288 4716 octogesimo
2310 4658 2503 4702 octavo
2549 4647 2727 4718 (Vera.
2760 4650 2885 4719 2i):
2920 4651 3097 4706 Inveni
3138 4653 3299 4707 David
3337 4670 3450 4709 ser-

1878 4754 1997 4791 vum
2032 4752 2229 4803 meum,
2263 4738 2384 4792 oleo
2416 4747 2600 4791 sancto
2629 4738 2751 4792 unxi
2777 4755 2917 4794 eum.
2944 4741 3019 4796 De
3048 4740 3179 4796 Filio
3219 4743 3269 4797 in
3320 4743 3445 4812 Ερίο

1876 4830 2009 4883 stola
2041 4830 2296 4884 Joannis:
2325 4828 2389 4882 Et
2420 4843 2517 4881 nos
2548 4828 2852 4884 unctionem
2882 4848 3038 4901 quam
3087 4836 3388 4902 accepimus
3419 4852 3447 4887 a

1880 4929 2086 4986 sancto,
2117 4931 2293 4973 manet
2330 4919 2380 4971 in
2415 4918 2595 4982 nobis,
2624 4932 2678 4973 et
2729 4935 2833 4975 non
2884 4937 3101 4976 necesse
3157 4924 3363 4977 habetis
3395 4932 3451 4974 ut

1877 5010 2072 5076 aliquis
2100 5010 2292 5063 doceat
2324 5024 2420 5063 vos
2452 5008 2502 5079 (I
2529 5010 2687 5065 Joan.
2719 5027 2775 5078 ιι,
2800 5012 2914 5082 27).
2945 5014 3017 5067 De
3041 5005 3239 5081 Spiritu
3265 5023 3449 5066 sancto

1876 5104 1927 5157 in
1982 5104 2154 5157 Isaia:
2188 5102 2418 5170 Spiritus
2451 5101 2656 5159 Domini
2688 5121 2851 5174 super
2876 5122 2981 5167 me,
3038 5112 3257 5175 propter
3301 5105 3442 5171 quod

1875 5195 2023 5249 unxit
2053 5211 2159 5263 me,
2190 5197 2560 5265 evangelizare
2589 5200 2913 5266 pauperibus
2943 5198 3095 5267 (lsai.
3121 5213 3229 5262 ut,
3262 5199 3338 5264 I-).

2493 5309 2724 5365 CAPUT
2757 5311 2817 5364 L.

2264 5397 2342 5452 De
2372 5404 2631 5453 communi
2671 5402 3048 5469 redargntione.

1947 5485 2133 5555 Arguit
2162 5487 2339 5554 Pater,
2361 5492 2533 5559 arguit
2549 5492 2737 5553 Filius,
2764 5492 2935 5559 arguit
2954 5491 3185 5559 Spiritus
3207 5500 3442 5546 sanctus.

1832 5600 1833 5605 π
1877 5576 1953 5632 De
1973 5577 2131 5633 Patre
2156 5580 2205 5633 in
2231 5581 2519 5638 Salomone
2553 5600 2564 5636 :
2592 5583 2669 5636 Ne
2696 5582 2943 5635 dixeritis
2972 5598 2987 5639 :
3039 5581 3346 5636 MisericOrs
3369 5594 3451 5638 est

1880 5671 2018 5725 Deus
2040 5681 2224 5727 noster
2244 5715 2259 5738 ,
2288 5689 2393 5728 non
2416 5675 2602 5728 reddet
2648 5674 2804 5727 nobis
2833 5684 3047 5740 [cerata
3086 5678 3303 5737 nostra;
3336 5677 3451 5746 ipse

1876 5761 2017 5814 enim
2043 5762 2332 5817 secundum
2362 5762 2521 5832 467
2569 5765 2876 5829 patientiam
2911 5767 2961 5819 in
2998 5768 3100 5822 line
3155 5766 3445 5839 redargnct
