3978 6380
532 367 635 424 823

533 575 661 629 Sion
691 574 831 627 enim
863 571 1069 640 prodiret
1112 571 1222 633 lex,
1252 577 1306 622 et
1337 567 1552 620 verbum
1583 565 1789 616 Domini
1830 563 1895 615 dc
1944 563 2101 616 Jeru-

532 666 721 727 salem,
751 673 806 717 et
836 663 1095 731 judicabit
1143 663 1192 712 in
1227 659 1400 712 medio
1429 658 1688 726 gentium,
1718 666 1772 708 et
1809 655 2099 722 redarguet

535 756 782 825 populum
812 753 1035 807 multum
1089 748 1241 816 (lsai.
1275 763 1329 814 ιι,
1360 748 1413 810 '5,
1443 748 1520 810 4).
1554 746 1627 799 De
1662 745 1860 812 Spiritu
1913 752 2100 796 sancto

533 847 584 898 in
637 841 1115 912 Evangelio:Cum
1165 838 1371 892 venerit
1426 836 1656 906 Spiritus
1709 834 1798 887 ille
1848 844 2098 894 sanctus,

532 951 685 1003 quem
715 942 885 986 nnttet
915 932 1068 985 Pater
1093 930 1143 982 in
1173 926 1386 981 nomine
1415 941 1554 991 meo,
1589 927 1701 995 ipse
1739 933 1925 994 arguet
1947 939 2100 977 mun-

532 1028 656 1080 dum
686 1026 750 1079 dc
770 1034 984 1093 peccato
1009 1021 1186 1089 (Joan.
1218 1034 1326 1082 va,
1352 1017 1429 1087 8).

1131 1129 1357 1184 CAPUT
1409 1129 1488 1182 LI.

899 1246 976 1300 De
1009 1246 1264 1298 communi
1309 1241 1718 1312 congregatione.

599 1362 898 1430 Congregat
925 1360 1102 1421 Pater,
1131 1364 1419 1425 congregat
1448 1356 1633 1420 Filius,
1664 1359 1951 1421 congregat
1979 1351 2102 1421 Spi-

530 1456 663 1507 ritus
690 1461 926 1506 sanctus.
967 1449 1044 1502 De
1077 1449 1232 1501 Patre
1263 1448 1312 1500 in
1343 1447 1548 1514 psalmo
1571 1443 1869 1498 centesimo
1911 1444 2098 1510 quinto

533 1541 705 1608 (νινε.
737 1539 866 1607 4⁸ης
896 1537 1051 1591 Salva
1077 1550 1196 1600 nos,
1236 1535 1376 1587 Deus
1405 1542 1603 1596 noster,
1637 1539 1691 1584 et
1716 1545 1976 1599 congrega
2004 1545 2102 1585 nos
2214 1561 2217 1564 -

530 1633 597 1684 de
624 1629 891 1699 gentibus.
925 1627 998 1680 De
1025 1625 1158 1678 Filio
1189 1624 1240 1676 in
1273 1623 1404 1676 Isaia
1433 1638 1445 1673 :
1480 1621 1546 1674 Et
1577 1620 1924 1674 ambulabunt
1954 1621 2007 1673 in
2037 1633 2099 1674 ea

531 1721 788 1792 redempti
819 1718 1125 1787 congregati
1170 1731 1264 1784 per
1308 1714 1585 1769 Dominum
1637 1712 1790 1782 (Isai.
1824 1725 1989 1775 xxxv,
2017 1710 2096 1779 9).

530 1815 605 1869 De
638 1813 839 1882 Spiritu
869 1818 1054 1865 sancto
1099 1810 1150 1861 in
1173 1805 1307 1862 Isaia
1331 1823 1344 1860 :
1370 1805 1630 1871 Quoniam
1663 1803 1917 1858 Dominus
1945 1816 2093 1856 man-

528 1904 677 1959 davit
722 1903 861 1965 illis,
890 1910 942 1954 et
984 1899 1216 1969 Spiritus
1265 1899 1381 1966 ejus
1425 1892 1767 1965 congregavit
1806 1907 1901 1948 eos
1940 1889 2093 1962 (Isai.

530 2011 719 2061 xxxiv,
754 1995 863 2064 l6).

1122 2058 1345 2114 CAPUT
1385 2055 1492 2112 LIL

777 2172 924 2238 Quod
952 2173 1113 2225 omnis
1151 2170 1375 2224 Trinitas
1399 2168 1577 2238 ubique
1603 2165 1866 2221 consistat.

602 2287 809 2356 Ubique
840 2285 1016 2350 Pater,
1051 2284 1247 2353 ubique
1279 2282 1464 2346 Filius,
1492 2281 1692 2350 ubique
1715 2279 1945 2348 Spiritus
1974 2292 2099 2332 san-

530 2387 666 2434 ctus.
699 2378 770 2432 De
799 2376 955 2430 Patre
1001 2376 1051 2428 in
1080 2374 1309 2429 Ieremia
1335 2388 1349 2426 :
1385 2373 1508 2426 llaec
1536 2370 1668 2425 dicit
1709 2369 1965 2424 Dominus
1995 2370 2101 2422 vir-

529 2481 701 2525 tutum
725 2510 739 2534 ,
770 2470 909 2523 Dens
961 2467 1124 2521 Israel
1153 2484 1164 2517 :
1192 2465 1396 2520 Caelum
1426 2472 1482 2518 et
1525 2473 1718 2518 terram
1766 2475 1865 2531 ego
1905 2460 2101 2527 impleo

530 2562 664 2633 (Jer.
690 2573 838 2626 xxnt,
867 2556 981 2626 24-).
1009 2557 1135 2610 Item
1158 2553 1209 2608 in
1239 2553 1372 2607 Isaia
1399 2569 1411 2604 :
1441 2551 1645 2606 Caelum
1668 2549 1796 2604 mihi
1819 2549 1971 2604 sedes
1995 2555 2099 2613 est,

528 2663 670 2708 terra
695 2659 870 2704 autem
894 2646 1184 2702 scabellum
1209 2643 1399 2712 pedum
1417 2656 1656 2697 meorum
1683 2638 2000 2710 (1805.13",
2020 2639 2096 2706 l).

530 2748 603 2801 De
633 2745 767 2799 Filio
790 2743 842 2796 in
872 2740 1196 2796 Salomone:
1226 2735 1552 2805 Sapientiam
1585 2740 1761 2787 autem
1791 2745 1894 2785 non
1923 2732 2100 2785 vincet

529 2835 728 2890 malitia
758 2832 917 2904 (Sap.
965 2845 1056 2892 vn,
1106 2825 1219 2896 50).
1256 2825 1482 2894 Attingit
1510 2832 1688 2877 autem
1731 2836 1760 2874 a
1795 2822 1897 2876 liae
1931 2835 2100 2890 usque

529 2927 594 2980 ad
627 2926 786 2978 tinem
816 2921 1026 2976 fortiter
1053 2918 1211 2988 (Sap.
1242 2932 1354 2981 vni,
1390 2916 1466 2985 l).
1498 2915 1562 2970 Et
1593 2916 1643 2969 in
1675 2913 1880 2984 psalmo
1919 2925 2099 2968 cente-

530 3015 664 3068 simo
687 3009 923 3066 secundo
945 3008 1126 3078 (Vcrs.
1154 3006 1285 3076 22):
1320 3006 1374 3059 In
1405 3005 1548 3058 omni
1583 3004 1702 3058 loco
1721 3001 2098 3057 dominationis

530 3104 666 3173 ejus.
697 3102 771 3157 De
798 3100 1000 3170 Spiritu
1029 3106 1216 3152 sancto
1240 3098 1290 3150 in
1324 3095 1529 3164 psalmo
1554 3113 1566 3148 :
1596 3094 1712 3162 Quo
1733 3094 1820 3149 ibo
1847 3108 1877 3146 a
1899 3093 2095 3163 Spiritu

533 3204 659 3258 tuo,
685 3200 740 3246 et
770 3205 798 3243 a
829 3188 964 3243 facie
1011 3195 1099 3241 tua
1135 3200 1242 3256 quo
1287 3184 1525 3255 fugiam?
1567 3183 1625 3239 Si
1669 3181 1997 3240 descendero
2039 3182 2092 3238 in
2117 3181 2168 3246 .C

531 3281 801 3352 abyssum,
829 3276 959 3334 ades
987 3276 1159 3349 (Psal.
1191 3290 1454 3339 cxxvvnt,
1487 3274 1566 3345 7),
1600 3282 1705 3329 etc.

1115 3383 1340 3440 CAPUT
1379 3383 1510 3439 LIII.

971 3494 1049 3551 De
1071 3495 1324 3549 communi
1352 3476 1668 3548 liberatione.

602 3614 817 3670 Liberat
845 3609 1026 3674 Pater,
1050 3609 1244 3664 liberat
1267 3608 1458 3674 Filius.
1485 3608 1678 3663 liberat
1703 3605 1936 3676 Spiritus
1974 3618 2098 3660 san-

532 3714 666 3760 ctus.
685 3704 762 3758 De
781 3703 942 3756 Patre
963 3702 1015 3755 in
1041 3700 1248 3789 psalmo
1268 3700 1657 3789 septuagesimo
1680 3695 2095 3765 septimo(Vers.

534 3791 653 3862 55):
688 3793 753 3844 Et
793 3789 1134 3845 rememorati
1161 3787 1324 3858 468
1367 3796 1492 3842 sunt
1532 3784 1654 3856 quia
1698 3785 1840 3841 Deus
1889 3784 2101 3853 adjutor

537 3899 720 3938 eorum
750 3891 852 3950 est,
885 3891 940 3936 et
965 3882 1102 3936 Deus
1130 3881 1373 3935 excelsus
1401 3879 1656 3934 liberator
1684 3893 1866 3933 eorum
1903 3885 2002 3932 est.
2038 3877 2103 3931 Et

534 3973 588 4032 in
611 3973 814 4044 psalmo
839 3970 1282 4041 quinquagesimo
1302 3983 1453 4026 sexto
1475 3966 1651 4039 (Vera.
1683 3969 1738 4032 ὅ,
1769 3968 1855 4030 4):
1889 3968 2099 4022 Clama-

537 4067 604 4120 bo
644 4065 708 4119 ad
740 4064 904 4122 Deum
936 4062 1278 4126 altissimum,
1309 4061 1376 4116 ad
1409 4061 1692 4115 Dominum
1721 4059 1810 4129 qui
1841 4055 2102 4114 benelecit

534 4155 684 4220 inihi,
718 4153 859 4209 misit
887 4153 955 4208 de
979 4152 1119 4208 coelo
1147 4160 1203 4207 et
1232 4152 1481 4208 liberavit
1512 4166 1618 4215 me,
1646 4159 1751 4205 etc.
1788 4150 1863 4204 De
1887 4148 2020 4202 Filio
2049 4149 2099 4201 in

535 4246 824 4315 Evangelia
845 4261 861 4298 :
884 4243 942 4300 Si
971 4259 1066 4298 vos
1096 4243 1266 4298 Filius
1292 4244 1618 4308 liberaverit,
1659 4257 1785 4296 vere
1812 4239 1966 4295 liberi
1994 4241 2102 4293 eri-

543 4336 630 4398 tis,
663 4344 719 4388 et
735 4337 1068 4401 cognoscetis
1106 4334 1407 4399 veritatem,
1438 4341 1492 4387 et
1517 4332 1713 4386 veritas
1739 4329 1984 4384 liberabit
2009 4343 2104 4383 vos

543 4423 721 4492 (Joan.
752 4438 868 4489 vni,
893 4422 984 4486 '56,
1028 4421 1142 4491 '52).
1174 4422 1250 4476 De
1280 4422 1483 4490 Spiritu
1525 4432 1706 4477 sancto
1735 4423 1788 4475 in
1815 4422 2102 4491 Apostolo:

1840 357 2062 413 \‘ICILII
2103 357 2468 413 TAPSENSIS

535 490 839 552 peccaturos
894 478 1078 549 (Eccli.
1120 493 1173 543 v,
1220 477 1273 541 6,
1302 472 1378 542 7).
1424 473 1498 528 De
1548 471 1684 525 Filio
1733 471 1785 523 in
1816 471 1986 524 Isaia:
2021 472 2095 523 Ex
2128 477 2174 533 Α

3683 358 3774 415 ἂι

2801 466 3024 522 CAPLT
3067 465 3173 520 LV.

2313 554 2409 611 Ubi
2439 556 2665 608 advocati
2704 571 2882 609 nomen
2907 554 3172 636 Aﬁiliusret
3203 554 3430 622 Spiritus
3453 563 3663 607 sanctus

2811 634 2975 676 sortiti
3002 635 3140 678 sunt.

2272 715 2576 769 Advocatus
2607 715 2796 779 Filius,
2829 713 3114 767 advocatus
3139 712 3372 780 Spiritus
3413 721 3655 766 sanctus.
3693 712 3762 766 De

2205 806 2340 860 Filio
2366 809 2414 859 in
2435 807 2670 876 Epistula
2698 806 2916 860 Joannis
2936 807 3193 874 apostoli:
3218 806 3414 873 Filioli,
3449 807 3618 860 nolite
3652 822 3765 874 pec-

2201 912 2344 951 care.
2392 897 2540 961 Quod
2573 897 2618 949 si
2670 898 3095 965 peccaverimus,
3138 897 3454 951 advocatum
3510 898 3763 957 habemus

2200 986 2337 1054 apud
2371 985 2581 1040 Patrem
2613 983 2794 1039 Jesum
2817 985 3084 1038 Christum
3111 984 3310 1053 justum
3337 984 3390 1052 (1
3416 984 3574 1038 Joan.
3612 1001 3673 1049 ιι,
3693 987 3764 1058 1).

2203 1073 2277 1126 De
2303 1073 2503 1142 Spiritu
2527 1081 2713 1126 sancto
2734 1073 2784 1125 in
2813 1071 3105 1141 Evangelio
3130 1089 3142 1123 :
3169 1073 3276 1140 Ego
3304 1073 3502 1140 rogabo
3530 1073 3764 1136 Patrem,

2200 1172 2254 1218 et
2279 1165 2439 1217 alium
2469 1163 2800 1218 Paracletum
2842 1163 3154 1216 advocatum
3184 1162 3334 1217 dablt
3379 1163 3552 1231 vobis,
3587 1163 3764 1233 Spiri-

2203 1264 2311 1308 tum
2341 1254 2580 1310 veritatis
2606 1252 2789 1324 (Joan.
2822 1268 2928 1316 xrv,
2961 1252 3073 1321 16).

2787 1343 3013 1399 CAPUT
3051 1343 3184 1399 LVI.

2239 1435 2337 1489 Ubi
2365 1434 2412 1488 F
2415 1435 2533 1489 ilius
2561 1444 2609 1490 et
2645 1433 2872 1504 Spiritus
2902 1445 3107 1489 sanctus
3130 1449 3225 1504 pro
3262 1432 3497 1502 ﬁdelibus
3546 1433 3742 1503 pariter

2826 1525 3134 1594 interpellat.

2270 1611 2575 1681 Interpellat
2602 1612 2792 1674 Filius,
2827 1611 3132 1682 interpellat
3163 1611 3389 1681 Spiritus
3415 1619 3668 1665 sanctus.
3705 1610 3770 1664 De

2202 1702 2335 1756 Filio
2371 1701 2437 1755 ad
2470 1702 2774 1756 Romanos:
2807 1700 2939 1767 Quis
2979 1701 3246 1756 accusavit
3278 1702 3532 1756 adversus
3563 1701 3769 1754 electos

2153 1792 2337 1860 ;Dei?
2370 1791 2506 1846 Deus
2535 1792 2624 1860 qui
2673 1791 2950 1860 justilicat.
2992 1790 3121 1857 Quis
3157 1801 3238 1845 est
3276 1791 3364 1859 qui
3402 1789 3768 1844 condemnet?

2199 1883 2634 1950 ChristusJesus,
2663 1883 2753 1952 qui
2784 1890 3023 1936 mortuus
3051 1880 3214 1950 469
3239 1890 3339 1944 est,
3386 1878 3555 1947 magis
3585 1889 3762 1932 autem

2198 1986 2253 2031 et
2282 1976 2602 2040 resurrexit,
2636 1973 2722 2042 qui
2753 1979 2836 2026 est
2877 1971 2928 2024 in
2957 1971 3173 2024 dextera
3209 1969 3320 2034 Dei,
3367 1970 3450 2036 qui
3484 1971 3662 2023 etiam
3692 1969 3766 2020 in-

2200 2064 2442 2133 terpellat
2474 2078 2567 2130 pro
2596 2061 2749 2116 nobis
2775 2060 2953 2129 (Rom.
2988 2075 3109 2124 vni,
3137 2059 3248 2127 55).
3282 2058 3355 2112 De
3395 2056 3606 2124 Spiritu
3653 2072 3764 2109 san-

2199 2165 2286 2209 cto
2309 2153 2397 2207 ubi
2424 2167 2618 2222 supra:
2643 2150 2696 2207 Si
2715 2159 2892 2204 autem
2916 2148 3057 2219 quod
3079 2163 3183 2202 non
3207 2146 3443 2202 videmus
3464 2160 3762 2214 speramus,

2199 2254 2253 2298 et
2291 2259 2384 2312 per
2427 2242 2732 2312 pat'entiam
2764 2247 3152 2308 exspectamus.
3185 2235 3441 2292 Similiter
3486 2243 3676 2288 autem
3718 2242 3765 2286 et

2199 2331 2430 2400 Spiritus
2491 2329 2855 2383 inﬁrmitatem
2919 2335 3156 2381 nostram
3212 2323 3517 2394 interpellat
3578 2320 3762 2391 (I’ers.

2197 2423 2290 2489 25,
2319 2421 2431 2491 eo).

2773 2502 2996 2558 CAPUT
3037 2502 3194 2558 LVII.

2606 2593 2682 2647 lle
2708 2592 2963 2647 communi
2988 2591 3345 2659 aediﬁcatione.

2270 2683 2522 2740 Edilicat
2574 2682 2757 2749 Pater,
2788 2681 3018 2736 aediﬁcat
3054 2679 3236 2743 Filius,
3279 2679 3512 2734 aediﬁcat
3543 2677 3760 2749 Spiritus

2199 2784 2438 2829 sanctus.
2478 2773 2557 2827 De
2582 2771 2737 2826 Patre
2766 2770 2831 2824 ad
2878 2769 3228 2824 Corinthios:
3262 2769 3356 2824 Dei
3387 2784 3581 2825 sumus
3621 2771 3761 2837 adju-

2201 2870 2361 2928 tores,
2399 2862 2491 2916 Dei
2523 2859 2804 2914 tediIicatio
2829 2860 2962 2914 estis
2995 2857 3048 2930 (Ι
3077 2855 3196 2913 Cor.
3223 2874 3304 2926 nt,
3332 2859 3409 2929 9).
3445 2859 3512 2914 Et
3535 2860 3756 2915 iterum:

2200 2953 2257 3009 Si
2282 2950 2480 3023 aliquid
2530 2950 2888 3004 abundantius
2923 2948 3181 3018 gloriatus
3229 2948 3378 3002 fuero
3407 2948 3478 3001 de
3509 2958 3760 3017 potestate

2199 3053 2408 3108 nostra,
2437 3054 2592 3109 quam
2619 3038 2766 3094 dedit
2810 3037 2963 3092 nobis
3000 3038 3138 3093 Deus
3169 3039 3223 3092 in
3251 3037 3668 3094 aediﬁcationem
3706 3041 3759 3092 ti-

2195 3133 2392 3189 delium
2422 3128 2508 3200 (II
2536 3128 2658 3182 Cor.
2690 3143 2741 3193 x,
2775 3126 2852 3197 8).
2887 3127 2960 3182 De
2985 3125 3120 3181 Filio
3148 3127 3198 3180 in
3227 3126 3435 3197 psalmo
3465 3130 3757 3184 centesimo

2197 3219 2608 3297 quadragesimo
2636 3226 2790 3271 sexto
2821 3215 2998 3284 (Vers.
3026 3215 3114 3286 2):
3143 3215 3439 3272 Edilicans
3470 3216 3758 3273 Jerusalem

2202 3315 2481 3380 Dominus,
2506 3318 2560 3364 et
2585 3307 2863 3375 dispersos
2888 3304 3046 3359 Israel
3077 3319 3430 3375 congregans.
3466 3306 3546 3359 De
3573 3306 3759 3374 Spiritu

2199 3411 2384 3462 sancto
2411 3401 2465 3456 in
2493 3396 2673 3452 Juditb
2698 3409 2714 3449 :
2745 3394 2963 3464 Magnus
2982 3409 3040 3447 es
3066 3403 3120 3446 tu
3142 3403 3195 3448 et
3220 3393 3422 3457 clarus,
3456 3402 3512 3448 et
3540 3394 3759 3447 admira-

2199 3495 2325 3550 bilis
2354 3494 2407 3548 in
2436 3492 2637 3546 virtute
2668 3486 2891 3559 (Judith.
2921 3500 3038 3550 xvr,
3077 3484 3189 3553 I6).
3218 3485 3281 3539 Et
3304 3484 3475 3539 intra:
3505 3484 3628 3539 Tibi
3658 3498 3764 3538 ser-

2201 3589 2309 3641 viat
2335 3585 2510 3640 omnis
2537 3590 2780 3636 creatura
2802 3621 2816 3647 ,
2862 3578 2985 3647 quia
3017 3586 3072 3631 tu
3101 3577 3283 3631 dixisti
3336 3585 3392 3631 et
3439 3577 3580 3631 facta
3610 3584 3761 3640 sunt,

2197 3674 2392 3731 misisti
2422 3671 2682 3742 Spiritum
2725 3677 2872 3723 tuum
2903 3675 2958 3722 et
2985 3664 3245 3721 :ndilicata
3272 3674 3398 3721 sunt
3443 3665 3624 3737 (Ven.
3651 3665 3756 3734 Π).

2759 3779 2988 3837 CAPUT
3027 3779 3203 3835 LVIII.

2527 3874 2627 3930 Ubi
2659 3872 2885 3927 Trinitas
2910 3873 3193 3926 castitatem
3222 3867 3434 3927 tribuat.

2275 3968 2589 4025 Castitatem
2616 3965 2711 4021 dat
2739 3963 2918 4031 Pater,
2940 3964 3029 4018 dat
3051 3963 3238 4028 Filius,
3270 3963 3362 4018 dat
3389 3965 3618 4034 Spiritus
3643 3979 3764 4018 san-

2202 4070 2342 4118 ctus.
2376 4060 2448 4115 De
2468 4059 2630 4113 Patre
2653 4058 2704 4110 in
2739 4054 3044 4110 Esdraz'l‘u
3078 4055 3218 4109 Deus
3247 4054 3414 4118 fortis,
3452 4071 3688 4126 magnus,
3712 4063 3763 4108 et

2202 4151 2418 4216 valens,
2447 4157 2501 4203 et
2542 4147 2882 4211 metuendus,
2931 4145 3018 4213 qni
3046 4145 3280 4199 custodis
3312 4153 3686 4199 testamentum
3713 4153 3762 4198 et

2201 4238 2629 4295 misericordiam
2678 4237 2858 4306 (Esdr.
2909 4250 2956 4303 I,
2990 4234 3067 4304 5).
3119 4235 3192 4288 De
3223 4235 3360 4288 Filio
3390 4236 3442 4290 in
3475 4236 3758 4305 Apostolo:

2205 4330 2393 4384 Timeo
2432 4336 2608 4381 autem
2641 4339 2707 4380 ne
2729 4364 2746 4390 ,
2775 4325 2913 4377 sicut
2950 4337 3171 4391 serpens
3199 4324 3394 4376 astutia
3435 4339 3533 4378 sua
3563 4324 3765 4379 seduxit

2209 4419 2371 4474 Evam
2395 4458 2410 4481 ,
2444 4418 2514 4470 ita
2558 4421 2968 4482 corrumpantur
2995 4427 3183 4467 sensus
3231 4413 3398 4468 nostri
3428 4429 3457 4464 a
3488 4415 3723 4467 castitate
3745 4453 3759 4472 ,

539 4513 772 4582 Spiritus
799 4513 923 4565 vita:
952 4511 1006 4600 in
1028 4510 1240 4564 Christo
1265 4510 1388 4565 Jesu
1419 4512 1662 4565 liberavit
1686 4527 1769 4566 me
1793 4526 1820 4563 a
1842 4512 1958 4579 lege
1985 4524 2106 4578 pec-
2133 4540 2184 4600 ο
2212 4523 2329 4578 qure
2357 4515 2439 4562 est
2471 4507 2525 4559 in
2551 4503 2766 4560 Christo
2813 4500 3054 4600 {esu-(ll
3084 4502 3204 4555 Cor.
3250 4517 3320 4564 ιι,
3355 4503 3434 4572 5).
3473 4503 3547 4557 De
3574 4503 3762 4568 Spiritu

537 4603 644 4657 cati
668 4611 722 4657 et
748 4600 934 4656 mortis
961 4599 1138 4671 (Rom.
1169 4616 1284 4669 vin,
1309 4600 1389 4669 2).
1420 4601 1484 4655 Et
1508 4618 1521 4654 :
1557 4601 1656 4657 Ubi
1684 4601 1903 4670 Spiritus
1927 4599 2107 4656 Domi-

539 4694 613 4758 ni,
647 4693 718 4750 ibi
743 4702 796 4748 et
823 4693 1042 4749 libertas
1072 4690 1157 4762 (ll
1181 4691 1299 4746 Cor.
1329 4707 1406 4756 tu,
1442 4691 1555 4759 I7).

1125 4801 1349 4859 CAPUT
1391 4800 1521 4856 LIV.

951 4915 1027 4969 De
1049 4915 1299 4968 communi
1325 4915 1690 4982 increpatione.

615 5029 856 5097 Increpat
879 5026 1063 5093 Pater,
1106 5026 1345 5096 increpat
1371 5027 1562 5093 Filius,
1603 5027 1844 5096 increpat
1880 5025 2107 5095 Spiritus

541 5130 782 5176 sanctus.
817 5119 892 5175 De
919 5119 1079 5175 Patre
1110 5119 1162 5173 in
1183 5119 1389 5188 psalmo
1417 5119 1708 5174 centesimo
1721 5119 1907 5189 quinto
1930 5117 2104 5188 (Vm.

540 5216 607 5282 8,
637 5215 725 5282 9):
755 5213 826 5269 Ut
854 5219 1031 5268 notam
1064 5210 1225 5266 faciat
1273 5209 1558 5279 potentiam
1588 5224 1760 5275 suam,
1813 5210 2110 5278 increpavit

543 5308 725 5362 Itubro
748 5305 908 5371 mari,
937 5313 991 5361 et
1015 5306 1268 5361 siccatum
1299 5310 1399 5358 est.
1438 5302 1512 5356 De
1529 5302 1668 5356 Filio
1696 5302 1748 5356 in
1777 5299 2064 5370 Evangelio
2091 5317 2105 5354 :

541 5399 604 5453 Et
629 5411 853 5468 surgens
877 5395 1174 5464 increpavit
1196 5403 1352 5451 vento
1372 5403 1426 5449 et
1451 5393 1606 5459 mari,
1635 5402 1687 5448 et
1709 5392 1843 5446 facta
1866 5400 1947 5447 est
1970 5401 2105 5445 tran-

537 5488 772 5554 quillitas
800 5501 986 5556 magna
1013 5484 1167 5557 (Luc.
1212 5499 1325 5549 vnt,
1354 5484 1470 5554 24).
1501 5483 1576 5538 De
1606 5481 1807 5552 Spiritu
1834 5490 2022 5537 sancto
2053 5484 2105 5536 in

541 5578 749 5631 cantico
771 5576 938 5632 Exodi
968 5593 979 5627 :
1006 5575 1071 5629 Et
1094 5589 1188 5644 per
1214 5573 1461 5643 spiritum
1494 5572 1780 5626 iracundia:
1801 5578 1905 5626 tute
1933 5569 2106 5624 divisa

542 5671 626 5715 est
654 5678 786 5730 aqua
811 5705 824 5727 .
858 5664 1164 5734 gelaverunt
1194 5663 1381 5719 ﬂuctus
1411 5662 1467 5716 in
1499 5660 1673 5717 medio
1712 5661 1844 5716 mari
1903 5661 2100 5730 (Exod.

549 5762 635 5812 xv,
666 5751 743 5821 8).

2214 4606 2399 4651 sancto
2443 4597 2494 4648 in
2539 4593 2771 4663 Epistola
2824 4591 2962 4644 Petri
3000 4591 3224 4658 apostoli
3259 4607 3273 4643 :
3304 4592 3525 4643 At‘iimas
3571 4599 3765 4643 vestras

2214 4700 2308 4754 per
2336 4684 2592 4750 Spiritum
2624 4680 2869 4734 castitate
2898 4678 2962 4732 ad
2991 4678 3348 4733 obedientiam
3383 4679 3505 4734 ﬁdei
3537 4678 3597 4751 (I
3624 4678 3761 4731 Petr.

2210 4789 2257 4838 ¹⁹
2293 4772 2407 4841 ’ω’
2790 4835 3014 4890 CAPUT
3054 4835 3186 4889 th.

2637 4926 2713 4981 De
2739 4928 2990 4981 communi
3028 4926 3358 4979 habitatione.

2284 5021 2500 5076 lIabitat
2524 5019 2678 5073 Pater
2712 5021 2762 5071 in
2792 5017 3155 5083 credentibus,
3188 5015 3391 5069 habitat
3418 5015 3770 5082 Filius,.habi-

2211 5120 2286 5165 tat
2331 5111 2564 5176 Spiritus
2607 5118 2844 5162 sanctus.
2878 5108 2952 5161 De
2997 5106 3153 5160 Patre
3201 5107 3255 5159 in
3288 5105 3418 5159 Isaia
3447 5125 3458 5157 :
3491 5107 3614 5160 Ila‘c
3649 5106 3770 5158 dicit

2212 5201 2466 5256 Dominus
2509 5200 2648 5254 Deus
2673 5199 2833 5268 4⁵10
2862 5198 3199 5263 omnipotens
3235 5211 3250 5248 :
3291 5194 3590 5250 Observate
3635 5196 3767 5248 diem

2209 5294 2444 5360 sabbati,
2478 5302 2533 5348 et
2575 5291 2907 5346 sanctiﬁcate
2957 5305 3076 5344 eum
3103 5329 3120 5356 ,
3149 5298 3206 5342 ut
3235 5287 3470 5342 habitem
3518 5288 3571 5341 in
3603 5286 3771 5340 medio

2209 5385 2371 5440 vestri
2403 5383 2558 5454 (Isai.
2608 5399 2712 5448 LVI,
2744 5381 2821 5449 4).
2855 5382 2929 5435 De
2976 5380 3109 5434 Filio
3156 5381 3207 5432 in
3239 5379 3564 5448 Apocalypsi
3597 5397 3609 5432 :
3642 5377 3771 5431 Ecce

2211 5473 2609 5529 tabernaculum
2642 5471 2736 5525 Dei
2785 5485 2904 5524 cum
2939 5469 3244 5524 hominibus
3274 5478 3328 5522 et
3357 5467 3616 5521 habitabit
3656 5479 3771 5519 cum

2210 5568 2288 5622 eis
2319 5568 2369 5621 in
2400 5568 2557 5622 terris
2588 5567 2769 5635 (Apoc.
2803 5580 2914 5630 χιιι,
2941 5565 3016 5633 5).
3045 5564 3108 5618 Ει
3141 5564 3331 5617 iterum
3355 5563 3454 5618 :Et
3481 5559 3774 5616 inhabitabo

2215 5659 2268 5711 in
2300 5657 2428 5723 illis,
2451 5664 2506 5711 et
2531 5655 2666 5709 inter
2687 5669 2778 5709 eos
2798 5653 3101 5715 ambulabo,
3123 5652 3253 5706 dicit
3274 5652 3533 5706 Dominus
3553 5650 3631 5720 (11
3658 5649 3776 5702 Car.

2216 5765 2286 5814 vr,
2318 5749 2421 5817 l6).
2455 5749 2525 5805 De
2543 5747 2741 5818 Spiritu
2771 5753 2956 5802 sancto
2975 5745 3040 5800 ad
3061 5743 3368 5799 Corinthios
3386 5761 3398 5798 :
3416 5742 3637 5799 Nescitis
3657 5740 3777 5810 quia
