3978 6380
182 412 274 466 £25

175 618 223 687 (l
250 617 366 671 Cor.
402 631 479 684 111,
518 622 644 690 l6)?

754 691 980 748 CAPUT
1020 695 1129 749 LX.

608 804 680 857 De
707 810 958 860 communi
987 812 1289 881 regnitione.

239 911 584 978 Cognoscitur
608 913 761 969 Pater
778 957 792 976 ,
818 922 1154 985 cognoscitur
1180 922 1359 989 Filius,
1392 927 1729 994 cognoscitur

172 1002 391 1069 Spiritus
435 1012 668 1059 sanctus.
705 1006 777 1059 De
807 1008 968 1063 Patre
994 1012 1058 1065 ad
1084 1011 1335 1068 Galatas:
1367 1015 1514 1069 Nunc
1551 1028 1726 1070 autem

168 1107 541 1161 cognoscentes
572 1096 759 1161 Deum,
786 1099 892 1152 imo
919 1104 1111 1171 cogniti
1141 1121 1167 1156 a
1204 1106 1311 1159 Deo
1356 1107 1496 1176 (Gal.
1542 1125 1615 1175 tv,
1644 1111 1726 1180 9).

170 1181 231 1234 Et
258 1184 305 1235 in
340 1184 580 1251 Epistula
623 1188 841 1241 Joannis
869 1208 885 1243 :
919 1192 1103 1247 Scribo
1134 1197 1317 1259 vobis,
1348 1198 1481 1252 Patr-
1505 1215 1561 1264 s,
1606 1202 1728 1269 quia

167 1274 480 1339 cognovistis
507 1290 625 1330 811111
659 1278 747 1346 qui
779 1280 845 1331 ab
873 1281 1022 1335 initio
1052 1293 1130 1336 est
1159 1283 1211 1353 (I
1237 1287 1395 1339 Joan.
1429 1303 1484 1348 ιι,
1516 1286 1623 1357 15).
1657 1290 1729 1344 08

168 1366 291 1420 Filio
317 1376 377 1421 et
403 1367 556 1423 Patre
588 1369 639 1423 in
669 1372 955 1441 Evangelio
984 1391 996 1425 :
1030 1375 1098 1430 Ut
1129 1392 1448 1446 cognoscant
1474 1391 1523 1434 te
1556 1381 1725 1435 solum

166 1473 334 1511 verum
369 1459 555 1525 Deum,
582 1470 636 1514 et
663 1478 818 1530 quem
848 1465 1038 1519 misisti
1058 1466 1240 1520 Iesum
1262 1470 1723 1540 Christrrmann.

166 1563 282 1616 xm,
314 1549 395 1617 5).
424 1550 498 1604 08
530 1552 726 1619 Spiritu
760 1565 945 1610 sant-to
977 1557 1027 1609 in
1058 1557 1340 1626 Evangel'o
1362 1576 1372 1611 :
1397 1554 1503 1629 Ego
1533 1563 1727 1631 rogabo

164 1637 402 1704 Patrem,
434 1650 487 1694 ct
524 1643 690 1720 alium_
728 1644 1054 1699 Paracletum
1100 1650 1184 1701 dal
1208 1651 1244 1701 it
1285 1650 1433 1704 vobis
1472 1653 1723 1720 Spiritum

163 1731 395 1785 veritatis
424 1731 602 1801 (Joan.
636 1708 744 1797 xiv,
773 1736 883 1804 16).
911 1738 975 1791 Et
1004 1738 1134 1792 infra
1164 1758 1174 1791 :
1210 1740 1313 1794 Vos
1334 1752 1506 1795 autem
1530 1759 1700 1811 coguo

163 1823 303 1877 vistis
332 1839 479 1891 eum,
511 1826 630 1895 quia
665 1827 936 1883 vobiscum
968 1840 1048 1884 est
1079 1831 1232 1901 (Ibid.
1252 1876 1266 1898 ,
1300 1837 1409 1903 17).

736 1938 962 1995 CAPUT
1001 1941 1133 1995 LXI.

614 2047 689 2103 De
718 2054 973 2106 communi
999 2053 1258 2110 electione.

226 2154 387 2223 Eligit
416 2156 592 2223 Pater,
626 2160 773 2228 eligit
806 2163 991 2225 Filius,
1023 2165 1071 2218 cI
1092 2166 1171 2234 git
1210 2166 1438 2233 Spiritus
1483 2180 1716 2225 sanctus.

158 2244 228 2297 De
252 2246 409 2302 Patre
440 2250 490 2303 in
520 2254 806 2318 Apostolo:
834 2254 1146 2311 Benedictus
1171 2258 1307 2312 Deus
1359 2271 1411 2314 et
1441 2260 1594 2316 Pater
1618 2263 1720 2316 Do-

155 2335 283 2389 mini
313 2339 479 2393 nostri
516 2340 639 2393 Jesu
667 2344 883 2408 Christi,
915 2347 1005 2414 qui
1047 2348 1207 2416 elegit
1238 2365 1334 2403 nos
1365 2362 1489 2404 aute
1516 2355 1718 2405 consti-

152 2428 411 2482 tutionem
444 2431 623 2484 mundi
651 2432 861 2503 (Ephes.
885 2452 923 2500 1,
954 2438 1005 2499 3,
1032 2437 1107 2507 1).
1139 2438 1213 2493 08
1240 2440 1372 2494 Filio
1395 2444 1444 2494 in
1477 2442 1717 2512 Evange-

149 2516 250 2570 lio:
278 2514 510 2573 Non'vos
534 2536 617 2575 me
638 2524 893 2592 elegiStis,
916 2528 1009 2581 sed
1031 2542 1130 2596 ego
1148 2545 1240 2583 vos
1263 2532 1396 2599 elegi
1426 2532 1493 2586 de
1524 2536 1721 2589 mundo

150 2607 334 2673 (Joan.
364 2626 450 2674 xv,
497 2612 602 2681 16).
638 2614 710 2668 08
750 2616 948 2684 Spiritu
980 2631 1166 2672 sancto
1197 2621 1248 2674 in
1294 2623 1514 2678 Actibus
1542 2643 1553 2676 :
1586 2626 1716 2681 Cum

143 2714 278 2765 ergo
302 2701 634 2770 jejunasseut
662 2715 715 2760 et
741 2720 1007 2772 orassent,
1038 2711 1173 2765 dixit
1223 2714 1301 2768 eis
1332 2714 1559 2782 Spiritus
1590 2732 1716 2772 sau-

144 2798 264 2845 ctus
295 2810 308 2843 z
337 2794 625 2864 Segregate
656 2798 782 2851 mihi
815 2800 1105 2856 Barnabam
1146 2814 1197 2857 et
1228 2805 1445 2860 Paulum
1480 2807 1530 2861 111
1556 2824 1717 2878 opere

143 2896 251 2948 quo
281 2885 417 2953 e'egi
447 2900 541 2941 eos
574 2888 710 2954 (Act.
746 2905 864 2955 xtn,
897 2891 977 2959 Ξ).

710 3000 937 3057 CAPUT
987 3004 1144 3059 LXII.

659 3100 731 3154 De
758 3105 1010 3158 communi
1035 3122 1209 3178 regno.

214 3209 418 3279 Regnat
448 3210 635 3278 Pater,
674 3226 857 3285 regnat
892 3218 1083 3284 Filius,
1118 3232 1300 3291 regnat
1329 3224 1558 3291 Spiritus
1589 3242 1711 3283 san-

141 3310 277 3355 ctus.
326 3300 403 3356 De
443 3302 599 3358 Patre
641 3305 693 3359 in
737 3308 1056 3378 Evangelio:
1092 3312 1147 3366 Si
1178 3315 1296 3383 quis
1341 3331 1445 3371 non
1494 3330 1711 3374 renatus

145 3392 308 3445 1118111
327 3410 390 3447 ex
423 3410 554 3462 aqua
577 3406 630 3449 et
653 3395 811 3469 47ι
845 3399 1044 3467 Spiritu
1071 3415 1276 3471 sancto,
1299 3422 1404 3461 non
1434 3417 1607 3476 potest
1635 3412 1712 3463 vi-

140 3482 268 3537 dere
296 3500 515 3552 regnum
550 3487 639 3540 Dei
672 3487 851 3557 (Joan.
886 3506 942 3544 ιιι
965 3535 978 3558 ,
1013 3493 1094 3563 5).
1122 3495 1198 3548 08
1246 3495 1380 3550 Filio
1421 3498 1473 3551 in
1507 3503 1712 3567 psalmo

139 3578 485 3642 nonagesimo
513 3579 705 3646 quinto
733 3578 913 3637 (Vera.
963 3583 1081 3651 10):
1120 3583 1289 3640 Dicite
1331 3587 1382 3640 in
1431 3590 1707 3657 gentibus,

138 3661 399 3718 Dominus
426 3667 667 3735 regnavit
708 3683 738 3723 a
770 3668 932 3736 ligno.
986 3673 1057 3724 De
1084 3673 1285 3741 Spiritu
1316 3688 1500 3732 sancto
1532 3679 1584 3733 in
1613 3679 1709 3733 Sa~

137 3751 393 3810 temone:
422 3759 463 3810 A
496 3759 687 3826 spiritu
734 3761 941 3816 Domini
985 3764 1107 3819 data
1148 3778 1226 3821 est
1276 3778 1505 3837 potestas
1559 3773 1711 3827 vobis

134 3844 293 3915 (Sep.
326 3863 396 3909 νι,
428 3850 508 3919 1).
537 3852 599 3905 Et
633 3852 767 3905 infra
798 3871 809 3905 :
837 3855 1044 3909 Etcum
1074 3860 1266 3913 essetis
1291 3861 1520 3917 ministri
1563 3867 1708 3933 regni

130 3934 302 4005 illius,
338 3956 441 3995 non
471 3955 614 3999 recte
639 3945 916 4013 judicastis
950 3948 1138 4019 (lbid.,
1169 3952 1245 4019 5).

696 4057 919 4114 CAPUT
960 4062 1136 4117 LXIII.

515 4154 588 4207 De
613 4161 867 4211 communi
898 4165 1313 4226 perscrutatione.

198 4262 487 4321 Scrutatur
513 4266 667 4323 Pater
687 4311 700 4332 ,
733 4281 995 4325 scrutatur
1022 4276 1182 4329 Filius
1200 4318 1214 4337 ,
1246 4287 1512 4333 scrutatur
1538 4280 1705 4349 Spiri-

125 4366 212 4409 tus
243 4370 483 4412 sanetus.
521 4360 592 4415 De
616 4361 771 4417 Patre
796 4365 845 4417 in
872 4365 1079 4433 psalmo
1108 4370 1403 4422 centesimo
1434 4371 1704 4441 trigesimo

124 4460 319 4502 octavo
365 4450 541 4522 (γεγε.
595 4452 740 4521 25):
778 4454 943 4509 Proba
989 4474 1100 4512 1118.
1137 4459 1390 4523 Domine;
1426 4464 1559 4515 scito
1608 4479 1702 4520 cor

125 4554 304 4593 meum
326 4584 340 4608 ,
368 4554 609 4597 scrutare
647 4559 763 4608 me,
791 4556 844 4599 et
874 4562 1135 4615 cognosce
1161 4550 1384 4605 semitas
1416 4568 1578 4609 meas.
1626 4556 1701 4611 De

125 4629 261 4684 r‘ilio
292 4632 344 4685 in
379 4634 693 4705 Apocalypsi
722 4652 735 4688 :
772 4637 837 4689 Et
866 4639 1035 4692 scient
1064 4654 1252 4695 omnes
1277 4643 1523 4697 Ecclesia:
1575 4647 1693 4715 quia
1726 4644 1777 4703 D

122 4735 219 4789 ego
243 4737 362 4777 sum
390 4733 653 4779 scrutator
675 4727 853 4780 cordis
885 4737 937 4783 et
966 4745 1151 4785 renum
1174 4730 1357 4803 (A’poc.
1392 4750 1449 4795 11,
1468 4736 1581 4807 25).
1618 4739 1691 4792 08

122 4809 320 4880 Spiritu
362 4824 549 4869 sancto
595 4816 645 4868 in
695 4816 951 4885 Apostolo
989 4821 1258 4887 :Spiritus
1314 4827 1455 4877 cnim
1510 4829 1688 4883 omnia

122 4913 408 4971 scrutatur,
440 4907 599 4961 etiam
632 4908 891 4977 profunda
926 4910 1015 4962 Dei
1052 4910 1103 4979 (Ι
1129 4911 1245 4965 Cor.
1283 4929 1339 4979 11,
1376 4916 1483 4984 10).

679 5018 903 5074 CAPUT
944 5021 1125 5075 LXIV.

558 5106 633 5160 De
659 5112 910 5164 communi
936 5114 1249 5178 probatione.

182 5214 383 5271 Probat
405 5215 597 5286 Pater,
630 5224 818 5288 probat
845 5224 1040 5289 Filius,
1086 5229 1273 5295 probat
1310 5232 1538 5299 Spiritus
1565 5250 1687 5289 san-

117 5317 243 5358 81115.
280 5308 361 5360 08
390 5308 544 5362 Patre
575 5313 640 5363 ad
683 5312 1185 5370 Thessalonicenses
1215 5334 1227 5370 :
1264 5320 1335 5373 Ita
1388 5325 1682 5391 loquimur,

116 5408 215 5449 non
245 5398 398 5466 quasi
428 5399 729 5455 hominibus
760 5404 1050 5471 placentes,
1084 5410 1177 5461 sed
1216 5410 1343 5479 Deo,
1374 5415 1462 5480 qui
1496 5416 1684 5480 probat

116 5486 267 5539 corda
293 5499 480 5542 nostra
509 5488 564 5557 (l
597 5490 775 5545 Thess.
811 5510 865 5557 11,
898 5496 976 5562 4).
1013 5497 1084 5551 08
1110 5498 1243 5553 Filio
1280 5501 1329 5554 in
1362 5502 1678 5561 Salomone:

116 5574 257 5631 Sicut
278 5595 469 5633 aurum
504 5582 553 5634 in
584 5582 797 5638 fornace
839 5587 1084 5653 probavit
1132 5605 1247 5657 eos,
1277 5602 1332 5646 et
1360 5595 1557 5650 invenit
1589 5613 1681 5653 eos

117 5666 296 5735 dignos
328 5686 388 5724 se
412 5672 569 5740 (Sap.
594 5688 669 5736 111,
694 5676 770 5742 0).
809 5676 883 5729 08
906 5678 1103 5746 Spiritu
1133 5696 1225 5735 san
1264 5692 1317 5737 to
1347 5686 1396 5739 in
1431 5686 1677 5744 Salomo-

116 5770 177 5809 ne
206 5776 217 5809 :
250 5762 485 5829 Spiritus
515 5762 721 5817 Domini
757 5767 947 5833 probat
976 5772 1133 5823 corda
1156 5771 1345 5840 (Prov.
1393 5793 1498 5831 xvu
1523 5820 1535 5841 ,
1569 5783 1634 5849 5)
1662 5799 1675 5833 :

115 5851 486 5907 exterminabit
510 5863 684 5909 autem
713 5857 905 5923 impios
932 5875 959 5913 a
996 5870 1130 5918 terra
1167 5864 1344 5933 (Prov.
1376 5884 1433 5935 11,
1464 5870 1577 5938 22).

385 5943 649 6007 Ριτιιυι..
712 5949 900 6011 [ΧΠ.

1237 423 1501 477 CONTRA
1544 422 1945 481 VARIMADUM
1985 428 2109 485 LIB.
2155 432 2235 485 III.

179 528 417 595 templum
451 528 539 580 01ιί
569 529 730 594 estis,
764 540 814 583 et
845 530 1068 599 Spiritus
1097 533 1188 587 Dei
1237 536 1436 589 habitat
1479 537 1530 589 in
1575 537 1727 591 vobis
1756 551 1805 609 Α

3292 446 3457 502 426"

2409 548 2630 603 CAPUT
2671 552 2827 605 LXV.

2236 653 2311 709 De
2339 663 2594 714 communi
2620 665 2986 731 testiﬁcatione.

1900 764 2235 822 Testilicatur
2280 772 2466 839 Pater,
2500 778 2810 833 testiﬁcatur
2860 781 3053 849 Filius,
3086 785 3397 841 testiﬁcatur

1831 854 2059 924 Spiritus
2103 874 2341 916 sanctus.
2376 864 2450 919 De
2480 867 2635 923 Patre
2665 870 2716 923 in
2752 854 2957 938 psalmo
2978 884 3164 928 octavo
3187 874 3398 929 decimo

1831 946 2004 1014 (Vera.
2035 948 2090 1019 8)
2122 969 2133 1002 :
2163 952 2545 1009 Testimonium
2577 959 2668 1013 Dei
2711 960 2891 1025 ﬁdele,
2916 965 3231 1031 sapit-titiam
3261 980 3399 1033 prte-

1831 1043 1978 1089 staus
2011 1041 2264 1104 parvulis.
2289 1043 2363 1096 De
2385 1043 2519 1099 Filio
2542 1048 2607 1100 ad
2625 1048 2960 1105 Timotheum
2984 1072 2995 1104 :
3024 1054 3281 1122 Prmcipio
3307 1058 3397 1109 tibi

1830 1140 2009 1181 coram
2043 1130 2182 1195 Deo,
2220 1132 2308 1199 qui
2338 1138 2620 1190 conlirmat
2659 1146 2832 1193 omnia
2854 1184 2869 1207 ,
2901 1151 2955 1197 et
3000 1142 3212 1198 Christo
3241 1146 3393 1210 Jesu,

1831 1220 1919 1286 qui
1955 1224 2313 1277 testimonium
2361 1226 2592 1281 reddidit
2633 1231 2730 1284 sub
2760 1231 2951 1287 Pontio
2980 1235 3149 1290 Pilato
3178 1236 3228 1308 (I
3261 1237 3393 1289 Tim.

1832 1327 1915 1375 vt,
1947 1312 2057 1381 15).
2085 1312 2246 1386 472
2277 1316 2349 1371 08
2377 1318 2577 1385 Spiritu
2622 1333 2807 1379 sancto
2853 1326 2904 1379 in
2932 1329 3189 1395 Apostolo
3218 1346 3231 1384 :
3267 1331 3394 1383 Nam

1830 1400 1943 1469 ipse
2007 1400 2237 1471 Spiritus
2290 1408 2659 1465 testimonium
2719 1412 2895 1467 reddit
2950 1417 3157 1485 spiritui
3216 1429 3398 1473 nostro

1828 1491 2003 1561 (llam.
2032 1510 2144 1561 vnt,
2180 1495 2295 1565 16).
2389 1568 2614 1624 ΟΜ)οΤ
2655 1570 2837 1625 LXVI.

2284 1656 2358 1709 De
2386 1661 2639 1712 communi
2670 1665 2936 1715 creatione.

1897 1764 2120 1820 Creator
2148 1766 2341 1821 dicitur
2369 1768 2546 1828 Pater.
2582 1771 2679 1826 hoc
2720 1783 2770 1826 et
2803 1774 2985 1840 Filius,
3022 1778 3122 1832 hoc.
3168 1779 3395 1848 Spiritus

1827 1868 2059 1912 sanctus.
2097 1859 2171 1913 De
2219 1860 2374 1915 Patre
2403 1863 2468 1916 ad
2500 1862 2758 1932 Ephesius
2788 1884 2799 1917 :
2836 1867 3139 1923 Illuminare
3167 1888 3352 1927 omnes
3377 1917 3390 1938 ,

1826 1962 1943 2014 qua:
1973 1950 2043 2003 sit
2083 1949 2411 2020 dispensatio
2438 1956 2753 2008 sacramenti
2798 1957 3092 2014 absconditi
3116 1976 3144 2013 a
3184 1964 3394 2019 smculis

1826 2041 1875 2093 111
1909 2042 2041 2109 080,
2074 2047 2158 2113 qui
2190 2048 2367 2100 omnia
2395 2050 2597 2103 creavit
2627 2050 2842 2120 (Ephes.
2870 2070 2945 2117 111,
2970 2056 3046 2125 9).
3078 2056 3151 2112 08
3169 2058 3303 2114 Filio
3326 2063 3392 2115 ad

1826 2133 2134 2191 ltomauos:
2170 2138 2481 2203 Coluerunt,
2520 2152 2572 2195 ct
2608 2144 2905 2199 ~ervierunt
2929 2163 3189 2205 creatura:
3216 2154 3391 2221 potius

1820 2240 1977 2290 quam
2006 2224 2271 2291 Creatori,
2298 2231 2385 2298 qui
2410 2241 2491 2285 est
2520 2248 2680 2301 super
2704 2239 2879 2290 omnia
2910 2240 3046 2293 Deus
3083 2240 3392 2299 benedictus

1824 2315 1874 2365 in
1898 2316 2091 2368 smeula
2120 2319 2293 2386 (Rom.
2320 2336 2355 2379 1,
2380 2320 2499 2390 9.5).
2529 2322 2603 2377 De
2632 2326 2831 2393 Spiritu
2855 2336 3040 2411 50111110
3072 2332 3121 2384 in
3150 2334 3391 2390 Salomo-

1824 2418 1929 2457 ne:
1965 2406 2027 2458 Et
2053 2406 2182 2460 vidit
2208 2451 2221 2469 ,
2254 2420 2308 2462 81
2337 2410 2714 2482 dinumeravit,
2744 2426 2799 2469 et
2828 2406 3042 2474 1118ιὲ115
3072 2432 3153 2476 est
3182 2428 3388 2492 omnia;

1824 2491 1935 2559 ipse
1956 2495 2153 2548 creavit
2184 2512 2242 2549 ea
2276 2513 2370 2565 per
2392 2500 2645 2566 Spiritum
2679 2518 2921 2561 sanctum
2952 2508 3134 2578 (Ereti.
3169 2530 3204 2574 ι,
3240 2516 3317 2582 9).

2371 2610 2594 2667 CAPUT
2635 2614 2841 2670 LXVII.

2306 2701 2382 2755 De
2411 2707 2660 2759 communi
2698 2708 2907 2762 ducatu.

1894 2807 2005 2862 Dux
2036 2810 2231 2866 dicitur
2277 2813 2465 2881 Pater,
2499 2818 2597 2871 hoc
2628 2819 2791 2875 Filius
2812 2863 2827 2887 ,
2876 2825 2975 2878 hoc
3005 2827 3234 2895 Spiritus
3266 2846 3390 2886 san-

1818 2907 1957 2953 ctus.
1989 2900 2062 2955 De
2093 2902 2248 2958 Patre
2280 2905 2328 2959 in
2360 2906 2805 2965 Deuteronomio:
2840 2914 2907 2969 Et
2928 2916 3061 2972 dixit
3089 2920 3298 2992 Moyses
3321 2927 3387 2980 ad

1816 3006 1976 3047 omne
1999 3010 2029 3046 u
2063 2996 2401 3067 Synagogam
2427 2999 2658 3056 filiorum
2691 3004 2850 3061 Israel
2878 3025 2889 3058 :
2920 3008 3121 3065 Scitote
3144 3022 3199 3067 et
3231 3015 3387 3071 intel-

1816 3080 1993 3150 ligite,
2043 3088 2292 3154 quoniam
2343 3090 2394 3143 iu
2427 3107 2586 3146 manu
2640 3098 2758 3150 forti
2799 3108 2855 3152 et
2903 3100 3122 3158 brachio
3168 3110 3387 3163 excelso

1815 3176 1997 3230 eduxit
2024 3193 2115 3231 vos
2147 3180 2291 3265 Deus
2311 3191 2487 3237 vester
2505 3185 2571 3239 de
2599 3188 2775 3243 medio
2805 3188 3175 3261 Egyptiorum
3201 3198 3381 3268 (Deut.

1740 3281 1785 3343 ρ
1816 3283 1971 3334 xxvi,
2002 3270 2079 3337 8).
2122 3273 2194 3326 De
2219 3262 2355 3327 Filio
2387 3277 2438 3329 in
2465 3277 2684 3336 Genesi.
2714 3280 2827 3335 Non
2873 3284 3086 3341 deﬁciet
3135 3262 3382 3362 princeps

1814 3361 1881 3415 de
1907 3361 2062 3427 Iuda,
2090 3379 2185 3419 nec
2214 3366 2318 3421 dux
2342 3367 2409 3423 de
2433 3368 2722 3427 femoribus
2744 3374 2881 3443 rjus,
2909 3377 3080 3434 donec
3101 3383 3278 3437 veniat
3296 3361 3381 3441 cui

1816 3456 2105 3521 repositum
2137 3466 2235 3521 est,
2270 3468 2323 3513 et
2371 3461 2422 3513 in
2471 3465 2684 3517 nomine
2714 3467 2831 3533 ejus
2858 3479 3045 3535 gentes
3090 3477 3381 3540 sperabunt

1813 3543 1966 3611 (Gen.
1989 3562 2131 3611 xux,
2150 3548 2257 3617 10).
2280 3550 2353 3604 08
2373 3551 2571 3620 Spiritu
2591 3564 2775 3608 Sancto
2790 3558 2840 3610 in
2859 3559 3164 3619 Ezechiele:
3185 3565 3380 3621 Eduxit

1814 3650 1901 3689 me
1932 3637 2163 3705 Spiritus
2197 3640 2423 3704 Domini,
2456 3654 2511 3697 81
2538 3645 2709 3713 posuit
2734 3634 2823 3701 me
2854 3649 2905 3701 in
2948 3652 3125 3705 medio
3167 3669 3379 3725 campo,

1812 3736 1865 3779 et
1889 3737 2001 3781 erat
2031 3728 2219 3797 plenus
2238 3733 2447 3787 ossibus
2471 3744 2797 3792 mortuorum
2824 3739 3033 3808 (Ezeclt.
3069 3757 3266 3814 xxxttu,
3299 3749 3375 3820 5).

2342 3843 2569 3902 CAPUT
2608 3848 2836 3905 LXVIII.

2263 3934 2340 3990 De
2365 3942 2622 3992 communi
2645 3945 2921 3997 vocatione.

1884 4042 2049 4096 Vocat
2078 4044 2255 4112 Pater,
2291 4060 2446 4102 vocat
2479 4052 2675 4113 Filius,
2708 4064 2860 4107 vocat
2886 4056 3116 4124 Spiritus
3142 4074 3373 4121 sanctus.

1811 4132 1883 4184 De
1904 4132 2058 4189 Patre
2082 4136 2145 4189 ad
2174 4138 2514 4193 Corinthios:
2545 4142 2985 4215 Unumquemque
3006 4148 3143 4202 sicut
3174 4158 3379 4211 vocavit

1812 4220 1951 4274 Deus
1994 4224 2061 4276 ita
2097 4227 2350 4292 ambulet,
2382 4229 2519 4282 sicut
2561 4233 2722 4285 etiam
2770 4236 2819 4287 iu
2853 4236 3104 4293 Ecclesiis
3130 4244 3376 4299 omnibus

1808 4310 1976 4366 doceo
2000 4314 2049 4383 (Ι
2079 4315 2130 4369 C-
2152 4332 2197 4369 r.
2232 4333 2319 4385 vu,
2347 4321 2459 4388 17).
2488 4320 2559 4376 08
2591 4322 2725 4377 Filio
2754 4326 2803 4379 in
2831 4327 3116 4398 Evangelia
3141 4351 3153 4385 :
3180 4335 3375 4393 Trans-

1805 4414 1963 4456 eunte
1988 4404 2111 4459 Jcsu
2138 4408 2268 4460 vidit
2291 4409 2558 4466 hominem
2583 4416 2862 4482 quemdam
2894 4422 3167 4477 sedentem
3191 4428 3255 4480 ad
3292 4440 3370 4483 te-

1796 4492 2026 4560 101ιί1110,
2059 4497 2363 4553 Matthzenm
2396 4504 2627 4565 nomine,
2659 4518 2710 4559 et
2735 4512 2943 4564 vocavit
2967 4527 3107 4577 eum,
3133 4527 3186 4570 et
3212 4518 3371 4593 473

1804 4586 1939 4640 dixit
1966 4589 2013 4641 ei
2040 4606 2053 4641 :
2085 4588 2322 4659 Sequere
2351 4610 2435 4648 me
2464 4594 2675 4664 (Matth.
2702 4616 2777 4662 IX,
2812 4603 2887 4670 9).
2926 4604 2997 4657 De
3022 4586 3365 4674 Spiritu—Sitti-

1801 4686 1887 4730 cto
1920 4679 1969 4731 in
2002 4680 2258 4735 Actibus:
2295 4682 2502 4737 Etcum
2527 4689 2790 4743 servirent
2820 4692 2947 4757 Deo,
2979 4694 3111 4751 dixit
3140 4701 3214 4753 eis
3247 4702 3366 4771 Spi-

1802 4770 1936 4823 ritus
1966 4782 2179 4825 sanctus
2212 4790 2223 4825 :
2259 4776 2514 4845 Si-parate
2558 4781 2685 4833 mihi
2732 4782 3024 4840 Barnabam
3063 4800 3116 4844 et
3144 4770 3366 4849 Paulum

1801 4860 1853 4911 in
1880 4875 2042 4929 opere
2072 4880 2176 4932 quo
2202 4868 2381 4920 vocavi
2406 4884 2499 4921 eos
2526 4871 2658 4937 (Aet.
2693 4889 2805 4937 xllt,
2836 4877 2914 4945 ἓ).

2358 4979 2584 5036 CAPUT
2624 4985 2803 5040 LXIX.

2212 5066 2286 5122 De
2306 5075 2555 5125 communi
2585 5078 2948 5135 misericordia.

1868 5154 2169 5211 Misericors
2198 5159 2372 5223 Pater,
2404 5165 2503 5217 hoc
2532 5165 2713 5235 Filius,
2748 5171 2846 5225 hoc
2877 5175 3102 5241 Spiritus
3129 5187 3361 5231 sanctus.

1796 5240 1866 5295 De
1896 5242 2047 5296 Patre
2081 5247 2132 5299 in
2162 5252 2417 5315 Apostolo
2444 5271 2454 5304 :
2494 5254 2631 5309 Dens
2659 5269 2858 5323 autent,
2898 5240 2987 5330 qui
3018 5264 3168 5319 dives
3197 5280 3278 5322 est
3313 5270 3361 5322 in

1792 5334 2155 5389 misericordia
2177 5382 2191 5403 ,
2227 5339 2275 5391 iu
2306 5357 2491 5409 magna
2538 5348 2757 5401 caritate
2790 5352 3039 5405 misertus
3071 5365 3153 5408 est
3196 5363 3367 5413 nosu'i

1791 5421 1953 5491 (Eph.
1988 5442 2045 5491 ιι,
2093 5427 2167 5497 4).
2198 5430 2269 5484 08
2310 5434 2443 5486 Filio
2490 5436 2540 5490 in
2576 5438 2861 5508 Ev.uttgelio
2892 5458 2905 5491 :
2940 5442 3193 5499 Misereor
3244 5450 3363 5503 huic

1792 5517 1979 5580 turbae,
2010 5521 2257 5585 quoniam
2289 5524 2518 5577 triduum
2553 5528 2765 5593 habent,
2799 5540 2846 5582 et
2873 5532 3137 5587 dimittere
3172 5543 3363 5607 eosje-

1784 5605 1941 5671 juuns
1975 5610 2095 5662 uolo
2125 5611 2335 5679 (Matth.
2374 5634 2458 5677 xv,
2484 5620 2596 5683 3'2).
2624 5621 2693 5673 De
2724 5622 2923 5689 Spiritu
2965 5640 3149 5679 sanco
3181 5635 3228 5684 in
3263 5605 3363 5687 la-

1787 5698 1961 5750 8118118
1986 5716 1998 5750 ;
2028 5699 2163 5755 Ecce
2193 5718 2293 5771 ego
2321 5706 2587 5760 ell‘undatn
2632 5725 2792 5777 super
2830 5713 3045 5768 domum
3083 5718 3267 5787 David,
3310 5738 3365 5778 et

1783 5801 1943 5857 super
1972 5806 2065 5843 eos
2090 5794 2177 5860 qui
2206 5792 2440 5847 habitant
2473 5797 2522 5848 iu
2557 5796 2852 5854 Jerusalem
2886 5804 3144 5873 Spiritum
3175 5816 3359 5880 gratia:

1782 5890 1833 5932 et
1862 5882 2216 5936 miserationis
2247 5884 2427 5952 (an.'t.
2466 5904 2554 5955 χιι,
2592 5889 2701 5960 10).

2775 5984 2845 6045 1-1.
