3978 6380
516 423 615 478 417

1080 530 1301 585 CAPUT
1346 528 1507 581 LXX.

839 623 913 676 De
943 624 1195 675 communi
1223 621 1534 674 habitatione
1565 617 1773 685 templi-

587 714 865 783 Temp'um
901 714 1087 777 Patris,
1121 714 1368 779 templum
1398 710 1536 770 Filii,
1573 706 1823 772 templum
1847 700 2081 769 Spiritus

519 809 705 869 sancti.
741 806 814 861 De
860 806 1013 858 Patre
1062 805 1110 856 in
1162 802 1413 869 Apostolo
1455 798 1778 868 :Templuin
1805 796 1947 847 enim
1990 792 2083 844 Dei

521 909 758 953 sanetum
788 908 888 963 est,
908 897 1045 964 quod
1073 897 1199 948 estis
1230 910 1344 947 vos.
1374 894 1541 945 Nemo
1574 906 1667 942 vos
1689 888 1831 940 fallat
1857 904 1866 937 :
1902 884 1945 937 si
1968 884 2087 951 quis

524 989 774 1056 templum
807 987 897 1041 Dei
921 987 1217 1047 violaverit,
1246 985 1517 1052 disperdet
1550 984 1696 1034 illum
1730 981 1865 1031 Dens
1888 974 1940 1044 (1
1965 974 2085 1029 Cor.

524 1096 600 1142 ιιι,
634 1080 739 1148 l7).
774 1080 846 1133 De
895 1078 1025 1132 Filio
1057 1079 1107 1131 in
1140 1077 1457 1146 Apocalypsi
1485 1094 1495 1127 :
1540 1074 1601 1128 Et
1634 1076 1819 1140 plateae
1842 1056 2091 1121 :rivitatis

524 1186 656 1224 auro
683 1170 879 1224 mundo
904 1210 919 1232 ,
947 1180 999 1222 et
1041 1168 1297 1236 templum
1342 1167 1393 1219 in
1423 1182 1482 1219 ea
1528 1182 1630 1218 non
1661 1163 1763 1214 vidi
1792 1179 1803 1211 :
1838 1158 2093 1213 Dominus

526 1273 702 1317 autem
732 1272 783 1315 et
810 1262 992 1331 Agnus
1042 1262 1294 1327 templum
1348 1260 1463 1325 ejus
1503 1242 1585 1311 est
1614 1258 1792 1325 (Apoc.
1826 1267 1945 1314 ut,
1975 1249 2091 1314 ‘22).

526 1357 601 1410 De
627 1357 825 1425 Spiritu
848 1365 1032 1408 saneto
1061 1356 1124 1407 ad
1156 1353 1463 1408 Corinthios
1490 1369 1503 1404 :
1568 1359 1645 1403 An
1675 1347 1925 1416 ignoratis
1958 1359 2095 1411 quo-

526 1449 667 1503 niam
716 1462 941 1516 corpora
983 1455 1160 1501 vestra
1193 1446 1449 1514 templum
1478 1442 1529 1497 in
1572 1442 1723 1494 vobis
1758 1448 1839 1493 est
1866 1435 2097 1506 Spiritus

525 1540 713 1605 sancti,
738 1553 896 1608 quem
922 1536 1129 1591 habetis
1154 1552 1181 1588 a
1214 1537 1321 1589 Deo
1349 1533 1402 1603 (I
1430 1533 1553 1589 Cor.
1582 1547 1657 1597 vt,
1692 1530 1817 1597 19)?

1097 1625 1322 1682 CAPUT
1363 1625 1547 1680 LXXI.

940 1718 1011 1769 De
1039 1720 1291 1769 communi
1314 1713 1690 1768 constitutione.

599 1810 885 1865 Censuituit
912 1809 1100 1870 Pater,
1148 1808 1285 1862 idem
1322 1807 1518 1869 Filius,
1555 1805 1691 1857 idem
1726 1801 1961 1868 Spiritus
1984 1813 2105 1850 san-

1827 405 2051 463 VIGILII
2092 400 2462 458 TAPSENSIS

2107 524 2146 577 Α
2178 529 2296 568 sum
2347 509 2670 578 gloriamur,
2704 505 2795 559 sed
2858 500 3149 557 secundum
3194 511 3503 553 mensuram
3561 497 3750 565 regula

2183 620 2284 671 qua
2318 616 2531 653 mensus
2556 607 2638 651 est
2668 597 2820 649 nobis
2849 594 3099 647 Dominus
3127 591 3282 645 Jesus
3306 602 3615 643 mensuram
3643 602 3754 655 ρει·-

2188 692 2420 762 tingendi
2452 705 2621 759 usque
2647 688 2712 740 ad
2756 702 2850 738 vos
2895 681 2984 754 (II
3021 677 3140 735 Cor.
3189 697 3244 743 x,
3279 680 3389 747 12).
3432 679 3510 732 De
3559 678 3753 743 Spiritu

2189 794 2375 839 sancto
2395 784 2445 836 in
2470 782 2785 835 Salomone:
2836 774 3062 844 Spiritus
3084 770 3354 839 sapientia:
3377 770 3551 835 replet
3572 781 3755 833 pacem

2189 890 2243 932 et
2272 879 2363 930 dat
2406 874 2595 927 salutis
2651 872 2914 931 fructum;
2950 866 3116 927 vidit,
3165 874 3219 916 et
3267 859 3667 923 dinumeravit,
3716 870 3759 909 et

2192 980 2405 1023 mensus
2434 974 2514 1018 est
2543 973 2765 1030 utraque
2793 961 2845 1012 in
2873 959 3013 1011 dono
3046 955 3139 1008 Dei
3174 952 3363 1020 (Eccli.
3392 967 3433 1015 ι,
3461 950 3582 1015 ‘22).

3658 366 3748 439 iis

2738 1068 2961 1125 CAPUT
3005 1064 3213 1119 LXXV.
3298 1102 3306 1115 .

2652 1162 2725 1215 De
2754 1157 3005 1212 communi
3049 1152 3319 1206 modestia.

2268 1257 2518 1314 Modestia
2549 1254 2745 1317 Patris,
2774 1248 3035 1305 modestia
3065 1243 3208 1309 Filii,
3250 1239 3511 1295 modestia
3545 1234 3763 1303 Spiritus

2200 1351 2387 1405 sancti.
2419 1350 2490 1401 De
2521 1346 2674 1399 Patre
2694 1346 2748 1398 in
2776 1340 3009 1397 Jeremia
3039 1356 3050 1388 :
3082 1338 3246 1404 Deus,
3275 1334 3366 1401 qui
3398 1326 3662 1383 modestia
3688 1334 3763 1375 tua

2202 1450 2383 1493 sancta
2414 1434 2737 1490 constituisti
2769 1431 2968 1494 omnia,
2989 1429 3247 1497 deprecor
3276 1435 3337 1479 ut
3356 1422 3453 1475 des
3473 1416 3651 1471 servis
3680 1414 3765 1465 tuis

2201 1533 2422 1601 gratiam
2456 1530 2507 1581 in
2534 1533 2822 1592 conspectu
2864 1524 3001 1589 regis
3046 1518 3361 1589 Babylonis,
3395 1512 3479 1565 cui
3514 1522 3614 1577 pro
3650 1517 3757 1601 pec-

2206 1593 2343 1677 catis
2369 1620 2565 1673 nostris
2588 1627 2642 1672 et
2671 1625 2875 1684 patrum
2903 1624 3202 1666 nostrorum
3230 1604 3496 1662 tradidisti
3530 1614 3630 1653 nos
3654 1593 3767 1663 (Ba-

2207 1713 2350 1766 ruch.
2380 1727 2437 1775 tt,
2463 1709 2571 1775 IL).
2596 1708 2673 1761 De
2706 1706 2839 1759 Filio
2863 1705 2927 1757 ad
2950 1702 3256 1757 Corinthios
3276 1717 3294 1753 :
3326 1696 3573 1750 Obsecro
3604 1696 3765 1775 autem

2208 1819 2325 1865 vos,
2353 1802 2562 1865 fratres,
2580 1813 2672 1866 per
2693 1794 3152 1849 mansuetudinem
3174 1800 3227 1844 et
3249 1784 3571 1853 modestiam
3585 1774 3766 1831 Christi

522 1863 663 1957 ctus.
700 1901 772 1954 De
795 1901 952 1953 Patre
969 1863 1264 1953 Ieremias:
1301 1898 1439 1951 Dixit
1471 1863 1725 1949 Dominus
1759 1863 1933 1945 Deus:
1967 1889 2105 1942 Ecce
2140 1895 2185 1954 Β
2213 1863 2453 1964 (Πίον,
2487 1863 2651 1953 ιλ).
2689 1888 2763 1940 De
2821 1884 3020 1954 Spiritu
3050 1892 3233 1936 sancto
3274 1881 3327 1931 in
3374 1870 3621 1941 Epistula
3652 1863 3768 1919 Petri

530 2010 630 2063 ego
658 1993 904 2046 consutui
931 2003 981 2045 te
1008 1990 1164 2045 hodie
1194 2006 1355 2058 super
1377 1999 1562 2057 gentes
1584 1997 1637 2041 et
1666 1999 1853 2054 regna,
1882 1992 1937 2036 ut
1966 1980 2106 2033 evel-

541 2084 619 2137 las
649 2094 702 2137 et
730 2083 993 2145 destruas,
1024 2091 1077 2134 et
1105 2079 1421 2142 remdiﬁces,
1449 2089 1502 2132 et
1531 2080 1734 2145 plautes
1761 2074 1889 2145 (Jer.
1920 2089 1955 2133 ι,
1994 2070 2106 2139 I0).

536 2175 609 2228 De
639 2173 775 2227 Filio
802 2175 850 2225 iu
880 2173 1135 2226 Actibus:
1168 2172 1223 2225 In
1253 2171 1340 2225 die
1386 2185 1489 2240 quo
1519 2169 1790 2235 apostolos
1823 2165 1982 2233 elegit
2014 2177 2109 2231 per

522 2266 792 2332 Spiritum
823 2273 1086 2330 sanctum,
1113 2262 1305 2333 quibus
1333 2259 1607 2315 constituit
1634 2257 1925 2326 prmdicare
1950 2250 2111 2323 474,

539 2356 877 2424 Evangelium
908 2355 1044 2425 (Act.
1074 2370 1110 2407 ι.
1140 2354 1219 2423 2).
1248 2353 1323 2406 De
1355 2351 1552 2418 Spiritu
1581 2358 1767 2404 sancto
1791 2346 1881 2399 ubi
1908 2360 2063 2411 supra
2093 2359 2103 2392 :

538 2447 810 2501 Attendite
841 2447 992 2499 vobis
1043 2454 1096 2499 et
1150 2444 1397 2497 universo
1424 2440 1571 2511 gregi
1605 2442 1656 2492 in
1687 2453 1793 2507 quo
1823 2451 1915 2488 vos
1944 2434 2107 2502 Spiri-

524 2548 624 2590 ztus
645 2550 855 2591 sanctus
887 2535 1157 2589 constituit
1189 2535 1470 2601 episcOpos
1491 2531 1627 2599 (Act.
1662 2546 1752 2594 xx,
1776 2529 1891 2595 “28).

1086 2626 1311 2681 CAPUT
1354 2624 1561 2679 LXXII.

908 2719 982 2772 De
1017 2720 1268 2772 rommuni
1295 2719 1732 2787 manifestatione.

606 2816 780 2871 Manil
809 2824 914 2869 stat
961 2815 1147 2879 Pater,
1208 2813 1514 2867 manifestat
1558 2811 1751 2873 Filius,
1807 2805 2115 2861 manifestat

532 2918 776 2983 Spiritus
797 2924 1030 2968 sanctus.
1069 2913 1141 2968 De
1174 2912 1328 2966 Patre
1366 2912 1431 2964 ad
1461 2912 1767 2964 Romanos:
1809 2905 1944 2971 Quia
1973 2904 2111 2973 quod

546 3021 727 3063 notum
750 3020 830 3063 est
856 3009 974 3070 Dei,
1012 3006 1353 3060 manifestum
1383 3013 1465 3059 est
1493 3004 1631 3065 illis,
1665 3002 1804 3055 Deus
1834 3000 1977 3053 enim
2007 2998 2117 3052 illis

546 3097 903 3152 manilestavit
930 3096 1118 3165 (Rom.
1154 3113 1202 3160 ι,
1238 3093 1355 3164 19).
1399 3094 1473 3146 De
1520 3091 1657 3145 Filio
1681 3092 1731 3145 in
1786 3089 2114 3158 Evangelia:

549 3190 657 3244 Hoc
687 3191 910 3256 primum
939 3190 1210 3258 signorum
1242 3188 1370 3241 fecit
1396 3186 1551 3241 JeSus
1579 3186 1631 3238 in
1660 3183 1809 3255 Cana
1849 3180 2113 3238 Galilmm.

548 3295 599 3336 et
646 3282 1004 3337 manifestttvit
1035 3282 1325 3348 potentiam
1364 3294 1514 3333 suam
1549 3276 1739 3345 (Joan.
1786 3291 1846 3335 tt,
1891 3274 2010 3343 ll).
2047 3275 2117 3326 De
2147 3264 2193 3327 C

462 3408 474 3421 κ
549 3374 748 3441 Sptritu
770 3390 796 3427 s
814 3382 956 3426 uncto
978 3372 1041 3425 ad
1064 3371 1374 3428 Corinthios
1399 3388 1412 3423 :
1440 3370 1737 3437 Unicuique
1761 3377 1937 3421 autem
1969 3366 2125 3419 datur

552 3462 913 3517 manifestatio
939 3462 1171 3532 Spiritus
1200 3461 1263 3515 ad
1293 3462 1577 3514 utilitatem
1609 3460 1660 3529 (Ι
1697 3457 1817 3514 Cor.
1848 3473 1939 3521 xu,
1974 3458 2052 3526 7).

1086 3554 1315 3607 CAPUT
1355 3552 1590 3607 LXXIII.

996 3643 1069 3695 De
1094 3647 1347 3696 communi
1369 3645 1668 3697 ostensione.

628 3736 873 3789 Ostendit
902 3737 1056 3788 Pater
1078 3777 1091 3799 ,
1120 3738 1355 3789 ostendit
1396 3736 1561 3789 Filius
1585 3776 1600 3800 ,
1628 3736 1866 3791 ostendit
1895 3736 2131 3804 Spiritus

558 3835 796 3879 sanctus.
832 3825 904 3878 De
934 3826 1085 3877 Patre
1107 3826 1170 3877 ad
1195 3825 1535 3879 Timotheum
1567 3844 1579 3880 :
1605 3826 1673 3881 Ut
1698 3842 1882 3881 serves
1908 3828 2129 3880 manda-

564 3930 673 3969 tum
691 3916 807 3968 sine
830 3916 1033 3968 macnla
1060 3916 1547 3982 irreprehensibile,
1569 3933 1735 3983 usque
1759 3919 1823 3971 ad
1850 3919 2131 3973 adventum

563 4008 769 4062 Domini
804 4008 966 4061 nostri
990 4005 1113 4077 Jesu
1145 4005 1365 4073 Christi,
1397 4022 1553 4076 quem
1584 4009 1634 4068 in
1662 4011 1773 4062 suis
1806 4010 2134 4077 temporibus

556 4097 803 4153 ostendet
834 4101 1018 4152 beatus
1049 4106 1103 4152 et
1145 4099 1288 4152 solus
1324 4110 1507 4162 potens
1542 4100 1649 4154 Rex
1694 4116 1897 4167 regum,
1934 4110 1987 4153 et
2034 4101 2136 4153 Do-

561 4190 1138 4244 minusdominanttum
1159 4188 1211 4262 (1
1237 4189 1367 4244 Tim.
1395 4207 1465 4253 vt,
1490 4190 1599 4261 Η).
1628 4192 1702 4245 De
1727 4193 1862 4245 Filio
1888 4196 1936 4245 itt
1964 4193 2139 4245 Evan-

561 4282 699 4347 gelio
726 4302 733 4329 ς
768 4282 808 4334 D
831 4297 893 4333 co
925 4282 1072 4334 vobs
1119 4283 1307 4335 amicis
1345 4286 1479 4335 meis
1503 4326 1515 4347 ,
1549 4299 1612 4336 ne
1655 4285 1890 4338 timeatis
1920 4299 2016 4337 eos
2044 4288 2133 4352 qui

564 4374 817 4425 occidunt
867 4388 1093 4439 corpus,
1135 4384 1329 4439 etpost
1376 4376 1487 4426 hare
1535 4392 1637 4429 non
1675 4375 1866 4429 habent
1908 4377 2138 4443 amplius

568 4462 691 4528 quid
727 4461 823 4514 laci
846 4471 919 4513 tut
947 4478 961 4517 :
987 4463 1260 4515 ostendam
1312 4474 1487 4517 autem
1520 4467 1671 4519 vobis
1701 4482 1857 4535 quem
1908 4469 2137 4523 timeatis

568 4553 723 4620 (an.
766 4568 877 4619 xit,
906 4553 983 4622 4).
1034 4555 1099 4607 Et
1146 4556 1196 4608 in
1245 4556 1567 4625 Evangelia:
1603 4559 1762 4612 Multa
1796 4561 1931 4613 bona
1974 4576 2134 4628 Opera

572 4646 777 4700 ostendi
807 4646 976 4707 vobis,
1008 4658 1223 4714 propter
1248 4648 1387 4716 quod
1414 4647 1600 4702 horum
1624 4664 1755 4716 eptts
1784 4652 2029 4717 lapidatis
2055 4668 2139 4707 me
2170 4632 2217 4690 θ

574 4736 753 4805 (Joan.
792 4752 844 4798 ι,
870 4734 980 4805 '52).
1018 4736 1088 4790 De
1114 4738 1311 4805 Spiritu
1335 4748 1520 4791 sancto
1548 4739 1614 4792 ad
1641 4741 1980 4795 Corinthios:
2016 4743 2141 4798 Ser-

575 4842 666 4880 mo
721 4841 870 4880 meus
910 4838 961 4880 et
1007 4827 1316 4895 prtedicatio
1365 4845 1482 4883 mea
1523 4846 1627 4883 non
1684 4832 1734 4884 in
1764 4834 2022 4886 suasoriis
2059 4850 2144 4886 sa~

576 4915 791 4986 pientia:
820 4916 1016 4983 verbis,
1042 4918 1131 4971 sed
1163 4918 1212 4970 in
1244 4921 1551 4974 ostensione
1582 4922 1816 4989 Spiritus
1847 4934 1900 4976 ct
1932 4925 2146 4978 virtutis

576 5005 632 5077 (ι
661 5005 779 5060 Cor.
810 5023 866 5072 ιι,
897 5006 971 5074 ι).

1107 5100 1329 5156 CAPUT
1383 5104 1615 5159 LXXIV.

1033 5195 1105 5247 lic
1150 5200 1399 5249 rommuni
1442 5217 1692 5254 mensura.

654 5288 953 5343 Mensuram
985 5290 1074 5341 (lat
1113 5288 1288 5355 Pater,
1326 5306 1627 5345 mensuram
1659 5294 1748 5346 dat
1778 5293 1966 5359 Filius,
2004 5312 2152 5350 men—

583 5394 760 5433 suram
792 5381 881 5433 dat
910 5380 1139 5443 Spiritus
1170 5392 1402 5436 Sanctus.
1450 5383 1524 5437 De
1560 5384 1715 5439 Patre
1746 5386 1809 5437 ad
1843 5388 2109 5442 Roruauos
2138 5406 2149 5441 :

584 5472 695 5526 Non
720 5475 837 5541 plus
867 5472 1025 5543 475
1055 5489 1210 5542 quam
1240 5484 1452 5543 oportet
1482 5491 1688 5543 sapere,
1732 5481 1823 5531 Sed
1853 5495 2044 5545 sapere
2087 5483 2151 5536 ad

586 5566 1012 5631 temperantiam,
1037 5568 1320 5634 unicuique
1337 5568 1473 5621 sicut
1493 5570 1628 5622 Deus
1656 5567 1879 5638 partittis
1897 5583 1979 5626 e-t
2005 5590 2153 5627 tuen-

588 5669 763 5709 Suram
797 5656 918 5710 ﬁdei
953 5656 1125 5727 (Rom.
1159 5673 1252 5723 xtt,
1310 5661 1383 5724 5).
1414 5659 1485 5712 De
1534 5659 1664 5713 Filio
1706 5660 1768 5713 ad
1807 5661 2152 5719 Corinthios:

591 5745 696 5799 Sed
727 5755 780 5799 et
801 5762 896 5799 nos
923 5748 1020 5815 ipsi
1046 5750 1183 5801 inter
1210 5750 1566 5817 nosmetipsos
1598 5752 1879 5806 metientes
1930 5765 1983 5808 et
2011 5771 2156 5809 com-

597 5843 842 5902 parantes
875 5838 1226 5906 nosmetipsos
1252 5838 1668 5909 nobismetipsis,
1712 5857 1814 5895 non
1848 5844 1899 5898 in
1933 5846 2156 5903 immen-

2213 1984 2443 2055 ap0stoli
2474 2002 2486 2035 :
2516 1982 2630 2035 Non
2660 1981 2993 2036 ettrinsecus
3014 1976 3327 2042 capillorum
3358 1968 3675 2038 implicitus,
3699 1968 3770 2012 aut

2218 2077 2334 2131 auri
2356 2072 2723 2135 circumdatio,
2752 2082 2842 2123 aut
2874 2069 3085 2121 habitus
3108 2066 3554 2120 vestimentorum
3579 2055 3769 2113 cultior,

2221 2167 2316 2223 sed
2359 2166 2449 2235 qui
2478 2165 2767 2217 absconsus
2792 2171 2875 2214 est
2903 2158 3061 2212 homo
3097 2151 3494 2223 incorruptibili
3535 2143 3772 2201 modestia

2210 2258 2458 2328 Spiritus,
2481 2255 2568 2325 qui
2593 2262 2676 2308 est
2704 2261 2828 2306 ante
2851 2252 3014 2303 Deum
3039 2245 3272 2315 locuples
3294 2242 3345 2313 (1
3376 2240 3526 2295 Pefr.
3562 2253 3639 2297 tu,
3663 2236 3711 2299 3)

2738 2358 2968 2415 CAPUT
3020 2356 3257 2412 LXXVI.

2676 2455 2749 2507 De
2778 2452 3038 2507 communi
3074 2450 3332 2501 missione.

2289 2550 2431 2604 Misit
2454 2534 2633 2608 Pater,
2658 2544 2802 2597 misit
2826 2541 3014 2601 Filius,
3040 2539 3186 2592 misit
3205 2534 3441 2604 Spiritus
3464 2538 3703 2584 sanctus.
3720 2525 3775 2576 ιιη

2221 2644 2379 2698 Patre
2410 2643 2462 2694 in
2492 2637 2750 2706 Apostolo
2777 2652 2791 2688 :
2817 2634 2961 2689 Misit
2992 2633 3128 2685 Deus
3157 2629 3352 2683 Filium
3382 2639 3542 2679 suum
3566 2624 3619 2675 in
3650 2621 3774 2672 simi.

2218 2734 2439 2789 litudine
2487 2730 2665 2785 cnrnis
2717 2727 2919 2796 peccati
2970 2725 3147 2794 (Rom.
3196 2736 3311 2783 vui,
3344 2721 3426 2785 3).
3463 2719 3535 2769 De
3581 2711 3777 2767 Filioin

2220 2823 2542 2891 Evangelio:
2570 2818 2686 2875 Misi
2707 2832 2800 2871 vos
2824 2826 3024 2870 metere
3042 2814 3126 2866 ubi
3154 2827 3256 2865 non
3281 2806 3599 2864 seminastis
3623 2800 3775 2872 (locu.

2223 2932 2305 2978 tv,
2338 2912 2451 2982 58).
2486 2914 2560 2966 De
2586 2911 2786 2979 Spiritu
2833 2919 3017 2961 sancto
3050 2906 3104 2958 in
3139 2903 3396 2958 Actibus.
3434 2899 3599 2953 Petro
3643 2892 3778 2945 haesi-

2223 3015 2364 3060 tante
2394 3004 2459 3056 de
2490 3004 2602 3054 visu
2632 3040 2645 3062 ,
2685 2999 2821 3053 dixit
2843 2997 2890 3051 ei
2916 2996 3146 3063 Spiritus
3171 3002 3387 3049 sanctus
3410 3008 3427 3045 :
3450 2990 3640 3055 Surge,
3670 2982 3780 3034 vade

2220 3111 2339 3151 cum
2368 3094 2493 3156 illis,
2527 3091 2775 3159 quoniam
2799 3102 2898 3153 ego
2929 3085 3048 3140 misi
3077 3098 3172 3138 eos
3199 3082 3336 3153 (Act.
3365 3098 3417 3143 ιι,
3449 3080 3568 3144 9.0).

2736 3201 2963 3256 CAPUT
3004 3198 3263 3254 LXXVII.

2654 3296 2727 3347 De
2757 3295 3011 3346 communi
3051 3290 3386 3360 protectione.

2303 3389 2471 3460 ωε
2498 3387 2733 3453 Protegit
2758 3384 2933 3446 Pater,
2957 3382 3186 3451 protegit
3215 3379 3254 3433 F
3260 3380 3404 3440 ilius,
3430 3374 3662 3444 protegit
3689 3368 3784 3439 Spi-

2236 3480 2372 3534 ritus
2391 3488 2626 3533 sanctus.
2670 3476 2744 3529 De
2775 3475 2931 3528 Patre
2962 3474 3013 3525 iu
3047 3472 3251 3540 psalmo
3278 3466 3613 3534 octogesimo
3655 3461 3786 3516 tertio

2230 3573 2402 3643 (Vera.
2424 3574 2534 3641 l0):
2568 3572 2865 3631 Protector,
2892 3580 3030 3619 nunc
3050 3563 3227 3632 aSpice
3246 3562 3299 3615 iu
3330 3560 3466 3613 facit:
3481 3556 3676 3611 Christi
3701 3554 3782 3604 tui.

2241 3666 2317 3720 De
2341 3664 2484 3717 Filio
2511 3663 2563 3715 in
2596 3662 2801 3729 psalmo
2831 3666 2988 3713 sexto
3017 3656 3225 3711 decimo
3256 3652 3431 3725 (Vm.
3462 3650 3555 3717 8):
3592 3644 3786 3702 Custodi

2235 3772 2349 3821 me,
2390 3754 2729 3815 Domine,ut
2758 3750 3010 3819 pupillam
3060 3746 3231 3808 oeuli;
3262 3746 3364 3799 sub
3380 3742 3564 3797 utubra
3610 3741 3788 3791 alarum

2238 3859 2444 3901 tuarum
2475 3852 2689 3913 protege
2721 3857 2826 3897 me.
2857 3840 2932 3894 De
2956 3839 3156 3907 Spiritu
3197 3843 3381 3890 sancto
3406 3834 3459 3887 in
3488 3832 3789 3887 Salomone:

2237 3937 2470 4003 Spiritus
2495 3933 2709 3987 Domini
2742 3932 3001 4000 protectio
3019 3939 3122 3994 est,
3154 3936 3208 3981 et
3234 3926 3627 3979 ﬁrmamentum
3656 3920 3789 3970 virtu

2239 4031 2304 4083 tis
2340 4026 2523 4095 (Eccli.
2549 4040 2730 4090 xxxiv,
2766 4023 2879 4091 l9).

2745 4134 2967 4189 CAPUT
3018 4130 3295 4186 LXXVIII.

2597 4227 2672 4280 De
2702 4226 2956 4280 communi
2989 4224 3149 4293 digito
3179 4221 3465 4274 Trinitatis.

2315 4320 2521 4389 Digitus
2544 4317 2739 4380 Patris,
2764 4317 2959 4385 digitus
2984 4314 3125 4380 Filii,
3150 4312 3348 4380 digitus
3376 4310 3606 4377 Spiritus
3627 4302 3791 4359 saneti.

2243 4411 2317 4464 De
2346 4410 2502 4464 Patre
2544 4411 2596 4463 in
2633 4408 2857 4461 Exodo:
2894 4406 3150 4459 Dixerunt
3182 4403 3319 4469 magi
3368 4398 3629 4453 Pharaoni
3664 4396 3791 4462 regi:

2245 4502 2444 4571 Digitus
2469 4499 2561 4552 Dei
2594 4510 2675 4553 est
2699 4497 2894 4567 (Exod.
2928 4511 3045 4555 νιιι.
3076 4494 3187 4562 I9).
3218 4492 3347 4545 ltt-m
3375 4491 3448 4544 ibi
3478 4508 3492 4543 :
3526 4490 3593 4542 Et
3616 4484 3795 4551 accepit

2248 4593 2455 4663 Moyses
2478 4590 2609 4644 duas
2636 4589 2841 4643 tabulas
2867 4589 3098 4658 scriptas
3124 4584 3293 4654 digito
3322 4583 3416 4638 Dei
3443 4580 3638 4651 (Exod.
3660 4589 3792 4633 xxxi,

2246 4686 2360 4758 18).
2390 4688 2463 4741 De
2493 4686 2626 4740 Filio
2653 4687 2707 4740 in
2736 4683 3051 4753 Evangelia:
3087 4680 3153 4737 Et
3178 4681 3440 4736 inclinans
3470 4693 3529 4731 se
3554 4676 3697 4731 Jesns
3724 4673 3797 4722 di-

2246 4779 2355 4845 gito
2382 4776 2650 4829 scribebat
2669 4777 2719 4828 in
2739 4788 2879 4829 terra
2904 4773 3087 4844 (Joan.
3116 4789 3231 4835 vtu,
3259 4773 3337 4841 6).
3376 4771 3449 4823 De
3473 4768 3665 4836 Spiritu
3688 4781 3797 4817 san-

2250 4880 2335 4924 cto
2367 4871 2416 4923 in
2445 4868 2735 4937 Evangelio
2761 4886 2771 4919 :
2805 4870 2861 4921 Si
2908 4882 3007 4936 ego
3039 4868 3087 4919 in
3114 4866 3284 4934 digito
3316 4865 3405 4918 Dei
3437 4862 3594 4929 ejicio
3622 4860 3800 4912 ἀνωθ-

2254 4962 2359 5023 nia,
2384 4961 2564 5028 utique
2587 4958 3028 5027 appropinquavit
3056 4959 3107 5010 in
3137 4956 3286 5009 vobis
3304 4968 3526 5022 regnum
3552 4950 3636 5003 Dei
3659 4947 3796 5016 (Lac.

2258 5067 2331 5114 ιιι,
2355 5050 2467 5117 9.0).
2490 5050 2545 5102 lu
2577 5050 2682 5102 alio
2704 5048 2824 5103 loco
2852 5067 2863 5099 :
2887 5048 2943 5102 Si
2966 5062 3065 5116 ego
3094 5047 3145 5099 in
3177 5045 3387 5123 Spiritu
3408 5044 3499 5096 Dei
3531 5040 3675 5110 ejicio
3698 5036 3801 5087 da:-

2256 5158 2459 5206 mones,
2475 5144 2666 5198 scitote
2687 5146 2805 5213 quia
2823 5142 3063 5212 pr-rvenit
3082 5142 3133 5194 in
3152 5153 3247 5192 vos
3260 5151 3483 5206 regnum
3509 5126 3801 5199 υειμιαιιιι.

2255 5254 2350 5304 m’
2375 5237 2492 5307 es»
2784 5303 3010 5359 CAPUT
3065 5300 3299 5357 LXXIX.

2784 5398 2859 5452 De
2894 5399 3145 5453 communi
3176 5396 3295 5462 ﬁde.

2335 5491 2492 5546 Fides
2523 5491 2715 5554 Patris,
2763 5490 2893 5543 lides
2922 5490 3062 5555 Filii,
3094 5488 3225 5542 ﬁdes
3254 5486 3488 5553 Spiritus
3520 5480 3696 5536 sancti.
3743 5476 3813 5527 ῐὶρ

2263 5582 2418 5636 Patre
2445 5582 2507 5635 ad
2532 5582 2832 5636 Romanos:
2856 5582 2992 5647 Quid
3017 5581 3159 5634 enim
3178 5580 3220 5631 si
3237 5579 3452 5646 quidam
3482 5579 3677 5631 illorum
3707 5584 3813 5620 nu"

2261 5674 2601 5728 crediderunt
2626 5691 2640 5729 :
2666 5673 2901 5742 nunquid
2933 5672 3273 5726 incredulitas
3305 5673 3520 5725 illorum
3556 5669 3691 5720 ﬁdem
3720 5660 3814 5713 Dei

2261 5765 2536 5821 evacuavit
2560 5766 2731 5833 (Rom.
2770 5781 2847 5831 Ill,
2877 5765 2964 5831 3)?
2996 5766 3068 5818 De
3097 5763 3232 5817 Filio
3259 5764 3311 5816 in
3341 5762 3636 5831 Apostolo:
3664 5754 3818 5819 Quod

2264 5866 2440 5912 autem
2461 5858 2581 5911 vivo
2604 5860 2653 5911 in
2683 5872 2864 5922 carne,
2888 5858 2941 5910 in
2965 5856 3067 5912 [ide
3093 5856 3213 5911 vivo
3244 5856 3361 5910 Filii
3388 5854 3503 5915 Dei,
3531 5850 3615 5920 qui
3636 5844 3824 5899 dilexit
