3978 6380
199 378 295 436 δι’

1298 376 1570 435 CONTRA
1611 380 2017 436 VAIUMADUM
2062 382 2183 435 LIB.
2232 382 2312 435 lli.

3343 389 3446 441 450

196 506 277 546 me
293 489 435 563 (Gul.
460 507 516 554 ιι,
538 491 654 562 20).
685 492 756 547 De
772 492 977 562 Spiritu
1005 500 1191 547 sancto
1212 494 1303 546 ubi
1325 508 1485 563 supra
1511 514 1523 546 ι
1554 495 1764 549 Haben-
1792 511 1837 565 Α
1867 496 1931 548 ad
1964 495 2244 564 imaginem
2267 511 2439 559 suam,
2474 504 2529 550 et
2559 498 2845 554 insufﬂavit
2874 500 2925 555 in
2958 502 3144 557 faciem
3176 504 3296 573 ejus
3326 507 3448 573 spi-

196 592 273 635 tes
306 582 552 635 eumdem
584 583 827 652 spiritum
864 584 983 638 fidei
1015 584 1155 638 sicut
1181 586 1437 653 scriptum
1471 596 1552 641 est
1580 604 1593 641 :
1630 588 1760 642 Cre-

194 673 318 735 didi,
356 684 572 742 propter
601 675 739 743 quod
774 676 979 729 locutus
1006 691 1123 730 sum
1164 675 1248 744 (II
1283 676 1402 731 Cor.
1439 695 1511 743 iv,
1544 679 1654 746 15).

771 787 994 842 CAPUT
1028 786 1186 841 XXC.

622 875 699 930 De
726 880 981 929 communi
1005 879 1352 947 prmdictione.

258 964 421 1037 577
448 962 700 1020 Praedixit
749 968 942 1034 Pater,
993 969 1238 1037 prmdixit
1284 969 1470 1032 Filius,
1523 970 1768 1038 praedixit

194 1057 424 1126 Spiritus
454 1068 689 1112 sanctus.
721 1059 795 1112 De
826 1059 983 1113 Patre
1011 1063 1059 1112 in
1092 1061 1312 1114 Actibus
1352 1078 1363 1113 :
1399 1062 1534 1115 Dens
1564 1070 1763 1129 autem,

192 1163 307 1217 quae
337 1151 588 1218 prmdixit
610 1166 704 1219 per
729 1166 789 1205 as
811 1164 1114 1206 sanctorum
1138 1155 1516 1223 praplietarum
1550 1170 1767 1208 suarum

184 1244 330 1309 jnx‘ta
366 1243 631 1297 tlbristum
664 1260 816 1297 suum
848 1247 1084 1314 implevit
1110 1247 1243 1309 (Act.
1274 1262 1355 1309 ιιι,
1382 1247 1488 1314 18).
1522 1246 1594 1301 De
1620 1247 1759 1300 Filio

190 1335 241 1388 in
266 1334 561 1402 Evangelia
593 1352 607 1387 :
644 1338 707 1389 Et
742 1335 977 1391 nuntiate
1024 1336 1298 1403 fratribus,
1344 1340 1465 1407 quia
1505 1338 1769 1408 praecedet

189 1426 359 1479 vasin
386 1425 683 1492 Galilazam;
719 1428 790 1483 ibi
822 1444 942 1482 eum
976 1430 1242 1495 videbitis,
1276 1446 1398 1486 ecce
1424 1434 1645 1500 prmdixi
1673 1447 1768 1486 vo-

190 1516 268 1571 bis
294 1516 517 1581 (Uauh.
553 1533 741 1584 xxviii,
775 1520 849 1589 7).
888 1520 962 1574 De
994 1518 1196 1589 Spi’ritu
1223 1531 1406 1576 sancta
1430 1524 1479 1576 in
1512 1523 1764 1577 Artibus:

186 1606 348 1659 Stans
379 1622 505 1660 vero
532 1607 721 1660 Petrus
748 1624 868 1661 cum
901 1610 1171 1672 undecim,
1200 1612 1410 1665 elevata
1431 1628 1558 1667 voce
1583 1612 1716 1667 dixit
1752 1632 1764 1667 :

188 1695 296 1751 Viri
324 1698 539 1764 fratres,
576 1708 790 1767 oportet
829 1698 1043 1769 impleri
1083 1702 1418 1768 Scripturam
1450 1720 1604 1772 quam
1634 1720 1766 1773 prte-

179 1789 322 1844 dixit
344 1791 575 1858 Spiritus
600 1803 818 1845 sanctus
851 1808 944 1859 per
972 1808 1034 1845 as
1081 1794 1239 1847 David
1265 1795 1331 1848 de
1363 1794 1519 1862 Juda,
1548 1812 1635 1865 qui
1670 1799 1766 1850 fuit

1870 591 2026 640 ritum
2057 589 2201 652 vitae,
2232 599 2283 642 et
2311 588 2480 643 factus
2507 601 2589 644 est
2616 590 2775 643 homo
2822 593 2872 646 in
2900 594 3131 649 animam
3179 596 3447 651 viventem

1870 678 2023 747 (Gen.
2058 700 2117 749 ιι,
2150 687 2230 753 7).
2261 688 2335 742 De
2359 689 2495 743 Filio
2524 690 2573 741 iu
2614 689 2904 757 Evangelia
2936 706 2949 741 :
2983 691 3045 743 Et
3075 690 3361 745 insufﬂavit
3394 692 3447 745 in

1870 772 2062 828 faciem
2109 777 2487 847 discipularum
2536 796 2749 835 suarum
2798 782 2982 834 dicens
3015 798 3028 833 :
3059 781 3298 851 Accipite
3327 783 3452 851 Spi-

1870 865 2029 918 ritum
2056 878 2296 922 sanctum
2328 869 2507 940 (Joan.
2534 888 2629 935 xx,
2651 875 2765 940 Ἡ).
2818 873 2892 926 ι),
2943 874 3143 942 Spiritu
3174 882 3359 927 sancta
3392 873 3447 928 itt

1872 958 2191 1015 Ezechiele:
2229 964 2350 1018 llmc
2372 966 2501 1019 dicit
2548 968 2801 1023 Dominus
2838 988 2847 1020 :
2905 972 2947 1024 Λ
2996 979 3225 1039 quatuor
3270 971 3446 1024 ventis

1878 1050 2011 1113 veni,
2050 1051 2280 1119 Spiritus
2306 1094 2322 1118 ,
2346 1064 2400 1107 et
2439 1055 2648 1109 insuflia
2701 1073 2864 1127 super
2917 1076 3033 1112 mur
3061 1075 3156 1113 nus
3200 1062 3350 1125 istos,
3392 1071 3449 1115 et

1872 1141 2187 1196 reviviscent
2218 1144 2427 1211 (lc‘zerlx.
2454 1160 2648 1209 xxxvn,
2681 1148 2755 1213 9).

2420 1252 2647 1309 CAPUT
2690 1258 2893 1311 XXCV.

2316 1343 2390 1397 De
2423 1349 2678 1400 communi
2706 1352 2997 1417 repletione.

1946 1430 2129 1501 Implet
2162 1435 2338 1497 Pater,
2382 1438 2569 1506 implet
2599 1438 2785 1502 Filius,
2818 1443 3001 1509 imp'et
3045 1443 3277 1512 Spiritus
3322 1462 3449 1501 san-

1872 1530 2007 1577 ctus.
2044 1525 2117 1578 Dc
2145 1526 2300 1581 Patre
2327 1526 2377 1580 in
2408 1527 2643 1582 Jercmia
2681 1548 2691 1581 :
2726 1531 2849 1585 Haec
2878 1534 3004 1587 dicit
3032 1534 3288 1589 Dominus
3311 1538 3449 1594 Deus

1872 1615 2030 1669 Israel
2066 1634 2077 1669 :
2108 1618 2310 1673 letnu
2336 1630 2389 1675 et
2418 1631 2615 1677 terram
2646 1622 2843 1693 impleo
2871 1624 3002 1696 (Jer.
3044 1643 3193 1694 χχιιι,
3225 1630 3339 1699 ξι).
3373 1632 3449 1686 De

1875 1705 2011 1759 Filio
2031 1708 2081 1761 in
2115 1710 2371 1777 Apastolo
2405 1728 2417 1763 :
2451 1712 2706 1769 Dominus
2728 1727 2905 1769 autem
2931 1716 3147 1784 impleat
3174 1724 3333 1775 corda
3364 1739 3453 1778 ve-

1870 1809 1979 1853 stra
2000 1801 2146 1855 omni
2173 1817 2338 1872 opere
2367 1812 2422 1860 et
2468 1821 2718 1862 sermone
2763 1808 2904 1863 bono
2954 1809 3041 1880 (Il
3072 1812 3201 1866 'I'.m.
3244 1830 3302 1877 ιι,
3340 1817 3451 1883 i6).

182 1879 287 1934 dux
314 1897 501 1936 eurum
526 1884 614 1951 qui
642 1884 1166 1951 comprehenderunt
1194 1886 1376 1941 Jesam
1412 1888 1547 1956 (Act.
1584 1904 1621 1953 ι,
1652 1890 1758 1957 l6).
1795 1882 1839 1942 Β
1872 1893 1944 1947 De
1972 1892 2137 1969 579
2167 1897 2367 1967 Spiritu
2394 1910 2580 1955 sancta
2628 1902 2679 1955 in
2718 1902 2936 1957 Actibus
2966 1879 2978 1956 ξ
3013 1904 3207 1958 Ριιοιιις
3253 1920 3333 1961 est
3362 1879 3453 1962 su-

748 1996 976 2052 CAPUT
1011 1998 1193 2052 XXLI.

619 2084 693 2139 De
719 2091 973 2141 communi
1007 2090 1332 2143 documento.

253 2173 423 2228 Docet
448 2176 623 2243 Pater,
662 2180 1032 2246 ducetFilius,
1062 2183 1219 2235 docet
1248 2183 1484 2248 Spiritus
1524 2196 1760 2241 sanctus.

181 2264 259 2319 De
307 2265 467 2323 Patre
509 2268 561 2321 in
611 2271 815 2338 psalmo
856 2275 1247 2343 septuagesimo
1277 2275 1455 2341 (Vera.
1488 2280 1576 2345 17)
1611 2298 1621 2329 :
1660 2281 1763 2333 Do-

172 2358 340 2412 cuisti
371 2376 475 2423 me,
518 2362 678 2425 Dens,
712 2378 742 2417 a
778 2364 1060 2431 juventute
1083 2382 1223 2421 mea.
1271 2368 1335 2420 Et
1373 2370 1421 2420 in
1464 2373 1764 2425 centesimo

170 2450 591 2519 quadragesimo
646 2455 804 2507 tertia
836 2454 1011 2525 (i'ers.
1032 2454 1091 2523 1)
1123 2473 1135 2507 :
1170 2457 1484 2513 Benedictus
1508 2460 1764 2515 Dominus

178 2538 346 2603 Deus,
381 2540 473 2608 qui
502 2542 659 2595 docet
687 2558 877 2597 manus
906 2560 1054 2598 meas
1097 2547 1160 2598 ad
1194 2549 1458 2615 prmlium,
1489 2560 1540 2603 et
1570 2551 1763 2619 digitos

175 2643 339 2682 meos
362 2630 427 2683 ad
464 2632 683 2685 bellum.
736 2635 808 2689 De
840 2635 976 2688 Filio
1020 2637 1071 2689 in
1100 2638 1389 2706 Evangelia
1423 2656 1436 2693 :
1470 2640 1538 2694 Et
1568 2644 1763 2697 circui-

174 2721 268 2771 bat
298 2720 455 2775 Jcsus
482 2724 724 2776 civitates
764 2741 953 2779 (HIIIICS
1004 2739 1058 2779 ct
1098 2729 1338 2793 castella,
1367 2730 1566 2785 docens
1594 2735 1646 2786 in
1670 2749 1760 2805 sy-

169 2812 400 2880 mgogis
430 2828 614 2867 eorum
644 2814 855 2884 (ΜαιιΙι.
881 2833 949 2880 ιν,
980 2818 1096 2886 ‘25).
1135 2820 1201 2874 Et
1250 2823 1437 2874 iterum
1475 2840 1485 2872 :
1520 2824 1649 2877 Cum
1678 2840 1762 2879 se-

167 2905 366 2969 disset,
397 2908 605 2973 aperuit
632 2921 694 2961 os
719 2924 899 2974 suum,
932 2920 984 2963 et
1010 2912 1234 2965 docebat
1261 2912 1580 2984 805(Matt/t.
1608 2917 1757 2982 νβ).

174 2995 251 3047 De
278 2994 482 3065 Spiritu
512 3010 696 3053 sancto
726 3000 778 3053 in
818 3001 1108 3071 Evangelia
1144 3020 1155 3056 :
1189 3004 1322 3057 Cum
1352 3014 1527 3059 autem
1554 3009 1760 3062 venerit

170 3085 485 3142 Paracletus
510 3087 599 3143 iile
626 3091 845 3159 spiritus
875 3094 1137 3159 veritatis,
1179 3095 1389 3149 docebit
1420 3112 1514 3152 vos
1539 3112 1754 3154 omnem

172 3179 458 3234 veritatem
493 3180 670 3250 (Joan.
707 3198 816 3248 xvt,
846 3184 958 3249 l3).

744 3296 966 3351 CAPUT
993 3297 1198 3353 XXCII.

646 3386 721 3439 De
758 3392 1018 3443 communi
1055 3392 1289 3459 imperio.

244 3474 480 3543 Imperat
510 3476 689 3540 Pater,
719 3478 860 3534 idem
886 3481 1071 3545 Filius,
1098 3485 1236 3537 idem
1263 3487 1494 3554 Spiritus
1516 3502 1755 3547 sanctus.

170 3565 247 3619 De
288 3567 445 3621 l'atre
476 3567 525 3621 in
560 3569 795 3637 Lpistola
827 3572 967 3626 Petri
1016 3576 1244 3628 secunda
1288 3595 1303 3629 :
1349 3579 1471 3632 Haec
1511 3583 1653 3634 enim
1683 3585 1759 3635 fa-

168 3660 387 3715 cientes
417 3677 521 3714 non
552 3664 821 3728 erralvitis,
854 3667 946 3720 sed
971 3669 1361 3725 ministrabitur
1387 3673 1542 3731 vobis
1571 3676 1757 3731 introi-

166 3753 337 3805 lusin
361 3762 619 3810 sternam
651 3756 934 3825 imperium
968 3760 1057 3814 Dei
1112 3760 1195 3829 (Il
1252 3762 1395 3818 l’etr.
1430 3782 1467 3829 ι,
1518 3768 1630 3837 10).
1682 3770 1755 3825 De

162 3846 309 3901 Filio
335 3850 384 3901 iu
417 3852 707 3920 Evangelia
741 3870 754 3906 :
785 3854 958 3908 Surde
989 3867 1047 3909 et
1074 3866 1216 3910 mute
1252 3861 1495 3928 spiritus,
1529 3878 1629 3931 ego
1660 3864 1751 3919 tibi
1785 3910 1795 3919 .

160 3938 378 4008 impero
425 3956 481 3995 ut
523 3959 691 3998 exeas
729 3946 799 3998 ab
839 3963 926 4011 eo,
973 3959 1027 4003 et
1070 3952 1304 4017 amplius
1333 3970 1400 4007 ne
1430 3954 1668 4010 intrat-as
1701 3963 1750 4012 in

159 4046 294 4083 eum
328 4031 520 4098 (Marc.
554 4049 632 4097 rx,
663 4036 779 4105 21).
808 4037 971 4109 478
1017 4041 1081 4093 Et
1114 4059 1126 4093 :
1169 4041 1453 4110 Imperavit
1498 4059 1655 4101 vento
1700 4061 1754 4103 et

160 4123 338 4184 mari,
355 4134 410 4175 et
432 4124 567 4177 facta
588 4138 669 4179 est
694 4134 1050 4198 tranquillitas
1064 4151 1252 4204 magna
1269 4138 1482 4205 (Matth.
1501 4157 1611 4203 vui,
1631 4144 1746 4209 26).

166 4215 248 4269 De
271 4212 473 4282 Spiritu
503 4230 688 4273 sancta
719 4224 768 4275 in
798 4223 899 4277 Job
929 4225 1046 4289 (Job
1079 4243 1295 4290 xxxvm.
1332 4231 1423 4298 i9)
1470 4250 1485 4286 :
1538 4237 1608 4289 De
1637 4238 1751 4303 Spi-

140 4302 276 4360 ritu
332 4306 543 4362 Domini
596 4311 749 4365 datur
785 4315 982 4382 glacies
1016 4332 1176 4385 super
1209 4331 1424 4375 terram.
1452 4326 1528 4399 “Et
1564 4302 1700 4382 infra
1733 4346 1748 4385 :

169 4399 407 4466 Imperio
435 4416 532 4452 suo
556 4404 676 4457 fecit
705 4406 901 4473 nivem,
947 4412 1174 4476 ριιιοηιιε
1206 4429 1297 4466 sua
1339 4418 1529 4481 giravit
1554 4423 1747 4476 malum

164 4494 219 4545 in
250 4490 478 4546 circuitu
504 4495 685 4563 gloria
708 4513 819 4550 sum
862 4499 981 4569 (Job
1016 4518 1215 4567 xxxvn,
1248 4506 1325 4574 ϐ).

442 4574 447 4581 ’
704 4589 931 4644 CAPUT
971 4593 1199 4648 XXCIll.

614 4678 689 4731 De
725 4684 980 4735 communi
1018 4676 1313 4755 disciplina.

235 4764 526 4833 Disciplina
559 4767 751 4834 Patris,
781 4772 1060 4841 disciplina
1095 4777 1239 4842 Filii,
1266 4782 1547 4848 diserplina
1579 4784 1744 4853 Spiri-

161 4867 245 4910 tus
272 4856 467 4910 sancti.
498 4858 572 4910 De
597 4859 751 4914 Patre
778 4863 827 4913 in
849 4864 1163 4921 Salomone:
1190 4870 1311 4935 Fili,
1347 4887 1414 4926 ne
1444 4876 1742 4943 neglexeris

157 4946 502 5016 disciplinam
554 4949 623 5002 De
679 4990 693 5014 ,
746 4968 915 5021 neque
962 4955 1183 5011 delicias
1232 4959 1302 5013 ab
1349 4976 1414 5014 ea
1462 4978 1742 5034 correptus

158 5034 354 5103 (Prov.
387 5053 462 5098 ut,
490 5040 598 5107 11).
637 5044 706 5095 Ile
730 5042 863 5097 Filio
910 5049 959 5099 in
1007 5050 1214 5115 psalmo
1259 5059 1488 5119 septima
1533 5058 1742 5113 decimo

158 5126 343 5195 (Verr.
368 5129 459 5195 56)
495 5146 509 5183 :
543 5133 773 5186 Dextera
816 5144 903 5189 tua
955 5140 1191 5207 suscepit
1222 5158 1327 5207 ιιιρ,
1362 5155 1415 5198 ct
1463 5147 1739 5216 disciplina

155 5229 240 5272 tua
273 5220 396 5289 ipsa
430 5236 516 5273 me
555 5225 787 5288 docebit,
830 5239 886 5282 et
934 5230 1174 5285 doctrina
1220 5244 1305 5287 tua
1334 5238 1527 5305 diriget
1556 5256 1642 5295 me
1687 5245 1738 5295 in

156 5312 471 5368 finem.‘Dn
519 5315 727 5384 Spiritu
768 5333 954 5375 sancta
1001 5324 1050 5375 in
1100 5325 1391 5381 Salomone
1442 5347 1454 5380 :
1511 5332 1740 5399 Spiritus

153 5408 292 5457 cnim
318 5405 622 5474 disciplina!
647 5410 862 5478 eti'ngiet
894 5416 1094 5478 lictum,
1125 5428 1179 5470 et
1207 5422 1419 5475 auferet
1448 5438 1505 5478 se
1536 5438 1564 5477 a
1592 5428 1739 5496 cogi-

153 5495 471 5561 tationibus,
496 5512 613 5566 qua:
652 5510 777 5553 sunt
803 5503 916 5557 sine
944 5505 1214 5562 intellectu
1253 5511 1406 5579 (Sep.
1440 5529 1475 5577 r,
1513 5515 1588 5581 v).

710 5590 934 5648 CAPUT
967 5595 1196 5653 XXCIV.

562 5681 641 5736 De
668 5687 922 5740 communi
966 5690 1322 5759 inminutione.

219 5771 469 5827 insufflat
495 5773 672 5859 Pater,
705 5777 941 5832 insufﬂat
974 5780 1170 5846 Filius,
1221 5786 1451 5842 insufﬂat
1504 5770 1733 5859 Spiritus

156 5874 387 5917 sanctus.
418 5862 492 5917 De
524 5847 680 5921 Paire
701 5866 753 5921 in
784 5869 972 5924 Genesi
1002 5890 1011 5922 :
1047 5873 1107 5926 Et
1130 5874 1254 5928 fecit
1293 5877 1429 5932 Deus
1456 5847 1724 5938 hominem

1787 3246 1833 3308 ϐ
1865 3207 1998 3273 (Act.
2027 3224 2083 3275 ιι,
2118 3211 2228 3279 38).

1779 4620 1827 4678 D

1872 1986 1982 2041 bita
2010 2002 2173 2045 sonus
2203 2001 2451 2062 tanquam
2482 1994 2703 2060 Spiritus
2745 1994 2936 2059 validi,
2987 2006 3040 2049 et
3069 1998 3308 2066 implevit
3336 2015 3452 2054 om-

1870 2094 1989 2134 nem
2013 2080 2187 2136 locum
2213 2084 2263 2137 in
2292 2099 2397 2153 quo
2425 2094 2580 2139 erant
2607 2086 2861 2140 sedentes
2897 2086 3031 2159 (εισι.
3069 2106 3123 2153 ιι,
3146 2092 3229 2143 2i.

2394 2199 2620 2255 CAPUT
2666 2199 2897 2256 XXCVI.

2375 2292 2449 2343 De
2489 2282 2745 2346 communi
2794 2297 2950 2347 dona.

1942 2378 2146 2432 Donum
2166 2381 2261 2434 Dei
2293 2382 2487 2447 Patris,
2519 2383 2717 2437 donum
2752 2384 2891 2453 Filii,
2919 2386 3112 2440 donum
3139 2399 3195 2442 et
3215 2390 3449 2457 Spiritus

1868 2470 2059 2523 Sancti.
2090 2471 2161 2525 De
2195 2473 2351 2527 Patre
2380 2474 2431 2527 in
2459 2477 2716 2543 Apastolo
2745 2493 2759 2530 :
2798 2477 2975 2533 Gratia
3006 2482 3137 2536 salvi
3170 2483 3290 2537 facti
3321 2488 3450 2539 estis

1848 2577 1963 2627 .per
1992 2560 2186 2626 fidem,
2235 2572 2288 2617 et
2338 2565 2438 2620 bac
2488 2580 2592 2620 non
2645 2583 2711 2622 ex
2758 2570 2930 2633 vobis,
2974 2572 3065 2627 Dei
3114 2575 3318 2629 Danum
3368 2589 3451 2631 est

1866 2650 2085 2723 (Ep/tes.
2122 2654 2281 2726 n,8).
2337 2657 2409 2711 De
2462 2659 2602 2713 Filio
2652 2662 2702 2715 in
2753 2662 3243 2733 Salomonetouia
3293 2683 3451 2724 nemo

1865 2761 1984 2800 es~e
2032 2757 2205 2816 potest
2249 2752 2551 2818 continens,
2578 2753 2677 2808 nisi
2720 2754 2860 2810 Deus
2883 2757 3007 2822 det;
3037 2770 3089 2813 et
3123 2762 3224 2815 hac
3265 2762 3440 2829 ipsum

1863 2841 2142 2907 sapientiae
2174 2851 2315 2908 erat,
2341 2846 2481 2899 scire
2510 2846 2661 2915 cujus
2703 2858 2845 2903 esset
2895 2850 2994 2904 bac.
3042 2852 3239 2906 donum
3290 2856 3446 2925 (Sep.

1862 2948 1975 2993 vni,
2005 2931 2083 3004 2).
2121 2934 2195 2989 De
2220 2935 2343 3006 Spir
2366 2947 2419 2991 tu
2446 2950 2633 2993 sancta
2663 2939 2713 2993 in
2740 2941 2961 2996 Actibus
3000 2962 3010 2996 :
3062 2945 3439 3001 Paenitentiam

1859 3027 2021 3094 agile,
2058 3038 2109 3081 ct
2144 3028 2441 3099 baptizetur
2468 3035 2831 3101 unusquisque
2879 3035 2932 3090 in
2977 3039 3192 3093 nomine
3236 3040 3444 3095 Domini

1859 3114 1985 3171 Jesu
2036 3116 2261 3184 Christi,
2322 3130 2373 3176 et
2420 3124 2693 3191 accipietis
2743 3126 2943 3182 donum
2994 3129 3229 3199 Spiritus
3274 3137 3444 3189 sancti

2388 3284 2616 3340 CAPUT
2656 3287 2910 3343 XXCVII.

2329 3376 2402 3429 De
2423 3382 2676 3431 communi
2708 3382 2980 3437 locutione.

1935 3484 2190 3554 Loquitur
2223 3488 2399 3552 Pater,
2433 3490 2669 3559 loquitur
2713 3492 2893 3557 Fi'ius,
2937 3496 3173 3567 loquitur
3214 3501 3444 3570 Spiritus

1862 3584 2099 3629 sanctus.
2161 3577 2237 3632 De
2295 3578 2451 3633 Patre
2509 3584 2559 3634 in
2618 3585 2822 3650 psalmo
2888 3590 3225 3658 sexagesimo
3272 3595 3444 3661 primo

1862 3665 2043 3735 (νινε.
2072 3668 2163 3737 19.)
2194 3688 2207 3720 :
2242 3670 2420 3726 Semel
2454 3673 2659 3728 locutus
2680 3686 2761 3730 est
2785 3678 2945 3744 Deus,
2973 3679 3079 3735 duo
3108 3682 3222 3737 lucc
3242 3686 3441 3741 audivi.

1860 3755 1928 3808 Et
1956 3773 1970 3809 :
1999 3756 2139 3811 Deus
2170 3759 2378 3815 locutus
2403 3772 2486 3816 est
2527 3764 2578 3816 in
2610 3776 2795 3821 s:mcto
2824 3783 2922 3821 sua
2977 3770 3146 3839 (Psal.
3182 3789 3310 3839 cvu,
3360 3776 3441 3846 8).

1858 3847 1935 3902 De
1970 3849 2115 3903 ‘Filiu
2156 3851 2208 3905 in
2253 3852 2540 3923 Evangelia
2584 3857 2903 3927 :Loqueute
2948 3860 3077 3917 Jcsu
3122 3865 3188 3917 ad
3234 3866 3440 3932 turbas,

1861 3939 1995 3993 Ecce
2029 3952 2199 3996 mater
2235 3943 2351 4011 ejus
2383 3956 2435 3999 et
2464 3946 2654 4001 fratres
2681 3949 2807 4001 faris
2851 3953 3081 4017 stabant,
3134 3966 3439 4019 quaerentes

1857 4030 2002 4099 loqui
2034 4047 2154 4085 cum
2187 4049 2251 4088 ea
2281 4035 2496 4104 (Matth.
2530 4054 2620 4102 xu,
2654 4039 2764 4109 66).
2806 4042 2932 4095 Item
2967 4044 3034 4096 ibi
3073 4063 3083 4096 :
3113 4045 3325 4113 Loquor
3348 4064 3441 4100 vo-

1858 4119 1960 4184 bis,
1989 4133 2167 4175 etnon
2191 4126 2407 4179 creditis
2440 4126 2616 4194 (Joau.
2646 4146 2694 4192 κ,
2724 4130 2839 4196 25).
2886 4132 2959 4186 De
3003 4135 3204 4203 Spiritu
3254 4149 3441 4192 sancto

1855 4210 1909 4263 in
1966 4212 2223 4278 Apostalo
2269 4229 2283 4267 :

1857 4301 1904 4368 (l
1935 4301 2053 4355 Cor.
2090 4318 2194 4366 λιν,
2223 4304 2300 4372 2).

2377 4378 2601 4433 CAPUT
2643 4379 2916 4437 XXCVIII.

2264 4467 2341 4522 De
2367 4474 2625 4525 communi
2652 4476 3005 4533 retributione.

2346 4217 2578 4283 Spiritus
2626 4233 2707 4271 est
2771 4224 2857 4288 qui
2908 4224 3139 4291 loquitur
3186 4229 3436 4296 mysteria

1930 4578 2206 4635 Retribuet
2238 4581 2417 4651 Pater,
2451 4589 2713 4644 retribuet
2743 4591 2933 4659 Filius,
2969 4596 3228 4653 retribuet
3256 4600 3429 4669 Spiri-

1854 4684 1937 4725 tus
1958 4683 2195 4727 sanctus.
2222 4675 2293 4730 De
2327 4677 2483 4731 Patre
2512 4679 2563 4733 in
2593 4683 2853 4751 Apu‘stala
2881 4702 2895 4738 :
2931 4685 2987 4740 Si
3021 4698 3198 4744 tamen
3226 4691 3428 4759 justum

1850 4772 1932 4815 est
1961 4765 2098 4832 apud
2135 4766 2299 4821 Deum
2329 4770 2624 4826 retribuere
2659 4774 2740 4827 bis
2766 4777 2856 4843 qui
2892 4792 2988 4832 vos
3020 4782 3300 4847 tribulant,
3334 4786 3427 4839 tri-

1852 4854 2207 4922 bulatiOnem;
2252 4871 2305 4913 et
2338 4862 2487 4916 vobis
2526 4865 2613 4933 qui
2662 4868 3006 4933 tribulamini,
3052 4876 3289 4944 requiem
3340 4878 3425 4946 (11

1849 4945 2001 5000 Thes.
2038 4964 2074 5009 ι,
2106 4949 2183 5017 6).
2219 4950 2295 5004 De
2324 4952 2458 5007 Filia
2490 4956 2539 5007 in
2590 4960 2846 5022 Apastolo
2886 4977 2901 5013 :
2945 4962 3069 5015 ΜΗιί
3120 4945 3425 5031 vindictam,

1848 5051 1948 5105 ego
1978 5041 2297 5107 retribuam,
2340 5042 2471 5097 dicit
2511 5045 2764 5103 Dominus
2815 5051 2986 5120 (Rom.
3042 5070 3134 5117 xu,
3186 5056 3295 5123 19).
3352 5059 3427 5110 De

1846 5130 2045 5199 Spiritu
2079 5142 2267 5187 sancto
2294 5135 2458 5206 480
2503 5138 2552 5191 in
2588 5139 2831 5196 Indicum
2868 5163 2878 5195 :
2929 5143 2984 5198 Si
3017 5142 3161 5199 enim
3203 5163 3423 5216 congre-

1846 5222 2087 5289 gaveriut
2117 5241 2176 5278 se
2203 5226 2253 5280 in
2292 5244 2473 5296 unum,
2500 5243 2553 5284 et
2579 5236 2822 5289 venerint
2868 5237 2933 5289 ad
2969 5239 3224 5292 terminos
3266 5241 3417 5294 Jeru-

1844 5311 2039 5383 salem,
2079 5325 2133 5368 et
2176 5308 2597 5387 expugnaverint
2627 5342 2739 5391 vos,
2788 5344 2887 5396 ego
2919 5333 3123 5386 mittam
3153 5334 3407 5402 Spiritum

1844 5416 2040 5467 ineunt,
2074 5428 2082 5452 ι
2109 5416 2124 5458 ι
2154 5408 2409 5463 retribuet
2441 5412 2517 5466 cis
2543 5431 2661 5482 qua:
2690 5418 2789 5487 ipsi
2824 5422 3188 5478 retribuerunt
3210 5427 3380 5479 vobis.

2365 5524 2592 5582 CAPUT
2646 5529 2876 5585 XXCIX.

2264 5612 2342 5668 De
2382 5620 2637 5673 communi
2663 5625 2991 5689 rupectioue.

1910 5698 2144 5771 Respicit
2186 5704 2363 5773 Pater,
2414 5710 2631 5776 respicit
2681 5714 2863 5780 Filius,
2920 5720 3138 5789 respicit
3179 5723 3415 5793 Spiritus

1839 5806 2074 5851 sanctus.
2111 5798 2185 5853 De
2209 5800 2361 5854 Patre
2388 5803 2439 5853 in
2473 5804 2667 5856 Genesi
2698 5825 2710 5856 :
2740 5809 2993 5877 liespexit
3017 5813 3155 5867 Deus
3184 5817 3233 5870 in
3280 5820 3411 5874 Λιιρι

1839 5896 1891 5942 ct
1922 5903 2079 5958 super
2109 5905 2328 5946 munera
2358 5896 2470 5961 ejus
2498 5914 2508 5947 :
2546 5911 2702 5965 super
2735 5900 2861 5955 Cain
2893 5915 3069 5961 autem
3101 5920 3153 5964 ct
3183 5928 3406 5968 munt-ra
