3978 6380
508 392 605 451 331

1823 378 2043 434 VICILII
2084 377 2452 434 TAPSENSIS

3652 340 3759 421 ise

468 525 474 533 ε
506 512 622 578 ejus
653 520 756 560 non
780 502 1016 571 rcSpexit
1040 499 1194 569 (Ceu.
1220 510 1290 559 iv,
1316 496 1392 561 4).
1420 493 1496 546 De
1524 491 1652 545 Filio
1680 490 1730 543 in
1758 489 2044 559 Evangelio
2070 505 2081 539 :
2116 507 2164 563 Α
2190 490 2445 559 Apustolo
2474 505 2487 542 :
2519 487 2586 542 Ut
2615 486 2813 555 fulgeat
2842 486 2893 540 in
2927 486 3006 542 eis
3033 467 3349 541 illuminatio
3366 482 3601 553 Spiritus
3630 495 3756 536 san-

511 598 821 670 Respiciens
861 597 1016 651 Je~us
1066 594 1411 660 cogitatmues
1457 601 1668 649 eorum,
1726 583 1903 637 dixit:
1939 582 2075 647 Quid

508 692 757 761 cogitatis
804 686 939 741 mala
988 687 1040 738 in
1088 681 1338 736 cordibus
1384 679 1573 731 vestris
1616 673 1834 743 (Matth.
1878 689 1952 737 ix,
1985 671 2077 739 4)?

508 786 587 839 Bc
633 782 831 850 Spiritu
870 785 1054 832 sancto
1099 774 1151 827 in
1182 769 1501 839 Apocalypsi
1547 767 1653 820 :Hi
1695 774 1819 819 sunt
1865 770 2071 830 septem

513 877 735 944 spiritus
780 871 876 941 qui
930 867 1215 938 inspiciunt
1269 864 1571 917 universam
1628 866 1824 913 terram
1870 854 2078 926 (Apoc.

510 966 674 1034 WG"
916 1060 917 1063 γ
1114 1022 1341 1079 CAPUT
1370 1020 1481 1075 xc.

989 1117 1065 1173 De
1115 1115 1374 1170 communi
1422 1110 1630 1182 placito.

588 1240 788 1295 Placuit
814 1236 983 1300 Patri,
1008 1232 1204 1303 placuit
1234 1230 1388 1292 Filio,
1417 1225 1612 1296 placuit
1634 1220 1851 1290 Spiritui
1880 1227 2082 1273 sancto.

517 1336 593 1389 De
614 1334 769 1387 Patre
802 1331 852 1383 in
879 1324 1140 1396 Apostolo
1165 1340 1180 1377 :
1212 1322 1400 1376 Postea
1430 1332 1587 1386 quam
1614 1313 1810 1384 placuit
1844 1312 1972 1375 Deo,
1998 1309 2085 1377 qui

514 1441 604 1480 me
622 1422 924 1493 segregavit
970 1434 1034 1473 ex
1086 1426 1237 1470 utero
1287 1409 1472 1466 matris
1519 1422 1673 1469 mere,
1723 1415 1781 1458 ut
1824 1402 2091 1457 revelaret

516 1491 707 1574 Filium
732 1526 884 1567 suum
914 1510 965 1563 in
998 1522 1083 1561 me
1113 1503 1257 1575 (Gal.
1290 1517 1329 1567 I,
1359 1500 1472 1568 l5).
1506 1498 1573 1552 Et
1594 1499 1646 1550 in
1677 1494 1881 1563 psalmo
1915 1509 1927 1544 :
1975 1491 2082 1544 Pla.

516 1607 763 1666 cuitDeo
794 1617 955 1671 super
984 1598 1204 1655 vitulum
1236 1592 1511 1649 navellum
1552 1600 1752 1642 cornua
1790 1582 2090 1652 producen-

513 1713 626 1755 tem
646 1708 701 1753 et
726 1696 948 1765 ungulas
980 1690 1149 1762 (Psal.
1182 1700 1365 1748 vant,
1395 1683 1510 1753 3‘2).
1543 1682 1615 1734 De
1648 1678 1781 1733 Filio
1809 1676 1860 1729 in
1886 1674 2092 1743 psalmo

517 1763 852 1859 sexagesimo
874 1782 1099 1852 septimo
1130 1777 1308 1850 (Verr.
1338 1775 1428 1844 I7)
1459 1788 1476 1826 :
1512 1771 1742 1826 Montem
1774 1767 1827 1820 in
1850 1779 1954 1833 quo
1985 1763 2093 1830 pla-

511 1884 630 1937 cuit
673 1880 783 1935 Deo
813 1876 1055 1931 habitare
1102 1872 1156 1925 in
1207 1883 1293 1937 eo,
1325 1864 1523 1921 etenim
1554 1861 1809 1915 Dominus

505 1986 689 2041 usque
734 1971 785 2023 in
830 1969 1011 2029 linem,
1059 1972 1165 2016 etc.
1211 1959 1285 2012 De
1314 1954 1517 2025 Spiritu
1544 1958 1728 2006 sancto
1754 1948 1805 2001 in
1834 1944 2050 1999 Actibus
2079 1959 2090 1993 :

521 2033 727 2118 Placuit
752 2054 968 2127 Spiritui
997 2061 1181 2107 sancto
1206 2059 1258 2103 et
1288 2047 1465 2111 nobis,
1498 2042 1629 2097 nihil
1652 2038 1883 2108 ampiius
1908 2033 2096 2089 oneris

492 2186 493 2189 η
522 2154 798 2222 imponere
828 2146 976 2201 vobis
1006 2144 1143 2213 (Act.
1173 2155 1263 2203 xv,
1286 2138 1403 2207 9.8),
1440 2146 1545 2190 etc.

1111 2250 1335 2308 CAPUT
1377 2244 1513 2302 XCI.

979 2348 1056 2402 De
1075 2343 1329 2401 communi
1370 2340 1647 2395 intellectu.

560 2460 925 2526 dntellectum
954 2463 1055 2519 dat»
1084 2460 1262 2525 Pater,
1312 2458 1412 2510 hoc
1462 2451 1666 2514 Filius,
1715 2446 1817 2501 hoc
1867 2443 2099 2513 Spiritus

518 2571 763 2617 sanctus.
791 2558 866 2612 De
889 2555 1045 2609 Patre
1071 2552 1121 2605 in
1144 2551 1351 2620 psalmo
1377 2542 1562 2614 quinto
1587 2539 1797 2595 decimo
1817 2534 2095 2605 (Vers.7):

524 2653 839 2710 llenedicain
872 2645 1179 2704 Dominum,
1209 2640 1300 2709 qui
1353 2635 1477 2690 mihi
1512 2631 1698 2688 tribuit
1740 2628 2091 2683 intellectum.

526 2750 603 2804 De
634 2746 765 2800 Filio
790 2745 841 2796 in
872 2737 1129 2809 Apostolo
1165 2751 1177 2788 :
1207 2729 1447 2798 Intellige
1473 2741 1590 2794 qua:
1616 2716 2100 2790 dico,&81daliit

526 2839 669 2895 enim
699 2835 790 2889 tibi
823 2804 1082 2885 Dominus
1108 2822 1442 2879 intellecmm
1476 2814 1528 2886 (1
1538 2815 1557 2867 ι
1612 2812 1746 2866 Tim.
1781 2825 1844 2872 ιι,
1892 2808 1973 2875 7).
2027 2804 2101 2858 De

527 2930 729 2999 Spiritu
756 2932 941 2979 sancto
968 2919 1064 2974 ubi
1090 2928 1249 2984 supra
1281 2930 1295 2965 :
1326 2910 1454 2966 Ideo
1501 2915 1553 2960 et
1605 2918 1701 2957 nos
1743 2916 1809 2953 ex
1856 2912 1958 2967 qua
2009 2895 2100 2949 die

520 3019 849 3082 audivimus,
884 3028 989 3068 non
1015 3020 1291 3064 cessamus
1322 3017 1420 3072 pro
1460 2998 1608 3052 vobis
1638 3002 1856 3049 orantes
1905 3002 1959 3044 et
2002 3002 2100 3057 po-

538 3111 799 3166 stulantes
889 3111 947 3156 ut
991 3093 1316 3167 impleamiui
1348 3090 1615 3160 agnitione
1644 3082 1932 3138 voluntatis
1961 3079 2097 3145 ejus,

534 3207 586 3260 in
618 3201 761 3257 omni
790 3194 1047 3267 Sapientia
1079 3199 1132 3245 et
1163 3187 1432 3243 intellectu
1454 3179 1683 3251 spiritali
1718 3174 1848 3249 (Col.
1886 3188 1923 3237 ι,
1948 3172 2025 3242 9).

1095 3299 1318 3357 CAPUT
1356 3294 1517 3351 XCII.

959 3395 1033 3450 De
1057 3391 1311 3447 communi
1340 3384 1685 3442 mundatioue.

608 3514 825 3573 Mundat
872 3512 1029 3567 Pater
1057 3549 1070 3573 ,
1110 3504 1327 3561 mundat
1380 3500 1565 3562 Filius,
1613 3491 1833 3549 mundat
1878 3486 2107 3557 Spiritus

522 3618 770 3664 sanctus.
806 3604 880 3659 De
911 3602 1067 3655 Patre
1110 3597 1160 3651 in
1195 3592 1474 3649 Ezechiele
1508 3606 1521 3640 :
1559 3586 1623 3640 Et
1662 3584 1837 3638 salvos
1867 3593 1959 3633 eos
1987 3575 2109 3627 lacit

510 3723 513 3731 ’
543 3703 612 3757 de
654 3695 918 3753 universis
962 3691 1177 3746 sedibus
1226 3687 1358 3745 suis,
1390 3684 1443 3736 in
1475 3678 1666 3748 quibus
1712 3676 2106 3742 peccaverunt:

542 3789 812 3845 mundabo
840 3799 955 3847 eos,
978 3792 1032 3837 et
1060 3790 1216 3834 erunt
1248 3777 1375 3830 mihi
1407 3772 1653 3843 populus,
1684 3776 1740 3822 et
1774 3779 1873 3834 ego
1911 3776 2003 3814 ero
2034 3761 2110 3812 eis

548 3884 735 3946 Deus.;
770 3882 957 3932 seivus
988 3886 1137 3927 meus
1159 3868 1323 3923 David
1357 3880 1451 3918 rex
1482 3876 1640 3931 super
1671 3872 1786 3920 eos,
1832 3862 1885 3908 et
1934 3858 2113 3919 pastor
2162 3906 2175 3919 .

541 3976 645 4031 crit
672 3945 908 4028 omnium
937 3980 1121 4022 eorum
1156 3958 1369 4033 (Ezech.
1397 3969 1605 4014 xxxvii,
1643 3953 1756 4017 25).
1794 3949 1866 4001 De
1896 3946 2030 3999 Filio
2061 3945 2111 3995 in

523 4063 882 4134 'Evangclio:
930 4059 1143 4113 Haliens
1188 4049 1542 4107 ventilabrum
1591 4044 1642 4096 in
1697 4054 1852 4093 manu
1902 4050 2019 4100 sua,
2061 4043 2113 4086 et

532 4156 822 4213 ‘mundabit
867 4164 1048 4205 aream
1096 4160 1280 4209 suam,
1319 4150 1374 4196 et
1420 4132 1763 4202 congregaliit
1790 4128 2016 4182 fructum
2059 4124 2113 4177 in

521 4250 737 4303 ‘horrea
771 4258 885 4309 sua,
918 4240 1096 4309 paleas
1122 4245 1296 4289 autem
1329 4227 1606 4285 comburet
1631 4223 1733 4291 igni
1767 4215 2115 4283 inexstingui-

543 4340 634 4393 bili
664 4335 874 4408 (Matth.
908 4308 986 4395 ιιι,
1017 4328 1126 4396 te).
1162 4328 1227 4380 Et
1258 4344 1269 4378 ε
1302 4324 1437 4377 Caro
1483 4332 1531 4374 el
1584 4315 1800 4383 sanguis
1832 4311 1950 4365 Filii
2000 4308 2116 4378 ejus

546 4396 769 4480 mundat
797 4436 893 4474 nos
922 4421 987 4470 ab
1016 4417 1158 4470 omni
1191 4420 1408 4481 peccato
1439 4408 1486 4477 (1
1519 4406 1677 4459 Joan.
1712 4420 1748 4467 ι,
1780 4404 1856 4468 ‘7).
1890 4400 1964 4452 De
1993 4396 2117 4464 Spi-

548 4517 654 4570 ritu
687 4525 872 4567 saneto
899 4510 949 4563 in
976 4508 1113 4561 Isaia
1154 4523 1165 4556 :
1202 4504 1264 4557 Et
1312 4498 1585 4554 mundabit
1626 4494 1880 4548 Dominus
1930 4488 2117 4541 sordes

2183 587 2251 638 cti
2279 582 2361 652 (ll
2396 582 2511 634 Cor.
2544 596 2613 641 tv,
2647 581 2722 643 4).

2749 669 2970 724 CAPUT
3004 668 3187 723 XCIV.

2612 762 2684 815 De
2704 762 2955 815 communi
2980 761 3321 828 apparitione.

2254 856 2420 927 482
2472 854 2731 922 Apparuit
2775 853 2948 915 Pater,
2997 850 3185 915 Filius,
3237 848 3471 917 Spiritus
3522 859 3761 903 sanctus.

2191 947 2262 1000 De
2289 946 2442 999 Patre
2481 946 2532 996 in
2582 944 2847 997 Actibus:
2903 942 3042 994 Deus
3086 938 3272 1008 gloria:
3324 939 3573 1005 apparuit
3618 940 3760 992 Patri

2190 1045 2372 1089 nostro
2421 1034 2687 1089 Abraham
2734 1048 2856 1087 cum
2911 1040 3055 1085 esset
3104 1031 3154 1083 in
3203 1031 3582 1098 Mesopotamia
3619 1030 3763 1100 (Art.

2189 1144 2285 1194 vti,
2313 1127 2396 1197 ι2).
2430 1128 2504 1181 De
2537 1126 2672 1180 Filio
2712 1126 2763 1178 in
2786 1122 3006 1179 Joannis
3035 1122 3273 1191 Epistola
3312 1139 3324 1173 :
3376 1124 3491 1190 Ipse
3522 1125 3768 1190 apparuit

2190 1218 2374 1281 Filius,
2407 1227 2463 1270 ut
2487 1216 2665 1270 solvat
2695 1229 2856 1282 opera
2900 1212 3095 1266 diaboli
3137 1210 3207 1282 (1
3250 1209 3411 1264 Joan.
3448 1226 3535 1273 ιιι,
3570 1214 3663 1277 8).
3696 1212 3768 1264 le

2190 1308 2390 1376 Spiritu
2419 1313 2604 1359 sancto
2633 1305 2684 1357 in
2714 1303 2815 1357 Job
2843 1317 2857 1356 :
2901 1302 2964 1355 Et
2992 1301 3209 1370 spiritus
3238 1301 3482 1368 apparuit
3512 1300 3565 1352 in
3592 1300 3767 1353 oculis

2192 1403 2326 1456 meis
2360 1418 2373 1457 :
2401 1409 2449 1454 et
2498 1398 2818 1452 horruerunt
2851 1395 3027 1463 capilli
3060 1394 3185 1458 mei,
3218 1402 3273 1446 et
3305 1393 3511 1445 vultum
3541 1402 3597 1443 et
3641 1406 3763 1460 spe-

2190 1495 2325 1546 ciem
2360 1506 2464 1545 non
2503 1490 2647 1555 vidi,
2697 1487 2790 1543 sed
2828 1494 3033 1557 tantum
3084 1499 3273 1539 vocem
3319 1484 3604 1537 audiebam
3648 1483 3765 1552 (Job

2191 1598 2265 1650 ’γ’
2304 1581 2412 1650 ’ω’
2750 1645 2976 1701 CAPUT
3031 1643 3182 1698 xcv.

2652 1738 2727 1792 De
2774 1738 3028 1791 communi
3066 1738 3287 1789 veritate.

1840 1825 2092 1910 ιεἐωιξιωι
2127 1869 2170 1928 Β
2268 1834 2476 1889 Veritas
2512 1832 2689 1899 Pater,
2724 1831 2921 1883 veritas
2956 1828 3138 1891 Filius,
3164 1829 3263 1881 hoc
3292 1835 3347 1880 et
3377 1825 3612 1895 Spiritus
3639 1840 3758 1877 san-

2201 1937 2337 1980 ctus.
2368 1925 2445 1979 De
2474 1924 2627 1977 Patre
2660 1926 2710 1974 in
2756 1921 2957 1989 psalmo
2990 1920 3261 1973 tricesimo
3301 1916 3478 1987 (Vera.
3508 1916 3564 1985 6)
3610 1935 3623 1967 ;
3674 1918 3762 1970 εἰει

2197 2017 2409 2072 demisti
2440 2031 2547 2080 me,
2579 2014 2800 2067 Domine
2836 2013 2973 2067 Deus
3003 2011 3259 2067 veritatis.
3308 2010 3365 2065 In
3417 2022 3609 2062 manus
3634 2019 3762 2071 tuas,

2198 2110 2448 2171 Domine,
2471 2105 2788 2161 commendo
2802 2104 3256 2173 spiritum'meum.
3276 2101 3349 2155 De
3371 2101 3507 2155 Filio
3531 2100 3583 2154 in
3601 2100 3762 2154 Evan-

2198 2203 2338 2272 gelio
2371 2217 2384 2253 :
2421 2201 2532 2269 Ego
2564 2214 2678 2253 sum
2711 2198 2816 2263 via,
2845 2197 3061 2260 veritas,
3095 2203 3145 2248 et
3181 2195 3282 2247 vita
3317 2190 3497 2260 (loan.
3547 2206 3659 2253 xw,
3692 2189 3759 2257 6).

2201 2294 2329 2348 Item
2359 2292 2472 2359 ipse
2499 2290 2562 2342 ad
2599 2290 2802 2343 Patrem
2836 2306 2846 2337 :
2883 2288 3073 2343 Sermo
3104 2290 3223 2340 tuus
3260 2284 3457 2339 veritas
3485 2292 3573 2336 est
3594 2281 3758 2351 (1m.

2200 2398 2330 2450 xvii,
2364 2382 2475 2448 l7).
2525 2381 2599 2434 De
2639 2380 2838 2445 Spiritu
2885 2374 3072 2431 sancto
3115 2383 3167 2428 in
3213 2374 3453 2445 Epistola
3500 2373 3758 2427 Joannis:

2202 2474 2429 2543 Spiritus
2457 2478 2539 2526 est
2566 2470 2764 2525 veritas
2792 2466 2842 2540 (l
2873 2467 3030 2520 Joan.
3066 2484 3116 2531 v,
3148 2465 3225 2535 6).

2763 2579 2987 2635 CAPUT
3030 2570 3212 2632 XCVI.

2664 2674 2738 2727 De
2762 2670 3017 2726 communi
3045 2670 3307 2722 mandato.

2272 2768 2486 2824 Mandat
2512 2767 2690 2835 Pater,
2722 2764 2937 2817 mandat
2965 2762 3151 2827 Filius,
3187 2764 3285 2813 hoc
3317 2768 3371 2813 et
3403 2758 3637 2828 Spiritus
3658 2772 3758 2811 san-

2203 2872 2339 2917 ctus.
2404 2862 2475 2914 De
2524 2858 2681 2913 Patre
2745 2859 2795 2910 in
2860 2857 3063 2926 psalmo
3134 2851 3479 2922 sexagesimo
3551 2853 3758 2919 septimo

2206 2954 2379 3026 (γεγε.
2408 2951 2522 3021 29):
2548 2949 2756 3012 Manda,
2792 2947 2951 3012 Deus,
2971 2944 3146 2998 virtuti
3178 2953 3299 2996 tua‘.
3322 2941 3389 2995 Et
3420 2940 3691 2994 mandavit
3716 2940 3756 2990 in

2204 3053 2463 3099 teternum
2496 3050 2874 3096 testamentum
2919 3052 3070 3090 suum
3102 3035 3273 3105 (Psal.
3298 3048 3387 3098 cx,
3420 3032 3499 3100 9).
3526 3032 3603 3085 De
3646 3030 3758 3083 Filio

2205 3137 2256 3190 in
2304 3134 2588 3202 Evangelia
2647 3149 2658 3183 :
2714 3131 2836 3182 Hmc
2888 3126 3099 3190 mando,
3147 3135 3204 3178 ut
3259 3124 3492 3192 diligatis
3550 3122 3757 3174 invicem

2136 3240 2180 3301 (ζ
2214 3228 2391 3302 (Joan.
2428 3243 2519 3291 xv,
2549 3222 2659 3296 I7).
2694 3222 2770 3277 De
2792 3220 2992 3291 Spiritu
3017 3226 3220 3281 sancto,
3256 3216 3305 3268 in
3338 3215 3469 3267 Isaia
3512 3228 3529 3266 :
3564 3211 3758 3264 Verum-

2215 3334 2389 3375 tamen
2412 3317 2644 3387 legitima
2673 3328 2788 3379 mea
2820 3310 3108 3374 custodite,
3138 3322 3255 3377 quae
3282 3320 3381 3376 ego
3403 3303 3601 3358 mando
3630 3300 3757 3355 vobis

2207 3414 2274 3468 de
2305 3412 2502 3481 Spiritu
2527 3423 2667 3472 meo,
2700 3406 2826 3459 dic;t
2861 3402 3135 3456 Doininns.

2761 3496 2985 3553 CAPUT
3026 3491 3227 3548 XCVII.

2626 3592 2699 3645 De
2728 3586 2980 3643 communi
3010 3582 3361 3649 inspiratione.

2282 3688 2442 3760 483
2473 3682 2701 3752 Inspirat
2725 3679 2901 3742 Pater,
2949 3675 3174 3741 inspirat
3214 3669 3403 3729 Filius,
3454 3673 3509 3718 et
3551 3664 3759 3731 Spiritus

2212 3758 2447 3838 san—ctus.
2478 3779 2554 3832 De
2584 3777 2737 3829 Patre
2768 3772 2818 3825 in
2851 3770 2987 3822 libro
3009 3765 3109 3819 Joh
3134 3780 3145 3816 :
3170 3760 3399 3829 Spiritus
3419 3758 3510 3827 qui
3530 3759 3648 3810 terit
3667 3767 3752 3811 me,

2212 3886 2265 3928 et
2296 3870 2573 3940 inspiratio
2623 3861 2999 3930 omnipotentis
3053 3854 3145 3908 Dei
3184 3854 3271 3920 qui
3321 3850 3481 3903 docet
3526 3861 3609 3900 me
3656 3843 3758 3910 (Ιώ

2214 3938 2396 4029 xxx",
2415 3963 2490 4031 8).
2521 3961 2594 4013 De
2628 3958 2762 4011 Filio
2791 3955 2845 4007 in
2877 3952 3082 4022 psalmo
3119 3945 3349 4015 septimo
3372 3943 3580 3997 decimo
3602 3938 3757 4007 (Vera.

2213 4059 2342 4128 14):
2375 4055 2455 4109 Ab
2493 4050 2853 4118 increpatione
2894 4055 3003 4105 tua,
3037 4040 3281 4103 Domine,
3322 4036 3392 4090 ab
3439 4032 3761 4102 inspiratione

2217 4118 2433 4218 spiritus
2476 4144 2567 4197 irae
2618 4150 2741 4193 tuae.
2805 4136 2878 4190 De
2924 4132 3124 4200 Spiritu
3157 4135 3342 4181 sancto
3370 4128 3422 4178 in
3455 4118 3757 4189 Erangelio:

2219 4210 2446 4309 Spiritus
2475 4233 2566 4289 ubi
2595 4232 2706 4285 vult
2732 4228 2917 4297 spirat,
2941 4234 2996 4278 et
3023 4235 3209 4275 vocem
3250 4220 3369 4287 ejus
3410 4216 3559 4270 audis
3598 4210 3757 4282 (locu.

2218 4347 2293 4399 ni,
2318 4329 2395 4398 8),
2426 4337 2529 4381 etc.

2755 4386 2977 4442 CAPUT
3017 4381 3243 4439 XCVIII.

2607 4485 2680 4537 De
2711 4482 2963 4535 communi
2999 4478 3397 4549 signiﬁcatione.

536 4607 777 4662 'ﬁliorum
809 4611 861 4656 et
904 4601 1128 4655 ﬁliarum
1162 4596 1329 4656 'Sion,
1378 4603 1429 4645 et
1472 4588 1780 4656 sanguinem
1820 4580 2111 4637 Jerusalem
2145 4604 2195 4663 Β
2290 4600 2562 4669 Signiﬁcat
2592 4598 2769 4659 Pam“
2801 4592 3063 4663 sigmﬁcat
3098 4590 3292 4651 Filius,
3348 4586 3454 4639 hoc
3484 4590 3538 4637 et
3562 4578 3764 4649 Spiritus

530 4695 857 4752 “cmundath
884 4692 948 4743 de
980 4688 1154 4744 medio
1184 4686 1298 4756 ejus
1325 4683 1377 4736 in
1407 4679 1596 4749 spritu
1639 4674 1821 4744 judicii
1854 4682 1904 4726 et
1927 4669 2114 4738 spiritu

548 4783 754 4839 ardoris
792 4780 945 4853 (lsai.
971 4794 1041 4841 tv,
1070 4779 1150 4845 4).

1098 4885 1323 4941 CAPUT
1366 4881 1551 4937 XCIII.

926 4982 1002 5034 De
1028 4978 1281 5033 communi
1321 4972 1722 5028 illuminatione.

620 5098 883 5154 Illuminat
915 5093 1092 5154 Pater,
1125 5087 1383 5142 illuminat
1415 5085 1603 5145 Filius,
1649 5076 1915 5132 illuminat
1940 5072 2115 5141 Spiri-

538 5203 633 5248 tus
666 5200 909 5246 sanctus.
961 5185 1033 5238 De
1080 5182 1235 5235 Patre
1267 5181 1316 5232 in
1371 5177 1574 5246 psalmo
1626 5172 1852 5239 septimo
1910 5166 2116 5221 decimo

548 5286 722 5357 (Vera.
755 5284 849 5351 29)
880 5298 893 5334 :
926 5279 1004 5333 Tu
1026 5273 1349 5331 illuminabis
1372 5273 1642 5325 lucernam
1671 5280 1867 5327 meam;
1896 5262 2118 5315 Domine

549 5380 689 5431 Deus
712 5390 887 5439 mens,
921 5371 1156 5426 illumina
1184 5364 1429 5419 tenebras
1457 5376 1621 5415 nicas.
1642 5362 1717 5412 De
1746 5357 1881 5410 Filio
1905 5357 1955 5407 in
1979 5357 2119 5421 Apo-

548 5471 685 5523 stulo
717 5485 728 5519 :
758 5464 889 5519 Cum
921 5474 1094 5516 autem
1127 5457 1329 5512 venerit
1378 5451 1656 5517 Dominus,
1707 5458 1759 5501 et
1788 5446 2116 5499 illuminave-

549 5561 619 5615 rit
646 5557 954 5613 abscondita
986 5553 1344 5612 tenebrarum,
1401 5554 1454 5599 et
1484 5544 1658 5614 palam
1714 5540 1873 5593 faciet
1920 5535 2118 5605 cogita-

550 5654 721 5707 tiones
742 5651 918 5706 eordis
947 5664 1128 5704 eorum
1160 5644 1209 5715 (I
1235 5644 1354 5698 Cor.
1398 5656 1469 5706 tv,
1509 5638 1584 5709 5).
1626 5636 1693 5689 Et
1730 5636 1922 5688 iterum
1963 5650 1977 5686 :
2011 5632 2118 5685 Ex-

550 5756 707 5810 Surge
729 5744 816 5809 qui
846 5740 1065 5805 dormis,
1095 5745 1149 5790 et
1178 5736 1325 5789 eleva
1354 5742 1405 5785 te
1432 5745 1461 5783 a
1494 5727 1744 5788 mortuis,
1779 5734 1831 5778 et
1856 5724 2119 5777 illumina-

552 5832 629 5886 bit
653 5843 703 5887 te
731 5830 973 5885 Christus
1002 5825 1217 5898 (Ephes.
1244 5840 1299 5890 v,
1330 5822 1440 5889 l9).
1493 5821 1566 5873 De
1597 5816 1796 5887 Spiritu
1845 5820 2031 5867 sancto
2064 5811 2117 5865 in

2222 4704 2458 4749 sanctus.
2501 4691 2574 4743 De
2608 4690 2763 4742 Patre
2810 4686 2860 4739 in
2915 4684 3118 4753 psalmo
3169 4675 3606 4747 quinquagesimo
3644 4680 3767 4723 nono

2223 4784 2402 4856 (Vera.
2433 4782 2487 4847 6)
2523 4799 2533 4832 :
2568 4781 2735 4842 Deus,
2759 4775 2995 4845 repuliin
3024 4788 3142 4835 nos,
3173 4778 3229 4825 et
3264 4766 3532 4822 deduxisti
3559 4778 3665 4818 nos.
3708 4758 3767 4810 Et

2225 4876 2358 4932 infra
2392 4890 2406 4928 :
2437 4872 2633 4927 Dedisti
2668 4868 3025 4924 metuentibus
3051 4873 3102 4918 te
3128 4860 3597 4930 signiﬁcationem,
3624 4865 3672 4907 ut
3698 4856 3769 4901 tu-

2225 4972 2369 5041 giant
2390 4982 2419 5021 a
2451 4966 2581 5020 facie
2610 4978 2785 5017 arcus.
2830 4960 2904 5014 De
2931 4958 3067 5011 Filio
3095 4957 3145 5007 in
3178 4951 3501 5021 Apocalypsi
3536 4970 3548 5004 :
3585 4948 3771 5012 Apono

2228 5035 2390 5133 lypsis
2430 5058 2555 5112 Jesu
2601 5052 2826 5114 Christi,
2864 5063 3023 5118 quam
3052 5044 3199 5100 dedit
3234 5044 3307 5096 illi
3339 5040 3482 5095 Deus
3512 5035 3774 5094 ostendere

2223 5152 2391 5206 servis
2420 5148 2550 5211 suis,
2578 5153 2631 5199 et
2654 5140 2989 5210 signiﬁcavit,
3017 5139 3233 5190 mittens
3254 5148 3348 5201 per
3370 5132 3617 5201 angelum
3634 5142 3774 5182 suum

2226 5256 2384 5296 servo
2407 5254 2506 5294 suo
2534 5234 2723 5290 Joanui
2753 5232 2932 5299 (Apoc.
2969 5244 3004 5293 ι,
3051 5224 3124 5297 1).
3160 5224 3235 5278 De
3275 5223 3480 5291 Spiritu
3520 5228 3685 5275 sancto
3712 5217 3775 5267 ad

2228 5332 2481 5386 Hebraeos
2514 5342 2529 5379 :
2560 5326 2674 5379 Non
2705 5324 2820 5377 sine
2848 5320 3129 5387 sanguine,
3185 5327 3340 5381 quem
3390 5310 3553 5366 oll'ert
3598 5322 3680 5378 pro
3723 5319 3780 5353 se

2224 5434 2277 5479 et
2304 5436 2399 5492 pro
2453 5418 2633 5488 populi
2687 5412 3007 5481 ignorantia,
3061 5406 3396 5477 signiﬁcante
3446 5402 3550 5456 hoc
3592 5394 3779 5465 Spiritu

2227 5522 2411 5568 sancto
2433 5508 2617 5581 (Hebr.
2644 5521 2716 5571 ix,
2738 5504 2813 5571 7).

2795 5611 3016 5666 CAPUT
3058 5605 3241 5661 XCIX.

2611 5709 2682 5761 De
2706 5704 2957 5759 communi
2979 5696 3423 5765 euangelizatione.

2328 5825 2669 5894 Evangelium
2726 5820 2814 5874 Dei
2849 5816 3041 5879 Patria,
3080 5807 3427 5878 Evangelium
3462 5799 3599 5865 Filii,
3636 5792 3793 5848 Even
