3978 6380
179 428 276 484 £55
1131 408 1403 465 CONIRA
1445 402 1837 459 PALLADIUM
1880 399 2185 456 ARIANUM
2230 396 2356 451 LIB.
2397 394 2432 449 l.
2948 432 2951 435 ,
3321 391 3423 443 ιπι

176 540 364 611 gelium
399 532 629 603 Spiritus
673 526 861 583 sancti.
912 525 987 580 De
1038 524 1198 577 Patre
1243 521 1308 573 ad
1352 515 1688 572 Timotheum
1728 518 1823 575 ιΑ

180 640 244 693 Et
265 638 306 691 si
334 634 459 705 quid
488 630 626 686 aliud
655 641 797 683 sanae
820 625 1073 681 doctrina:
1113 622 1449 680 adversatur,
1493 632 1613 685 quae
1656 622 1740 667 est

179 738 466 796 secundum
525 731 865 800 Evangelium
920 727 1103 797 gloria:
1156 723 1296 778 beati
1352 723 1444 777 Dei
1494 718 1555 791 (Ι
1606 718 1737 770 Tim.

180 859 216 909 ι,
252 841 363 909 10).
417 839 490 893 De
518 836 651 890 Filio
677 834 740 888 ad
790 831 1043 901 Ephesios
1081 845 1094 881 :
1142 828 1470 882 lnterﬁciens
1520 823 1745 878 inimici-

182 946 309 998 tiam
355 943 405 996 in
433 939 751 1006 semetipso,
784 942 837 988 et
878 933 1096 985 veniens
1134 928 1521 998 evangelizavit
1560 941 1744 995 pacem

180 1047 394 1120 (Ephs.
428 1058 486 1107 ιι,
518 1037 629 1107 16).
662 1037 789 1090 Item
816 1033 927 1087 ibi:
958 1030 1130 1085 Testis
1156 1031 1297 1082 enim
1328 1028 1453 1081 milii
1485 1037 1566 1080 est
1586 1026 1747 1093 Deus,

134 1146 141 1155 ’
182 1150 269 1204 cui
318 1144 493 1200 servio
550 1142 603 1193 in
648 1138 834 1206 Spiritu
880 1148 997 1189 meo
1038 1134 1089 1187 in
1142 1131 1427 1198 Evangelio
1473 1126 1590 1183 Filii
1637 1129 1752 1195 ejus

182 1251 362 1321 (Rom.
395 1263 432 1311 i,
458 1244 533 1315 9).
568 1242 645 1295 De
669 1240 869 1307 Spiritu
888 1244 1071 1290 sancto
1102 1235 1153 1288 in
1176 1234 1414 1302 Epistola
1438 1231 1579 1285 Petri
1606 1249 1617 1283 :
1646 1231 1753 1283 Vo-

185 1353 269 1406 bis
300 1358 475 1402 autem
505 1347 937 1396 monstraverunt
965 1337 1099 1399 lucc,
1127 1338 1215 1402 qui
1247 1335 1397 1386 vobis
1428 1332 1756 1401 evangeliu-

184 1458 383 1507 verunt
413 1449 462 1500 io
489 1444 690 1512 Spiritu
722 1448 905 1495 saneto
936 1436 987 1507 (I
1011 1435 1154 1489 Petr.
1188 1451 1226 1501 ι,
1262 1434 1370 1502 ιε).

2482 506 2706 562 CAPUT
2745 505 2805 559 (Ἰ.

2336 601 2431 656 Ubi
2465 602 2636 654 illuxit
2668 598 2912 652 Trinitas.

1862 710 1865 713 '
1916 690 2278 761 ἠεᾰιιιιιιὶι
2310 690 2486 754 Pater,
2535 690 2705 742 illuxit
2748 687 2932 749 Filius,
2981 682 3156 739 illuxit
3192 680 3425 752 Spiritus

1848 791 2083 835 Sanctus.
2111 782 2186 835 De
2211 781 2367 834 Patre
2392 780 2442 833 in
2470 780 2727 849 Apostolo
2760 796 2772 831 :
2802 778 2941 832 Deus
2972 784 3148 829 autem
3173 773 3263 843 qui
3294 772 3429 825 dixit

1848 872 1912 923 de
1942 871 2179 925 tenebris
2211 871 2386 924 lumen
2425 870 2823 937 splendescere,
2854 868 3030 921 illuxit
3075 866 3130 919 in
3178 861 3429 918 cordibus

1851 962 2040 1016 vestris
2070 959 2158 1031 (Il
2189 960 2307 1013 Cor.
2334 976 2403 1024 iv,
2434 961 2512 1029 6).
2545 962 2618 1014 De
2643 961 2773 1014 Filio
2821 960 2872 1012 in
2904 958 3104 1028 psalmo
3134 954 3430 1009 centesimo

1855 1055 2088 1123 septimo
2129 1053 2339 1107 decimo
2387 1052 2571 1121 (Vera.
2627 1050 2722 1117 26,
2780 1052 2870 1117 27)
2918 1068 2931 1105 :
2978 1048 3293 1103 Benedictus
3339 1044 3429 1113 qui

1858 1149 1999 1199 venit
2020 1146 2079 1199 iu‘
2094 1145 2308 1199 nomine
2335 1144 2565 1207 Domini.
2601 1145 2737 1198 Deus
2761 1145 3037 1206 Dominus,
3061 1150 3115 1196 et
3141 1139 3317 1193 illuxit
3334 1152 3432 1191 no-

1858 1238 1957 1293 bis.
1995 1237 2066 1292 De
2098 1237 2297 1303 Spiritu
2327 1244 2512 1289 sancto
2540 1236 2592 1288 in
2645 1238 2901 1303 propheta
2930 1252 2942 1285 :
2996 1233 3110 1287 Non
3142 1230 3433 1285 absconde~

1861 1339 1944 1381 tur
1974 1331 2106 1383 ultra
2133 1329 2293 1382 facies
2325 1342 2439 1382 mea
2466 1329 2533 1379 ab
2560 1329 2657 1388 eTs.
2690 1341 2784 1394 pro
2813 1342 2876 1378 eo
2924 1325 3062 1392 quod
3095 1325 3267 1379 illuxit
3309 1320 3434 1390 Spi-

1862 1422 1993 1474 ritus
2044 1436 2193 1474 meus
2238 1434 2397 1483 super
2440 1408 2744 1471 unii‘ersam
2794 1417 3010 1471 domum
3060 1415 3257 1480 Israel,
3305 1413 3447 1467 dicit.

1868 1510 2117 1561 Dominus
2148 1507 2358 1579 (Ezeclt.
2394 1524 2576 1565 “Its,
2600 1507 2711 1575 '29).

223 1667 3399 1718 Μ

1326 1702 1659 1714 h——————————

975 1703 1777 1953 ᾗῆιῖἰίἷῐ

1886 1794 2684 1909 ιΡεΕιιιειε

326 2046 382 2091 ω
485 1990 1209 2124 CONTRA
1302 1984 2357 2113 PALLADIUM
2450 1979 3247 2109 ARIANUMZ

1555 2185 1817 2261 LIBRI
1870 2186 2108 2261 DUO.

1382 2398 1726 2480 LIBER
1785 2397 2260 2478 PRIMUS.

782 2577 971 2622 GESTA
1012 2574 1440 2618 EPISCOPORUM
1481 2570 1789 2623 AQUILEIE
1820 2570 2160 2612 ADVERSUM
2203 2572 2571 2613 BAZRETICOS
2608 2572 2897 2614 ARIANOS.

273 2682 437 2755 485
466 2680 689 2753 Syagrio
709 2689 761 2735 et
791 2680 1055 2734 Eucherio
1078 2692 1162 2729 vv.
1202 2691 1285 2730 cc.
1318 2688 1485 2739 coss.,
1511 2689 1568 2727 ιιι
1598 2688 1765 2728 nonas
1801 2672 1847 2732 Β
1878 2686 2126 2725 venarum
2156 2674 2361 2741 copiam
2408 2672 2724 2728 reColentes.
2756 2674 2884 2727 Nam
2923 2673 3063 2743 quod
3102 2674 3453 2739 Ambrosius,

190 2775 562 2847 Septembris,
591 2772 850 2843 Aquileiae
878 2773 929 2825 in
965 2770 1200 2824 Ecclesia
1226 2767 1626 2821 considentibus
1655 2765 1771 2833 epi-

192 2867 402 2935 scopis,
434 2862 851 2932 Aquileiensium
881 2861 1110 2914 civitatis
1135 2857 1438 2921 Valeriano,
1466 2856 1772 2919 Ambrosio,

196 2956 484 3022 Eusebio,
531 2954 791 3015 Limenio,
848 2952 1088 3015 Auemio,
1134 2950 1356 3016 Sabino,
1412 2948 1771 3013 Abuudantio,

192 3049 469 3107 Artemio,
518 3046 848 3106 Constantio,
890 3043 1062 3105 Justo,
1107 3042 1393 3102 Pliilastro.
1438 3038 1771 3108 Constantio,

190 3137 511 3203 Theodoro,
550 3136 860 3200 Almacliio,
892 3135 1171 3197 Domnino,
1202 3134 1471 3195 Amantio.
1522 3133 1773 3200 Maximo,

193 3230 410 3294 Felice,
446 3228 715 3293 Bassiano,
742 3224 1009 3289 Numidia,
1055 3224 1326 3290 Januario,
1377 3224 1623 3292 Proculo,
1675 3225 1779 3279 He-

193 3321 453 3383 lodoro,
500 3318 724 3385 Jovino,
778 3317 990 3379 Felice,
1040 3315 1469 3385 Exsuperantio,
1524 3316 1777 3385 Diogene,

191 3412 459 3475 Maximo,
484 3407 1102 3475 Macedonio,Cassiano,
1127 3408 1375 3461 Marcello
1402 3408 1776 3471 etEustatbio,

186 3503 498 3574 episcopis.

271 3593 574 3647 Ambrosius
598 3591 864 3662 episcopus
892 3590 1023 3642 dixit
1058 3602 1076 3641 :
1109 3587 1202 3640 Diu
1233 3589 1362 3641 citra
1391 3596 1504 3641 acta
1535 3588 1781 3640 tractavi-

191 3702 355 3740 mus.
388 3685 452 3738 Et
480 3684 727 3752 quoniam
757 3690 900 3735 tanta
926 3679 1197 3749 sacrilegia
1242 3694 1272 3733 a
1302 3679 1457 3732 Patre
1484 3678 1702 3732 Palladii
1728 3689 1781 3732 ct

1881 2773 1933 2817 et
1965 2766 2083 2817 vita:
2114 2766 2302 2819 merito
2332 2775 2385 2819 et
2414 2765 2501 2819 Dei
2531 2766 2837 2833 dignatione
2878 2766 3197 2835 conspicuus
3242 2769 3447 2835 episeo-

1881 2869 1979 2923 pus
2007 2855 2479 2910 Mcdiolauensium
2526 2858 2776 2921 civitatis,
2828 2858 2896 2911 ibi
2928 2858 3319 2912 multitudinem
3352 2874 3455 2912 non

1880 2960 2015 3012 Opus
2040 2961 2157 3012 esse
2184 2950 2437 3015 suggerit,
2464 2947 2550 3001 ubi
2574 2946 2771 3001 veritas
2804 2964 2906 3000 nou
2950 2949 3220 3002 laboraret
3251 2950 3302 3002 in
3334 2950 3456 3015 plu-

1885 3035 2049 3099 ribus,
2077 3036 2121 3089 si
2174 3037 2345 3090 locata
2373 3048 2514 3092 esset
2564 3036 2619 3090 iu
2669 3038 2888 3107 paucis:
2921 3053 3083 3108 seque
3128 3056 3313 3095 eorum
3360 3042 3451 3109 qui

1846 3112 2063 3181 'contra
2102 3137 2337 3183 astarent
2370 3128 2774 3195 assertionibus,
2807 3139 2861 3184 et
2898 3130 3205 3186 sacerdotes
3252 3131 3453 3185 vicina-

1879 3235 1994 3274 rum
2045 3234 2108 3275 ex
2149 3222 2294 3275 Italia
2327 3221 2629 3287 civitatum,
2677 3222 2807 3276 satis
2854 3222 3170 3291 abundeque
3212 3221 3461 3277 sufﬁcere

1881 3326 2039 3379 posse
2081 3312 2318 3382 suggerit
2340 3353 2355 3379 ,
2392 3314 2764 3369 abstinendum
2798 3316 3181 3369 venerabilium
3212 3318 3450 3369 virorum

1882 3404 2192 3473 fatigatione
2223 3407 2529 3461 censuimus
2561 3424 2575 3460 :
2608 3424 2677 3461 ne
2707 3410 2827 3477 quis
2848 3408 2929 3460 vel
2960 3416 3169 3461 maturo
3193 3421 3312 3461 azvo
3342 3422 3456 3475 gra-

1888 3494 1987 3558 vis,
2018 3494 2103 3547 vel
2127 3495 2389 3562 corporali
2438 3496 2712 3551 debilitate
2758 3496 3054 3561 conl'eetus,
3086 3496 3165 3550 vel
3199 3496 3451 3550 laudabili

1890 3592 2197 3651 paupertate
2221 3583 2520 3653 mediocris,
2556 3588 2795 3641 insuetas
2824 3594 3040 3655 repetat
3068 3596 3261 3650 terras,
3292 3594 3346 3639 et
3375 3602 3462 3641 rc-
3536 3570 3547 3573 ’

1890 3675 2049 3744 liqua.

193 3777 536 3833 Secundinni
588 3775 785 3828 nostris
828 3773 1043 3826 auribus
1088 3772 1419 3840 ingeruntur,
1469 3780 1522 3824 ut
1570 3770 1783 3824 difﬁcile
1811 3779 1857 3842 ρ
1956 3768 2252 3824 Ambrosius
2280 3772 2543 3842 episwpus
2573 3773 2703 3826 dixit
2732 3788 2751 3827 .'
2787 3772 2925 3827 Ecce
2954 3771 3097 3841 quod
3125 3770 3467 3827 Christianus

188 3868 493 3939 quisquam
522 3865 705 3920 credat
761 3873 865 3918 tam
895 3874 1078 3933 aperte
1128 3876 1221 3915 eos
1266 3860 1637 3929 blaSpliemare
1684 3876 1780 3928 po-

196 3958 389 4012 tuisse
425 3975 437 4008 :
470 3957 551 4010 vel
581 3970 647 4009 ue
675 3970 775 4022 qua
808 3954 905 4021 ipsi
937 3952 1228 4008 calliditate
1272 3951 1410 4005 dicta
1459 3965 1551 4004 sua
1601 3959 1782 4019 postea

192 4062 420 4115 negare
442 4054 723 4109 conentur,
768 4044 892 4097 licet
918 4045 984 4097 de
1033 4051 1297 4097 tantorum
1346 4042 1675 4095 sacerdotum
1709 4051 1786 4095 te-

190 4140 542 4196 stificatione
567 4138 795 4199 dubitari
824 4153 930 4191 non
962 4146 1157 4207 queat:
1190 4148 1363 4190 tamen
1391 4140 1641 4204 quoniam
1675 4151 1787 4187 om-

188 4230 382 4286 nibus
425 4228 690 4297 episcOpis
731 4227 939 4295 placet,
987 4227 1117 4279 ﬁant
1157 4239 1297 4292 acta,
1329 4237 1383 4278 ut
1430 4227 1791 4294 unusquisque

184 4321 609 4396 professionem
647 4334 796 4373 suam
844 4330 1027 4387 postea
1056 4332 1250 4386 negare
1288 4332 1393 4371 non
1441 4317 1623 4384 possit.
1656 4314 1790 4382 Quid

189 4412 384 4484 igitur
407 4413 576 4478 vobis,
609 4413 776 4465 sancti
808 4411 926 4477 viri,
962 4412 1169 4478 placeat
1195 4408 1571 4463 declarandum
1600 4416 1701 4461 est.

289 4502 489 4557 Omnes
511 4502 730 4574 episwpi
754 4503 990 4555 dixerunt
1018 4518 1037 4555 :
1066 4502 1261 4554 Placet.

278 4592 459 4664 486
498 4594 789 4646 Ambrosius
832 4593 1099 4660 episcopus
1140 4591 1267 4644 dixit
1310 4605 1330 4643 :
1376 4588 1792 4656 Disceptationes

188 4700 421 4743 nosme
474 4700 541 4738 ex
591 4700 648 4742 re
693 4683 963 4737 firmandae
1002 4693 1126 4737 sunt
1163 4682 1362 4752 scripto
1403 4681 1688 4752 imperiali,
1739 4690 1795 4735 ut

199 4778 549 4845 allegentur.

276 4867 609 4923 Sabinianus
634 4866 875 4919 diaconus
900 4866 1121 4918 recitavit
1151 4879 1172 4919 :

278 4956 559 5026 Ambigua
610 4957 915 5026 dogmatum
958 4956 1256 5010 reverentia
1301 4970 1366 5009 ne
1393 4955 1686 5010 dissideant
1713 4974 1797 5011 sa-

189 5051 497 5113 cerdotes,
526 5062 683 5115 quam
722 5050 949 5116 primum
980 5046 1212 5114 experiri
1262 5048 1555 5111 cupientes,
1600 5061 1796 5101 conve-

1884 3862 2157 3915 constituit
2186 3864 2488 3931 imperator.
2515 3864 2693 3918 Nolu't
2720 3865 2966 3933 iniuriam
3001 3866 3176 3919 facere
3205 3864 3465 3921 sacerdo.

1888 3952 2028 4005 tibus
2058 3971 2070 4007 :
2103 3954 2246 4022 ipsos
2278 3955 2595 4023 interpretes
2623 3957 2899 4009 constituit
2928 3956 3229 4023 episcopos.
3261 3958 3340 4009 Ac
3370 3970 3467 4022 per

1889 4042 2008 4108 hoc,
2040 4045 2287 4112 quoniam
2317 4046 2366 4097 in
2393 4047 2712 4099 sacerdotali
2736 4046 2964 4099 concilio
2986 4046 3347 4104 consedimus,
3378 4061 3463 4096 re-

1889 4134 2093 4199 sponde
2118 4133 2183 4187 ad
2214 4149 2277 4188 ea
2323 4150 2444 4202 qua:
2489 4136 2583 4188 tibi
2632 4146 3023 4203 proponuntur.
3072 4134 3181 4187 Arii
3228 4134 3454 4202 epistola

1893 4223 2026 4277 lecta
2056 4235 2174 4278 est:
2207 4226 2365 4277 etiam
2395 4240 2532 4277 nunc
2576 4226 2909 4293 reritabitur,
2941 4228 2984 4280 si
3017 4225 3109 4279 lilii
3141 4225 3376 4280 videtur.
3422 4230 3465 4279 Α

1897 4317 2160 4385 principio
2192 4317 2351 4371 liabet
2380 4317 2758 4387 blaspbeinias,
2788 4319 2958 4372 solum
2985 4318 3194 4373 Patrem
3214 4328 3474 4373 aeternum

1895 4409 2046 4462 dixit.
2099 4410 2152 4465 Si
2184 4410 2274 4464 tibi
2326 4410 2541 4465 videtur
2598 4412 2737 4481 quod
2780 4412 2871 4466 Dei
2917 4412 3078 4466 Filius
3119 4414 3473 4481 sempiternus

1896 4516 1998 4555 non
2036 4500 2148 4564 sit,
2198 4502 2298 4554 hoc
2330 4501 2498 4568 ipsum
2536 4503 2983 4569 quemadmodum
3034 4503 3113 4557 vis
3164 4512 3347 4557 astrue
3377 4519 3393 4556 :
3426 4503 3469 4556 si

1897 4592 2254 4646 damnandum
2288 4602 2464 4662 putas,
2498 4595 2690 4648 damna
2724 4594 3085 4663 Evangelium.
3111 4594 3352 4650 Pratscns
3393 4606 3478 4649 est

1898 4695 1951 4738 et
1977 4684 2291 4752 Apostolus.
2319 4700 2506 4739 omnes
2546 4687 2836 4754 Scriptura:
2876 4696 3071 4754 prmslo
3120 4696 3242 4740 sunt
3271 4726 3286 4751 ,
3335 4668 3518 4739 unde.

1900 4776 1977 4829 vis
2013 4785 2222 4840 astrue,
2254 4777 2298 4831 si
2331 4785 2483 4847 putas
2514 4794 2617 4830 nou
2658 4792 2778 4832 che
2822 4778 2913 4831 Dei
2956 4778 3149 4832 Filium
3191 4780 3475 4848 sempiter—

1901 4882 2047 4918 num.

1972 4956 2243 5011 Palladius
2273 4960 2418 5012 dixit.
2455 4959 2645 5014 Vestro
2672 4960 2845 5015 studio
2874 4961 3068 5017 factum
3094 4970 3195 5027 est,
3223 4963 3361 5016 sicut
3392 4965 3444 5016 in

1904 5050 2046 5103 dicat
2076 5050 2231 5103 lectio
2253 5066 2418 5105 sacrae
2444 5065 2472 5104 a
2505 5052 2655 5105 vobis
2680 5054 2917 5119 prolatae,
2944 5063 3001 5107 ut
3028 5068 3131 5107 non
3151 5062 3295 5107 esset
3316 5067 3478 5119 gene-

188 5146 337 5200 nire
374 5142 428 5194 in
472 5138 885 5207 Aquileiensium
912 5139 1204 5200 civitatem,
1232 5153 1294 5191 ex
1326 5138 1543 5191 dioecesi
1589 5139 1795 5193 meritis
1825 5145 1876 5205 ι)
1909 5138 2018 5191 rale
2040 5148 2093 5192 et
2125 5138 2335 5205 plenum
2366 5141 2671 5194 concilium.
2712 5142 3038 5197 Absentibus
3072 5141 3471 5195 consacerdoti--

186 5230 566 5292 excellentia:
616 5241 717 5284 tua:
760 5230 1015 5306 creditam
1048 5268 1062 5291 ,
1114 5229 1393 5296 episcopos
1441 5228 1793 5296 jusseramus.

187 5328 410 5393 Neque
450 5325 589 5375 enim
628 5322 1002 5375 controversia:
1053 5319 1227 5373 dubia:
1273 5321 1553 5374 sententia:
1598 5321 1800 5375 rectius

189 5422 479 5490 poterant
522 5412 782 5481 expediri,
827 5427 984 5480 quam
1011 5410 1057 5464 si
1090 5411 1290 5465 oborta:
1320 5412 1683 5466 altercationis
1714 5412 1798 5466 in—

190 5512 494 5575 terpretes
520 5501 662 5570 ipsiis
688 5502 1146 5556 constituissemus
1184 5504 1482 5568 antistites;
1519 5513 1573 5557 ut
1608 5503 1799 5559 videli-

188 5608 297 5655 cet
331 5610 366 5647 a
401 5591 591 5660 quibus
607 5591 1015 5661 proﬁciscuntur
1040 5593 1271 5655 instituta
1301 5593 1576 5657 doctrinm,
1603 5595 1668 5648 ab
1694 5598 1797 5650 eis-

193 5690 343 5743 dem
380 5681 645 5735 discordis
674 5680 985 5735 eruditionis
1033 5684 1395 5749 repugnantine
1439 5685 1797 5741 solverentur.

193 5778 419 5843 Neque
462 5784 591 5826 sane
620 5785 759 5825 nunc
785 5770 939 5825 aliter
963 5770 1210 5839 iubemus
1247 5785 1307 5825 ac
1349 5771 1642 5842 jussimus;
1696 5792 1798 5830 non

199 5872 569 5924 invertentes
612 5869 856 5937 precepli
891 5875 1159 5931 tenorem,
1188 5866 1278 5920 scd
1322 5869 1638 5934 superfluam
1676 5883 1800 5923 con-

1901 5229 1997 5282 bus
2024 5230 2218 5283 nostris
2249 5244 2345 5284 nos
2366 5230 2525 5305 487
2574 5235 2898 5301 respondere
2947 5249 3051 5287 non
3096 5246 3398 5301 possumus.

1974 5321 2266 5376 Ambrosius
2320 5323 2584 5393 episcopus
2630 5324 2757 5377 dixit
2807 5342 2825 5379 :
2873 5325 2973 5390 Qui
3016 5334 3138 5378 sunt
3183 5337 3467 5378 COﬂSUI‘lcS

1905 5413 2065 5465 vestri
2088 5412 2111 5464 ?

1979 5503 2247 5557 Palladius
2277 5506 2407 5559 dixit
2438 5522 2457 5561 :
2488 5506 2787 5562 Orientales
2815 5506 3074 5575 episcopi.

1977 5594 2268 5649 Ambrosius
2296 5598 2566 5667 episcopus
2586 5599 2714 5652 dixit
2738 5613 2756 5651 :
2783 5598 2997 5650 Interim
3029 5596 3149 5667 quia
3182 5596 3478 5665 snperiori-

1910 5688 2006 5741 bus
2032 5690 2359 5756 temporibus
2386 5691 2672 5743 concilium
2698 5688 2775 5742 sic
2816 5691 3009 5743 factum
3048 5700 3150 5753 est,
3194 5698 3251 5743 ut
3288 5690 3480 5744 Orien-

1911 5778 2043 5831 tales
2073 5779 2123 5831 in
2154 5779 2389 5834 Orientis
2424 5780 2660 5849 partibus
2690 5779 2968 5833 constituti
3017 5780 3277 5836 baberent
3303 5784 3481 5835 conci-

1913 5872 2054 5933 lium,
2085 5871 2454 5929 Occidentales
2477 5872 2527 5927 in
2554 5871 2881 5941 Occidente,
2928 5887 3024 5931 nos
3075 5874 3125 5928 iu
3175 5873 3497 5930 Occidentis
