3978 6380
548 366 658 422 ιὸὅ

1870 365 2086 421 VltiiLll
2127 368 2492 425 'l‘APSENSIS

3700 378 3801 433 J36

558 484 791 551 partibus
809 484 1081 537 constituti
1115 483 1458 537 convenimus
1484 483 1554 535 adi
1579 448 1993 551 Aquileiensium
2035 482 2107 535 ci-
2143 484 2191 541 Α
2222 483 2422 542 dies.et
2440 496 2565 537 aute
2591 484 2808 537 biduum
2828 484 3170 552 responderet
3198 502 3255 540 se
3273 487 3600 548 adfuturum.
3655 493 3792 559 Quid

558 576 774 628 vitalem
797 573 952 642 juxta
976 573 1308 642 imperatoris
1327 581 1669 642 praeceptum.
1694 572 1929 641 Denique
1958 576 2121 625 ctam

549 665 833 733 praefectus
881 666 1042 718 Italia:
1077 665 1279 718 litteras
1317 664 1484 729 dedit,
1526 672 1582 719 ut
1608 663 1653 717 si
1683 664 1881 717 vellem
1924 678 2120 717 come--

544 759 682 820 nire,
718 757 765 807 in
790 765 1054 824 potestate
1096 754 1371 807 haberent.
1429 753 1533 807 Sed
1557 752 1678 821 quia
1707 753 1946 807 scierunt
1990 768 2117 806 con-

542 845 876 899 suetudinem
936 843 1269 909 ltujusmodi,
1320 853 1378 896 ut
1422 843 1472 897 in
1502 841 1720 898 Oriente
1767 842 2113 897 Orientalium

540 947 679 990 esset
706 934 1008 997 concilium,
1025 933 1159 987 intra
1181 932 1519 987 Occidentem
1540 932 1981 999 Occidentalium,
1997 932 2114 986 ideo

539 1034 856 1094 putaverunt
887 1039 990 1078 non
1017 1038 1137 1078 esse
1165 1024 1509 1078 veniendum.

604 1116 879 1170 Palladius
907 1116 1068 1169 dixit:
1097 1116 1392 1185 imperator
1424 1125 1607 1170 noster
1636 1114 1919 1171 Gratianus
1952 1116 2112 1185 jussit

534 1206 830 1262 Orientales
855 1209 1058 1261 venire.
1091 1208 1264 1276 Negas
1288 1216 1340 1262 tu
1361 1208 1588 1276 iussisse
1615 1208 1771 1263 eum?
1794 1208 1909 1278 ipse
1942 1210 2110 1278 impe-

534 1309 680 1355 rator
709 1300 862 1355 nobis
901 1300 1037 1354 dixit
1073 1316 1132 1355 se
1163 1300 1462 1355 Orientales
1500 1300 1729 1369 iussisse
1757 1300 1967 1356 venire.

604 1392 901 1446 Ambrosius
927 1394 1196 1462 cp'swpus
1220 1393 1351 1446 dixit
1382 1407 1401 1445 :
1434 1392 1625 1460 Utique
1650 1392 1841 1461 jussit,
1872 1393 1961 1461 qui
2000 1408 2104 1447 non

533 1481 803 1549 prohibuit
823 1482 925 1536 huc
956 1482 1166 1537 venire.

607 1572 877 1627 Palladius
904 1575 1066 1628 dixit:
1111 1574 1215 1629 Sed
1246 1589 1311 1628 ne
1341 1575 1585 1630 venirent
1614 1585 1700 1629 tua
1731 1560 1914 1643 petitio
1936 1572 2097 1629 fecit:

528 1663 628 1716 sub
654 1666 833 1731 specie
863 1663 1008 1717 falsae
1039 1664 1327 1719 voluntatis
1349 1664 1447 1719 boc
1490 1665 1815 1734 impetrasti,
1842 1672 1898 1719 et
1931 1664 2102 1719 distu-

528 1758 633 1813 listi
656 1758 966 1811 concilium.
1416 1746 1419 1747 ν

2227 590 2354 643 ergo
2383 575 2775 644 exSpectabas?
2806 575 2872 631 Ut
2910 577 3042 631 dicis
3074 578 3429 635 Orientalium
3457 584 3795 638 consortium

2224 674 2431 717 tuorum
2462 667 2778 719 sententiam
2802 669 3235 734 exspectandam,
3267 671 3343 722 sic
3370 670 3603 725 debuisti
3651 688 3795 727 man-

2220 754 2367 818 dare,
2394 770 2496 807 non
2525 760 2835 823 promittere
2857 757 3184 810 conﬂictum.

2290 842 2563 896 Palladius
2586 845 2750 898 dixit:
2779 846 2908 911 Quia
2950 847 3097 914 quasi
3140 848 3202 900 ad
3235 849 3521 904 concilium
3574 852 3786 919 plenum

2218 949 2485 999 veneram,
2521 935 2625 988 vidi
2670 951 2772 989 non
2818 938 3137 991 convenisse
3181 951 3459 995 consortes
3508 958 3699 997 meos:
3742 956 3792 999 ut

2215 1029 2559 1082 convenirem
2617 1030 2951 1093 etdicerem,
3000 1031 3293 1085 secundum
3335 1032 3641 1100 jussionem
3674 1051 3790 1105 ege-

2214 1120 2330 1173 ritis
2357 1121 2406 1172 in
2438 1120 2797 1187 prmjudcium
2833 1121 2990 1175 futuri
3015 1124 3249 1177 concilii.

2281 1211 2577 1266 Ambrosius
2604 1214 2870 1281 episcOpus
2905 1215 3029 1267 dicit
3064 1231 3081 1266 :
3110 1216 3177 1268 Ut
3205 1215 3365 1269 hodie
3402 1215 3784 1282 resideremus,

2212 1300 2324 1369 ipse
2352 1300 2593 1370 exegisti.
2646 1302 2882 1371 Denique
2919 1304 3081 1357 etiam
3131 1305 3293 1359 hodie
3325 1314 3382 1359 tu
3421 1307 3539 1374 ipse
3580 1307 3783 1369 dixisti.

2208 1394 2327 1461 quia
2360 1394 2644 1448 CiniStiani
2672 1395 2737 1448 ad
2767 1397 3103 1450 Christianos
3139 1399 3401 1451 venimus.
3452 1394 3784 1454 Christianos

2206 1497 2304 1535 nos
2327 1483 2583 1550 probasti.
2604 1484 2895 1537 Promisisti
2922 1494 2973 1539 te
2998 1486 3459 1550 conﬂictaturum,
3494 1491 3781 1555 promisisti

2208 1582 2259 1625 te
2282 1572 2565 1625 allaturum
2593 1587 2713 1626 esse
2744 1574 3028 1627 rationem.
3064 1575 3316 1629 Libenter
3368 1573 3553 1645 itaque
3582 1583 3781 1644 accepi-

2203 1675 2323 1717 mus
2366 1664 2728 1732 praefationem
2759 1675 2922 1720 tuam.
2957 1666 3269 1733 Optavitnus
3314 1676 3375 1721 ut
3424 1670 3580 1737 quasi
3637 1669 3779 1723 Chri-

2202 1760 2409 1813 stianus
2464 1762 2694 1816 venires.
2747 1759 2928 1815 Obtuli
2978 1760 3069 1814 tibi
3115 1761 3397 1829 epistolam
3448 1765 3591 1826 Arii,
3630 1781 3777 1832 quam

598 1850 891 1903 Ambrosius
914 1851 1180 1921 episcOpus
1220 1850 1351 1905 dixit
1381 1865 1400 1903 :
1428 1850 1542 1906 Non
1584 1864 1721 1920 opus
1756 1859 1840 1906 est
1880 1850 2095 1921 evagari
2127 1853 2176 1915 B
2201 1852 2414 1920 scripsit
2443 1851 2622 1915 Arius,
2641 1850 2708 1905 de
2728 1851 2879 1920 cujus
2905 1854 3121 1907 nomine
3152 1852 3327 1906 dicitis
3356 1868 3456 1905 vos
3473 1854 3773 1923 frequenter

524 1944 741 2009 diutius;
764 1943 1030 2012 responde
1058 1958 1217 1999 nunc.
1265 1944 1410 1999 Bene
1450 1943 1583 1999 dixit
1621 1943 1782 2000 Arius
1810 1943 1986 1998 solum
2016 1960 2095 1997 av.-

526 2047 741 2090 ternum
768 2036 1017 2090 Patrem?
1047 2044 1099 2091 et
1128 2036 1423 2090 secundum
1453 2038 1761 2105 Scripturas
1813 2036 1913 2091 hoc
1938 2035 2091 2100 dixit,

524 2146 597 2182 an
625 2129 769 2182 non?

594 2220 866 2273 Palladius
892 2220 1020 2273 dixit
1046 2236 1067 2274 :
1088 2218 1202 2273 Non
1233 2220 1323 2273 tibi
1358 2218 1679 2287 respondeo.

591 2314 916 2367 Constantius
952 2313 1219 2381 episcopus
1261 2313 1433 2366 dicit:
1457 2311 1571 2366 Non
1621 2310 1951 2381 respondes,
2004 2309 2095 2380 qui

525 2407 703 2461 tandiu
735 2404 1159 2474 blaspliemasti?

592 2497 842 2551 Eusebius
882 2498 1149 2565 cpiscopus
1196 2497 1372 2550 dixit:
1400 2494 1503 2551 Sed
1534 2493 1754 2548 debebis
1777 2493 2095 2563 simpliciter

520 2592 642 2646 ﬁdei
673 2600 774 2644 ture
806 2590 1032 2659 prodere
1072 2588 1394 2642 libertatem.
1431 2587 1487 2641 Si
1527 2602 1557 2640 a
1590 2598 1638 2639 te
1668 2584 1880 2655 gentilis
1908 2586 2094 2653 exige-

520 2692 601 2735 ret
648 2680 1094 2750 quemadmodum
1131 2679 1183 2732 in
1223 2678 1494 2733 Christum
1538 2677 1811 2740 crederes,
1845 2673 2089 2729 conliteri

519 2773 839 2826 erubescere
863 2787 969 2824 non
995 2770 1237 2825 deberes.

592 2863 813 2917 Sabinus
841 2862 1113 2931 episcopus
1139 2861 1265 2914 dixit
1294 2859 1411 2914 :Tu
1444 2860 1619 2928 petisti
1649 2867 1707 2913 ut
1735 2859 2089 2927 respondere-

521 2969 639 3007 rnus
663 2954 821 3009 hodie
839 2970 903 3008 ex
927 2954 1321 3016 voluntatetua,
1341 2964 1391 3005 et
1411 2961 1632 3022 urgente
1651 2962 1703 3006 te
1722 2952 2089 3016 convenimus,

521 3057 572 3101 et
598 3063 702 3100 non
755 3045 1183 3115 exspectavimus
1223 3044 1456 3113 reliquos
1497 3044 1685 3097 fratres
1724 3044 1809 3111 qui
1852 3051 2130 3133 poterant.

520 3139 720 3193 venire.
747 3138 976 3191 Proinde
996 3152 1100 3190 non
1127 3135 1220 3190 tibi
1264 3136 1493 3190 liberum
1532 3143 1614 3189 est
1652 3135 1887 3202 evagari.
1931 3133 2090 3187 Chri-

2201 1942 2448 2009 injuriam
2477 1944 2761 1998 snstiuere.
2801 1943 2984 1999 Dicitis
3022 1944 3161 2014 quod
3207 1946 3394 1999 Arium
3432 1961 3541 1998 non
3578 1959 3761 2013 sequa-

2200 2035 2354 2089 miui.
2396 2034 2563 2089 liodie
2609 2046 2791 2103 aperta
2822 2036 2981 2090 debet
3004 2045 3147 2090 esset
3175 2037 3465 2092 sententia.
3515 2041 3622 2089 Aut
3651 2053 3770 2090 con-

2198 2125 2390 2179 demna
2418 2126 2588 2190 illum,
2620 2136 2712 2180 aut
2741 2135 2920 2180 astrue
2967 2127 3159 2194 quibus
3196 2128 3276 2181 vis
3305 2129 3655 2183 lectionibus.
3706 2127 3763 2180 Et

2197 2219 2396 2271 addidit
2431 2234 2449 2272 :
2482 2220 2641 2288 Ergo,
2687 2220 2837 2287 juxta
2882 2219 3161 2289 epistolam
3201 2221 3343 2285 Arii,
3372 2219 3626 2274 Christus
3677 2222 3761 2275 Dei

2200 2310 2362 2364 Filius
2391 2327 2493 2363 non
2517 2320 2598 2365 est
2619 2310 3022 2379 sempiternus?

2268 2400 2537 2457 Palladius
2560 2403 2687 2455 dixit
2714 2420 2734 2456 :
2761 2402 2867 2456 Nos
2885 2402 3113 2457 diximus
3162 2402 3483 2471 probaturos
3510 2418 3608 2455 nos
3631 2401 3765 2455 Chri-

2198 2494 2418 2556 stianos,
2445 2493 2537 2545 sed
2570 2492 2625 2545 in
2651 2493 2874 2546 concilio
2901 2493 3076 2558 pleno.
3119 2492 3234 2546 Non
3280 2494 3437 2547 vobis
3480 2494 3762 2562 responde-

2198 2604 2316 2642 mus
2344 2588 2581 2651 omnino,
2614 2588 2670 2640 in
2701 2586 3065 2653 prrejudicium
3095 2583 3308 2638 concilii
3335 2582 3527 2636 futuri.

2269 2676 2514 2729 Eusebius
2554 2679 2821 2745 episcopus
2882 2678 3012 2729 dixit
3050 2690 3070 2727 :
3133 2675 3264 2729 Sine
3313 2673 3608 2728 calliditate
3649 2672 3755 2725 ﬁdei

2198 2779 2301 2822 tua:
2319 2767 2482 2838 589
2508 2767 2891 2836 professionem
2922 2766 3085 2820 debes
3114 2779 3406 2833 exponere.

2270 2857 2540 2911 Palladius
2563 2859 2692 2911 dixit
2715 2874 2733 2912 :
2761 2859 2825 2912 Et
2844 2858 2965 2927 quid
2989 2856 3215 2911 concilio
3243 2854 3616 2909 reservamus?

2268 2951 2563 3004 Ambrosius
2589 2952 2851 3021 episcopus
2882 2950 3011 3002 dixit
3040 2948 3236 3003 :Omni
3272 2962 3368 3002 ore
3396 2944 3758 3000 condemnatio

2198 3041 2331 3095 facta
2352 3051 2434 3095 est
2461 3059 2507 3093 ill
2536 3057 2654 3094 eum
2727 3041 2813 3109 qui
2850 3046 3067 3108 negaret
3112 3038 3201 3092 Dei
3246 3036 3439 3090 Filium
3485 3034 3754 3101 sempiter-

2196 3146 2341 3184 num.
2372 3130 2594 3198 Negavit
2621 3130 2798 3191 Arius,
2829 3130 2968 3182 hunc
2988 3130 3226 3195 sequitur
3248 3125 3538 3187 Palladius,
3558 3126 3643 3194 qui
3661 3138 3751 3175 non

520 3242 657 3283 tilum
686 3228 956 3284 dicisesse
985 3236 1219 3284 creatum
1243 3228 1265 3282 2
1295 3238 1385 3283 aut
1407 3244 1539 3296 sem;
1560 3228 1789 3283 iternum
1810 3226 1945 3283 dicis
1974 3240 2091 3282 esse
2121 3216 2166 3280 C
2197 3224 2680 3280 vnlteondemnare
2701 3223 2905 3278 Arium.
2924 3225 3100 3292 itaque
3123 3229 3296 3274 utrum
3321 3219 3479 3287 hujus
3498 3217 3753 3288 probanda

520 3324 711 3379 Filium
744 3323 875 3378 Dei?

593 3416 869 3471 Palladius
907 3415 1035 3468 dixit
1075 3430 1091 3466 :
1136 3414 1251 3468 Dixi
1301 3413 1438 3468 tibi?
1486 3414 1592 3468 Not
1628 3413 1749 3467 ideo
1777 3411 2090 3480 scripsimus

520 3506 672 3559 vobis
715 3515 772 3560 ut
818 3505 1120 3559 veniremus
1181 3514 1238 3558 et
1289 3504 1734 3558 convinceremus
1791 3504 1932 3572 quod
1988 3517 2092 3555 non

518 3607 662 3652 recte
690 3596 949 3651 fecissetis
995 3597 1283 3664 subrepere
1311 3596 1642 3665 inipeiatori.

592 3688 889 3739 Ambrosius
907 3689 1171 3755 epistopus
1208 3686 1373 3740 dixit:
1402 3689 1627 3756 Legatur
1656 3677 1882 3755 epistola
1914 3686 2088 3740 Palla-

521 3777 617 3843 dii,
647 3785 822 3831 utrum
857 3780 1008 3830 nobis
1038 3781 1137 3832 huc
1169 3779 1526 3832 mandaverit:
1554 3787 1609 3832 et
1639 3776 1919 3832 docebitur
1944 3778 2085 3847 quod

522 3870 681 3921 etiam
716 3882 857 3921 nunc
895 3866 1048 3920 fallt.

596 3957 866 4012 Palladius
895 3957 1055 4011 dixit:
1089 3957 1317 4025 Legatur
1348 3958 1523 4027 plane.

590 4053 833 4125 Episcopi
861 4056 1101 4108 dixerunt
1122 4071 1139 4109 :
1163 4056 1233 4108 Im
1246 4067 1455 4123 perator
1473 4055 1637 4126 488
1660 4070 1779 4108 cum
1800 4064 1940 4108 esset
1963 4070 2094 4121 pra:-

520 4168 645 4206 sens
671 4152 891 4213 Sirmio.
925 4164 975 4205 tu
996 4153 1142 4205 illum
1163 4151 1515 4219 interpellasti
1544 4192 1558 4215 ,
1578 4167 1642 4203 an
1662 4151 1773 4216 ipse
1804 4161 1852 4205 te
1870 4163 2090 4219 compu-

520 4244 628 4296 iit?
660 4243 721 4295 Et
749 4244 981 4295 atdidit:
1015 4243 1148 4310 Quid
1178 4242 1241 4294 ad
1276 4244 1372 4294 ista
1400 4241 1741 4310 respondes?

596 4334 868 4386 Palladius
891 4336 1049 4386 dixit:
1079 4333 1387 4395 Dixitmihi,
1421 4333 1589 4387 Vade.
1618 4334 1874 4399 Diximus,
1904 4331 2095 4385 Orien-

523 4428 661 4481 tales
691 4430 936 4482 conventi
966 4428 1127 4481 sunt?
1155 4430 1260 4491 Ait,
1290 4430 1549 4481 (Ionventi
1593 4440 1735 4484 sunt.
1772 4428 2017 4495 Nunquid
2050 4429 2092 4482 si

522 4520 825 4574 Orientales
857 4537 959 4574 nou
1007 4520 1228 4574 fuissent
1253 4523 1523 4585 conm-nti,
1559 4522 1792 4590 nunquid
1840 4537 1937 4576 nos
1967 4538 2095 4576 con-

467 4666 475 4672 .
522 4610 890 4664 venissemus?

601 4710 894 4762 Ambrosius
923 4713 1184 4781 episcopus
1223 4711 1392 4765 dixit:
1428 4712 1770 4775 Sequestrata
1810 4714 1879 4766 sit
1930 4726 2091 4767 causa

526 4803 894 4866 Orientalium,
924 4804 1239 4857 sententiam
1272 4813 1415 4857 tuam
1447 4803 1608 4857 hodie
1628 4819 1829 4872 quzrro.
1863 4805 1973 4859 Arii
2003 4804 2092 4857 tibi

523 4894 746 4961 epistola
779 4893 911 4947 lecta
944 4904 1044 4947 est.
1076 4894 1227 4948 Soles
1251 4903 1302 4947 te
1325 4895 1577 4948 Ar'anum
1613 4910 1827 4963 negare.
1863 4899 1968 4949 Aut
1998 4894 2093 4949 da-

525 5001 645 5040 mna
671 4983 831 5038 hodie
865 4986 1069 5049 Arium,
1096 4995 1185 5037 ant
1207 4985 1452 5039 defende.

595 5083 870 5138 Palladius
890 5083 1051 5138 dixit:
1072 5083 1186 5137 Non
1220 5096 1302 5138 est
1331 5073 1659 5139 auctoritatis
1704 5094 1807 5137 tltt‘B
1839 5094 1893 5138 ut
1925 5085 2025 5138 hoc
2064 5099 2092 5136 a

481 5237 485 5243 ,
524 5198 611 5237 me
639 5194 865 5249 qna-ras.

594 5279 845 5334 Eusebius
868 5279 1132 5346 episcopus
1162 5276 1291 5329 dixit
1310 5292 1327 5329 :
1344 5274 1456 5329 Non
1486 5276 1753 5329 credimus
1784 5272 2086 5339 religiosum

525 5372 913 5441 imperatorem
940 5370 1082 5422 aliud
1110 5368 1307 5424 dixisse
1336 5384 1492 5435 quant
1529 5366 1762 5433 scripsit.
1808 5364 2099 5435 Episcopos

524 5461 679 5531 jussit
700 5464 1021 5515 convenire:
1056 5476 1160 5515 non
1195 5461 1364 5529 potuit
1396 5460 1487 5512 tibi
1532 5460 1630 5512 soli
1680 5466 1862 5511 contra
1912 5473 2102 5510 rescri-

536 5564 678 5621 ptum
709 5569 864 5607 suum
905 5552 1005 5606 dici
1025 5568 1081 5607 re
1108 5562 1162 5603 ιιι
1190 5553 1306 5605 sine
1322 5549 1677 5604 Orientalibus
1698 5563 1854 5601 eausa
1882 5548 2099 5600 minime

530 5646 816 5698 diceretur.

610 5745 877 5797 Palladius
908 5746 1033 5797 dixit
1062 5759 1079 5798 :
1110 5743 1165 5797 Si
1195 5742 1304 5797 Itali
1334 5742 1431 5795 Soli
1458 5740 1587 5805 iussi
1616 5749 1737 5792 sunt
1781 5738 2104 5792 convenite?

608 5834 863 5905 ιὶυίιρνὶαδ
894 5838 1148 5905 presbyter
1197 5838 1387 5905 legatus
1412 5836 1534 5888 dixit
1572 5850 1586 5887 :
1635 5834 1699 5889 lit
1738 5844 1857 5885 ante
1882 5842 2106 5898 quatuor

2198 3316 2459 3371 sententia
2488 3317 2575 3380 sit,
2600 3315 2937 3370 considerate
2964 3331 2974 3365 :
3008 3323 3061 3367 et
3088 3323 3263 3366 utrum
3296 3312 3594 3365 secundum
3620 3309 3754 3363 Scri-

2199 3418 2381 3477 pturas
2408 3408 2573 3471 dicat,
2597 3416 2883 3460 autcontra
2908 3404 3231 3473 Scripturas,
3260 3403 3564 3471 intelligere
3584 3402 3751 3468 liqurt.

2200 3503 2415 3555 Lectum
2446 3511 2525 3555 est
2552 3503 2691 3552 enim
2715 3516 2729 3550 :
2774 3498 3091 3567 Sempiterua
3119 3498 3279 3549 virtus
3302 3494 3399 3549 Dei
3420 3505 3571 3561 atque
3590 3494 3757 3545 divini-

2200 3604 2297 3645 (as.
2349 3592 2437 3645 Dei
2482 3593 2646 3644 virtus
2668 3589 2911 3644 Christus
2933 3597 3033 3642 est.
3065 3587 3126 3641 Si
3145 3588 3303 3655 igitur
3325 3588 3648 3656 sempiterna
3672 3584 3757 3638 Dei

2200 3690 2365 3739 virtus
2386 3696 2486 3747 eet,
2503 3683 2858 3752 sempiternus
2880 3682 3059 3750 utique
3080 3680 3324 3736 Christus
3347 3690 3452 3747 est,
3471 3681 3595 3749 quia
3614 3679 3755 3733 Chri-

2198 3790 2309 3832 stus
2335 3786 2418 3831 est
2445 3776 2533 3831 Dei
2565 3775 2750 3829 virtus.
3092 3828 3095 3833 .

2274 3870 2519 3924 Eusebius
2552 3870 2817 3940 rpierpus
2866 3868 2995 3920 dixit
3034 3883 3053 3921 :
3098 3866 3222 3921 ηωο
3270 3865 3404 3921 ﬁdes
3439 3874 3616 3919 nostra
3655 3874 3755 3925 est,

2200 3963 2314 4016 iure
2366 3961 2713 4030 intelligentia
2760 3958 3041 4014 catholica.
3095 3958 3197 4025 Qui
3240 3958 3356 4012 haec
3409 3972 3511 4011 non
3552 3955 3756 4014 dixerit,

2197 4053 2501 4107 anathema.

2272 4143 2456 4197 Omnes
2478 4142 2697 4212 episwpi
2726 4141 2962 4194 dixerunt
2985 4155 3004 4194 :
3031 4139 3349 4193 Anathema.

2271 4236 2517 4289 Eusebius
2544 4235 2808 4305 episcopus
2842 4234 3015 4288 dixit:
3063 4232 3379 4300 Specialitcr
3422 4231 3550 4285 dicit
3595 4230 3756 4282 solum

2199 4328 2413 4381 Patrem
2440 4326 2845 4391 sempiternum,
2890 4335 2942 4377 et
2974 4323 3164 4378 Filium
3189 4322 3478 4391 aliquando
3505 4319 3763 4388 θαψίΜῖ

2272 4417 2545 4470 Palladius
2570 4418 2699 4470 dixit
2728 4432 2744 4469 :
2770 4417 2949 4469 Arium
2977 4430 3073 4469 nec
3104 4414 3234 4479 vidi,
3267 4429 3367 4467 nec
3399 4416 3511 4466 seio
3548 4412 3631 4480 qui
3668 4412 3755 4464 sit.

2273 4516 2522 4570 Eusebius
2548 4517 2812 4585 ep’scopus
2842 4514 3013 4567 dixit:
3045 4513 3154 4567 Arii
3179 4512 3504 4581 blasphemia
3536 4510 3753 4577 prolata,

2120 4592 2171 4651 Ῐ)
2200 4609 2249 4662 in
2279 4623 2377 4676 qua
2408 4615 2565 4676 negat
2594 4605 2782 4658 Filium
2818 4602 2911 4656 Dei
2957 4602 3362 4669 sempiternum.
3418 4602 3563 4655 Hanc
3606 4600 3759 4668 perﬁ-

2200 4699 2342 4753 diam
2376 4701 2599 4751 damnas
2623 4711 2742 4750 cum
2773 4705 3011 4761 auctore,
3042 4705 3133 4747 aut
3160 4694 3397 4749 asseris?

2278 4790 2545 4843 Palladius
2572 4789 2745 4842 dixit:
2791 4788 2891 4843 Ubi
2926 4787 3212 4841 auctoritas
3255 4787 3399 4855 pleni
3424 4786 3625 4841 concilii
3655 4799 3763 4835 non

2201 4892 2303 4949 est,
2331 4897 2433 4934 non
2463 4882 2599 4933 (lico.

2278 4982 2569 5034 Ambrosius
2597 4981 2867 5049 cpiswpus
2903 4978 3032 5031 dixit
3062 4994 3081 5031 ε
3111 4977 3328 5032 Dubitas
3358 4978 3607 5030 damnare
3642 4985 3767 5043 past

2203 5074 2378 5125 divina
2411 5071 2627 5139 judicia,
2680 5086 2797 5123 cum
2840 5070 3103 5137 crepuerit
3138 5067 3380 5120 medius?
3423 5065 3489 5119 Et
3531 5067 3768 5119 addidit:

2207 5165 2397 5217 Dicant
2416 5163 2557 5216 enim
2587 5162 2752 5215 sancti
2791 5159 2882 5213 viri
2911 5159 3064 5228 legati
3088 5157 3385 5210 Gallorum.

2277 5263 2601 5317 Constantius
2652 5264 2915 5332 episcopus
2959 5268 3003 5311 et
3044 5259 3242 5327 legatus
3289 5254 3555 5309 Gallorum
3598 5253 3773 5304 dixit:

2210 5358 2351 5410 lianc
2367 5357 2691 5424 impietatem
2707 5352 3084 5423 ejushominis,
3099 5359 3149 5401 et
3163 5362 3371 5413 semper
3385 5344 3773 5402 damnavimus,

2207 5462 2258 5504 et
2288 5466 2427 5503 nunc
2458 5449 2773 5499 damnamus
2805 5460 2907 5495 non
2933 5446 3100 5495 solum
3129 5441 3333 5502 Arium,
3358 5438 3451 5491 sed
3478 5449 3528 5491 et
3548 5435 3781 5506 quicun-

2205 5560 2305 5611 que
2332 5541 2524 5596 Filium
2552 5541 2638 5592 Dei
2673 5554 2773 5591 non
2798 5536 2989 5589 dixerit
3019 5518 3417 5600 sempiternum.

2278 5643 2571 5696 Ambrosius
2593 5642 2855 5707 episcopus
2884 5638 3011 5689 dixit
3038 5650 3053 5686 :
3083 5632 3216 5700 Quid
3244 5632 3402 5688 etiam
3432 5630 3556 5684 dicit
3596 5625 3789 5678 domi-

2209 5752 2307 5789 nus
2332 5752 2478 5788 meus
2500 5731 2722 5787 Justus?

2282 5826 2460 5877 .lustus
2491 5825 2749 5892 rpisropus
2774 5830 2817 5870 rt
2851 5822 3041 5889 (rutilus
3076 5815 3339 5868 Gallorum
3370 5816 3493 5864 dix'l
3514 5806 3637 5873 :Qui
3684 5809 3791 5859 EL-
