3978 6380
539 326 641 379 459

1786 350 1789 353 ·
1850 327 2066 393 νιαιιιιι
2106 329 2473 387 TAPSENSIS

3670 336 3771 391 ιω

538 457 814 510 vinitam,“
843 456 1002 512 habet
1028 458 1504 525 immorlanmem,
1534 474 1601 514 an
1634 475 1737 513 ηοη
1768 460 1958 515 haben
1996 462 2100 516 sed
2129 446 2180 505 Α
2209 455 2315 499 tum
2347 447 2529 512 viden)
2563 446 2751 500 Filium
2788 449 2881 504 Dei
2907 449 3169 506 Palladius
3195 468 3389 521 negare
3410 465 3636 507 conatus
3666 466 3769 508 est.

537 547 695 600 etiam
740 546 953 601 fraudes
990 559 1041 603 et
1087 550 1305 604 insidias
1348 558 1462 602 tuas
1510 565 1613 604 non
1660 551 1950 605 secundum
1990 553 2101 605 Arii

539 627 1259 705 professionem'prodidisti.
1294 637 1360 690 Et
1382 639 1582 691 addidit
1610 655 1629 693 :
1654 639 1751 706 Qui
1784 639 1977 693 Filium
2012 641 2102 696 Dei

538 735 697 796 negat
719 727 915 781 habere
940 727 1415 794 immortalitatem,
1448 730 1575 797 quid
1604 732 1759 784 vobis
1787 732 2032 787 videtur?

612 816 802 870 Omnes
830 819 1048 887 episcopi
1074 820 1311 872 dixerunt
1336 836 1354 872 :
1384 820 1679 875 Anathema
1708 821 1986 874 habeatur.

611 905 879 961 Palladius
908 907 1035 960 dixit
1059 925 1076 960 :
1101 908 1283 962 Status
1312 909 1521 963 divinus
1542 911 1857 964 immortalis
1881 911 1997 964 est?

518 1020 519 1023 η
610 998 903 1052 Ambrosius
932 1001 1197 1068 episcOpus
1223 1002 1350 1052 dixit
1375 1017 1393 1053 :
1425 1003 1612 1054 Astute
1635 1001 1822 1063 ethoc,
1840 1012 1895 1053 ut
1915 1000 1982 1054 de
2007 1001 2101 1055 Dei

539 1090 672 1144 Filio
701 1091 831 1149 nihil
860 1092 1125 1159 exprimas
1153 1092 1447 1145 evidenter.
1491 1092 1555 1145 Et
1576 1107 1674 1158 ego
1698 1091 1841 1154 dico,
1864 1091 2100 1145 immor-

538 1185 794 1237 talitatem
827 1184 985 1237 habet
1008 1185 1099 1238 Dei
1129 1184 1292 1237 Filius
1309 1183 1597 1237 secundum
1623 1182 1974 1237 divinitatem.
1998 1182 2104 1236 Aut

536 1289 691 1341 nega,
728 1274 841 1342 «qui
872 1274 1017 1327 habet
1049 1275 1532 1327 immortalitatem.»

610 1358 872 1417 Palladius
903 1367 1030 1417 di.rit
1049 1383 1068 1419 :
1093 1364 1335 1419 Christus
1357 1376 1596 1419 mortuus
1622 1373 1723 1431 est,
1748 1374 1836 1418 aut
1867 1364 1996 1419 non?

603 1456 895 1509 Ambrosius
914 1458 1177 1525 episcopus
1204 1456 1369 1509 dixit:
1391 1456 1691 1509 Secundum
1716 1470 1950 1510 carnem.
1973 1454 2100 1506 Ani-

535 1560 619 1598 ma
648 1556 827 1599 nostra
860 1560 967 1597 non
998 1547 1240 1599 moritur.
1271 1545 1537 1613 Scriptum
1554 1544 1791 1599 esteniui
1826 1562 1837 1595 :
1873 1564 1889 1593 ι
1928 1542 2101 1596 Nolite

536 1636 709 1689 timere
727 1652 810 1689 eos
857 1637 945 1705 qui
969 1652 1172 1689 carnem
1195 1646 1404 1705 possunt
1420 1637 1662 1700 occidere,
1681 1637 1905 1688 animam
1927 1644 2099 1687 autent

536 1744 636 1781 non
662 1727 1099 1798 possunt(ii!attit.
1126 1744 1179 1792 x,
1202 1728 1315 1797 98).
1333 1748 1349 1777 ›
1368 1729 1498 1782 Cum
1522 1729 1679 1795 igitur
1706 1728 1883 1781 anima
1913 1737 2093 1780 nostra

2281 537 2524 590 Eusebius
2546 539 2809 608 episcopus
2836 540 2963 593 dixit
2988 558 3006 593 :
3037 541 3133 608 Qui
3160 553 3314 611 negat
3338 542 3431 597 Dei
3466 543 3657 597 Filium
3688 558 3772 596 sa-

2208 630 2459 697 pientem,
2485 631 2763 683 anathema
2794 630 2883 683 sit.

2280 720 2464 775 Omnes
2493 724 2715 791 ρρὶεεορὶ
2741 722 2980 775 dixerunt
3014 739 3029 774 :
3054 724 3374 778 Anathema.

2275 809 2525 865 Eusebius
2567 813 2694 865 dixit
2732 828 2751 866 :
2792 814 2961 866 Etiam
3013 813 3376 868 Secundianus
3431 815 3499 868 ad
3550 814 3652 870 hoc
3690 833 3770 871 re-

2205 902 2481 971 Sputtdeat.

2276 994 2498 1060 Cumque
2528 995 2884 1049 Secundianus
2905 997 3154 1062 reticeret,
3186 997 3486 1051 Ambrosius
3505 1001 3767 1069 episcopus

2206 1084 2377 1138 dixit:
2404 1086 2502 1152 Qui
2536 1095 2691 1154 tacet,
2725 1086 2988 1156 integrum
3027 1089 3139 1142 vult
3167 1090 3365 1143 habere
3399 1090 3683 1157 judicium.
3710 1092 3768 1143 Et

2205 1176 2451 1233 addidit:
2499 1178 2682 1232 Solum
2711 1180 2920 1234 Patrem
2970 1181 3167 1234 bonum
3210 1196 3329 1234 cum
3377 1181 3539 1248 dicit,
3584 1182 3766 1236 Filium

2204 1267 2479 1321 confessus
2505 1278 2608 1331 est,
2640 1287 2706 1323 an
2736 1271 2986 1340 negavit?

2278 1357 2545 1413 Palladius
2572 1363 2698 1413 dixit
2729 1377 2747 1415 :
2784 1364 3063 1431 Legimus:
3099 1382 3117 1413 ι
3143 1364 3251 1432 Ego
3276 1382 3388 1418 sum
3412 1376 3592 1434 pastor
3615 1367 3765 1419 bonus

2206 1449 2383 1515 (Joan.
2409 1468 2460 1512 χ,
2488 1453 2632 1517 in,»
2656 1463 2708 1506 et
2735 1468 2829 1506 nos
2848 1455 3125 1523 negamus?
3148 1455 3279 1521 Quis
3296 1472 3402 1510 non
3417 1456 3565 1510 dicat
3580 1458 3765 1511 bonum

2190 1526 2295 1597 'Dei
2329 1544 2553 1597 Filium?

2272 1633 2565 1686 Ambrosius
2591 1634 2850 1702 episcopus
2862 1634 2992 1688 dixit
3010 1649 3029 1688 :
3046 1634 3185 1704 Ergo
3208 1636 3379 1691 bonus
3391 1646 3477 1691 est
3494 1637 3765 1693 Christus?

2274 1721 2539 1778 Palladius
2567 1724 2697 1777 dixit
2724 1741 2742 1777 :
2772 1725 2968 1778 Bonus.

534 1820 667 1873 mori
699 1836 802 1872 non
827 1821 1014 1887 possit,
1046 1829 1197 1888 putas
1217 1820 1357 1889 quod
1379 1819 1622 1874 Christus
1647 1820 1939 1874 secundum
1963 1818 2092 1873 divi-
2128 1800 2174 1859 Β
2273 1820 2571 1873 Ambrosius
2598 1821 2862 1888 rpiswpus
2890 1821 3059 1874 dixit:
3082 1820 3216 1875 Male
3243 1837 3373 1891 ergo
3388 1822 3560 1877 Arius
3578 1825 3647 1878 de
3663 1826 3762 1879 solo

532 1914 751 1965 nitatem
780 1920 1021 1964 mortuus
1048 1913 1148 1965 sit?

606 2002 873 2056 Palladius
920 2003 1107 2056 dixit:
1149 2001 1329 2057 Mortis
1370 2003 1783 2073 appeflatiunem
1836 2017 1999 2072 quare
2041 2012 2094 2057 tu

537 2094 760 2147 horres?

606 2184 898 2238 Ambrosius
928 2186 1196 2253 episcopus
1223 2185 1353 2237 dixit
1388 2199 1407 2237 :
1451 2183 1562 2237 lnto
1598 2198 1700 2238 non
1749 2184 1975 2247 horreo,
2005 2183 2099 2237 sed

539 2276 829 2340 conﬁteor,
869 2277 1160 2330 secundum
1204 2292 1417 2330 carnem
1453 2292 1645 2329 meam.
1705 2277 1795 2329 Est
1823 2276 1964 2329 cnim
2011 2291 2103 2343 per

536 2380 692 2433 quem
716 2380 744 2417 a
778 2367 963 2419 mortis
994 2366 1219 2420 vinculis
1244 2380 1359 2418 sunt
1396 2366 1679 2419 revinctus.

607 2452 875 2507 Palladius
909 2456 1084 2508 dixit:
1124 2455 1346 2508 Mortem
1388 2456 1655 2523 separatio
1701 2456 1824 2510 facit
1861 2456 2100 2524 spirifus.

539 2543 670 2596 Nam
694 2544 937 2598 Christus
959 2545 1123 2599 Filius
1156 2545 1249 2601 Dei
1277 2559 1493 2600 carnem
1510 2539 1765 2615 suscepit,
1795 2557 1847 2599 et
1871 2562 1962 2615 per
1988 2561 2101 2600 ear-

536 2648 657 2687 ηεηι
680 2643 922 2687 mortuus
954 2646 1051 2690 851.

510 2772 518 2777 .
605 2726 895 2778 Αιηὸνοεὶαδ
917 2728 1176 2797 episcopus
1206 2728 1335 2780 dixit
1362 2744 1380 2781 :
1403 2729 1670 2797 Scriptum
1697 2738 1800 2793 est,
1833 2728 2103 2783 Christum

536 2830 769 2881 passum.
796 2817 1095 2872 Secundum
1124 2834 1337 2874 carnem
1366 2821 1525 2889 igitur
1554 2835 1738 2887 passus
1772 2831 1874 2886 est,
1909 2836 2104 2875 secun-

534 2909 660 2961 dum
688 2909 1016 2965 divinitatem
1053 2911 1711 2967 habetimmortalitatem.
1745 2913 1856 2967 Hoc
1892 2914 1980 2981 qui
2012 2928 2106 2967 tte-

538 3008 645 3066 gat,
674 2999 918 3055 diabolus
950 3012 1051 3056 est.

609 3089 881 3145 Palladius
901 3094 1073 3146 dixit:
1109 3093 1219 3162 Ego
1246 3093 1430 3148 Arium
1464 3109 1567 3148 non
1601 3095 1743 3147 novi.

2202 1911 2357 1965 Patre
2380 1911 2531 1975 dixit,
2562 1926 2680 1965 cum
2707 1913 2867 1966 etiam
2898 1912 3066 1965 Filius
3090 1913 3204 1977 Dei,
3235 1914 3378 1968 Deus
3409 1917 3667 1970 omnibus
3684 1918 3759 1971 sit.

2276 2000 2546 2055 Patladius
2575 2003 2747 2056 dixit:
2774 2002 2873 2069 Qui
2915 2002 3109 2057 bonum
3156 2020 3262 2059 non
3310 2006 3443 2059 dicit
3472 2006 3754 2073 Christum,

2204 2093 2341 2146 male
2367 2093 2514 2149 dicit.

2275 2185 2523 2238 Eusebius
2551 2187 2819 2255 episcOpus
2845 2187 2973 2241 dixit
3004 2205 3023 2241 :
3054 2186 3324 2243 Christum
3363 2190 3537 2243 Deum
3581 2191 3756 2244 bonan

2203 2278 2501 2330 conﬁteris?
2524 2278 2652 2330 Nam
2678 2288 2731 2331 et
2759 2292 2858 2347 ego
2883 2278 3054 2332 bonus
3078 2293 3218 2333 sum.
3240 2279 3364 2333 Mihi
3394 2280 3556 2343 dixit,
3582 2282 3755 2350 «Euge,

2204 2384 2342 2421 serve
2365 2366 2716 2437 bane(Mattlt.
2742 2384 2865 2433 xxv,
2892 2368 3038 2437 21).»
3069 2370 3158 2435 Et,
3182 2371 3387 2425 «Homo
3404 2374 3755 2441 bonusprofat

2204 2458 2267 2511 de
2291 2458 2527 2511 thesauro
2554 2475 2649 2510 suo
2676 2458 2806 2511 bona
2838 2457 2986 2528 (Luc.
3021 2475 3090 2525 vt,
3120 2461 3266 2532 45).)

2275 2547 2545 2601 Palladius
2574 2550 2705 2602 dixit
2736 2567 2754 2602 :
2783 2550 2897 2602 Jam
2926 2550 3057 2613 dixi,
3080 2568 3218 2607 nunc
3242 2554 3391 2609 vobis
3418 2571 3528 2610 non
3556 2570 3754 2625 respon-

2206 2640 2305 2694 deo
2336 2654 2501 2707 usque
2526 2641 2590 2692 ad
2624 2641 2837 2709 plenum
2868 2642 3175 2696 conc;lium.

2276 2732 2567 2783 Ambrosius
2594 2732 2860 2801 episeopus
2890 2732 3022 2785 dixit
3049 2751 3063 2785 :
3102 2733 3269 2788 Judaei
3300 2734 3574 2799 dicebant,
3607 2737 3754 2789 bonus

2205 2830 2318 2883 est;
2350 2831 2405 2874 et
2435 2821 2591 2873 Arius
2616 2831 2772 2889 negat
2798 2822 2917 2888 quia
2951 2820 3115 2877 Filius
3144 2824 3233 2877 Dei
3264 2823 3436 2878 bonus
3460 2834 3565 2879 est.

2276 2911 2546 2965 Palladius
2575 2913 2704 2965 dixit
2730 2913 2935 2984 :494
2962 2915 3063 2981 Qui
3092 2925 3272 2983 potest
3304 2918 3406 2972 hoc
3438 2920 3667 2987 negare?

2276 3001 2524 3057 Eusebius
2545 3004 2809 3072 episcopus
2836 3006 2964 3059 dixit
2987 3022 3005 3059 :
3046 3007 3225 3062 Bonus
3253 3018 3337 3063 est
3363 3025 3495 3080 ergo
3522 3011 3658 3065 Deus
3683 3009 3752 3063 Fi-

2207 3094 2307 3148 lius
2339 3095 2445 3148 Dei.

510 3228 515 3231 .
609 3186 902 3239 Ambrosius
928 3154 1194 3255 episcopu's
1223 3188 1397 3241 dixit:
1430 3188 1568 3255 Ergo
1598 3190 1736 3240 male
1759 3186 1891 3240 dixit
1922 3187 2097 3252 Arius,
2129 3154 2175 3218 C
2281 3184 2551 3238 Palladius
2567 3184 2695 3239 dixit
2721 3202 2738 3237 :
2773 3186 2949 3241 Bonus
2972 3187 3127 3241 Pater
3144 3188 3340 3242 bonum
3361 3188 3555 3243 Filium
3572 3191 3748 3259 genuit.

537 3293 655 3332 cum
684 3279 841 3332 etiam
867 3279 1032 3332 Filius
1072 3279 1161 3334 Dei
1200 3279 1393 3332 habent
1425 3280 1879 3333 immortalitatem
1908 3294 2103 3333 seiun-

535 3370 659 3423 dum
691 3365 1051 3426 divinitatem.
1084 3370 1153 3423 Et
1190 3372 1428 3424 addidit:
1462 3374 1601 3426 Bene
1628 3372 1782 3436 dixit,
1825 3388 1891 3425 an
1928 3371 2106 3425 male?

607 3459 873 3515 Palladius
903 3463 1031 3516 dixit
1059 3479 1078 3516 :
1109 3462 1221 3517 Non
1251 3468 1546 3517 consentio.

606 3553 898 3606 Ambrosius
914 3556 1177 3624 episcopus
1200 3555 1365 3609 dixit:
1380 3554 1540 3625 493
1557 3552 1651 3607 Cui
1679 3569 1782 3609 n0n
1803 3556 2106 3611 consentis?

537 3643 827 3697 Anathema
857 3645 930 3697 illi
959 3646 1045 3713 qui
1074 3660 1180 3697 non
1210 3647 1443 3713 explicat
1472 3646 1590 3699 tidei
1622 3646 1937 3701 libertatem.

616 3731 802 3783 Omnes
824 3734 1044 3802 episc0pi
1071 3736 1305 3785 dixerunt
1330 3751 1347 3787 :
1374 3736 1694 3788 Anathema.
1994 3796 2003 3809 ‘

614 3820 883 3873 Palladius
912 3823 1040 3873 dixit
1067 3837 1085 3875 :
1117 3823 1283 3876 Dicite
1312 3824 1452 3892 quod
1490 3824 1674 3891 vultis,
1712 3826 1828 3893 ejus
1858 3836 1940 3879 est
1973 3827 2107 3880 divi-

539 3911 677 3963 nitas
703 3910 1039 3964 immortalis.

607 4002 901 4056 Ambroxius
924 4005 1191 4072 episcopus
1212 4003 1383 4058 dixit:
1414 4004 1621 4073 Cujus?
1651 4006 1821 4063 Patris
1850 4023 1917 4061 an
1946 4017 1998 4064 et
2022 4009 2105 4063 Fi-

537 4096 625 4150 lii?
655 4095 722 4150 Et
741 4097 941 4150 addidit
966 4117 982 4150 :
1014 4097 1202 4151 Multas
1220 4096 1519 4166 impietates
1547 4088 1814 4170 congessit
1834 4103 2012 4168 Arius,
2040 4104 2104 4157 ad

533 4188 664 4241 alias
694 4197 1046 4244 transeamus.
1072 4187 1139 4241 Et
1161 4191 1423 4243 recitatum
1445 4200 1518 4243 est
1545 4231 1559 4255 ,
1588 4191 1767 4245 Suum
1787 4207 2101 4247 SAPIENTEII.

608 4277 874 4332 Palladius
897 4281 1027 4333 dixit
1058 4296 1077 4333 :
1112 4280 1266 4335 Pater
1288 4296 1319 4333 a
1341 4296 1400 4336 se
1422 4296 1517 4350 sap
1542 4290 1594 4350 t,
1626 4282 1789 4336 Filius
1812 4294 1987 4337 autem
2015 4300 2103 4338 sa-

537 4372 693 4442 piens
722 4388 825 4425 non
858 4382 959 4426 est.

607 4460 901 4514 Ambrosius
942 4461 1203 4529 episcopus
1232 4461 1362 4513 dixit
1406 4479 1424 4514 :
1470 4463 1606 4531 Ergo
1648 4465 1817 4518 Filius
1867 4482 1969 4518 non
2019 4477 2101 4519 est

535 4553 772 4621 sapiens,
799 4566 917 4604 cum
940 4552 1011 4606 sit
1038 4553 1149 4619 ipse
1181 4554 1481 4620 sapientia?
1510 4553 1639 4607 Nam
1662 4568 1715 4609 et
1736 4572 1831 4610 nos
1853 4558 2101 4623 dicimus,

538 4644 659 4711 quia
691 4659 755 4697 ex
784 4644 937 4697 Patre
959 4654 1111 4697 natus
1140 4654 1221 4698 est
1249 4644 1435 4697 Filius.

612 4732 859 4788 Eusebius
886 4736 1148 4801 episcopus
1177 4735 1349 4788 dixit:
1379 4736 1470 4789 Est
1501 4736 1697 4801 aliquid
1723 4744 1828 4790 tam
1858 4738 2101 4807 impium,

542 4834 649 4878 tam
681 4824 984 4893 profanum,
1017 4840 1196 4894 quam,
1216 4827 1357 4894 quod
1386 4826 1542 4890 dixit,
1569 4828 1884 4896 sapientiam
1915 4829 2104 4883 Filium

543 4916 633 4970 Dei
661 4915 889 4984 negare?

612 5005 885 5059 Palladius
911 5005 1040 5058 dixit
1067 5021 1086 5060 :
1116 5006 1380 5076 Sapientia
1409 5008 1622 5063 dicitur.
1668 5009 1767 5074 Qui
1799 5018 1973 5078 potest
2017 5024 2101 5063 sa-

537 5094 787 5164 pientiam
820 5096 1121 5163 denegare?

606 5188 904 5241 Ambrosius
927 5190 1191 5257 episc0pus
1219 5189 1348 5242 dixit
1371 5205 1390 5241 :
1418 5191 1642 5259 Sapiens
1669 5201 1773 5254 est,
1806 5206 1872 5245 an
1906 5193 2046 5245 non?

606 5278 883 5333 Palladius
913 5282 1043 5333 dixit
1068 5296 1093 5333 :~
1110 5282 1376 5349 Sapientia
1403 5293 1505 5337 est.

506 5412 507 5415 η
606 5369 898 5424 Ambrosius
921 5373 1182 5441 episcopus
1208 5373 1373 5426 dixit:
1407 5375 1630 5442 Sapiens
1668 5391 1818 5445 ergo,
1863 5390 1984 5429 cum
2031 5375 2103 5429 sit

534 5460 821 5527 sapientia.

608 5550 878 5607 Palladius
910 5555 1037 5609 dixit
1070 5573 1093 5610 :
1119 5557 1419 5611 Secundum
1466 5558 1768 5627 Scripturas
1816 5558 1964 5612 vobis
2013 5573 2103 5612 re-

538 5641 879 5709 spondemus.

612 5732 903 5789 Ambrosius
927 5738 1188 5808 episcopus
1208 5738 1337 5792 dixit
1364 5753 1379 5789 :
1408 5737 1580 5791 Etiam
1599 5736 1890 5806 sapientem
1908 5738 2105 5815 (quan-

2280 3276 2579 3329 Ambrosius
2620 3278 2885 3346 episcopus
2925 3278 3054 3331 dixit
3087 3294 3105 3330 :
3155 3280 3216 3331 Et
3245 3294 3345 3332 nos
3373 3280 3544 3333 bonos
3573 3282 3753 3349 genuit.

2206 3366 2301 3421 sed
2325 3384 2428 3419 non
2451 3369 2741 3422 secundum
2764 3369 3117 3423 divinitatem.
3149 3370 3313 3425 Deum
3337 3370 3537 3425 bonum
3568 3372 3652 3426 Dei
3682 3370 3752 3423 Fi-

2210 3458 2335 3512 linnt
2363 3459 2533 3511 dicis?

2282 3549 2550 3602 Palladius
2572 3550 2699 3602 dixit
2724 3568 2740 3603 :
2775 3551 2938 3604 FliitlS
2972 3550 3062 3605 Dei
3086 3550 3254 3605 bonus
3282 3562 3385 3607 cst.

2278 3641 2571 3695 Ambrosius
2600 3644 2863 3712 episcopus
2892 3644 3060 3697 dixit:
3090 3645 3247 3699 Vides
3276 3660 3428 3714 ergo,
3475 3647 3594 3715 quia
3616 3646 3751 3701 Chri-

2209 3743 2368 3797 stutn,
2396 3732 2590 3786 bonum
2623 3734 2832 3797 Filium,
2882 3751 2983 3787 non
3024 3735 3218 3788 bonum
3251 3735 3417 3789 Deum
3445 3737 3599 3797 dit-is,
3629 3737 3749 3803 quod

2208 3838 2236 3875 τι
2272 3832 2322 3877 te
2343 3823 2616 3887 quaeritur.
2648 3824 2714 3878 Et
2744 3825 2944 3877 addidit
2975 3840 2993 3876 :
3031 3826 3129 3891 Qui
3164 3826 3362 3879 bonum
3392 3828 3552 3880 Deum
3585 3827 3749 3880 Filimn

2212 3912 2302 3965 Dei
2332 3913 2493 3967 Deum
2519 3928 2620 3966 non
2643 3915 2945 3975 conﬁtetur,
2974 3916 3275 3969 anathema.

2282 4002 2466 4058 Omnes
2486 4004 2705 4075 episcopi
2726 4006 2964 4059 dixerunt
2986 4022 3003 4060 :
3027 4006 3343 4063 Anathemn.
3377 4005 3506 4061 Item
3524 4010 3748 4069 recitat-it,

2205 4094 2383 4148 Sowu
2414 4110 2505 4147 [>01
2517 4110 2710 4148 estest.

2279 4187 2572 4239 Ambrosius
2618 4187 2879 4257 episcopus
2908 4188 3034 4241 dixit
3062 4204 3079 4241 :
3118 4190 3311 4244 Potens
3342 4200 3422 4244 est
3466 4190 3618 4243 Filius
3644 4188 3729 4241 Dei

2206 4293 2271 4330 an
2301 4292 2403 4330 non
2420 4276 2444 4329 ?

2284 4368 2554 4420 Palladius
2576 4369 2609 4420 d
2631 4368 2751 4422 xit:
2778 4368 2877 4435 Qui
2900 4370 3074 4421 omnia
3107 4369 3253 4433 fecit,
3288 4384 3395 4424 nan
3430 4382 3510 4425 est
3544 4368 3747 4438 potens?

2209 4457 2299 4525 qui
2326 4460 2505 4511 omnia
2535 4457 2679 4518 fecit.
2713 4460 2887 4511 minus
2915 4469 2995 4513 est
3025 4460 3251 4527 potens?

2285 4549 2581 4603 Ambrosius
2604 4552 2869 4620 episcopus
2896 4551 3021 4604 dixi:
3052 4567 3070 4603 :
3102 4551 3239 4619 Ergo
3274 4551 3433 4605 Arius
3464 4551 3596 4605 male
3613 4550 3746 4602 dixit.

2212 4640 2277 4693 Et
2300 4641 2531 4693 addidit:
2561 4642 2652 4695 Vel
2682 4643 2730 4695 in
2762 4643 2860 4695 hoc
2881 4643 3098 4695 damnas
3126 4642 3352 4696 Arium?

2281 4730 2553 4786 Palladius
2580 4733 2709 4785 dixit
2735 4748 2753 4785 ε
2787 4732 2936 4788 Unde
2962 4734 3073 4787 scio
3112 4734 3201 4802 qui
3242 4734 3383 4788 scit?
3425 4733 3535 4802 Ego
3563 4735 3646 4802 pro
3667 4726 3749 4782 tne

2213 4840 2287 4877 rc~
2303 4824 2510 4892 pondeo
2542 4825 2657 4881 tibi.

2284 4915 2576 4968 Ambrosius
2615 4915 2877 4985 episcopus
2913 4916 3042 4968 dixit
3068 4929 3087 4967 :
3117 4913 3282 4969 Filius
3315 4915 3369 4968 Dr
3397 4914 3522 4969 mini
3553 4912 3635 4968 Dei
3665 4926 3750 4981 po-

2215 5016 2332 5059 tens
2355 5006 2471 5058 cst?

2281 5098 2553 5152 Palladius
2578 5100 2704 5151 dixit
2732 5114 2749 5151 :
2778 5098 2992 5151 Potens.

2282 5190 2574 5242 Ambrosius
2606 5190 2871 5259 episcOpus
2899 5190 3067 5241 dixit:
3094 5188 3231 5242 Deus
3261 5190 3434 5242 bonus
3456 5191 3567 5243 est?

2284 5280 2553 5333 Palladius
2575 5281 2703 5333 dixit
2732 5295 2749 5331 :
2799 5280 2913 5333 Jani
2946 5280 3054 5334 disi
3087 5280 3278 5334 Filium
3309 5280 3406 5336 Dei
3454 5280 3754 5350 unigenitum

2211 5385 2330 5427 esse
2360 5380 2647 5440 potentem.

2278 5466 2570 5519 Ambrosius
2598 5465 2862 5535 episcOpus
2882 5465 3049 5517 dixit:
3076 5463 3356 5518 Dominum
3388 5463 3681 5533 potentem?

2281 5555 2556 5609 Palladius
2586 5556 2716 5609 dixit
2744 5571 2763 5608 :
2798 5556 2983 5609 Filium
3009 5555 3099 5608 Dei
3133 5563 3425 5623 potentem.

2285 5648 2576 5701 Ambrosius
2614 5649 2881 5717 episcopus
2911 5647 3039 5700 dixit
3082 5660 3099 5697 :
3143 5646 3398 5701 Potentes
3436 5655 3492 5700 et
3540 5642 3758 5698 homines

2211 5746 2353 5793 sunt.
2374 5738 2640 5807 Scriptum
2663 5748 2772 5793 est:
2808 5756 2825 5787 ι
2842 5737 2976 5803 Quid
2997 5736 3234 5807 gloriaris
3255 5735 3307 5789 in
3334 5738 3551 5803 malitia,
3574 5733 3646 5803 qui
3668 5746 3757 5798 ρο-

3926 3730 3929 3857 ¹

3926 3928 3929 4045 1
