3978 6380
164 395 250 449 Mi
1094 382 1354 438 CONTRA
1400 377 1798 435 PALLA-DIUM
1840 375 2147 432 ARIANUM
2186 366 2327 430 LIB.
2359 374 2401 428 Ι.

3285 377 3389 431 ΝΞ

165 523 259 566 lens
283 524 331 561 es
357 508 409 559 in
431 475 876 574 iniquitate(Psal.
908 516 980 564 t.t,
1010 500 1133 569 '5)?i
1163 497 1228 551 Et
1253 496 1411 550 alibi:
1446 495 1602 547 silum
1630 495 1711 546 in-
1744 496 1789 553 Α
1891 490 2142 544 Eusebius
2168 493 2433 560 episwpus
2458 489 2619 542 dixit:
2642 489 2790 544 Sicut
2822 490 2871 542 in
2890 489 3071 543 iorma
3094 490 3232 544 servi
3256 505 3385 549 con-

164 601 345 669 ﬁrmor,
379 607 497 648 tunc
526 605 705 663 potens
728 608 837 645 sum
865 591 882 659 (
906 587 965 640 11
986 588 1103 641 Cor.
1138 603 1228 651 xit,
1265 586 1421 653 10).»
1459 584 1585 637 lllud
1605 598 1633 636 a
1663 592 1714 635 te

166 688 390 757 requiro,
417 696 477 738 ut
506 684 808 739 conﬁtearis
838 682 1116 736 Dominum
1150 690 1423 748 potentem
1465 690 1583 729 esse
1622 674 1714 728 Dei

164 780 343 833 Filium
386 775 655 830 Christum
691 792 702 825 :
734 783 821 826 aut
873 772 918 825 si
961 785 1157 839 negas,
1202 780 1401 822 astrue.
1457 767 1586 820 Nam
1626 765 1715 832 qui

165 882 308 920 tinam
349 865 638 933 potentiam
670 863 789 915 dico
822 863 993 915 Patris
1022 868 1074 914 et
1107 860 1257 921 Filii,
1292 860 1371 911 sic
1402 857 1591 911 Filium
1622 855 1714 910 Dei

164 961 271 1013 dico
298 966 569 1027 pmentem
602 955 739 1009 sicut
772 965 824 1008 et
865 955 1100 1008 Patrem.
1148 953 1363 1006 Dubitas
1393 966 1521 1021 ergo
1550 952 1714 1004 conli-

162 1052 248 1103 ιιιιὶ
279 1057 547 1116 potentem
574 1061 693 1100 esse
716 1046 992 1099 Dominum
1025 1044 1114 1097 Dei
1145 1041 1367 1096 Filium?

223 1138 493 1193 Palladius
519 1140 645 1192 dixit
669 1154 687 1191 :
714 1138 831 1192 Jam
846 1137 952 1191 dixi
984 1136 1272 1189 secundum
1299 1133 1714 1204 disputationem

160 1244 302 1302 prout
336 1245 618 1300 possumus
648 1229 1034 1296 respondemus
1060 1228 1228 1281 vobis.
1276 1226 1382 1279 Vos
1431 1226 1575 1277 enim
1607 1222 1708 1277 soli

159 1324 310 1379 vultis
342 1337 462 1376 esse
482 1321 710 1390 iudices,
747 1334 841 1372 vos
867 1319 1163 1387 litigatores
1204 1302 1349 1370 esse,
1380 1314 1560 1367 vultis.
1600 1312 1715 1366 Non

158 1418 293 1471 vobis
327 1418 715 1484 respondemus
746 1428 905 1473 nunc,
928 1412 1019 1466 sed
1052 1413 1102 1464 in
1133 1408 1361 1465 concilio
1389 1406 1633 1477 generali
1664 1414 1719 1459 et

156 1510 302 1577 pleno
331 1506 776 1574 resimadebiuius
806 1504 976 1556 vobis.

217 1598 512 1651 Ambrosius
538 1598 797 1667 episcopus
825 1594 993 1646 dixit:
1050 1592 1343 1646 Anathema
1371 1590 1444 1644 illi
1492 1588 1582 1658 qui
1629 1602 1718 1641 ne-

153 1700 235 1758 gat
262 1688 548 1741 Dominum
573 1694 841 1755 potentem
863 1684 1153 1738 Christum.

219 1778 403 1833 Omnes
418 1778 638 1848 episcopi
659 1778 899 1829 dixerunt
917 1790 936 1827 .'
960 1775 1223 1829 Anatlicm
1243 1790 1275 1823 ι.
1298 1770 1322 1823 Ι
1332 1780 1429 1823 tem
1444 1770 1711 1823 recitatum

151 1879 220 1923 est
250 1885 268 1922 :
295 1871 474 1923 Sosus:
506 1883 810 1932 ροτειιτειι,
838 1881 1037 1919 onstum
1066 1880 1305 1919 tuutceu.

219 1958 489 2011 Palladius
518 1958 644 2011 dixit
675 1973 693 2011 :
723 1957 966 2011 Omnium
989 1956 1223 2024 judicent
1252 1954 1443 2008 Filium
1477 1952 1592 2007 Dei.
1621 1952 1713 2005 Est

151 2052 232 2119 qui
261 2051 376 2115 dat,
404 2060 487 2104 est
510 2050 597 2118 qui
633 2051 859 2117 accepit.

217 2143 511 2195 Ambrosius
539 2141 700 2213 495
730 2144 994 2211 ep'scopus
1020 2142 1149 2194 dixit
1174 2157 1193 2194 :
1224 2140 1323 2194 Per
1347 2138 1569 2209 gratiam
1622 2134 1714 2188 dv-

146 2232 243 2295 di',
286 2248 353 2285 an
388 2248 481 2297 per
505 2233 786 2285 naturain?
827 2232 891 2284 Et
920 2232 1225 2285 hominibus
1259 2232 1412 2283 datur
1434 2227 1711 2297 judicium.

215 2323 493 2377 Palladius
530 2324 698 2376 dixit:
732 2326 939 2377 l’atrem
983 2325 1237 2390 majorem
1270 2322 1426 2385 dicis,
1453 2331 1543 2374 aut
1576 2318 1714 2371 non?

220 2414 520 2466 Ambrosius
540 2414 801 2481 episcopus
827 2414 954 2465 dixit
980 2429 997 2466 :
1024 2412 1212 2466 Postea
1242 2411 1577 2479 respondebo
1598 2410 1712 2463 tibi.

220 2503 491 2556 Palladius
514 2503 640 2554 dixit
672 2518 690 2553 :
722 2501 832 2571 Ego
872 2504 966 2555 tibi
998 2518 1103 2556 non
1134 2502 1492 2571 respondebo,
1535 2501 1580 2555 si
1612 2516 1715 2554 nun

144 2595 442 2657 respondes
472 2594 619 2646 titilii.
988 2603 997 2614 '

220 2685 476 2739 Eusebius
516 2687 780 2755 episcopus
815 2688 983 2741 dixit:
1006 2687 1114 2741 Nisi
1148 2688 1476 2753 impietatem
1513 2686 1623 2740 Arii
1652 2702 1716 2741 ex

141 2777 339 2830 ordine
389 2779 745 2842 damttaveris,
781 2758 1140 2848 interiugaudi
1187 2778 1282 2831 tibi
1323 2793 1428 2832 non
1470 2778 1716 2833 dabimus

141 2869 471 2922 facultatem.

214 2959 487 3012 Palladius
515 2962 643 3013 dixit
673 2975 691 3012 .'
717 2960 830 3013 Non
869 2959 960 3014 tibi
991 2959 1316 3027 respondeo.

212 3050 508 3103 Ambrosius
529 3051 793 3117 episcOpus
820 3051 945 3103 dixit
969 3066 988 3104 :
1018 3050 1181 3105 Filius
1212 3051 1302 3106 Dei
1336 3051 1496 3122 (sicut
1516 3052 1710 3106 lectum

139 3143 243 3206 est)
271 3142 563 3208 jlliieXBSl,
598 3151 687 3196 aut
713 3142 855 3195 non?

1823 582 2063 646 stitutus,
2116 582 2339 635 interior
2379 596 2535 635 servo
2574 596 2677 633 non
2721 580 2836 645 fuit,
2883 581 2954 634 ita
3002 581 3053 634 in
3092 580 3263 633 {arma
3297 580 3386 634 Dei

1817 677 2160 740 constitutus,
2198 676 2418 729 inferior
2443 675 2551 730 Deo
2578 691 2699 729 esse
2744 690 2848 728 non
2879 677 3068 743 potuit.

1888 768 2184 820 Ambrosius
2221 770 2485 835 episcopus
2525 768 2693 821 dixit:
2752 771 2857 822 Aut
2898 768 2985 821 dic
3030 768 3151 836 quia
3198 779 3387 819 secuti-

1823 860 1949 913 dum
1974 858 2308 912 divinitatem
2332 861 2506 914 niiuor
2532 870 2616 915 est
2639 860 2801 913 Filius
2835 857 2946 913 Dei.

1894 948 2165 1002 Palladius
2188 950 2315 1003 dixit
2340 966 2358 1003 :
2385 951 2539 1012 Pater
2562 952 2729 1019 major
2757 960 2857 1005 est.

1890 1042 2187 1094 Ambrosius
2223 1042 2488 1107 episcopus
2515 1044 2643 1095 dixit
2672 1058 2688 1094 :
2719 1041 3019 1095 Secundum
3049 1054 3285 1093 carnem.

1892 1131 2163 1185 Palladius
2184 1132 2311 1185 dixit
2334 1147 2351 1184 :
2380 1150 2405 1182 ιι
2420 1132 2517 1197 Qui
2547 1148 2622 1183 me
2637 1132 2791 1196 misit,
2824 1135 2988 1200 major
3002 1142 3073 1183 est
3092 1147 3188 1183 nte.
3205 1152 3222 1180 ι
3245 1127 3385 1183 Caro

1821 1224 1979 1277 missa
2006 1222 2169 1294 496
2198 1232 2283 1276 est
2310 1238 2337 1273 a
2366 1222 2496 1287 Deo,
2528 1232 2617 1274 aut
2645 1221 2808 1275 Filius
2837 1222 2963 1274 Dei?

1891 1315 2188 1368 Ambrosius
2217 1315 2494 1384 episcopus
2512 1315 2641 1367 dixit
2666 1332 2684 1367 :
2705 1313 2907 1366 Falsari
2937 1328 2965 1365 a
2997 1313 3146 1367 vobis
3174 1311 3385 1365 divinas

1820 1405 2127 1475 Srripttiras
2158 1405 2318 1458 hodie
2344 1405 2776 1472 comprobamus.
2825 1404 2913 1457 Sic
2950 1405 3091 1457 enim
3129 1405 3382 1471 scriptum

1819 1506 1935 1552 est:
1969 1515 1985 1545 ι
2004 1495 2184 1549 Parem
2205 1512 2366 1547 meam
2396 1497 2462 1548 do
2484 1495 2619 1548 vobis
2635 1537 2648 1559 ,
2674 1510 2849 1560 parem
2867 1511 3024 1547 meam
3046 1497 3273 1562 relinquo
3300 1512 3384 1547 vo-

1821 1589 1915 1640 bis.
1946 1587 2065 1639 Non
2089 1587 2315 1639 turbetur
2335 1601 2420 1637 cor
2445 1594 2685 1639 vestrum.
2719 1583 2771 1637 Ν
2776 1602 2839 1637 οη
2860 1588 3111 1654 quomodo
3129 1586 3210 1638 hic
3232 1601 3384 1639 mun-

1819 1678 1915 1731 dus
1939 1678 2047 1741 dat,
2084 1687 2130 1729 et
2156 1694 2249 1745 ego
2285 1677 2352 1729 do
2376 1677 2533 1729 vobis.
2570 1678 2629 1729 Si
2660 1677 2937 1746 diligerctis
2971 1695 3046 1730 me
3074 1676 3382 1746 gaudentis,

1819 1768 1939 1837 quia
1966 1767 2095 1830 dixi,
2136 1766 2280 1819 Vada
2311 1768 2378 1819 ad
2413 1766 2640 1825 Patrem,
2671 1768 2790 1835 quia
2816 1766 2972 1821 Pater
3006 1772 3170 1836 major
3197 1785 3274 1821 me
3310 1778 3383 1821 est

1744 1857 1787 1915 Β
1819 1858 1997 1929 (Ιοαη.
2018 1872 2122 1925 xiv,
2139 1856 2288 1925 27).»
2310 1857 2419 1911 Νοιι
2438 1858 2592 1919 dixit,
2620 1859 2718 1921 Qui
2739 1875 2814 1911 me
2836 1859 2988 1922 misit,
3013 1862 3178 1929 major
3194 1874 3272 1912 me
3286 1867 3382 1912 est.

1889 1948 2161 2003 Palladius
2181 1950 2309 2003 dixit
2339 1966 2358 2002 :
2386 1950 2539 2004 Pater
2566 1950 2733 2018 major
2761 1963 2861 2003 est.

1887 2045 2180 2097 Ambrosius
2230 2046 2496 2115 episctipus
2540 2045 2711 2097 dixit:
2737 2044 3026 2099 Anatliema
3073 2043 3146 2097 illi
3190 2044 3277 2113 qui
3317 2044 3383 2097 ad

1815 2134 2021 2189 divinas
2051 2135 2355 2204 Scripturas
2385 2135 2533 2188 addit
2560 2135 2756 2203 aliquid
2778 2146 2865 2187 aut
2897 2135 3108 2189 minuit.

1890 2227 2076 2280 Omnes
2096 2227 2323 2295 episcopi
2346 2228 2586 2279 dixerunt
2614 2242 2632 2280 .'
2664 2226 2975 2281 Anatlietna.

1885 2319 2177 2370 Ambrosius
2201 2319 2468 2385 episcopus
2492 2316 2630 2383 fdixit
2662 2331 2681 2369 :
2705 2316 3005 2371 Secundum
3030 2330 3245 2369 carnem
3280 2314 3374 2367 Fi-

1815 2408 1919 2461 lius
1946 2408 2117 2460 minor
2140 2417 2222 2459 est
2258 2408 2441 2472 Patre,
2477 2407 2768 2461 secundum
2812 2406 3137 2460 divinitatem
3166 2405 3385 2471 :equalis

1817 2508 1892 2551 est
1941 2497 2102 2552 Patri.
2148 2497 2275 2567 Legi
2320 2498 2481 2566 igitur
2522 2500 2780 2564 aequalem
2833 2498 2928 2551 Dei
2979 2497 3168 2550 Filium
3221 2496 3383 2558 Patri.

1819 2591 1958 2643 sicut
1984 2589 2091 2657 jam
2116 2600 2170 2643 et
2197 2590 2399 2657 prolata
2422 2589 2744 2657 exemplaria
2779 2596 3057 2642 testantur.
3081 2586 3384 2642 Secundum

1819 2698 2031 2737 carnem
2063 2692 2238 2738 autem
2264 2684 2389 2753 quid
2422 2684 2633 2737 miraris
2656 2685 2938 2747 minorem,
2962 2697 3079 2737 cum
3113 2680 3305 2735 dixerit
3328 2696 3387 2734 se

1816 2770 2049 2841 servum,
2078 2790 2199 2829 cum
2230 2775 2431 2829 dixerit
2456 2791 2517 2829 se
2544 2775 2794 2844 lapidem,
2827 2789 2948 2829 cum
2973 2776 3167 2828 tlixert
3193 2790 3251 2828 se
3280 2774 3385 2828 mi-

1816 2879 2000 2918 norem
2039 2866 2261 2933 angelis,
2315 2866 2718 2935 quiascriptum
2764 2875 2869 2936 est,
2900 2885 2918 2917 ι
2954 2865 3224 2919 Minorasti
3271 2882 3385 2920 eum

1816 2954 1970 3021 paulo
1998 2956 2161 3007 minus
2186 2955 2248 3007 ab
2276 2957 2470 3023 angelis
2494 2954 2665 3021 (Psal.
2695 2972 2804 3019 vm,
2835 2957 2954 3026 6)?»

1886 3043 2155 3098 Palladius
2194 3046 2321 3099 dixit
2353 3062 2372 3099 :
2400 3045 2563 3115 lmpie
2593 3062 2685 3100 vos
2716 3056 3023 3103 asserentes
3047 3047 3202 3103 video
3232 3062 3379 3103 :non

1815 3135 1966 3188 vobis
1993 3136 2378 3204 respondemus
2406 3139 2523 3191 sine
2547 3138 2899 3193 auditoribus.

212 3206 488 3283 Palladius
526 3231 699 3284 dixit:
728 3232 783 3284 Si
812 3247 916 3284 non
966 3232 1258 3299 respondes
1306 3232 1451 3296 mihi,
1484 3248 1582 3304 ego
1614 3234 1709 3289 tibi
1737 3206 1786 3272 (ἶ
1888 3226 2112 3281 Sabinus
2139 3229 2407 3297 episcopus
2436 3229 2608 3282 dixit:
2629 3229 2795 3284 Nemo
2824 3229 2892 3283 ab
2916 3245 2981 3285 eo
3008 3229 3242 3299 requirat
3264 3243 3383 3285 seu-

142 3333 191 3374 ut
226 3322 393 3389 impio
422 3338 523 3376 non
552 3324 866 3390 respondeo.

209 3411 506 3464 Ambrosius
556 3414 817 3482 episcopus
866 3414 994 3465 dixit
1036 3428 1054 3466 :
1095 3412 1270 3467 Habes
1323 3415 1708 3483 professionem

138 3520 340 3572 meam,
366 3521 467 3573 qua
500 3508 838 3573 reSpundelio
867 3508 986 3561 tibi.
1024 3508 1237 3561 Interim
1271 3511 1572 3579 pcrlcgatur
1600 3515 1713 3581 epi-

137 3597 274 3647 stola
318 3595 455 3649 Arii.
493 3594 555 3647 Et
599 3597 799 3649 addidit
830 3598 924 3650 :ln
966 3598 1194 3664 epistola
1240 3599 1349 3652 Arii
1397 3602 1634 3656 invenies
1662 3613 1713 3658 et

135 3690 238 3740 hoc
268 3687 604 3756 sacrilegium
632 3688 771 3754 quod
804 3699 855 3742 tu
896 3690 1119 3744 moliris.

211 3778 486 3833 Palladius
529 3780 659 3833 dixit
683 3797 702 3835 .'
728 3781 837 3851 Ego
866 3797 986 3851 qua:
1016 3782 1307 3851 interrogo,
1338 3799 1442 3837 non
1490 3800 1709 3855 respon-

135 3869 303 3922 detis.

206 3958 463 4013 Eusebius
494 3962 759 4028 episc0pus
784 3962 955 4015 dixit:
982 3962 1175 4016 Filium
1208 3962 1299 4017 Dei
1335 3963 1496 4018 Deum
1533 3980 1710 4033 mqua-

132 4050 245 4105 lein
271 4049 523 4103 dicimus.

213 4138 493 4192 Palladius
530 4140 659 4193 dixit
687 4156 704 4194 :
730 4140 808 4193 Tu
846 4140 1007 4209 judex
1045 4156 1126 4207 es,
1165 4143 1238 4195 tui
1278 4153 1591 4213 exeeptores
1627 4128 1713 4201 iiic

135 4238 294 4286 sunt.

202 4319 510 4375 Ambrosius
535 4321 794 4391 episcopus
815 4322 975 4375 dixit:
996 4322 1239 4377 Scribant
1263 4326 1358 4389 tui,
1386 4324 1475 4391 qui
1508 4324 1709 4380 volunt.

211 4410 488 4465 Palladius
517 4412 681 4463 dixit:
712 4412 867 4466 Pater
890 4412 1061 4481 major
1082 4422 1185 4475 est,
1210 4424 1299 4467 aut
1328 4416 1471 4468 non?

202 4502 462 4555 Eusebius
505 4504 773 4570 episcopus
819 4504 993 4556 dixit:
1036 4504 1336 4558 Secundum
1382 4504 1709 4560 divinitatem

134 4592 363 4661 aequalis
407 4602 491 4647 est
519 4594 688 4647 Filius
724 4593 886 4646 Patri.
937 4594 1111 4651 [Iabes
1150 4598 1203 4650 iii
1243 4597 1533 4667 Evangelio
1567 4600 1705 4667 quod
1741 4570 1788 4628 υ

134 4686 308 4740 Judaei
334 4685 793 4752 persequebantur
812 4701 958 4753 eum,
988 4688 1106 4752 quia
1136 4703 1238 4741 non
1270 4690 1441 4743 solum
1468 4690 1708 4744 solvebat

134 4776 438 4837 sabbatum,
469 4775 560 4829 sed
590 4785 643 4829 et
667 4776 874 4830 Patrem
902 4791 1053 4841 suum
1077 4778 1283 4833 dicebat
1318 4780 1501 4845 Deum,
1527 4796 1705 4849 :equa-

134 4868 237 4919 lem
271 4879 336 4919 se
377 4864 577 4919 iaciens
613 4865 722 4919 Deo
751 4865 929 4933 (Joan.
961 4884 1013 4932 v,
1046 4870 1157 4938 l8).
1207 4870 1359 4934 Quod
1387 4887 1512 4940 ergo
1553 4872 1702 4939 impii

135 4967 524 5026 persequentes
567 4958 798 5013 confessi
840 4966 999 5024 sunt,
1046 4974 1142 5013 nos
1181 4960 1463 5016 credentes
1510 4978 1703 5032 negare

129 5065 232 5103 non
271 5063 584 5117 possumus.

194 5164 504 5218 Ambrosius
551 5165 821 5233 episcopus
857 5166 986 5218 dixit
1018 5180 1036 5218 :
1066 5165 1131 5218 Et
1149 5164 1273 5218 alibi
1308 5165 1471 5221 habes
1508 5184 1519 5218 :
1557 5185 1575 5217 ι
1609 5167 1708 5232 Qui

128 5272 237 5307 eum
259 5265 396 5309 esset
418 5254 473 5306 in
495 5253 660 5322 forma
686 5253 802 5322 Dei,
830 5272 929 5309 non
955 5257 1187 5325 rapinam
1210 5256 1489 5309 arbitratus
1508 5268 1578 5309 est
1604 5272 1709 5309 esse

126 5362 177 5398 se
201 5347 460 5413 tequalem
493 5344 623 5409 Deo,
669 5345 759 5398 sed
788 5348 1113 5413 semetipsum
1153 5348 1450 5411 exinanivit,
1490 5350 1708 5417 formam

128 5437 253 5488 servi
281 5435 566 5503 accipiens,
590 5436 643 5487 iit
672 5435 1056 5491 similitudinem
1085 5438 1343 5491 hominum
1370 5440 1560 5505 factus,
1590 5439 1710 5491 obe-

130 5526 269 5579 dieus
292 5541 457 5591 usque
487 5526 554 5576 ad
571 5534 783 5579 mortem
807 5524 1025 5596 (Philip.
1057 5543 1113 5594 tt,
1137 5526 1248 5597 6),»
1280 5527 1347 5579 Et
1365 5529 1594 5581 addidit:
1617 5528 1708 5582 Vi-

130 5619 219 5671 des
247 5616 379 5687 quia
408 5617 457 5668 iu
491 5620 654 5670 forma
691 5618 781 5672 Dei
824 5620 1045 5688 aequalis
1070 5622 1185 5674 est?
1214 5619 1309 5672 «Ει
1340 5621 1579 5688 formam,
1614 5621 1697 5675 iu-

133 5710 265 5772 quit,
300 5710 438 5761 servi
468 5710 711 5778 accepit.»
758 5710 813 5763 In
850 5725 956 5778 quo
979 5725 1106 5776 ergo
1134 5712 1307 5766 mitior
1334 5712 1450 5766 est?
1496 5713 1699 5768 Secun-

136 5801 257 5855 dum
282 5802 514 5866 intratam
549 5803 730 5870 utique
766 5804 925 5871 servi,
959 5818 1063 5857 non
1098 5804 1212 5858 Dei.

1817 3321 2037 3373 tentiam
2069 3321 2158 3387 qui
2190 3311 2626 3374 tam-innumeris
2668 3322 2945 3376 sententiis
2972 3319 3382 3390 blasphemavit.

1889 3408 2158 3463 Palladius
2181 3410 2311 3464 dixit
2344 3426 2363 3465 :
2390 3410 2503 3465 Non
2531 3411 2681 3466 vobis
2710 3412 3118 3481 respondemus.

1887 3525 2112 3578 Sa'inus
2150 3528 2419 3596 episwpus
2459 3526 2622 3580 dixit:
2652 3528 2733 3581 Ab
2760 3528 3008 3580 omnibus
3030 3527 3139 3595 jam
3167 3526 3387 3581 damna-

1816 3631 1899 3675 tus
1941 3627 2024 3672 est
2063 3618 2348 3672 Palladius.
2385 3618 2497 3673 Arii
2550 3619 2895 3685 blasphemiae
2934 3619 3104 3672 multo
3152 3619 3388 3673 minores

1814 3720 1938 3766 sunt
1977 3728 2133 3782 quam
2190 3710 2438 3765 Palladii.
2491 3710 2708 3764 Etcum
2759 3710 3026 3764 Palladius
3085 3711 3388 3765 surrexisset

1813 3814 1962 3872 atque
1983 3805 2121 3873 {oras
2149 3804 2285 3857 exire
2313 3802 2547 3856 voluisset
2571 3816 2589 3855 :
2611 3802 2750 3862 Ideo,
2781 3802 2963 3871 inquit,
2997 3803 3231 3856 surrexit
3253 3798 3375 3855 Pal-

1814 3893 2007 3960 ladius,
2058 3893 2309 3962 quoniam
2357 3892 2558 3961 apertis
2611 3893 3007 3962 Scripturarttm
3064 3892 3386 3947 testimoniis

1812 3985 2231 4039 convincendum
2280 3999 2398 4038 esse
2436 4000 2495 4038 se
2536 3984 2727 4047 cernit,
2780 3984 2922 4036 sicut
2951 3983 3059 4049 jam
3103 3982 3388 4035 convictus

1750 4070 1753 4073 ’
1814 4086 1917 4131 est.
1976 4077 2066 4130 Sic
2112 4074 2253 4128 enim
2308 4076 2500 4129 lectum
2544 4083 2656 4138 est,
2712 4072 3004 4126 secundum
3052 4071 3385 4125 divinitatem

1815 4166 1957 4233 quod
1994 4165 2211 4234 xqualis
2248 4164 2390 4217 Patri
2428 4164 2594 4217 Filius
2633 4164 2720 4215 sit.
2754 4162 2995 4228 Accipiat
3031 4171 3206 4214 autem
3258 4161 3383 4229 quia

1818 4256 1981 4311 Filius
2002 4256 2097 4309 Dei
2122 4255 2412 4310 secundum
2440 4253 2769 4308 divinitatem
2793 4252 3048 4321 majorem
3079 4266 3181 4305 non
3206 4251 3385 4306 habet.

1814 4348 2081 4415 Scriptum
2114 4357 2195 4400 est
2223 4362 2237 4400 :
2274 4364 2291 4396 ι
2329 4346 2544 4399 Abralttz
2560 4361 2672 4398 cum
2710 4335 3074 4412 repromisisiet
3104 4342 3240 4397 Deus
3263 4359 3387 4412 quo-

1814 4441 1951 4493 niam
1983 4439 2179 4492 nullum
2208 4439 2365 4493 alium
2402 4438 2610 4491 habebat
2650 4438 2913 4504 majorem,
2952 4453 3041 4505 per
3067 4453 3211 4501 quem
3233 4439 3385 4507 jura-

1813 4538 1909 4599 ret,
1926 4532 2122 4601 juravit
2147 4547 2236 4601 per
2260 4532 2579 4596 semetipsum
2603 4529 2786 4599 (llebr.
2820 4544 2890 4592 vt,
2927 4528 3067 4597 15).»
3100 4527 3259 4581 Vides
3285 4527 3381 4597 igi-

1815 4632 1902 4677 tur
1930 4624 2281 4691 Scripluram,
2331 4624 2452 4692 quia
2502 4623 2700 4676 nullum
2733 4623 2895 4675 alium
2931 4622 3186 4690 majorem
3228 4620 3386 4675 habet

1813 4730 1909 4784 per
1929 4730 2084 4783 quem
2109 4715 2340 4782 juraret.
2374 4714 2541 4768 Filius
2583 4723 2761 4767 autem
2810 4723 2911 4772 est.
2947 4712 3015 4766 de
3060 4727 3164 4781 quo
3193 4711 3387 4765 dicitur

1809 4807 2061 4875 quoniam
2092 4807 2206 4873 ipse
2234 4806 2382 4859 visus
2407 4814 2490 4859 est
2520 4805 2767 4859 Abrahae.
2802 4805 2949 4859 Unde
2971 4806 3113 4860 etait
3142 4821 3157 4860 :
3192 4806 3385 4858 «Atua-

1810 4901 1925 4953 ltam
1958 4902 2088 4954 diem
2123 4916 2287 4953 meum
2311 4901 2458 4963 vidit,
2491 4909 2538 4953 et
2564 4900 2766 4969 gavisus
2795 4908 2866 4952 est
2895 4897 3055 4965 (Joan
3102 4915 3217 4963 vui,
3256 4900 3376 4954 56.»

1886 4992 2152 5046 Palladius
2179 4993 2309 5045 dixit
2332 5008 2352 5045 ,ο
2387 5010 2405 5042 t
2422 4990 2574 5045 Pater
2595 4994 2763 5061 major
2788 5001 2912 5044 est»

1885 5100 2135 5154 Eusebius
2153 5104 2421 5172 episwpus
2450 5103 2578 5155 dixit
2604 5120 2622 5156 :
2652 5102 2873 5169 Quando
2905 5111 2960 5154 ιιι
2990 5102 3128 5156 Deus
3151 5102 3380 5165 loeutus,

1812 5188 2067 5257 majorem
2096 5206 2199 5243 non
2234 5191 2416 5245 habuit
2446 5208 2460 5257 ;
2486 5193 2696 5261 quando
2732 5203 2789 5246 ιιι
2814 5193 2971 5246 homo
3010 5193 3240 5253 locutus,
3276 5208 3384 5244 nia-

1805 5283 1977 5351 joretn
2004 5283 2209 5337 habuit.

1882 5395 2156 5451 Palladius
2187 5399 2315 5452 dixit
2343 5415 2363 5453 :
2390 5399 2543 5454 Pater
2571 5399 2754 5469 genuit
2792 5398 3003 5463 Filium,
3038 5396 3196 5467 497
3230 5396 3385 5448 Pater

1812 5488 1956 5543 misit
1986 5489 2201 5563 Filium.

1891 5603 2188 5675 Ambrosius
2218 5606 2485 5672 episcopus
2526 5606 2654 5659 dixit
2686 5621 2704 5659 :
2738 5601 3028 5657 Auatlienia
3071 5602 3143 5655 illi
3176 5600 3262 5672 qui
3295 5618 3376 5655 ne-

1812 5703 1900 5765 gat
1950 5694 2143 5749 Filium
2190 5697 2483 5752 secundum
2534 5696 2863 5751 divinitatem
2911 5694 3168 5763 :rqualcm
3223 5696 3383 5750 l‘uti-i.

1889 5807 2075 5863 Omnes
2105 5810 2328 5880 episcopi
2348 5810 2585 5863 dixerunt
2612 5824 2628 5862 :
2654 5805 2969 5863 Anathania.
