3978 6380
576 368 681 435 M3

1919 363 2142 417 VlGlLli
2183 360 2556 419 TAPSENSIS
2952 360 2957 367 ’
3735 361 3834 413 ω

651 490 925 544 Palladius
946 487 1076 538 dixit
1099 499 1118 539 :
1145 483 1310 537 Filius
1330 478 1599 546 subjectus
1629 474 1792 539 Patri,
1819 473 1987 528 Filius
2013 488 2143 541 pias-
2174 476 2223 535 Α
2250 487 2368 540 qua:
2388 471 2660 526 consensit
2688 469 2897 524 Ariame
2917 467 3195 535 impietati.
3223 468 3425 523 Placuit
3448 467 3544 522 tibi
3570 470 3623 522 iu
3654 470 3833 524 media

580 590 735 649 cepta
760 579 934 633 Patris
958 574 1208 629 custodit.

654 671 948 724 Ambrou‘us
990 667 1258 732 episcopus
1296 661 1427 713 dixit
1465 674 1487 712 .'
1513 658 1801 725 Subieclus
1855 654 2150 709 secundum

581 761 761 816 carnis
802 760 1080 811 rationem.
1130 752 1396 806 Cirternm
1429 759 1483 805 et
1542 749 1655 817 ipse
1700 747 1986 801 meministi
2028 744 2151 811 quia

584 851 777 919 legisti,
810 866 829 899 εἰ
856 846 1018 900 Nemo
1063 844 1192 897 venit
1213 844 1280 895 ad
1302 858 1400 905 me,
1437 842 1533 895 nisi
1554 856 1703 909 quem
1742 836 1898 892 Pater
1933 845 2156 889 attraxe-

586 943 651 993 rit
677 938 853 1004 (Ialm.
880 952 951 994 Vl.
979 935 1123 1003 44).»

656 1032 875 1087 Sabinus
898 1030 1159 1096 episcopus
1201 1025 1378 1079 dixit:
1412 1025 1559 1079 Dicat
1599 1025 1642 1079 si
1676 1023 1971 1077 secundum
2014 1022 2154 1076 divi-

587 1124 805 1178 nitatem
836 1120 1110 1188 subjectus
1152 1126 1237 1170 est
1263 1100 1429 1177 Patri,
1472 1132 1537 1169 an
1579 1114 1874 1168 secundum
1915 1113 2158 1168 incarna-

591 1218 809 1271 tionem.
1587 1259 1589 1262 ι

659 1304 927 1359 Palladius
967 1302 1097 1354 dixit
1128 1315 1149 1354 :
1180 1300 1319 1367 Ergo
1352 1299 1508 1353 Pater
1536 1297 1707 1363 maior
1735 1306 1839 1351 est.

658 1395 950 1449 Ambrosius
988 1394 1257 1459 episcopus
1294 1391 1424 1442 dixit
1447 1405 1465 1442 :
1500 1387 1565 1442 Et
1603 1388 1725 1441 alibi
1754 1386 2009 1452 scriptum
2040 1392 2158 1438 est:

597 1510 615 1541 ι
647 1486 839 1541 Fidelis
869 1485 1005 1538 Deus
1030 1498 1049 1537 :
1069 1499 1158 1552 per
1186 1498 1331 1551 quem
1356 1481 1519 1532 vocati
1548 1483 1663 1532 estis
1686 1479 1734 1529 iu
1763 1476 2163 1530 communionem

593 1581 714 1635 Filii
749 1582 860 1651 ejus
893 1576 943 1646 (1
978 1576 1097 1629 Cor.
1128 1590 1166 1637 t,
1211 1572 1324 1641 9).»
1363 1573 1471 1639 Ego
1490 1571 1609 1623 dico
1649 1572 1855 1624 Patrem
1904 1570 2160 1636 majorem

590 1686 712 1725 esse
740 1668 1033 1725 secundum
1062 1664 1240 1718 carnis
1267 1662 1709 1731 assumptionem,
1742 1677 1901 1730 quam
1932 1660 2166 1726 suscepit

591 1764 669 1817 Fil
700 1779 760 1815 ns
787 1761 901 1825 Dei,
934 1774 1039 1812 non
1069 1755 1359 1811 secundum
1382 1754 1743 1819 divinitatem.

2256 564 2497 631 epistolae
2531 561 2756 615 lectione
2789 574 3088 628 proponere
3117 559 3257 628 quod
3297 559 3536 613 volebas.
3586 560 3831 626 Respou~

2257 670 2374 706 sum
2403 653 2495 706 tibi
2528 666 2629 714 est,
2662 652 3108 719 quemadmodum
3154 652 3362 703 Patrem
3395 650 3499 717 ωτι]
3526 666 3658 702 ~rem
3690 652 3837 703 dixe.

2262 749 2329 798 rit
2357 744 2522 797 Filius
2556 744 2673 806 Dei,
2712 757 2776 796 eo
2802 744 2939 809 quod
2976 741 3268 795 secundum
3312 744 3495 795 carnis
3538 744 3837 810 susceptio-

2263 850 2383 888 nem
2433 833 2597 887 Filius
2653 832 2908 900 majorem
2971 831 3180 885 Patrem
3238 834 3453 887 dixerit.
3504 833 3834 897 Proposuisti

2262 928 2419 978 etiam
2450 925 2745 991 subjectqu
2784 938 2902 977 esse
2933 922 2990 975 Fi
3019 923 3123 973 inin
3159 922 3272 985 Dei,
3306 933 3358 976 et
3393 923 3446 975 in
3493 926 3598 975 hoc
3625 938 3837 988 respon-

2264 1033 2379 1071 sum
2429 1018 2519 1069 tibi
2570 1028 2677 1080 est,
2717 1017 2837 1082 quia
2884 1015 3153 1081 subjectus
3203 1013 3372 1067 F.lius
3408 1013 3504 1066 Dei
3551 1014 3837 1067 secundum

2263 1125 2479 1166 carnem
2509 1121 2610 1173 est,
2664 1124 2765 1161 non
2797 1108 3088 1164 secundum
3117 1106 3470 1160 disinitatem.
3509 1105 3694 1158 llabes
3726 1120 3838 1172 pro~

2266 1202 2550 1255 fessionem
2584 1210 2843 1265 nostram,
2872 1214 3008 1251 nunc
3036 1200 3156 1252 audi
3197 1210 3412 1252 cetera.
3438 1198 3715 1264 Quoniam
3754 1196 3835 1248 tibi

2267 1306 2577 1357 responsum
2607 1290 2710 1352 est,
2745 1289 3009 1357 responde
3036 1293 3099 1342 ad
3125 1303 3187 1342 ea
3210 1303 3327 1356 qua:
3360 1288 3643 1356 leguntur.

2340 1382 2611 1436 Palladius
2631 1383 2800 1435 dixit:
2829 1381 2941 1435 Noii
2976 1381 3074 1434 tibi
3099 1380 3423 1448 respondeo,
3452 1381 3580 1448 quia
3606 1392 3839 1443 quaecun-

2269 1489 2371 1541 que
2397 1489 2495 1541 ego
2534 1474 2666 1534 dixi,
2701 1488 2805 1526 non
2842 1482 2964 1524 sunt
2996 1473 3213 1538 scripta.
3246 1471 3434 1523 Vestra
3480 1470 3838 1522 tantummodo

2272 1571 2572 1626 scribuntur
2595 1572 2777 1625 verba.
2809 1568 2923 1624 Non
2960 1568 3115 1621 vobis
3143 1566 3470 1633 respondeo.

2344 1682 2636 1735 Ambrosius
2657 1684 2921 1750 eiziscOpus
2948 1682 3076 1733 dixit
3100 1698 3117 1732 :
3146 1682 3332 1734 Omnia
3356 1682 3515 1734 vides
3544 1680 3737 1733 scribi.
3761 1680 3838 1733 De-

2277 1776 2439 1842 nique
2464 1788 2583 1841 quae
2611 1774 2804 1839 scripta
2835 1786 2975 1826 sunt.
3020 1774 3293 1826 abundant
3325 1773 3389 1825 ad
3425 1783 3537 1825 tua
3576 1772 3837 1840 impietatis

664 1853 931 1908 Ραηαάίυδ
979 1853 1108 1903 (πεδί’
1142 1864 1159 1902 ³
1187 1849 1317 1913 Qum
1360 1846 1501 1903 enim
1548 1844 1876 1910 co'm’am'i"
1923 1852 2006 1896 ⁸⁵⁸
2050 1840 2170 1893 Filii
2202 1847 2249 1906 Β
2280 1840 2549 1920 indicium.
2576 1864 2642 1918 Et
2670 1865 2915 1918 addidit:
2943 1863 3254 1919 Creaturztm
3297 1864 3436 1918 dicis
3465 1864 3765 1927 Christum,
3789 1880 3836 1915 an

593 1946 727 2002 Dei?
759 1947 825 2000 Et
846 1960 972 1999 caro
994 1951 1167 2011 potest
1192 1939 1393 1999 dicere,
1429 1939 1564 1990 lleus
1592 1950 1678 1987 me
1704 1933 1872 2001 major
1898 1941 2000 1986 est.
2029 1931 2167 1984 Caro

596 2040 931 2108 loqui-batur,
961 2043 1053 2088 aut
1082 2031 1354 2090 divinitus,
1383 2028 1503 2095 quia
1548 2027 1618 2081 ibi
1645 2037 1757 2081 erat
1785 2023 1951 2079 caro?

671 2128 964 2184 Ambrosius
1009 2124 1275 2195 episcopus
1314 2121 1442 2173 dixit
1476 2116 1656 2173 :Caro
1691 2118 1810 2171 sine
1849 2116 2024 2171 anima
2065 2129 2169 2169 non

599 2222 854 2290 loquimr.

677 2311 925 2366 Eusebius
957 2310 1223 2377 ep'scttpus
1250 2306 1382 2358 dixit
1411 2320 1428 2357 :
1461 2303 1603 2356 Deus
1641 2303 1693 2355 in
1732 2313 1894 2354 carne
1923 2297 2174 2365 loqueba-

598 2417 687 2461 tur
734 2403 1024 2459 seenndnm
1056 2415 1293 2462 carnem,
1329 2396 1541 2467 quando
1567 2394 1775 2448 dicebat
1807 2410 1819 2444 :
1858 2410 1876 2442 ι
1907 2390 2043 2456 Qud
2094 2404 2174 2443 me

2274 1971 2435 2025 negas
2457 1957 2480 2008 ?

2344 2047 2612 2100 Palladius
2635 2046 2763 2101 dixit
2788 2063 2806 2100 :
2829 2046 2941 2101 Νοη
2971 2048 3286 2114 respondeo.

2346 2141 2636 2194 Ambrosius
2650 2141 2917 2207 episcOpus
2940 2140 3067 2192 dixt
3087 2139 3256 2192 :Ante
3281 2139 3471 2192 horam
3503 2137 3648 2191 citra
3670 2148 3833 2193 actam.

2274 2246 2393 2285 cum
2418 2232 2682 2298 legeretur
2732 2233 2853 2298 quia
2884 2227 3044 2281 Arius
3071 2229 3203 2281 dixit
3227 2238 3543 2281 creaturam
3570 2226 3833 2285 Christum,

2278 2324 2502 2393 negasti.
2547 2322 2794 2375 Oblatutn
2846 2331 2927 2374 est
2978 2322 3073 2374 tibi
3121 2331 3178 2373 ut
3223 2319 3519 2373 damnares
3564 2317 3834 2387 perﬁdiam,

2277 2416 2515 2468 noluisti.
2546 2414 2641 2467 Vel
2672 2428 2812 2466 nunc
2849 2413 2957 2475 dic,
2988 2421 3162 2463 utrum
3199 2421 3356 2463 natus
3384 2425 3453 2463 ex
3490 2409 3654 2462 Patre
3690 2407 3821 2460 Cbri.

601 2496 957 2570 persequimiui
1007 2494 1258 2546 hominem
1309 2488 1497 2562 (Joatt.
1538 2503 1649 2550 vm,
1686 2485 1856 2556 40)?»
1886 2484 2018 2548 Quis
2074 2480 2178 2537 hoc
2278 2517 2391 2560 slus
2418 2507 2506 2573 sit,
2531 2520 2596 2558 an
2626 2514 2856 2559 creatus.

601 2590 776 2645 dixit?

671 2681 944 2735 Palladius
975 2679 1101 2732 dixit
1128 2694 1144 2731 :
1177 2677 1339 2730 Filius
1363 2675 1477 2728 Dci.

670 2772 967 2825 Ambrosius
1008 2770 1269 2838 episeoiius
1304 2767 1474 2819 dixit:
1505 2762 1642 2817 Deus
1692 2776 1822 2830 ergo
1874 2760 2042 2815 Filius
2083 2758 2179 2814 Dei

602 2873 683 2918 cst
721 2862 1011 2916 secundum
1065 2860 1423 2921 divinitatem,
1468 2864 1524 2910 et
1567 2855 1730 2912 homo
1770 2860 1854 2911 est
1890 2850 2179 2907 secundum

602 2968 843 3008 carnem.

677 3045 947 3097 Palladius
969 3042 1097 3096 dixit
1123 3058 1140 3095 :
1167 3040 1394 3095 Carnem
1425 3038 1682 3106 suscepit.

678 3136 924 3189 Eusebius
970 3135 1236 3205 episcopus
1284 3132 1414 3185 dixit
1458 3147 1476 3184 :
1511 3130 1651 3200 Ergo
1710 3127 1959 3182 humanis
2002 3123 2183 3179 verbis

609 3244 737 3284 usus
774 3227 899 3282 esti

679 3321 955 3375 Palladius
993 3320 1168 3372 dixit:
1200 3316 1425 3371 Carnem
1455 3315 1741 3368 humanam
1782 3312 2039 3380 suscepit.

682 3415 977 3467 Ambrosius
1004 3412 1268 3481 episcopus
1299 3410 1428 3462 dixit
1458 3424 1477 3461 :
1512 3407 1659 3461 Dicat
1685 3406 1810 3473 quia
1843 3420 1947 3457 non
1990 3417 2184 3456 secun-

610 3508 737 3563 dum
777 3506 1115 3563 divinitatem
1147 3503 1437 3571 Apostolus
1464 3501 1597 3555 dixit
1624 3499 1945 3567 subjectum,
1975 3495 2068 3551 sed
2101 3508 2190 3545 se-

608 3598 836 3654 cundum
859 3610 1099 3653 carnem.
1128 3593 1395 3659 Scriptum
1412 3602 1493 3646 est
1519 3590 1660 3645 enim
1688 3606 1699 3645 :
1733 3607 1749 3641 t
1782 3585 2091 3643 Humiliavit
2112 3598 2191 3637 se-

614 3690 905 3757 metipsum,
958 3690 1125 3752 factus
1177 3684 1412 3736 obedieus
1465 3696 1619 3751 usque
1660 3679 1725 3733 ad
1779 3688 1989 3733 mortem
2030 3672 2188 3747 (Phi-

617 3777 709 3844 lip.
736 3791 793 3840 n,
828 3774 937 3843 8).»
966 3775 1022 3827 in
1042 3788 1147 3841 quo
1175 3788 1304 3839 ergo
1331 3780 1553 3825 mortem
1579 3768 1845 3838 gustavit?

688 3865 960 3923 Paliadius
981 3863 1149 3918 dixit:
1176 3862 1306 3928 Quia
1330 3876 1389 3915 se
1419 3860 1635 3915 humilia
1647 3861 1743 3914 vit.

2353 2596 2623 2650 Palladius
2669 2596 2797 2648 dixit
2826 2610 2843 2648 :
2870 2594 2928 2650 Si
2954 2594 3136 2657 vultis,
3179 2604 3501 2662 exceptores
3554 2592 3726 2646 nostri
3769 2605 3833 2642 re-

2281 2691 2448 2754 niant,
2467 2699 2520 2743 et
2541 2691 2620 2742 sic
2651 2697 2817 2742 totum
2845 2686 3164 2774 excipiatur.

2354 2782 2579 2837 Sabinus
2600 2782 2858 2848 episwpus
2889 2780 3019 2833 dixit
3043 2796 3060 2831 :
3084 2778 3325 2832 Adducet
3353 2791 3487 2832 suos
3517 2788 3830 2845 exceptans.

2356 2874 2633 2928 Palladius
2679 2874 2805 2927 dixit
2837 2889 2856 2927 :
2894 2873 3058 2927 Pleno
3097 2872 3329 2927 concilio
3372 2873 3530 2926 vobis
3573 2871 3831 2936 responde-

2284 2967 2477 3022 bimus.

2359 3058 2655 3111 Ambrosius
2677 3057 2941 3125 episcopus
2977 3054 3146 3107 dixit:
3180 3053 3391 3106 Attalus
3423 3052 3478 3106 in
3513 3061 3739 3105 tractatu
3766 3049 3831 3102 Ni-

2287 3149 2417 3200 caeni
2466 3147 2673 3199 concilii
2719 3144 3053 3212 subscripsit.
3117 3142 3283 3211 Neget
3322 3142 3521 3195 iactum
3566 3141 3688 3209 quia
3720 3139 3831 3191 venit

2208 3216 2254 3277 (ἶ
2288 3240 2363 3291 ad
2402 3238 2706 3291 concilium.
2764 3237 2917 3290 Dicat
2962 3235 3119 3289 hodie
3162 3246 3340 3288 utrum
3394 3235 3768 3302 subscripserit
3797 3233 3833 3283 in

2292 3338 2512 3383 tractatu
2539 3327 2735 3381 Nicazui
2764 3327 2995 3389 concilii,
3030 3341 3095 3378 an
3127 3341 3255 3379 non.

2362 3420 2589 3486 Cumque
2647 3419 2847 3471 Attalus
2912 3419 3179 3480 reticeret,
3250 3416 3545 3469 Ambrosius
3608 3417 3837 3484 episcopis
3916 3428 3921 3429 ί

2291 3514 2423 3566 dixit
2451 3528 2469 3565 :
2502 3512 2711 3566 Attalus
2752 3512 3060 3580 presbyter,
3085 3510 3209 3562 licet
3234 3508 3376 3561 inter
3405 3512 3637 3561 Arianos
3673 3510 3757 3572 sit,
3780 3516 3836 3555 ts-

2294 3620 2412 3655 men
2440 3603 2598 3655 habet
2626 3602 2996 3655 auctoritatem
3030 3601 3302 3670 loquendi.
3339 3599 3533 3653 Libere
3563 3600 3838 3667 proﬁteatur

2294 3704 2471 3747 utrum
2522 3693 2907 3760 subscripserit
2938 3693 2989 3745 in
3025 3701 3250 3745 tractatu
3295 3691 3494 3745 Nicmni
3524 3691 3734 3744 concilii
3764 3688 3839 3741 sub

2292 3784 2545 3853 episcopo
2575 3797 2674 3835 suo
2705 3782 3018 3850 Agrippino,
3047 3797 3112 3835 an
3140 3796 3268 3834 non.

2368 3874 2575 3926 Attalus
2626 3874 2755 3926 dixit
2793 3890 2810 3927 :
2846 3872 3009 3944 [.99
3048 3872 3167 3927 Jam
3211 3872 3393 3926 dixisti
3453 3887 3541 3926 me
3591 3870 3843 3939 aliquoties

686 3956 986 4013 Ambrosius
1005 3954 1274 4022 episcOpus
1296 3952 1423 4007 dixit
1450 3965 1468 4003 :
1496 3949 1609 4005 Non
1643 3946 1916 4011 divinitas,
1946 3942 2040 4001 sed
2070 3956 2178 3997 cart

2296 3965 2624 4027 damnatum,
2657 3964 2879 4016 non'tibi
2910 3965 3231 4030 respondeo.

618 4048 891 4105 ltumiliata
924 4056 1006 4102 est
1036 4057 1194 4114 atque
1215 4044 1474 4114 subjecta.
1502 4040 1568 4097 Et
1594 4040 1799 4095 addidit
1827 4052 1844 4095 :
1875 4034 2192 4095 Creatnram

615 4142 908 4211 perlectam
938 4140 1072 4195 bene
1094 4137 1228 4194 dixit
1249 4136 1427 4198 Arius,
1460 4149 1527 4188 an
1559 4132 1699 4187 male
1724 4128 1897 4186 dixit?

686 4234 961 4292 Palladius
982 4232 1112 4286 dixit
1139 4246 1157 4287 :
1184 4230 1294 4300 Ego
1337 4228 1432 4285 tibi
1462 4241 1566 4283 non
1608 4219 1933 4300 respondeo,
1966 4217 2194 4280 auctori-

617 4335 780 4382 tatem
809 4340 913 4379 non
944 4322 1184 4378 babenti.

688 4415 983 4471 Ambrosius
1014 4413 1277 4481 episcopus
1301 4410 1426 4464 dixit
1458 4425 1477 4465 :
1500 4407 1760 4465 Proﬁtere
1784 4404 1923 4475 quod
1951 4404 2050 4461 vis.

692 4504 964 4562 Palladius
991 4505 1119 4557 dixit
1149 4521 1167 4556 :
1192 4502 1305 4557 Non
1331 4501 1630 4569 respondeo
1661 4500 1835 4556 vobis.

2369 4055 2659 4107 Ambrosius
2687 4056 2947 4123 episcopus
2973 4056 3099 4107 dixit
3126 4054 3535 4122 :Subscripsisti
3561 4054 3613 4107 iu
3645 4061 3841 4107 tractatu

2298 4150 2508 4204 concilii
2541 4149 2763 4216 Nic-.eni,
2796 4158 2887 4202 aut
2916 4149 3060 4203 non?

2369 4245 2565 4298 Attalus
2596 4244 2725 4298 dixit
2756 4262 2774 4298 :
2804 4246 2915 4298 Non
2948 4245 3039 4298 tibi
3085 4238 3405 4311 respondeo.

2372 4335 2643 4390 Palladius
2696 4337 2825 4389 dixit
2856 4352 2874 4390 :
2904 4336 3059 4391 Modo
3112 4335 3269 4389 vultis
3323 4345 3611 4390 tractatum
3658 4334 3839 4404 plenum

2300 4429 2503 4493 haberi,
2529 4439 2616 4480 aut
2642 4442 2744 4480 non
2769 4428 2792 4477 ?

2371 4518 2695 4572 Chromatius
2718 4516 2974 4586 presbyter
2994 4516 3163 4568 dixit:
3186 4515 3497 4570 Creaturam
3521 4530 3627 4569 non
3649 4516 3847 4582 negasti.

691 4598 915 4655 Sabinus
938 4598 1204 4665 episcopus
1225 4595 1355 4651 dixit
1382 4610 1400 4651 :
1435 4596 1535 4649 Pro
1563 4595 1692 4653 Ario
1723 4608 1827 4651 non
1861 4586 2178 4661 respondes?

2301 4610 2588 4679 potentiam
2615 4607 2836 4677 negasti,
2865 4579 3044 4660 omnia
3073 4607 3273 4676 negasti
3304 4621 3424 4675 qua:
3454 4606 3586 4661 ﬁdes
3616 4579 3851 4660 catbotica

620 4689 685 4746 ad
719 4689 1040 4755 interrogata
1065 4703 1171 4741 non
1202 4684 1534 4754 respondes?

697 4776 970 4834 Palladius
999 4777 1168 4833 dixit:
1202 4775 1303 4830 Pro
1326 4774 1453 4829 Ario
1476 4788 1573 4844 ego
1605 4787 1708 4829 non
1736 4771 2011 4837 resnoudi.

2298 4703 2593 4771 prolitetur.

692 4868 912 4921 Sabinus
930 4866 1198 4935 episwpus
1221 4865 1345 4921 dixit
1369 4878 1389 4919 ,ο
1416 4862 1594 4932 Usque
1624 4861 1757 4919 adeo
1786 4859 1950 4935 498
1971 4873 2197 4931 respon-

620 4960 767 5025 disti,
808 4966 865 5010 ut
898 4957 1087 5013 Filium
1121 4955 1212 5013 Dei
1251 4970 1474 5028 negares
1513 4963 1812 5029 potentem,
1854 4966 2077 5027 negares
2103 4966 2198 5005 ve-

622 5067 738 5106 rum
770 5050 955 5103 Deum.

697 5139 967 5211 Palladius
1000 5137 1170 5190 dixit:
1200 5137 1310 5207 Ego
1342 5145 1392 5191 te
1413 5136 1646 5211 judicem
1689 5151 1792 5190 non
1821 5136 2014 5207 patior,
2040 5148 2198 5207 quem

623 5209 908 5298 impietatis
932 5245 1121 5298 arguo.

693 5323 915 5378 Sabinus
959 5322 1226 5388 episcopus
1255 5318 1381 5372 dixit
1410 5337 1421 5372 ε
1448 5318 1566 5387 ipse
1604 5334 1704 5372 nos
1730 5317 1952 5388 coegisti
1985 5317 2196 5373 sedere.

697 5414 968 5468 Palladius
1011 5414 1185 5469 dixit:
1214 5413 1459 5469 Mandavi
1500 5423 1559 5467 ut
1598 5414 1881 5481 sederetis,
1921 5422 1979 5466 ut
2007 5426 2197 5480 argue-

623 5527 733 5561 rem
768 5522 882 5563 vos.
915 5509 1089 5575 Quare
1118 5507 1459 5572 subripuistis
1505 5505 1854 5575 imperatori?
1888 5503 1955 5560 Ut
1980 5505 2195 5573 plenum

621 5602 901 5655 concilium
936 5616 1040 5655 non
1071 5609 1234 5666 esset,
1265 5597 1599 5667 obripuistis.

698 5710 985 5764 Ambrosius
1012 5712 1275 5780 episcopus
1302 5710 1429 5763 dixit
1454 5726 1471 5761 :
1493 5708 1626 5763 Cum
1658 5710 1769 5763 Arii
1796 5711 2096 5779 impietates
2124 5708 2200 5766 le-

626 5812 895 5869 g'rcntur,
939 5814 992 5857 et
1040 5803 1283 5871 inpietas
1334 5812 1417 5855 tua
1464 5804 1660 5870 pariter
1698 5805 2050 5859 condemnata
2096 5819 2195 5870 est,

2370 4790 2593 4846 Sabinus
2647 4791 2909 4859 episcopus
2948 4788 3077 4841 dixit
3109 4802 3127 4840 :
3156 4786 3343 4840 Testes
3372 4801 3556 4839 sumus
3609 4799 3700 4839 nos
3730 4784 3854 4837 Atta-

2298 4884 2403 4935 lum
2434 4880 2812 4947 subscripsisse
2841 4880 2893 4932 in
2923 4878 3147 4933 concilio
3191 4876 3429 4943 Nicaeno,
3463 4888 3518 4931 et
3568 4889 3706 4929 nunc
3736 4872 3857 4928 nullo

2301 4976 2644 5044 respondere.
2674 4974 2809 5041 Quid
2838 4977 3041 5029 cunctis
3065 4974 3310 5028 videtur?

2374 5072 2595 5141 Cumque
2616 5070 2814 5124 Attalus
2837 5071 3083 5135 reticeret,
3110 5068 3405 5121 Ambrosius
3427 5067 3691 5135 episctrpus
3709 5062 3830 5114 dixit
3848 5074 3862 5106 -·

2302 5167 2452 5223 Dicat
2481 5174 2652 5217 utrum
2685 5162 3065 5233 subscripserit
3089 5163 3139 5217 in
3168 5169 3392 5217 tractatu
3420 5159 3632 5215 concilii
3658 5152 3864 5214 Nicani.

2303 5269 2392 5311 aut
2424 5272 2552 5309 ηοιι.

2375 5346 2648 5401 Palladius
2667 5347 2796 5399 dixit
2820 5362 2838 5398 :
2863 5346 3127 5416 Exceptor
3151 5354 3333 5400 vester
3351 5354 3407 5398 et
3437 5350 3615 5396 noster
3636 5345 3803 5399 stent,
3825 5340 3871 5387 et

2308 5439 2483 5495 omnia
2507 5439 2761 5491 scribant.

2388 5530 2693 5584 Valerianus
2744 5529 3010 5596 episcopus
3063 5528 3384 5581 dixit:.lam
3435 5541 3554 5597 quin
3602 5523 3785 5578 dixisti
3831 5526 3879 5571 et

2309 5624 2532 5692 negasti,
2568 5623 2763 5690 scripta
2785 5628 2909 5674 sunt
2928 5619 3127 5672 omnia.

2351 5712 2650 5785 _Paltadius
2685 5711 2853 5763 dixit:
2884 5708 3050 5763 Dicite
3078 5708 3217 5777 quod
3248 5706 3426 5761 vultis.

2382 5804 2676 5858 Ambrosius
2703 5802 2969 5871 episcopus
2995 5801 3123 5855 dixit
3147 5816 3165 5855 :
3194 5800 3325 5866 Quia
3375 5797 3567 5866 saepius
3598 5795 3710 5847 rult
3742 5792 3889 5847 dam-
