3978 6380
188 372 283 427 με

1151 370 1419 427 CONTRA
1461 372 1850 429 PALLADIUM
1890 376 2196 432 ARIANUM
2238 377 2363 432 LIB.
2404 379 2444 432 Ι.

3298 392 3402 448 κο

188 490 288 547 nari
311 488 594 556 Palladius,
620 490 705 555 qui
730 488 837 557 jam
870 488 1171 556 frequenter
1193 489 1581 551 damnatnsesl.
1603 490 1720 557 lego
1754 496 1799 551 Α
1830 500 1977 558 parte
2005 503 2334 559 exci‘ptores.
2366 494 2475 546 Non
2516 496 2734 560 potestis
2777 511 2897 552 esse
2942 498 3148 567 judiees
3173 497 3215 553 si
3247 504 3399 557 audi-

184 578 442 649 epistolam
473 578 606 640 Arii,
637 593 791 647 quam
823 578 915 632 ille
954 581 1123 633 noluit
1154 581 1529 634 condemur-re.
1568 581 1730 633 Proli-

186 670 350 725 tcmini
377 668 514 736 quod
538 668 683 720 vobis
711 668 937 723 videtur.

247 760 426 813 Omnes
456 760 677 825 episcopi
715 760 944 811 dixerunt
970 772 999 811 ’τ
1030 758 1272 827 Legatur.

246 848 303 901 Et
329 851 540 901 recitata
580 858 653 902 est
684 865 700 900 :
729 850 874 903 Nuo
902 864 1075 902 sumi
1105 864 1203 903 non
1233 863 1516 913 cornuve,
1558 859 1609 903 et
1641 864 1723 904 re.

181 944 327 1010 hqua.

238 1028 530 1085 Ambrosius
578 1034 839 1099 episcopus
865 1035 1035 1087 dixit:
1059 1034 1323 1103 Respondi
1371 1034 1460 1085 tibi
1495 1033 1562 1087 de
1614 1049 1727 1086 ma.

175 1124 296 1189 jore,
328 1124 578 1190 Γρςιιοηιιί
635 1126 725 1178 tibi
768 1134 820 1178 et
864 1126 930 1179 de
956 1128 1218 1193 subjecto,
1249 1140 1385 1179 nunc
1423 1137 1474 1181 et
1507 1128 1617 1197 ipse
1646 1141 1730 1182 re-

174 1214 389 1283 sponde.

235 1302 506 1358 Palladius
561 1306 735 1359 dixit:
774 1307 887 1360 Non
934 1306 1286 1375 respondebo,
1336 1307 1434 1360 nisi
1487 1315 1730 1361 auctores

175 1398 375 1450 veniant
410 1408 525 1464 post
554 1399 873 1451 dominicam
904 1399 1064 1452 diem.

234 1488 525 1543 Ambrosius
542 1493 803 1561 episcopus
826 1492 991 1546 dixit:
1021 1492 1251 1549 Veneras
1277 1503 1615 1552 tractaturus.
1636 1493 1727 1545 sed

174 1593 508 1652 posteaquam
548 1585 718 1651 objeci
754 1585 868 1648 tibi,
904 1584 1075 1638 vidisti
1105 1586 1215 1639 Arii
1246 1585 1543 1655 epistolam,
1572 1601 1726 1654 quam

172 1672 415 1725 damnare
441 1673 674 1736 noluisti,
706 1688 946 1728 asserere
969 1688 1143 1728 autem
1174 1690 1275 1727 non
1309 1689 1455 1743 pons
1485 1693 1497 1727 :
1535 1674 1731 1728 idcirco

172 1780 303 1818 nunc
332 1766 529 1835 refugis
560 1777 611 1819 et
649 1766 930 1819 cavillaris.
965 1767 1205 1820 Plenarie
1252 1767 1417 1833 ipsam
1462 1769 1678 1820 recitato
1714 1784 1725 1819 :

1833 591 1972 635 tores
1996 597 2098 633 non
2127 582 2464 638 habuerimus
2488 602 2502 647 ;
2531 586 2701 639 etnisi
2729 602 2792 641 ex
2810 598 3033 656 utraque
3063 599 3213 656 parte
3241 605 3399 645 vene~

1830 674 1934 724 rint
1965 673 2053 737 qui
2083 672 2319 737 audiant,
2349 690 2451 728 non
2480 676 2629 729 vobis
2661 677 3063 744 respondemus.

1898 763 2193 817 Ambrosius
2236 765 2501 833 episwpus
2544 767 2672 820 dixit
2720 782 2739 821 :
2781 769 2923 834 Quos
2959 768 3199 837 quaeritis
3250 768 3403 822 andi-

1831 853 2008 907 tores?

1903 941 2176 996 Pal/adius
2204 939 2335 995 dixit
2364 957 2381 994 :
2409 942 2543 997 Sunt
2565 943 2650 998 hic
2673 944 2915 999 honorati
2943 945 3113 998 multi.

1902 1032 2127 1086 Sabinus
2176 1033 2435 1101 cpiscopus
2487 1034 2617 1088 dixit
2659 1048 2677 1086 :
2741 1034 2868 1089 Post
2916 1043 2993 1091 tot
3042 1033 3401 1105 blasphemias

1828 1122 2096 1176 auditores
2118 1121 2285 1188 petis?

1901 1216 2196 1267 Ambrosius
2240 1216 2504 1285 episcopus
2557 1217 2684 1270 dixit
2728 1232 2747 1271 :
2776 1218 3091 1279 Sacerdotes
3134 1218 3201 1273 de
3251 1217 3399 1271 laicis

1826 1307 2064 1377 judiCare
2085 1306 2297 1364 debent.
2331 1323 2435 1362 non
2460 1308 2577 1364 laici
2597 1308 2663 1364 de
2685 1310 3047 1367 sacerdmibus
3068 1328 3083 1375 ;
3106 1311 3197 1366 sed
3223 1321 3395 1364 tamen

1831 1415 1960 1468 quos
1988 1400 2078 1465 jutl
2102 1413 2191 1454 ccs
2214 1409 2356 1467 petas
2378 1400 2556 1454 dicito.

1908 1490 2180 1545 Palladius
2206 1492 2333 1545 dixit
2364 1508 2381 1545 :
2409 1491 2688 1546 Auditores
2710 1492 2940 1547 veniant.

1902 1581 2225 1637 Chromatius
2270 1585 2523 1653 presbyter
2570 1583 2921 1638 dixit:Salva
2962 1583 3399 1639 condemnationo

1833 1676 2170 1743 sacerdotali,
2198 1678 2321 1747 quin
2343 1684 2398 1731 et
2424 1675 2511 1744 qui
2542 1674 2757 1730 Palladii
2799 1684 2923 1729 sunt
2973 1677 3131 1730 etiam
3164 1678 3213 1730 in
3244 1678 3400 1747 pleno

1838 1768 2100 1831 legantur.

170 1854 230 1906 ad
258 1856 463 1924 singula
486 1860 589 1909 dic.
622 1855 805 1911 Utrum
858 1858 1098 1911 (.‘hristus
1130 1866 1339 1912 eteatus
1365 1858 1621 1920 videatur.
1662 1872 1727 1910 an
1762 1844 1809 1903 Β
1906 1857 2178 1911 Palladius
2206 1859 2375 1911 dixit:
2406 1859 2516 1912 Non
2543 1860 2915 1926 permittantur
2937 1857 3075 1924 loqui
3106 1857 3399 1922 auditores,

170 1946 264 1999 fuit
290 1949 503 2014 quando
546 1963 649 2002 non
689 1949 784 2003 fuit
812 1948 1068 2011 Christus,
1099 1964 1167 2003 an
1200 1965 1326 2004 vero
1376 1964 1589 2017 semper
1633 1948 1731 2003 fuit

171 2038 469 2107 unigenitus
499 2040 588 2094 Dei
627 2042 808 2095 Filius.
840 2043 971 2097 Cum
998 2044 1110 2099 Arii
1152 2044 1429 2111 e,istolam
1473 2045 1727 2107 audieris,

168 2140 248 2181 aut
277 2130 488 2196 damna,
513 2142 601 2184 aut
638 2133 817 2195 iroba.

234 2221 507 2277 Palladius
558 2226 736 2279 dixit:
789 2226 920 2279 Cum
971 2226 1257 2293 impietatis
1299 2236 1351 2282 te
1379 2241 1625 2296 arguam,
1681 2237 1731 2280 te

162 2312 337 2380 judice
362 2330 462 2366 non
487 2324 623 2372 utor.
646 2314 1029 2386 Transgressor
1048 2332 1127 2371 es.

235 2405 457 2460 Sabinus
503 2410 765 2475 episcopus
819 2406 1159 2474 dixit:Quas
1208 2406 1504 2473 impietates
1547 2405 1733 2473 objicis

163 2497 317 2550 fratri
350 2509 529 2551 nostro
559 2509 611 2551 et
641 2500 1009 2554 consacerdoti
1039 2499 1321 2555 Ambrosio
1346 2498 1368 2553 ?
1394 2498 1577 2555 dicito.

239 2584 513 2643 Palladius
565 2588 692 2643 dixit
720 2604 739 2643 :
763 2590 879 2645 Jam
930 2591 1079 2646 vobis
1109 2590 1215 2646 disi
1251 2608 1263 2643 :
1300 2590 1462 2647 Pleno
1507 2590 1735 2647 concilio

162 2680 520 2746 respondebo,
544 2690 595 2734 et
626 2682 976 2751 prmsentihus
1020 2684 1343 2740 auctoribus.

235 2770 532 2824 Ambrosius
582 2774 843 2842 episcopus
898 2776 1025 2828 dixit
1066 2791 1085 2827 :
1118 2774 1170 2827 In
1209 2788 1463 2828 consessu
1512 2774 1733 2830 fratrum

162 2874 404 2914 meorum
421 2864 575 2930 cupio
592 2864 852 2918 conl'utaii
882 2878 930 2918 et
955 2865 1218 2933 redargui.
1247 2866 1373 2931 Qua:
1393 2866 1551 2934 igitur
1574 2866 1734 2932 impie

163 2948 411 3012 dixerim.
462 2954 640 3031 dicito.
686 2953 794 3009 Sed
841 2956 1033 3024 impius
1077 2955 1170 3013 tibi
1223 2957 1424 3025 videor,
1470 2958 1558 3029 qui
1617 2957 1735 3029 pie-

162 3050 329 3096 tatem
360 3054 555 3098 astruo.

232 3134 460 3189 Sabinus
509 3138 771 3206 episwpus
814 3138 973 3210 500
1020 3141 1148 3197 dixit
1174 3158 1190 3196 .'
1218 3141 1358 3211 Ergo
1413 3141 1607 3209 impius
1636 3139 1727 3196 tibi

164 3228 395 3293 videtur,
432 3231 517 3298 qui
551 3232 659 3284 Arii
693 3232 1047 3300 blasphemias
1078 3236 1285 3304 arguit?

234 3317 507 3375 Palladius
552 3322 681 3376 dixit
709 3339 730 3377 :
765 3322 876 3394 Ego
921 3341 1026 3380 non
1075 3327 1259 3398 negavi
1299 3328 1495 3383 bonum
1540 3327 1729 3383 Filium

160 3408 280 3465 Dei.

232 3504 529 3557 Ambrosius
576 3505 839 3577 episwpus
883 3507 1063 3562 dixit:
1094 3508 1234 3564 Dicis
1282 3523 1412 3580 ergo
1462 3508 1727 3565 Christum

156 3592 327 3645 Deum
356 3593 589 3647 bonum?

229 3681 500 3735 Palladius
527 3685 654 3736 dixit
677 3702 697 3739 :
719 3684 832 3739 Non
859 3685 1007 3742 vobis
1030 3687 1347 3752 respondeo.

238 3769 537 3825 Valerianus
568 3774 829 3844 episcOpus
859 3776 988 3829 dixit
1015 3791 1033 3830 :
1065 3776 1237 3830 Nolite
1266 3777 1485 3831 multum
1509 3776 1724 3845 adigere

148 3860 466 3927 Palladium,
500 3879 603 3918 non
646 3874 816 3932 potest
862 3870 983 3923 vera
1017 3880 1192 3923 nOSIra
1224 3869 1532 3934 simpliciter
1557 3884 1621 3921 co
1666 3869 1724 3919 li-

149 3953 275 4006 teri.
303 3952 472 4022 Ipsius
500 3956 638 4009 enim
668 3959 991 4011 conscientia
1024 3958 1217 4027 duplici
1248 3958 1571 4026 blaSphemia
1596 3972 1723 4009 con-

144 4043 270 4095 fusa
318 4052 418 4096 est.
462 4046 591 4097 Nam
623 4060 649 4095 a
690 4045 1016 4099 i‘holinianis
1057 4058 1136 4102 est
1170 4048 1478 4113 ordinatus,
1510 4059 1559 4103 et
1602 4062 1720 4103 cum

140 4132 279 4197 ipsis
309 4141 389 4183 est
415 4131 726 4198 damnatus;
757 4144 808 4187 et
840 4151 979 4188 nunc
1008 4137 1213 4203 plenius
1239 4137 1600 4189 damnabitur.

209 4219 498 4275 Palladius
522 4224 649 4276 dixit
676 4241 692 4276 :
726 4225 833 4279 lloc
860 4228 1040 4292 proba.

215 4312 449 4368 Sabinus
479 4316 737 4387 cpiscopus
779 4320 907 4371 dixit
954 4336 970 4371 :
1016 4318 1128 4372 Non
1195 4320 1537 4390 literpotirat
1565 4319 1721 4375 Chri-

145 4416 291 4459 stum
328 4422 504 4459 verum
553 4424 769 4477 negare,
800 4411 900 4465 nisi
942 4422 1185 4463 auctores
1216 4427 1338 4465 suos
1382 4422 1717 4481 sequeretur.

218 4494 513 4547 Ambrosius
540 4512 575 4557 ex
602 4497 801 4566 ismpus
849 4501 1018 4552 dixit:
1048 4501 1295 4569 Obiecisti
1342 4517 1425 4556 me
1455 4517 1574 4559 esse
1623 4503 1719 4557 im-

148 4587 295 4654 pimn
327 4605 337 4638 ε
369 4590 465 4641 hoc
498 4590 679 4654 proba.

222 4673 490 4728 Palladius
518 4680 643 4731 dixit
674 4697 689 4733 :
722 4680 1117 4750 Expositioncin
1159 4698 1390 4740 novrain
1421 4682 1711 4739 aii-rimus.

145 4767 278 4821 Cum
306 4769 480 4820 attulei
498 4768 655 4835 imus,
678 4780 801 4823 tunc
823 4773 1110 4838 όιειιιιιςιιὶο
1136 4773 1430 4826 habebitur.

215 4859 511 4913 Ambrosius
538 4863 795 4928 episcopus
822 4865 985 4916 dixit:
1009 4864 1204 4917 D.unna
1235 4866 1556 4933 impietatem
1582 4865 1711 4919 Arii.

140 4981 148 4991 -
213 4954 349 5007 Cum
380 4955 601 5005 reticeret
642 4952 929 5014 Palladius.
966 4955 1210 5009 Eusebius
1252 4958 1511 5027 episcopus
1535 4957 1664 5010 dixit
1694 4973 1713 5011 :

143 5043 444 5111 Snperiluis
474 5046 834 5097 immoranmr.
856 5046 956 5097 Tot
1001 5044 1294 5109 itnpietates
1318 5046 1423 5097 Arii
1450 5045 1715 5101 Palladius

146 5136 326 5189 noluit
350 5134 720 5196 condemnare,
759 5136 864 5190 imo
893 5138 1062 5203 potius
1114 5136 1399 5190 asseremlo
1440 5137 1715 5194 confessus

142 5242 241 5283 est.
276 5229 431 5281 Ilunc
457 5228 541 5296 qui
575 5244 675 5283 non
706 5230 937 5288 damnat.
969 5231 1153 5284 similis
1202 5230 1338 5282 illius
1365 5240 1467 5295 est,
1511 5239 1563 5287 et
1608 5232 1715 5286 bre-

144 5323 352 5375 reticus
377 5319 492 5385 jure
514 5318 769 5372 dicendus
790 5329 887 5372 e~t.

215 5414 410 5465 Omnes
467 5410 684 5479 episCOpi
717 5411 949 5462 dixerunt
974 5424 990 5460 :
1014 5409 1058 5465 Α
1093 5406 1244 5463 nobis
1284 5408 1529 5461 omnibus
1586 5424 1712 5463 ana-

143 5507 325 5557 thema
357 5501 425 5553 sit
457 5500 711 5555 Palladio.

212 5612 513 5667 Ambrosius
549 5612 809 5683 episwpus
857 5609 1355 5681 rixit:Acquieseis
1410 5619 1463 5665 ut
1521 5621 1711 5664 c.t~tera

149 5708 420 5777 lcgantur,
446 5704 685 5759 Palladi?

216 5794 494 5853 Palladius
521 5798 681 5851 dixit:
707 5796 832 5853 Date
862 5797 1142 5863 auditores,
1168 5798 1371 5850 veniant
1401 5813 1461 5850 ex
1494 5807 1709 5867 utraque

1834 1951 2044 2005 veniant
2076 1962 2129 2006 et
2150 1967 2213 2003 ex
2248 1960 2469 2019 utraque
2501 1962 2647 2017 parte
2671 1962 3007 2016 exceptores,
3032 1957 3086 2003 et
3112 1950 3400 2018 responde-

1834 2041 1964 2095 bunt
1990 2042 2140 2094 vobis
2169 2040 2219 2094 lii
2254 2042 2302 2093 in
2333 2057 2449 2095 com
2470 2042 2560 2094 ilio
2585 2040 2838 2110 gvnerali.

1904 2135 2190 2189 Ambros-us
2234 2135 2494 2203 episwpus
2525 2134 2651 2187 dixit
2684 2148 2703 2189 :
2732 2133 2840 2187 Etsi
2868 2134 2917 2185 in
2950 2131 3127 2185 muftis
3158 2130 3400 2199 impieta-

1833 2226 1971 2280 tibns
1996 2227 2355 2292 deirehensus
2388 2226 2474 2293 sit,
2498 2226 2858 2282 erubescimus
2903 2235 3077 2279 tamen
3124 2233 3178 2275 ut
3216 2222 3398 2275 videa-

1834 2326 1917 2369 tur
1946 2317 2100 2387 501
2133 2318 2219 2387 qui
2252 2316 2602 2370 sacerdotium
2637 2316 2735 2369 sibi
2768 2314 2999 2367 vindicat
3049 2331 3073 2364 a
3111 2314 3255 2367 laicis
3281 2328 3398 2366 esse

1832 2407 2132 2462 damnatus.
2163 2411 2236 2459 Ac
2266 2422 2358 2474 per
2405 2407 2525 2466 hoc.
2550 2408 2796 2475 quoniam
2826 2418 2876 2463 et
2906 2408 2954 2459 in
2986 2405 3085 2457 hoc
3114 2407 3224 2471 ipso
3251 2406 3400 2456 dam-

1836 2500 2040 2554 nandus
2070 2511 2151 2553 est
2183 2498 2272 2562 qui
2315 2498 2567 2553 laic0rum
2611 2506 2879 2562 exsrectat
2915 2497 3250 2558 scn'euliam,
3280 2512 3399 2550 cum

1836 2589 2002 2660 magis
2036 2589 2101 2643 de
2150 2588 2300 2642 laicis
2340 2588 2643 2643 sacordotes
2685 2586 2911 2639 debeant
2946 2586 3211 2654 judicare,
3251 2584 3399 2653 juxta

1835 2696 1898 2735 ea
1944 2696 2062 2749 quae
2118 2679 2274 2734 hodie
2325 2678 2623 2733 audivimus
2681 2674 2973 2731 Palladium
3031 2678 3398 2741 proﬁtentem.

1834 2781 1889 2826 et
1913 2772 2067 2842 juxta
2096 2786 2159 2827 ea
2188 2786 2305 2842 quas
2331 2771 2692 2827 eundemnare
2720 2771 2906 2838 noluit,
2940 2774 3225 2839 pronuntio
3256 2769 3399 2821 illum

1833 2862 2133 2917 sacerdmio
2163 2862 2434 2932 indignum
2465 2870 2517 2916 et
2539 2861 2830 2917 curandum
2863 2871 2919 2914 ut
2949 2862 2998 2914 in
3028 2862 3143 2914 loco
3172 2860 3283 2929 ejus
3314 2874 3400 2913 ca-

1837 2953 2063 3010 tholicus
2085 2954 2379 3009 ordinetur.

1906 3044 2090 3100 Omnes
2117 3046 2335 3117 φὶεεορὶ
2364 3044 2601 3101 dixerunt
2627 3061 2644 3097 :
2672 3046 2969 3103 Anathema
3001 3045 3255 3101 Palladio.

1904 3137 2191 3191 Ambrosius
2212 3137 2473 3207 episcopus
2514 3136 2639 3191 dixit
2669 3152 2687 3189 :
2728 3136 3019 3201 imperator
3054 3134 3398 3188 clementissi-

1760 3213 1806 3275 C
1839 3242 1954 3281 Inus
1994 3237 2047 3283 et
2074 3226 2403 3281 Christianus
2432 3228 2765 3281 sacerdotum
2791 3226 2991 3297 judicio
3022 3240 3232 3279 causam
3266 3233 3309 3287 ⁸.
3346 3233 3397 3277 et

1837 3326 1893 3371 ut
1926 3317 2021 3386 ipsi
2046 3317 2228 3372 arbitri
2260 3326 2439 3372 essent
2463 3318 2821 3372 altercationis
2856 3320 2903 3368 in
2935 3316 3058 3385 quid
3088 3326 3240 3370 con~t
3266 3315 3397 3367 luis-

1835 3422 2036 3463 senius.
2092 3408 2353 3473 Quoniam
2408 3408 2564 3473 igitur
2608 3406 3035 3477 nobisjmliciom
3076 3407 3283 3458 videtur
3304 3405 3399 3458 de-

1832 3498 2016 3564 latum,
2050 3499 2309 3565 interpres
2347 3509 2427 3553 est
2467 3500 2734 3568 Scriptura
2769 3518 2780 3551 :
2811 3499 3229 3553 condemnemus
3280 3497 3399 3549 Pal-

1830 3587 1913 3639 lad
1941 3602 2048 3648 um,
2084 3588 2169 3655 qui
2218 3589 2362 3655 impii
2396 3587 2505 3641 Arii
2538 3588 2703 3640 noluit
2760 3589 3014 3639 damnare
3060 3588 3401 3639 sententiam.

1830 3678 1891 3733 Et
1947 3681 2065 3749 quia
2124 3679 2236 3745 ipse
2288 3679 2377 3733 Dei
2434 3678 2621 3733 Filium
2668 3682 3069 3750 sempiternmn,
3102 3689 3153 3731 et
3208 3686 3400 3733 ca'tera

1826 3785 1942 3842 qua:
1965 3771 2095 3823 actis
2128 3770 2351 3836 luerent,
2386 3773 2624 3842 negavit:
2660 3787 2787 3839 ergo
2817 3772 3094 3825 anathema
3120 3771 3399 3827 habeatur.

1900 3864 2085 3918 Omnes
2133 3865 2352 3935 episwpi
2394 3865 2630 3920 dixerunt
2670 3880 2687 3917 :
2727 3863 2926 3918 Omnes
2978 3864 3403 3923 condemnemus

1824 3972 1941 4011 eum
1968 3973 1979 4008 :
2025 3956 2301 4009 anathema
2328 3956 2601 4011 habeatur.

1894 4048 2190 4103 Ambrosius
2244 4049 2507 4118 episc0pus
2554 4049 2681 4100 dixit
2712 4063 2732 4103 :
2761 4046 3016 4113 Quoniam
3048 4064 3233 4100 omnes
3263 4062 3397 4101 con-

1824 4140 2017 4193 sistunt
2061 4138 2158 4191 viri
2204 4138 2517 4201 Christiani,
2562 4149 2616 4193 et
2673 4140 2781 4192 Deo
2821 4138 3025 4207 probati
3072 4138 3295 4198 fratres.
3342 4149 3399 4191 es

1825 4244 1854 4283 c
1894 4227 2234 4281 nsacerdotes
2283 4228 2471 4295 nostri,
2504 4227 2645 4280 dicit
2694 4227 3054 4297 unusquisque
3106 4225 3243 4296 quod
3294 4226 3399 4279 sibi

1827 4320 2051 4372 vidi-tur.

1903 4406 2205 4460 Valerianus
2256 4408 2517 4481 episcopus
2552 4407 2675 4465 dixit
2710 4424 2728 4461 :

1824 4498 1945 4569 quia
1976 4498 2064 4568 qui
2096 4497 2276 4551 Arium
2306 4496 2562 4557 defendit.
2605 4500 2832 4553 Arianns
2865 4506 2946 4551 est
2979 4514 2991 4550 :
3033 4501 3117 4567 qui
3150 4499 3401 4566 blasphe-

2776 4408 2898 4465 Mihi
2944 4406 3154 4472 quidem
3191 4407 3401 4461 videor

1745 4572 1954 4641 Dmias
1998 4589 2162 4658 ipsius
2218 4606 2318 4642 non
2370 4590 2708 4658 condemnat,
2759 4591 2874 4659 ipse
2904 4589 3242 4655 b‘a—phemus
3283 4600 3389 4643 est.

1817 4680 2047 4751 Ideoque
2084 4681 2383 4753 hujnsmodi
2436 4682 2705 4737 hominem
2746 4682 3018 4736 consuitio
3057 4682 3395 4736 SaCCI‘dOlllm

1817 4789 2011 4827 censeo
2040 4790 2157 4827 esse
2188 4773 2440 4829 alienum.

1888 4864 2155 4919 Palladius
2185 4867 2311 4919 dixit
2336 4882 2353 4918 :
2378 4867 2619 4936 Cmpislis
2641 4868 2862 4925 ludere?
2884 4870 3049 4927 ludite
3083 4891 3096 4931 :
3128 4875 3241 4930 sine
3263 4891 3393 4929 cou-

1816 4956 1939 5009 cilio
1965 4957 2218 5011 Orientali
2250 4959 2398 5011 vobis
2430 4975 2532 5012 non
2559 4961 2961 5029 respondemus.

1893 5069 2131 5123 Ammius
2177 5070 2441 5139 episwpus
2490 5072 2781 5129 Sirmiensis
2834 5077 2963 5132 dixit
3011 5091 3030 5131 :
3077 5076 3395 5144 Quicunque

1822 5158 2052 5215 hmreses
2075 5162 2294 5217 Arianas
2326 5178 2429 5216 non
2454 5164 2791 5229 condemnat.
2825 5168 3052 5223 Arianus
3074 5170 3141 5223 sit
3164 5183 3385 5223 necesse

1817 5262 1919 5307 est.
1953 5253 2100 5306 llunc
2122 5252 2282 5323 igitur
2302 5254 2529 5310 alienum
2557 5258 2714 5311 etiam
2739 5274 2765 5307 ει
2793 5266 2971 5312 nostra
3012 5257 3387 5310 communione

1819 5348 1871 5427 et
1900 5342 2215 5398 sacerdOtali
2256 5352 2396 5399 cmtu
2425 5343 2600 5401 denuo
2629 5346 2887 5416 privatum
2932 5360 3051 5401 esse
3082 5360 3385 5399 censi-nius.

1887 5454 2208 5509 Constantius
2224 5460 2483 5528 epismpus
2497 5458 2769 5511 Amusicus
2786 5459 2942 5510 dixit:
2960 5457 3249 5513 Palladium
3275 5458 3382 5515 Arii

1814 5546 2152 5616 discipulum,
2179 5551 2328 5618 cujus
2358 5552 2655 5622 impietates
2676 5550 2788 5620 jam
2817 5551 2942 5604 olim
2972 5550 3235 5605 damnata:
3263 5560 3389 5605 sunt

1812 5652 1840 5689 η
1871 5638 2106 5706 patribus
2134 5642 2326 5698 n05tris
2358 5642 2409 5697 iu
2451 5641 2677 5699 concilio
2705 5640 2939 5711 Nicano,
2964 5649 3016 5697 et
3053 5656 3195 5711 nunt:
3227 5640 3390 5697 hodie

1889 5813 1908 5837 ·
1938 5801 2086 5856 υενςι
2120 5804 2368 5870 permisit.
