3978 6380
542 352 641 420 ιιι)

1873 360 2089 415 VlGlLII
2129 358 2497 417 TAPSENSIS
3705 373 3787 429 N3

540 481 788 553 prolatae,
819 494 939 534 cum
996 486 1399 535 recenserentur
1445 474 1682 530 Palladio
1730 474 1973 543 singulae,
2006 488 2112 527 non
2145 476 2189 535 Α
2220 475 2305 542 qui
2338 475 2692 545 blasphemias
2714 486 2767 531 et
2796 477 3097 548 impietates
3126 481 3236 536 Arii
3263 497 3367 537 non
3399 486 3783 551 condemnavit,

541 573 794 627 confusus
827 580 929 636 est,
958 569 1082 624 dum
1116 570 1204 623 Dei
1236 567 1427 622 Filium
1460 581 1487 620 a
1534 566 1641 620 Deo
1674 566 1826 619 Patre
1848 580 1967 619 esse
1996 564 2117 617 alie-

542 681 669 719 num
701 679 820 718 cum
849 672 1087 717 creatura
1110 661 1414 720 conﬁtetur,
1447 672 1566 711 cum
1598 657 1942 725 temporalem
1965 656 2114 719 dicit,

542 764 823 817 Dominum
879 773 1059 813 verum
1114 766 1291 826 negat,
1356 755 1407 809 in
1461 753 1845 823 sempiternum
1923 765 2117 807 censeo

542 868 664 907 esse
693 850 1076 906 damnandum.

611 943 790 997 Justus
817 943 1079 1011 episcopus
1101 938 1232 992 dixit
1259 954 1277 993 :
1299 938 1617 1008 Palladium,
1640 937 1731 1007 qui
1759 935 2117 1004 blasphemias

542 1038 652 1091 Arii
685 1036 937 1089 damnare
990 1031 1177 1096 noluit,
1224 1030 1318 1085 sed
1371 1031 1530 1084 etiam
1588 1029 1757 1098 magis
1810 1028 1968 1096 502
2024 1026 2119 1079 has

541 1127 780 1181 conﬁteri
811 1125 1036 1187 videtur,
1059 1136 1258 1177 censeo
1285 1122 1506 1176 ulterius
1529 1120 1861 1176 sacerdotem
1884 1118 1987 1173 dici
2011 1133 2117 1173 non

542 1233 719 1287 posse,
754 1230 851 1269 nec
892 1215 1035 1269 inter
1067 1213 1349 1283 episcopos
1376 1211 1636 1281 deputari.

612 1308 856 1361 Eventius
924 1308 1191 1375 episcOpus
1235 1305 1537 1358 Ticiniensis
1585 1303 1715 1357 dixit
1751 1317 1770 1355 :
1802 1300 2118 1361 Palladium,

540 1403 629 1470 qui
663 1400 993 1468 impietatem
1025 1398 1136 1451 Arii
1166 1397 1421 1451 damnare
1464 1394 1652 1459 noluit,
1683 1392 1912 1447 arbitror
1938 1407 1967 1446 a
1994 1406 2123 1446 con-

540 1492 707 1545 Sortio
733 1489 1053 1544 sacerdotali
1082 1488 1135 1541 in
1174 1496 1482 1557 perpetuum
1513 1500 1632 1539 esse
1654 1492 1941 1537 remotum.

613 1583 969 1636 Abundantius
1036 1582 1298 1650 episcopus
1368 1578 1700 1633 Tridentinus
1745 1574 1875 1629 dixit
1925 1591 1942 1629 :
1986 1573 2119 1628 Cum

541 1677 819 1733 evidentes
850 1676 1206 1742 blaSphemias
1231 1672 1494 1729 Palladius
1519 1670 1791 1734 defendat,
1813 1668 2118 1722 damnatum

541 1784 600 1824 se
628 1785 695 1823 ex
729 1768 959 1823 concilio
992 1765 1317 1836 Aquileiensi
1348 1773 1658 1831 cognoscat.

2222 567 2357 620 sicut
2407 577 2461 622 et
2503 570 2684 624 caeteri
2739 574 3150 628 consacerdotes
3203 576 3306 629 mei
3362 585 3418 631 et
3470 592 3571 647 ego
3615 593 3787 635 cen~eo

2218 660 2603 721 damnandum.

2292 752 2607 808 Heliodorus
2627 757 2888 827 episcOpus
2904 740 3196 814 Aﬁiniensis
3214 762 3344 815 dixit
3365 777 3384 815 :
3400 761 3502 828 Qui
3529 763 3788 831 perﬁdiam

2220 844 2331 899 Arii
2373 848 2719 917 omniumque
2773 850 3168 917 haereticorum,
3200 868 3427 921 quorum
3476 868 3702 906 consors
3727 868 3790 908 est

2223 938 2506 1005 Palladius,
2543 942 2703 1009 hujus
2736 942 2990 1011 insipiens
3016 959 3129 1008 cor,
3158 947 3245 1015 qui
3286 946 3574 1001 veritatem
3611 957 3793 1000 nonest

2221 1032 2521 1098 confessus,
2554 1047 2673 1087 cum
2704 1034 2912 1088 caneris
2941 1034 3409 1090 consacerdotibus
3444 1036 3586 1090 meis
3620 1038 3792 1105 pariter

2220 1126 2537 1180 condemno.

2294 1215 2447 1271 Felix
2487 1217 2750 1287 episc0pus
2784 1216 3085 1271 Jadertinus
3129 1220 3256 1273 dixit
3289 1235 3305 1272 :
3336 1219 3645 1273 Palladium
3672 1263 3685 1283 ,
3725 1224 3792 1287 qui

2225 1306 2612 1378 lilaspliemavit
2642 1312 2855 1378 Filium,
2880 1314 3019 1368 sicut
3049 1314 3205 1368 Arius
3232 1357 3247 1381 ,
3277 1330 3397 1369 cum
3439 1314 3701 1368 omnibus
3724 1328 3794 1381 pa-

2225 1403 2353 1454 riter
2381 1402 2698 1457 condemno.

2298 1492 2593 1548 Theodorus
2614 1496 2881 1563 episcopus
2906 1497 3261 1551 Octodorensis
3283 1498 3414 1551 dixit
3440 1514 3460 1551 :
3487 1498 3792 1564 Palladium,

2226 1582 2314 1651 qui
2341 1583 2613 1638 Christum
2642 1585 2808 1639 Deum
2827 1602 3033 1650 verum,
3052 1599 3379 1642 comternum
3402 1589 3543 1642 Patri
3576 1592 3795 1659 negavit,

2230 1692 2327 1731 nec
2354 1676 2712 1731 Christianum
2765 1678 2928 1744 hunc,
2960 1694 3059 1733 nec
3106 1680 3437 1734 sacerdotem
3497 1681 3621 1735 ullo
3667 1682 3795 1734 modo

2227 1783 2527 1821 censemus.

614 1860 864 1914 Eusebius
913 1860 1178 1926 episcopus
1207 1857 1536 1911 Bononiensis
1581 1857 1707 1909 dixit
1735 1875 1746 1909 :
1776 1854 1908 1920 Quia
1936 1852 2121 1920 impie-
2151 1846 2196 1906 Β
2299 1857 2585 1912 Domninus
2609 1859 2873 1929 episcopus
2900 1858 3406 1928 Gratiarwpolitanus
3431 1861 3565 1913 dix't
3601 1876 3624 1913 :
3660 1861 3795 1915 Palla.

544 1962 681 2004 tates
721 1951 833 2004 Arii
874 1950 1139 2003 diabolico
1175 1950 1312 2020 stylo
1352 1948 1707 2015 conscriptas,
1759 1962 1891 2013 quas
1918 1960 2024 1998 non
2055 1944 2121 1997 li-

542 2044 697 2099 cebat
734 2058 831 2098 nec
858 2042 922 2095 ad
966 2056 1123 2095 aures
1152 2042 1455 2104 admittere,
1491 2039 1755 2093 Palladius
1795 2053 1898 2091 non
1950 2036 2122 2089 solum

545 2137 715 2191 uoluit
741 2136 1120 2197 condemnare,
1168 2135 1260 2187 sed
1288 2142 1344 2187 et
1384 2148 1566 2187 earum
1618 2130 1825 2183 exstitit
1867 2137 2121 2191 assertur,

545 2227 788 2297 negando
812 2226 1001 2280 Filium
1031 2224 1124 2279 Dei
1147 2224 1339 2279 Filium
1363 2237 1573 2289 verum,
1598 2222 1879 2276 Dominum
1903 2218 2124 2281 bonum,

544 2317 824 2371 Dominum
870 2319 1188 2381 sapientem,
1222 2314 1501 2369 Dominum
1543 2312 1954 2380 sempiternum,
1987 2311 2125 2364 hunc

542 2430 570 2463 a
613 2421 755 2466 coetu
804 2408 1142 2472 sacerdotali,
1184 2419 1237 2461 et
1289 2423 1404 2461 mea
1454 2406 1739 2468 sententia,
1784 2413 1839 2457 et
1886 2403 2124 2457 omnium

542 2504 927 2561 catholicorum
974 2500 1175 2571 judicio
1210 2500 1443 2554 arbitror
1470 2500 1589 2568 jure
1624 2512 1743 2551 esse
1792 2495 2122 2549 damnatum.

615 2596 836 2651 Sabinus
887 2595 1153 2661 episcopus
1211 2590 1542 2645 Placentinus
1614 2590 1742 2642 dixit
1788 2604 1805 2641 :
1862 2587 2123 2654 Quoniam

543 2688 747 2741 cunctis
793 2684 1109 2753 patefactum
1142 2691 1225 2737 est
1281 2681 1599 2744 Palladium,
1650 2679 1859 2733 Arianae
1889 2676 2126 2746 perﬁdia:

545 2787 839 2839 auctorem,
870 2775 1091 2843 ejusque
1138 2772 1467 2839 impietatem
1525 2783 1731 2833 tenere,
1777 2784 1895 2837 qua:
1941 2779 2124 2822 comra

545 2867 849 2935 evangelica
880 2876 932 2920 rt
961 2882 1061 2928 apo
1094 2865 1250 2919 tolica
1282 2864 1523 2918 instituta
1557 2860 1718 2923 venit,
1748 2860 1890 2927 justa
1923 2860 1972 2913 in
2005 2874 2125 2913 eum

545 2958 705 3012 totius
760 2957 968 3011 concilii
1020 2956 1121 3010 lata
1178 2954 1444 3010 sententia
1491 2962 1573 3008 est
1625 2969 1638 3003 :
1682 2950 1771 3019 qui
1827 2966 1960 3004 meae
2004 2949 2128 3004 licet

547 3051 820 3120 pravitatis
866 3047 957 3120 [ρ.
994 3046 1286 3118 parvitatis]
1320 3047 1579 3100 sententia
1611 3044 1912 3098 sacerdotio
1952 3042 2126 3098 denuo

544 3145 786 3215 privatus
808 3160 874 3196 cx
911 3142 1012 3196 hoc.
1043 3149 1385 3195 sacrosancto
1417 3148 1557 3193 cmtu
1585 3141 1704 3207 jure
1736 3136 1986 3206 pellatur.

616 3235 769 3291 Felix
796 3247 842 3290 et
880 3233 1155 3289 Numidius
1186 3234 1338 3304 legati
1388 3232 1629 3298 Afrorum
1660 3232 1898 3284 dixerunt
1927 3244 1946 3282 :
1975 3227 2130 3281 Aria-
2154 3214 2199 3274 C

545 3345 627 3384 me
654 3329 875 3383 haeresis
920 3336 1103 3390 sectai,
1134 3326 1185 3379 in
1244 3340 1345 3395 qua
1378 3322 1645 3377 Palladius
1693 3324 1744 3375 in
1797 3320 2123 3390 Aquileiensi

545 3419 747 3488 synodo
786 3418 1089 3473 declaratus
1135 3425 1251 3483 est,
1285 3416 1587 3470 anathema.
1648 3414 1752 3469 Sed
1794 3423 1847 3468 et
1890 3427 1983 3469 eos
2036 3412 2123 3482 qui

545 3518 727 3565 contra
758 3512 1038 3565 veritatem
1067 3507 1297 3563 Nicaeum
1338 3505 1526 3579 synodi
1572 3514 1930 3576 repugnantes
1976 3512 2122 3571 sunt,

544 3617 641 3656 con
652 3601 984 3656 demuamus.

619 3692 875 3746 Limenius
922 3692 1190 3757 episcOpus
1243 3690 1570 3744 Vercellensis
1620 3690 1749 3743 dixit
1808 3704 1826 3742 :
1873 3688 2123 3743 Arianam

549 3785 849 3838 doctrinam
880 3797 1024 3849 sscpe
1052 3797 1174 3836 esse
1218 3782 1520 3835 damnatam
1573 3779 1911 3833 manifestum
1942 3786 2051 3840 est;
2075 3788 2129 3833 et

549 3876 671 3928 ideo
699 3873 963 3927 Palladius
988 3880 1281 3926 conventus
1307 3872 1358 3925 in
1388 3872 1488 3925 hac
1516 3880 1695 3926 sancta
1727 3870 1930 3941 synodo
1959 3870 2125 3939 Aqui-

548 3964 756 4028 leiensi,
781 3978 886 4035 quo
910 3963 1077 4018 noluit
1104 3962 1375 4032 corrigere
1398 3963 1482 4017 vel
1507 3962 1812 4027 emendare,
1838 3962 1932 4017 sed
1959 3962 2127 4029 magis

547 4058 811 4126 probavit,
844 4057 1256 4127 deprehensibili
1295 4071 1354 4112 se
1383 4057 1654 4110 collutavit
1696 4055 1935 4124 perﬁdia,
1967 4070 2124 4125 quam

543 4166 601 4205 se
639 4151 845 4220 publice
872 4151 1139 4219 professus
1162 4161 1243 4205 est
1272 4160 1452 4206 tenere
1486 4168 1497 4203 :
1531 4150 1670 4204 hunc
1708 4150 1971 4204 sententia
2009 4164 2127 4203 mea

545 4252 596 4297 et
616 4257 714 4311 ego
745 4242 998 4311 proﬁteor
1026 4243 1299 4296 consortio
1327 4242 1645 4296 sacerdotali
1677 4257 1799 4295 esse
1831 4242 2123 4307 privatum.

620 4332 935 4385 Maximinus
976 4334 1240 4401 episcopus
1270 4332 1571 4387 Emonensis
1599 4336 1727 4387 dixit
1756 4349 1775 4387 :
1806 4333 2123 4399 Palladium,

548 4426 632 4494 qui
673 4425 1030 4489 blastiltemias
1060 4426 1167 4479 Arii
1215 4441 1313 4481 nec
1344 4427 1600 4481 damnare
1623 4428 1809 4494 voluit,
1840 4427 1933 4482 sed
1960 4428 2127 4496 magis

548 4517 661 4581 ipse
704 4516 982 4571 confessus
1030 4526 1131 4581 est,
1174 4516 1315 4585 juste
1341 4532 1402 4571 ac
1431 4518 1620 4571 merito
1662 4534 1779 4573 esse
1813 4521 2120 4573 damnatum

2228 1950 2372 2004 dium
2404 1952 2456 2003 iu
2490 1949 2709 2019 perﬁdia
2760 1950 2871 2007 Arii
2922 1963 3343 2019 permanentem,
3385 1954 3434 2007 iu
3470 1962 3793 2021 perpetuum,

2226 2043 2361 2095 sicut
2413 2053 2467 2095 et
2525 2042 2711 2096 fratres
2742 2042 3149 2105 damnaverunt,
3180 2043 3339 2098 etiam
3390 2052 3441 2097 et
3474 2059 3579 2111 ego
3629 2060 3794 2098 censeo

2225 2147 2344 2187 esse
2380 2131 2763 2187 damnandum.

2297 2223 2552 2281 Proculus
2573 2225 2837 2293 episcopus
2864 2223 3266 2279 Massiliensium
3291 2226 3416 2279 dixit
3442 2241 3464 2279 :
3487 2226 3792 2287 Palladium,

2227 2316 2318 2385 qui
2350 2318 2459 2371 Arii
2489 2317 2845 2386 blasphemias
2895 2318 2994 2371 sub
3017 2320 3247 2385 quadam
3302 2319 3458 2385 impia
3493 2318 3793 2372 bznreditsts

2229 2423 2335 2462 non
2361 2408 2767 2464 condemnando
2820 2409 3080 2474 defendit,
3113 2412 3251 2465 sicut
3291 2410 3429 2464 hunc
3461 2421 3518 2464 et
3548 2411 3791 2478 plurimo-

2230 2518 2345 2557 rum
2369 2504 2477 2571 jam
2524 2488 2907 2558 venerabilium
2960 2503 3295 2558 sacerdotum
3340 2504 3617 2557 sententia
3677 2504 3791 2557 blas-

2230 2595 2479 2664 phemum
2500 2596 2818 2665 designavit,
2844 2604 3003 2663 atque
3030 2595 3333 2650 sacerdotio
3358 2594 3599 2648 alienum
3648 2596 3790 2654 duxit,

2231 2699 2346 2738 mea
2393 2684 2590 2753 pariter
2618 2685 2881 2740 sententia
2930 2686 2981 2739 in
3031 2694 3345 2754 perpetuum
3393 2683 3790 2738 condemnatum

2229 2774 2490 2843 designat.

2300 2866 2553 2937 Diogenes
2598 2868 2864 2937 episcopus
2912 2865 3220 2921 Genavensis
3272 2866 3452 2918 dixit:
3492 2864 3790 2929 Palladium,

2230 2958 2319 3029 qui
2364 2958 2632 3013 Christum
2687 2958 2967 3013 Dominum
3027 2957 3192 3011 Deum
3241 2972 3449 3022 verum,
3484 2957 3715 3011 similem
3751 2968 3792 3008 et

2230 3050 2485 3117 a-qualem
2530 3048 2671 3103 Patri
2698 3048 2822 3103 dum
2867 3064 2971 3102 non
3004 3048 3308 3111 conﬁtetur,
3328 3050 3568 3118 negavit,
3598 3050 3793 3102 dantes-

2234 3144 2430 3196 tionem
2467 3142 2648 3212 judico
2674 3158 2793 3197 cum
2833 3142 3043 3197 cmteris
3071 3143 3320 3197 fratribus
3346 3144 3484 3197 meis
3514 3141 3598 3195 vel
3630 3154 3793 3197 conss-

2232 3236 2535 3290 cerdotibus
2553 3236 2754 3293 sortiri.

2300 3329 2564 3383 Amantius
2590 3330 2855 3400 episcOpus
2888 3328 3123 3383 Nieensis
3171 3330 3305 3383 dixit
3333 3346 3352 3383 :
3380 3329 3697 3389 Palladium,
3721 3332 3795 3395 qui

2230 3428 2431 3474 sectam
2462 3419 2574 3473 Arii
2602 3436 2704 3472 non
2730 3419 3020 3481 destruxit,
3045 3419 3338 3474 secundum
3366 3420 3794 3474 consacerdonul

2231 3524 2468 3563 meorum
2491 3508 2771 3578 judicium,
2796 3512 2954 3564 etiam
2973 3518 3027 3563 et
3047 3524 3146 3579 ego
3169 3510 3495 3563 condemno.

2297 3599 2583 3654 Ianuarius
2613 3602 2879 3671 episcopus
2917 3602 3047 3655 dixit
3072 3618 3091 3656 :
3120 3602 3268 3655 Sicut
3314 3617 3508 3656 omnes
3534 3617 3796 3655 consacer-

2231 3691 2383 3747 dotes
2425 3695 2528 3747 mei
2554 3693 2944 3751 damnaverunt
2985 3694 3399 3756 Palladium,ita
3450 3706 3504 3749 ct
3561 3712 3655 3765 ego
3701 3696 3796 3763 piri

2224 3785 2426 3854 judicio
2452 3803 2571 3842 eum
2602 3803 2799 3843 censeo
2827 3804 2947 3843 esse
2976 3789 3357 3843 damnandum.

2302 3878 2462 3951 505
2494 3879 2557 3932 Et
2584 3897 2697 3933 cum
2724 3880 3079 3935 Secundianus
3122 3882 3475 3950 subripuisset,
3522 3882 3799 3934 Ambrosius

2229 3976 2494 4045 episcopus
2552 3974 2678 4027 dixit
2724 3989 2743 4027 :
2795 3973 3038 4037 Audisti,
3080 3973 3457 4037 Secundiane,
3516 3973 3796 4042 cujusmndi

2230 4068 2499 4123 Palladius
2564 4068 2759 4134 impius
2810 4067 3170 4131 sententiam,
3217 4065 3543 4120 sacerdotali
3590 4068 3799 4119 concilio

2230 4164 2531 4228 damnatus,
2564 4160 2855 4229 exceperit.
2890 4160 3033 4214 Licet
3064 4158 3399 4227 diSplicuerit
3442 4162 3617 4223 nobis,
3664 4160 3793 4227 quod

2231 4258 2365 4325 ejus,
2396 4255 2497 4310 hoc
2520 4264 2598 4309 est
2623 4252 2841 4308 Palladii
2866 4252 3272 4307 non-horrueris
3296 4255 3612 4315 amentiam,
3634 4261 3798 4303 tamen

2231 4347 2296 4402 de
2336 4356 2387 4401 te
2428 4347 2601 4415 aliqua
2658 4344 2964 4413 specialiter
3006 4356 3209 4411 quaero,
3244 4350 3419 4395 utrum
3479 4341 3574 4395 Dei
3624 4340 3796 4394 Filium

2232 4438 2513 4493 Dominum
2556 4448 2793 4492 nostrum
2822 4436 3001 4491 Jesum
3046 4434 3337 4499 Christum,
3374 4433 3458 4489 vel
3493 4452 3597 4489 non
3628 4446 3797 4486 verum

2237 4530 2397 4584 Deum
2429 4530 2596 4584 dicas.

547 4623 603 4667 ct
633 4613 768 4667 Deus
810 4614 976 4677 novit,
1023 4622 1077 4667 ct
1114 4613 1347 4668 ﬁdelium
1377 4614 1701 4668 conscientia
1730 4614 2124 4669 condemnavit.
2157 4590 2208 4649 D
2306 4620 2663 4675 Secundianus
2702 4620 2830 4673 dixit
2873 4634 2894 4673 :
2931 4617 3032 4684 Qui
3078 4626 3235 4684 negat
3280 4616 3565 4667 Dominum
3625 4628 3803 4666 verum

621 4702 1019 4775 Exsuperantius
1066 4706 1332 4775 episcopus
1364 4703 1694 4757 Dertonensis
1736 4704 1866 4757 dixit
1897 4720 1915 4757 :
1946 4702 2123 4758 Palla-

547 4795 714 4860 dium,
747 4796 834 4864 qui
857 4804 1056 4849 sectam
1081 4796 1191 4848 Arii
1232 4796 1315 4851 vel
1356 4795 1473 4862 ejus
1523 4793 1819 4847 doctrinam
1872 4793 2128 4849 damnare

547 4888 739 4955 noluit,
765 4888 855 4941 Sed
900 4887 1154 4952 defendit,
1187 4895 1242 4941 ut
1264 4887 1443 4942 czeteri
1468 4894 1749 4942 consortes
1782 4884 1887 4940 mei
1908 4885 2130 4941 damna-

546 4991 758 5044 verunt,
790 4981 949 5034 etiam
974 4988 1028 5033 et
1056 4995 1155 5048 ego
1176 4980 1493 5034 condemno.

614 5073 771 5144 503
800 5071 1080 5125 Bassianus
1106 5072 1371 5139 episcopus
1398 5071 1679 5125 Laudensis
1708 5070 1839 5123 dixit
1862 5085 1882 5124 :
1904 5068 2114 5133 Audivi,

542 5164 680 5217 sicut
726 5174 778 5218 et
822 5161 1003 5218 exteri
1052 5162 1462 5217 consacerdotes
1501 5162 1623 5227 mei,
1656 5162 1953 5230 impietates
1980 5162 2115 5225 Arii,

540 5270 672 5321 quas
725 5254 995 5308 Palladius
1045 5268 1149 5307 non
1204 5254 1374 5306 solum
1431 5269 1535 5307 non
1579 5252 1977 5318 condemnavit,
2023 5250 2118 5306 sed

540 5345 897 5399 cotiﬁrmavit.
940 5344 1035 5400 llic
1068 5348 1351 5399 anathema
1403 5344 1475 5399 sit
1514 5352 1568 5399 et
1606 5343 1912 5400 sacerdotio
1943 5344 2118 5413 priva-

542 5438 703 5492 hitur.

613 5549 870 5604 Pliilaster
920 5550 1187 5619 episcopus
1224 5547 1506 5604 Brixianus
1555 5551 1685 5605 dixit
1714 5565 1732 5604 :
1760 5549 2124 5619 BlaSpltemias

541 5649 593 5693 et
616 5639 946 5704 iniquitatem
973 5640 1220 5707 Palladii,
1245 5641 1331 5709 qui
1358 5641 1607 5694 Arianatn
1635 5640 1929 5694 doctrinam
1955 5641 2126 5709 sequi-

542 5740 632 5783 tur
659 5740 711 5783 et
746 5730 1004 5796 defendit,
1038 5746 1142 5785 una
1172 5746 1293 5786 cum
1325 5733 1575 5786 omnibus
1604 5747 1701 5800 ego
1746 5733 2121 5789 condemnavi.

612 5818 934 5875 Constantius
958 5823 1219 5890 cuismpus
1244 5824 1581 5879 Siscianensis
1606 5825 1730 5878 dixit
1764 5840 1779 5877 .'
1807 5824 2122 5891 Palladium,

2235 4729 2355 4770 esse
2384 4714 2593 4767 Patrem
2625 4712 2832 4766 Domini
2878 4722 2930 4765 et
2957 4710 3050 4765 Dei
3096 4708 3264 4763 nostri
3295 4706 3424 4762 Jesu
3451 4706 3665 4769 Christi,
3702 4721 3801 4758 non

2235 4812 2319 4860 est
2362 4804 2715 4869 Christianus,
2774 4815 2873 4857 nec
2924 4801 3013 4870 qui
3073 4807 3227 4868 negat
3280 4798 3476 4852 Filium
3524 4796 3805 4851 Dominum

2237 4910 2441 4949 verum.

2305 4984 2595 5040 Ambrosius
2615 4985 2881 5056 episcopus
2903 4982 3030 5036 dixit
3054 4996 3072 5035 :
3100 4980 3266 5034 Deum
3294 4995 3482 5034 verum
3508 4978 3596 5032 Dei
3619 4971 3811 5030 Filium

2226 5077 2536 5133 conﬁteris?

2300 5168 2653 5223 Secundianus
2681 5166 2807 5219 dixit
2840 5182 2858 5219 :
2888 5164 3082 5218 Verum
3112 5163 3201 5218 Dei
3229 5162 3447 5225 Filium,
3482 5162 3812 5231 unigenitum

2231 5259 2322 5313 Dci
2355 5257 2545 5312 Filium
2573 5272 2757 5311 verum
2781 5256 2921 5311 dico.

2304 5350 2600 5403 Ambrosius
2629 5348 2913 5417 episwpus'
2941 5347 3070 5401 dixit
3096 5361 3114 5399 :
3144 5344 3339 5397 Verum
3376 5343 3540 5397 Deum
3570 5340 3706 5395 dicis
3726 5338 3751 5390 2

2305 5440 2661 5494 Secundianus
2684 5440 2812 5493 dixit
2838 5455 2856 5493 :
2887 5438 3086 5492 Verum
3114 5437 3444 5507 unigenitum
3472 5435 3654 5489 Filium
3691 5434 3825 5501 quis

2231 5538 2387 5599 negat
2412 5545 2596 5584 verum
2626 5529 2819 5583 Filium
2856 5528 3001 5597 Dci?,

2303 5640 2554 5696 Eusebius
2578 5642 2843 5711 episcopus
2870 5642 3000 5694 dixit
3035 5657 3051 5693 :
3080 5638 3192 5693 Non
3224 5638 3425 5693 sufﬁcit
3454 5637 3587 5708 quod
3616 5635 3827 5690 Filium

2232 5733 2326 5788 Dei
2384 5734 2714 5804 unigenitum
2767 5734 3038 5786 conﬁteris
3069 5746 3082 5794 ;
3115 5746 3233 5783 nam
3268 5729 3369 5782 hoc
3415 5743 3597 5782 omnes
3639 5726 3829 5777 couﬁ-

2232 5825 2556 5888 tentur;scd
2618 5824 2715 5879 hoc
2768 5834 2941 5879 movet
2984 5822 3120 5889 quod
3168 5822 3322 5875 Arius
3360 5820 3496 5874 dixit
3534 5816 3837 5873 Dominum
