3978 6380
138 360 234 414 449
1077 356 1341 411 CONTRA
1387 352 1772 414 I’ALLADIUM
1816 353 2119 411 ARIANUM
2162 354 2291 410 LIB.
2338 353 2398 406 ll.

3263 360 3365 414 650

134 476 292 530 solum
342 472 569 535 Pa'rem,
614 472 783 525 solum
832 483 1036 532 verum,
1081 470 1294 537 negavit
1347 469 1537 523 Filium
1590 466 1684 519 Dei
1715 465 1762 525 Α
1789 466 2013 535 adjecit:
2042 465 2118 520 Ne
2141 465 2264 535 quid
2296 466 2366 519 illi
2394 463 2633 519 videnlur
2658 478 2778 520 esse
2799 464 3107 536 subreptum
3128 510 3143 536 ,
3167 472 3366 525 conﬁr-

137 565 397 619 Dominutn
430 578 634 616 verum.
663 561 983 629 Sitit,iliciler
1016 561 1206 615 Filium
1260 560 1347 615 Dei
1400 561 1562 614 Deum
1595 578 1684 617 ve.

134 675 239 712 rum
261 657 568 711 conﬁteris?

196 748 544 801 Secundianus
573 746 701 799 dixit
730 746 867 812 :Qui
918 745 1077 798 inerit
1108 744 1266 798 Arius
1307 745 1512 811 ignoro,
1564 745 1688 813 quid

132 838 316 891 dixerit
345 837 526 890 nescio
568 852 582 888 :
628 851 831 889 mecmn
891 835 1123 904 loqueris
1170 834 1321 887 vivus
1374 834 1439 887 ad
1490 836 1687 888 vivum.

133 930 251 982 Illud
304 928 427 982 dico
466 927 603 996 quod
632 925 877 981 Christus
906 928 1076 980 dixit:
1121 926 1455 995 Unigenitum
1500 927 1688 982 Filium

132 1019 396 1073 seasserit
435 1017 622 1085 Patris,
676 1016 839 1070 Filius
896 1016 1197 1084 unigenitus
1240 1032 1251 1067 :
1289 1016 1427 1069 Deus
1467 1025 1550 1070 est
1598 1017 1690 1071 Dei

132 1106 285 1161 Filius
309 1121 486 1159 verus.

192 1199 480 1253 Ambrosius
529 1200 791 1269 episcopus
824 1199 953 1253 dixit
979 1214 997 1252 :
1023 1200 1164 1255 Deus
1213 1216 1370 1255 verus
1401 1211 1511 1266 est,
1534 1218 1691 1257 verus

130 1289 256 1349 Deus
290 1287 455 1340 Filius
487 1288 644 1341 Dens.
694 1289 754 1341 Et
798 1288 1040 1341 addidit:
1076 1289 1129 1341 In
1165 1289 1454 1358 Scriptnris
1497 1292 1692 1345 divinis

127 1380 376 1445 scriptum
402 1386 503 1437 est,
534 1398 551 1427 ι
573 1378 691 1445 quia
716 1379 992 1448 quijurant
1021 1395 1175 1448 super
1218 1390 1420 1446 terram,
1440 1386 1693 1454 jurabunt

130 1468 285 1521 Deum
310 1485 480 1522 rerum
501 1468 652 1537 (Isai.
677 1485 805 1533 va,
831 1470 976 1540 16).»
1006 1471 1156 1537 Quod
1183 1474 1362 1538 utique
1390 1474 1457 1528 de
1480 1474 1692 1530 Christo

126 1574 234 1612 esse
260 1574 367 1612 non
398 1558 614 1613 dubium
642 1570 744 1613 est.
776 1560 880 1613 Nos
917 1576 1044 1629 ergo
1073 1576 1255 1615 verum
1285 1564 1446 1616 Deum
1480 1564 1690 1631 profuc-

125 1664 252 1711 mur,
274 1658 331 1703 et
363 1650 494 1703 ﬁdes
544 1662 723 1704 nostra
766 1652 875 1705 htec
908 1663 988 1705 est
1018 1667 1068 1705 et
1098 1653 1379 1721 professio,
1414 1656 1533 1719 quia
1576 1657 1691 1709 uni-

121 1740 325 1807 genitus
354 1741 523 1794 Patris
550 1740 733 1806 Fil.us,
765 1741 864 1795 hoc
893 1752 977 1796 est
1020 1758 1176 1798 verus
1215 1746 1370 1800 Deus.
1400 1746 1441 1799 D
1462 1763 1491 1800 c
1532 1759 1587 1801 et
1635 1758 1689 1803 ιιι

122 1831 184 1884 de
209 1831 319 1884 Deo
346 1846 495 1895 vero,
528 1832 617 1885 Dei
660 1831 850 1885 Filium
888 1833 1051 1887 Deum
1091 1850 1295 1889 verum.

186 1925 541 1979 Secundianus
567 1924 697 1977 dixit
728 1940 746 1978 :
773 1925 845 1978 De
872 1926 980 1979 Deo
1005 1941 1154 1983 vero.

186 2014 482 2068 Ambrosius
513 2015 774 2085 episcOpus
806 2016 975 2070 dixit:
1017 2016 1179 2071 Filius
1218 2019 1310 2074 Dei
1352 2019 1494 2076 Deus
1533 2037 1692 2078 verus

120 2104 232 2158 est?

186 2196 543 2250 Secundianus
572 2196 700 2249 dixit
732 2212 750 2249 :
786 2196 922 2266 Ergo
946 2198 1193 2253 mendax.

183 2290 478 2342 Ambrosius
504 2289 770 2357 episcopus
801 2290 931 2342 dixit
963 2305 981 2342 :
1020 2290 1072 2343 In
1120 2290 1219 2344 hoc
1263 2291 1499 2346 fraudem
1538 2293 1687 2357 f.ici~,

118 2390 171 2430 ut
198 2394 305 2432 non
336 2379 501 2433 Deum
529 2395 712 2432 verum
737 2380 906 2443 dicas,
935 2380 1028 2433 sed
1057 2381 1224 2435 Deum
1248 2382 1602 2449 unigenitum.
1631 2399 1692 2437 ac

117 2483 213 2535 per
238 2469 339 2521 hoc
371 2468 458 2521 die
480 2468 792 2538 simpliciter
820 2492 831 2525 :
858 2469 1171 2539 Unigenitus
1208 2472 1302 2526 Dei
1345 2474 1508 2528 Filius
1554 2474 1694 2529 Deus

112 2573 303 2625 Verus.

186 2667 551 2721 Secundianus
592 2668 721 2722 dixit
750 2684 767 2721 :
796 2668 1141 2737 Unigenitum
1171 2671 1285 2726 dixi
1330 2672 1421 2726 Dei
1470 2674 1690 2729 Filium.

184 2754 437 2810 Eusebius
464 2759 744 2826 episcopus
756 2761 885 2812 dixit
918 2776 936 2814 :
963 2760 1071 2816 lloe
1102 2762 1358 2821 Photinus
1380 2782 1485 2821 non
1514 2778 1688 2837 negat,

115 2846 215 2898 hoc
244 2845 507 2901 Sabellius
540 2849 843 2904 confitetur.

185 2938 349 3007 505
383 2940 672 2993 Ambrosius
699 2942 964 3011 episcopus
1004 2943 1174 2997 dixit:
1208 2945 1271 2999 Et
1312 2948 1398 3015 qui
1441 2948 1542 3002 hoc
1581 2963 1685 3005 nox

113 3028 418 3093 conﬁtetur,
445 3030 565 3098 jure
606 3031 906 3086 damnatur.
942 3036 1012 3089 Ac
1044 3051 1136 3097 per
1163 3040 1264 3092 hoc
1289 3054 1430 3107 sepe
1463 3054 1514 3095 te
1553 3058 1684 3097 con-

114 3117 291 3178 venio,
313 3118 740 3175 liceteavillundo
759 3126 1032 3191 negaveris
1048 3127 1348 3183 veritatem.
1368 3131 1484 3185 Non
1501 3150 1684 3202 qumro

114 3216 169 3257 ut
192 3209 557 3261 tantummodo
582 3210 904 3279 unigenitum
931 3214 1044 3279 Dei,
1073 3215 1259 3271 Filium
1284 3218 1373 3273 Dei
1398 3223 1564 3289 dicas,
1589 3225 1681 3279 sed
1713 3218 1757 3279 C

113 3296 276 3349 etiam
312 3298 473 3351 Deum
502 3313 707 3353 verum.

182 3385 542 3441 Secundianus
572 3388 702 3442 dixit
725 3407 744 3443 :
769 3391 1017 3447 Veritatis
1045 3410 1130 3449 me
1161 3411 1371 3453 servum
1408 3403 1681 3468 proﬁteor.

112 3476 240 3542 Qum
270 3478 390 3531 dico
423 3494 525 3533 non
568 3481 901 3551 scribuntur,
930 3496 982 3538 et
1022 3502 1139 3555 qua:
1178 3488 1310 3543 dicis
1362 3494 1686 3551 scribuntur.

112 3568 381 3620 Christum
416 3584 596 3623 verum
628 3571 718 3625 Dei
753 3571 943 3625 Filium
973 3575 1113 3629 dico.
1137 3576 1267 3644 Quis
1298 3592 1455 3649 negat
1496 3582 1685 3639 Filium

112 3659 203 3713 Dei
231 3676 415 3714 verum
441 3664 597 3717 esse?

181 3752 478 3807 Ambrosius
495 3756 756 3827 episcopus
773 3759 930 3813 dixit:
948 3761 1045 3829 Qui
1069 3775 1226 3834 negat
1246 3768 1573 3838 unigenitum
1600 3773 1689 3828 Dt'i

112 3844 331 3909 Filium,
360 3851 636 3903 anathema
674 3853 762 3905 sit.

183 3934 545 3989 Secundmnus
584 3940 759 3993 dixit:
792 3942 953 3997 Deum
999 3961 1182 4001 verum
1227 3951 1552 4019 unigenitum
1596 3956 1687 4009 Fi-

108 4022 239 4075 lium
274 4021 404 4076 Dei?
445 4025 579 4088 Quid
613 4029 739 4081 mihi
782 4034 1066 4098 proﬁteris,
1110 4039 1248 4105 quod
1297 4056 1400 4094 non
1437 4052 1520 4097 est
1557 4048 1691 4099 scri-

108 4115 307 4178 ptum?

185 4200 484 4253 Ambrosius
530 4205 794 4273 episcopus
841 4212 1019 4267 dixit:
1049 4217 1303 4282 Apertum
1350 4225 1687 4295 sacrilegium

105 4300 213 4352 est,
241 4293 458 4359 quando
479 4293 745 4351 Christum
783 4300 873 4354 Dei
907 4303 1097 4360 Filium
1127 4311 1287 4364 Arius
1318 4312 1481 4368 Deum
1509 4293 1691 4375 verum

114 4392 357 4449 negavn.

183 4477 547 4536 Secundianus
594 4485 721 4537 dixit
759 4502 778 4540 :
818 4489 999 4545 Jesttm
1042 4494 1309 4552 Christum
1363 4500 1550 4559 Filium
1600 4507 1691 4563 [λιι

115 4568 286 4623 Deum
306 4614 320 4638 ,
351 4574 441 4641 qui
472 4575 713 4631 Christus
742 4580 949 4636 dicatur
977 4585 1142 4642 Filius
1172 4606 1348 4659 verus,
1381 4596 1569 4654 Filium
1596 4602 1686 4658 Dei
1721 4586 1773 4644 D

112 4660 254 4715 dico.

184 4770 481 4825 Ambrosius
517 4777 778 4847 episcopus
810 4782 982 4839 dixit:
1011 4786 1250 4846 Nondum
1299 4798 1589 4866 resipuisti.
1626 4803 1690 4860 Et

184 4897 207 4923 α
242 4887 377 4942 Cum
406 4891 455 4942 in
480 4893 662 4948 codice
689 4912 787 4950 ms.
816 4899 999 4956 Divion

117 4957 350 5011 tionibus
382 4962 709 5018 retinuimus.

1792 564 1901 607 met
1927 556 2242 609 sententiam
2278 570 2449 609 suam.
2494 555 2641 608 Dicat
2675 570 2801 623 ergo
2836 557 3165 626 unigenitum
3206 559 3364 614 Chri-

1791 652 1930 696 Stum
1949 685 1962 707 ,
1989 643 2084 696 Dei
2110 643 2298 697 Filium
2320 687 2334 709 ,
2361 643 2524 698 Deum
2558 660 2765 698 verum.

1862 732 2219 785 Secundianus
2245 733 2409 785 dixit:
2435 732 2548 787 Jam
2576 732 2702 786 dixi.
2729 733 2864 800 Quid
2893 735 3017 789 mihi
3043 744 3362 806 extorquere

1792 820 1873 873 vis
1899 820 2161 887 amplius?

1864 913 2157 967 Ambrosius
2193 914 2455 984 episcopus
2500 916 2668 969 dixit:
2697 915 2832 983 Quid
2861 916 3079 972 dixisti?
3108 918 3265 974 Certe
3311 922 3355 973 si

1792 1006 2019 1061 dixisses
2048 1017 2221 1072 tanta,
2245 1007 2383 1076 quod
2426 1006 2656 1076 gloriose
2687 1008 2899 1079 dicitur,
2932 1024 3074 1080 stepe
3103 1022 3351 1081 repeten-

1792 1098 1915 1152 dum
1942 1109 2040 1152 est.

1864 1187 2217 1241 Secundianus
2263 1189 2434 1242 dixit:
2466 1190 2667 1245 Dictum
2697 1202 2815 1248 est:
2853 1214 2873 1248 ι
2901 1195 2982 1251 Sit
2999 1212 3160 1252 sermo
3181 1207 3359 1264 vester,

1791 1286 1985 1338 estest;
2015 1292 2115 1329 non
2142 1293 2243 1330 non
2275 1277 2483 1347 (Matth.
2509 1296 2563 1343 v,
2590 1280 2666 1349 3).
2699 1300 2717 1332 ι

1864 1368 2157 1420 Ambrosius
2185 1356 2446 1435 epist-aptis
2470 1369 2597 1423 dixit
2621 1387 2637 1423 :
2668 1371 2767 1436 Qui
2795 1371 2924 1427 dicit
2944 1374 3115 1440 ipsum
3149 1376 3358 1431 Patrem

1793 1455 2007 1521 Filium,
2032 1458 2321 1527 sacrilegus
2338 1468 2438 1512 est.
2468 1460 2576 1513 Iloc
2599 1476 2626 1511 a
2650 1469 2700 1514 te
2722 1477 2905 1531 qutero
2926 1473 2981 1517 ut
3001 1465 3147 1520 dicas
3164 1466 3230 1521 de
3253 1467 3363 1521 Deo

1792 1560 1921 1599 vero
1944 1545 2107 1598 Deum
2136 1562 2319 1601 verum
2346 1548 2439 1603 Dei
2483 1549 2671 1603 Filium
2701 1564 2903 1607 natum.

1865 1638 2215 1694 Secundianus
2243 1642 2413 1695 dixit:
2447 1641 2631 1696 Filium
2659 1658 2688 1696 a
2722 1644 2831 1699 Deo
2858 1647 3094 1715 genitum
3128 1649 3361 1719 (dicente

1795 1728 1933 1796 ipso,
1959 1728 2128 1784 Genui
2160 1743 2209 1787 te
2250 1732 2418 1804 [PsaL
2446 1750 2565 1805 etx,
2588 1733 2667 1806 3])
2700 1736 2897 1792 Filium
2938 1742 3276 1801 confitentem
3312 1762 3370 1799 se

1725 1853 1768 1912 Β
1794 1820 2027 1887 genitum
2055 1835 2173 1875 esse
2200 1823 2341 1875 dico.

1867 1910 2157 1965 Ambrosius
2183 1913 2449 1982 epist-Opus
2476 1915 2643 1968 dixit:
2671 1916 2715 1970 Α
2744 1916 2853 1974 Deo
2878 1934 3005 1975 vero
3037 1920 3175 1976 Deus
3206 1938 3365 1979 verus

1794 1998 1916 2053 est?

1866 2090 2220 2145 Serundiamts
2262 2094 2441 2149 dixit:
2485 2097 2545 2150 Et
2588 2112 2708 2154 cum
2761 2102 2964 2159 nomini
3005 2105 3165 2159 etiam
3216 2106 3369 2161 addis

1793 2190 1846 2235 et
1877 2196 2085 2249 verum,
2126 2186 2298 2253 audis,
2332 2190 2505 2257 qualis
2533 2190 2585 2251 in
2627 2201 2679 2247 te
2724 2194 2856 2250 ﬁdes
2900 2198 3000 2261 sit,
3028 2207 3081 2252 et
3113 2200 3370 2256 Christia‘

1798 2286 1896 2324 nus
1924 2274 2024 2326 es?

1870 2360 2114 2418 Eusebius
2143 2366 2409 2437 episcopus
2441 2368 2610 2423 dixit:
2639 2371 2738 2437 Qui
2788 2377 2996 2444 negavit
3028 2378 3171 2433 illum
3205 2380 3370 2436 Deum

1800 2453 2023 2504 verum?
2052 2455 2207 2507 Arius
2233 2466 2287 2509 et
2334 2458 2597 2513 Palladius
2624 2464 2854 2529 negavit.
2893 2465 2972 2520 Tu
3003 2468 3045 2521 si
3091 2469 3253 2524 Deum
3286 2488 3371 2526 ve-

1796 2558 1912 2597 rum
1940 2546 2134 2610 credis,
2163 2548 2324 2600 debes
2352 2550 2666 2617 simpliciter
2691 2555 2999 2624 designare.

1868 2636 2158 2689 Ambrosius
2188 2639 2450 2709 episcopus
2486 2644 2655 2697 dixit:
2691 2645 2747 2701 Si
2793 2662 2896 2701 non
2944 2649 3147 2706 dixeris
3198 2652 3368 2711 Deum

1796 2737 1975 2777 verum
2004 2724 2070 2778 de
2102 2725 2210 2780 Deo
2239 2743 2366 2783 vero
2398 2739 2575 2785 natum
2603 2748 2744 2799 esse,
2765 2737 3036 2795 Christum
3066 2747 3288 2813 negasti.
3368 2794 3369 2799 η

1866 2811 2220 2870 Secundianus
2252 2819 2378 2871 dixit
2405 2836 2421 2871 :
2454 2821 2809 2895 Interrogatus
2837 2830 2903 2883 de
2946 2831 3095 2898 Filio,
3130 2811 3252 2890 dedi
3282 2853 3367 2892 re-

1792 2916 2043 2967 sponsum
2070 2922 2083 2957 :
2109 2908 2551 2974 quemadmodum
2574 2913 2825 2972 deberem
2879 2922 3112 2987 profiteri
3153 2940 3372 2995 respon-

1791 2992 1863 3045 di.
1890 2992 2154 3050 Habemus
2178 3007 2406 3054 vestram
2429 3007 2816 3072 expositionem
2833 3051 2848 3076 ,
2874 3011 3035 3085 503
3055 2992 3361 3087 adet-emus,

1792 3080 2015 3151 legatur.

1861 3174 2156 3232 Ambrosius
2198 3182 2375 3236 dixit:
2418 3184 2585 3241 Hodie
2625 3188 2816 3248 afferre
2852 3194 3114 3253 debueras
3148 3219 3160 3255 :
3200 3215 3363 3257 cxte-

1790 3278 1905 3317 rum
1943 3266 2309 3338 subterfugere
2330 3277 2562 3330 conaris.
2595 3277 2988 3342 Professionem
3014 3303 3043 3342 a
3072 3307 3157 3346 me
3186 3296 3363 3363 exige,

1789 3364 1841 3409 et
1872 3357 2257 3424 professionem
2292 3380 2319 3418 a
2358 3376 2409 3421 te
2440 3369 2616 3439 exigo.
2658 3374 2797 3431 Deus
2833 3394 2989 3435 verus
3018 3394 3101 3437 est
3141 3386 3232 3441 Dei
3279 3357 3367 3443 iii;

1862 3535 2215 3594 Secundianus
2241 3542 2410 3599 dixit:
2440 3546 2751 3617 Unigenitus
2772 3564 2853 3610 est
2876 3557 3017 3613 Deus
3048 3562 3139 3617 Dei
3172 3536 3357 3621 Filius.

1793 3625 1860 3678 Et
1879 3641 1977 3695 ego
2000 3629 2288 3700 interrogo,
2315 3634 2621 3704 unigenitus
2653 3642 2773 3696 est?

1863 3720 2153 3775 Ambrosius
2183 3729 2450 3796 episcOpus
2480 3731 2653 3787 dixit:
2682 3732 2907 3792 Ratione
2938 3752 3243 3805 permoveat
3274 3762 3370 3800 nos

1795 3808 2041 3877 impietas
2062 3821 2114 3865 et
2144 3813 2443 3883 insipientia
2478 3828 2583 3874 tua.
2641 3825 2773 3879 Cum
2815 3826 2949 3882 dicis
2984 3830 3147 3887 Deum
3192 3852 3373 3892 verum

1792 3902 2147 3970 unigenitum,
2182 3922 2286 3961 non
2320 3908 2485 3967 Deum
2512 3930 2694 3970 verum
2722 3919 2878 3985 dicis,
2908 3925 3002 3977 sed
3034 3942 3215 3983 verum
3248 3935 3364 3987 uni-

1790 3992 2023 4058 genitum
2052 4012 2063 4046 :
2092 4009 2155 4050 ae
2184 4012 2278 4066 per
2304 3999 2425 4065 hoc,
2458 4013 2517 4057 ut
2548 4006 2700 4060 istam
2743 4011 2946 4066 adiutas
2975 4021 3321 4082 qua-stionem
3344 4067 3359 4087 ,

1794 4084 1862 4137 ita
1889 4087 2169 4153 responde.
2201 4092 2271 4143 Ex
2302 4092 2412 4147 Deo
2441 4110 2565 4149 vero
2589 4097 2727 4152 Deus
2755 4114 2911 4155 verus
2939 4107 3056 4158 est?

1865 4178 2218 4235 Secundianus
2246 4185 2412 4238 dixit:
2447 4187 2583 4257 Ergo
2611 4190 2753 4244 Deus
2798 4193 2962 4248 Deum
3007 4213 3110 4251 non
3149 4204 3374 4268 genuit?

1800 4270 1937 4323 Deus
1960 4287 2116 4325 verus
2140 4274 2224 4327 ille
2246 4278 2333 4346 qui
2360 4286 2474 4343 est,
2500 4281 2637 4347 quod
2660 4292 2739 4337 est
2766 4290 2974 4354 genuit,
3003 4306 3163 4347 unum
3195 4310 3377 4351 verum

1797 4361 2123 4429 unigenitum
2160 4363 2349 4421 Filium
2379 4371 2588 4437 genuit.

1865 4454 2156 4509 Ambrosius
2184 4459 2355 4512 dixit:
2384 4458 2499 4515 Non
2526 4462 2795 4519 conﬁteris
2824 4467 2983 4521 Deum
3020 4486 3204 4526 verum
3223 4514 3237 4537 ,
3273 4476 3365 4529 sed

1800 4543 1877 4596 vis
1899 4542 2099 4610 dicere,
2123 4561 2305 4602 verum
2332 4549 2681 4620 unigenitum.
2707 4555 2771 4610 Et
2790 4572 2888 4627 ego
2910 4558 3254 4631 unigenitum,
3280 4568 3371 4620 sed

1799 4637 1919 4690 dico
1942 4648 1996 4691 et
2029 4638 2192 4694 Deum
2223 4656 2431 4696 verum.

1870 4725 2225 4782 Secundianus
2248 4732 2412 4784 dixit:
2439 4734 2547 4804 Ego
2567 4736 2687 4791 dico
2706 4740 2936 4809 genitum
2962 4758 2991 4796 a
3015 4742 3169 4800 Patre
3191 4762 3371 4801 verum

1798 4814 2037 4881 genitum
2065 4833 2076 4867 :
2113 4816 2234 4871 dico
2265 4820 2530 4877 omnibus.

1005 4908 1137 4970 ensi,
1165 4924 1266 4962 uno
1291 4923 1473 4969 tenore
1494 4918 1834 4990 decurreret,
1867 4943 1959 4982 nos
1989 4941 2163 4987 tamen
2188 4945 2311 4989 octo
2331 4939 2564 5006 capitum
2596 4943 2884 4999 sectionem
2909 4962 2972 5001 ex
3002 4950 3228 5018 vulgatis
3258 4954 3376 5005 eili-

1208 5149 1545 5235 LIBER
1600 5152 2248 5249 SECUNDUS.

1188 5304 1269 5345 DE
1316 5307 1493 5361 FIDE,
1534 5310 1595 5351 IN
1648 5314 1924 5360 PERSUNA
1976 5323 2297 5371 ΔΜΒιιοειι.

1505 5421 1636 5432 ---..-

616 5510 639 5536 ἰ
663 5498 887 5559 CAPUT
928 5507 1207 5567 PRIMUM.

181 5644 479 5701 Ambrosius
516 5650 783 5721 episcopus
810 5655 940 5710 dixit
966 5674 981 5710 :
1014 5661 1201 5717 Multas
1230 5668 1443 5735 quidem
1491 5682 1545 5727 et
1573 5689 1697 5743 gra-

120 5751 205 5791 ves
231 5740 469 5794 haereses
510 5745 750 5799 novimus
787 5762 814 5801 a
848 5749 1091 5818 plurimis
1130 5758 1379 5827 ebullire,
1419 5774 1473 5818 et
1506 5770 1701 5824 veneni

120 5834 227 5889 vice
254 5834 324 5890 ad
354 5836 593 5890 intimum
628 5849 811 5907 pectus
848 5847 1086 5901 canceris
1120 5852 1197 5905 sui
1230 5854 1373 5907 virus
1408 5857 1692 5917 infundere

1648 5425 1975 5442 ξή-

1804 5490 1886 5557 (ΙΙ
1923 5492 2057 5549 Tim.
2083 5512 2152 5560 ιι,
2184 5497 2292 5566 17).
2320 5500 2423 5556 Sed
2454 5505 2590 5560 vinci
2623 5508 2692 5562 illi
2722 5510 2804 5561 vel
2836 5509 2987 5564 facile
3014 5523 3251 5581 possunt,
3280 5517 3362 5571 vel

1802 5582 1953 5638 facile
1985 5585 2170 5653 vitari,
2206 5606 2275 5659 qu
2298 5609 2427 5647 .rmn
2462 5599 2628 5663 prima
2661 5602 3019 5668 propositione
3048 5618 3205 5661 omne
3246 5623 3371 5664 con-

1799 5673 1976 5728 silium
2024 5682 2254 5745 pectoris
2298 5687 2558 5750 proditur.
2603 5690 2665 5739 At
2710 5704 2834 5740 vero
2875 5689 2926 5742 hi
2971 5692 3159 5760 quibus
3211 5698 3365 5771 507

1802 5772 1961 5825 multa
1994 5775 2267 5829 nobiscum
2301 5778 2445 5845 paria
2486 5790 2637 5843 sunt,
2672 5781 2822 5837 facile
2862 5799 3080 5852 possunt
3128 5791 3372 5850 innoxios

1804 5874 2009 5922 mentes
2045 5878 2095 5922 et
2141 5870 2239 5923 soli
2306 5868 2415 5924 Deo
2459 5871 2701 5937 deditas,
2743 5875 3074 5936 fraudulenta
3117 5888 3367 5945 societate
