3978 6380
550 345 647 398 liii

1875 343 2095 400 VIGILII
2136 345 2498 402 TAPSENSIS
3717 363 3804 419 ‘52

552 492 856 552 percutere,
881 483 1006 538 dum
1039 484 1296 537 malorum
1326 497 1541 535 suorum
1575 481 1720 534 virus
1751 495 1842 549 per
1872 483 2008 534 bona
2037 496 2132 535 no—

2244 480 2267 517 n
2299 464 2410 519 Deo
2456 467 2838 535 primogenitus
2868 468 3010 522 ﬁlius
3053 471 3346 538 appellatus
3374 486 3457 528 est
3506 476 3713 545 (Exod.
3742 498 3802 544 ιν,

554 584 663 626 stra
692 572 1006 627 defendunt.
1040 573 1181 626 Nihil
1204 574 1344 625 enim
1375 570 1724 636 periculosius
1749 572 1831 624 his
1864 571 2133 623 luereticis

555 681 678 720 esse
712 676 914 732 potest,
942 667 1031 734 qui
1061 681 1180 719 cum
1224 665 1424 731 integre
1468 679 1562 732 per
1605 664 1783 716 omnia
1816 665 2127 723 decurrant,

560 771 669 807 uno
703 768 875 807 tamen
906 755 1087 813 verbo.
1119 768 1181 807 ac
1208 754 1251 805 si
1278 753 1462 806 veneni
1486 762 1654 821 gutta,
1678 769 1877 806 meram
1902 754 2042 806 illam
2075 768 2136 806 ac

556 845 850 911 simplicem
884 843 1036 896 fidem
1071 842 1348 894 dominica:
1377 852 1428 894 et
1459 844 1658 895 exinde
1689 841 1997 907 apostolicae
2024 849 2132 893 tra-

557 932 774 985 ditionis
806 932 1064 983 inliciunt.
1090 928 1238 985 Unde
1268 930 1607 985 vehementer
1634 933 1785 985 nobis
1824 931 2120 984 cavendum

556 1031 637 1074 est
667 1036 732 1073 ne
758 1034 814 1074 se
842 1021 923 1074 vel
954 1023 1196 1074 Sensibus
1226 1022 1308 1074 vel
1343 1022 1557 1074 auribus
1589 1022 1785 1073 nostris
1822 1020 2132 1087 hujnsmodi

557 1117 753 1183 aliquid
798 1116 1021 1168 latenter
1061 1116 1337 1168 insinuet:
1380 1116 1500 1180 quia
1561 1114 1691 1166 nihil
1739 1124 1844 1166 tam
1894 1114 2034 1180 cogit
2084 1112 2135 1164 in

560 1220 816 1270 mortem,
846 1222 1002 1274 quam
1034 1207 1133 1260 sub
1189 1208 1406 1261 obtentu
1440 1206 1559 1260 fidei
1602 1207 1958 1275 integritatem
1992 1207 2137 1274 ejus-

559 1298 679 1351 dem
715 1298 833 1350 fidei
876 1298 1095 1350 violare.
1152 1294 1218 1350 Ut
1257 1298 1397 1349 enim
1438 1312 1659 1366 gypsum
1714 1313 1848 1366 aqua
1899 1297 2139 1365 permix-

558 1397 669 1440 tum
720 1384 800 1440 iac
839 1386 1020 1440 colore
1062 1387 1353 1440 mentitur:
1409 1388 1481 1439 ita
1518 1384 1601 1439 hic
1645 1402 1742 1455 per
1787 1385 2137 1439 verisimilem

562 1475 952 1531 caufessionem
989 1477 1206 1530 traditio
1245 1477 1454 1530 inimica
1493 1480 1810 1546 suggeritur.
1847 1478 1959 1543 Qua
1988 1476 2054 1530 de
2083 1492 2139 1529 re

559 1582 661 1619 non
711 1567 1003 1620 similitudo
1038 1564 1413 1628 confessionis,
1447 1566 1541 1619 sed
1588 1581 1777 1619 sensus
1826 1565 2022 1619 mentis
2062 1573 2145 1617 est

561 1656 960 1725 ponderaniluz,
993 1672 1096 1726 quo
1135 1656 1404 1711 Confessio
1448 1657 1560 1725 ipsa
1606 1656 1870 1712 firmatur.
1906 1657 2141 1725 Denique

559 1746 605 1800 si
634 1746 936 1818 diligentius
977 1759 1030 1801 et
1069 1747 1371 1801 accuratius
1403 1747 1720 1814 attendatis,
1753 1764 1848 1801 cur
1877 1748 2145 1801 voluerint

2232 560 2347 625 ἓξ).
2380 559 2488 613 Nec
2518 575 2622 612 non
2648 568 2703 613 et
2733 559 3111 629 primogenitns
3136 565 3296 617 totius
3327 568 3745 637 creatura:(Coi.
3770 588 3803 634 t,

2240 650 2348 720 t5),
2373 652 2519 720 quasi
2547 653 2596 704 in
2623 652 2811 705 ordine
2833 652 3093 707 factorum
3119 656 3500 725 primogenitus
3524 662 3802 728 habeatur,

2237 752 2292 793 ut
2318 758 2386 795 ex
2415 759 2479 797 eo
2508 744 2702 797 seriem
2729 746 3010 812 quamdam
3041 748 3283 802 creandis
3313 751 3497 802 mundi
3534 754 3708 807 rebus
3734 769 3803 807 as.

2236 832 2464 901 signent.
2497 833 2733 901 Denique
2762 836 2972 889 sublato
3001 836 3271 908 ὁμονσίου,
3307 840 3357 892 id
3388 852 3471 893 est
3501 844 3669 895 unius
3692 844 3805 898 sub.

2236 925 2445 976 stantia:
2470 924 2756 989 vocabulo;
2791 924 3077 995 ὁμοιούσιον
3111 968 3124 989 ,
3156 930 3203 981 id
3243 940 3323 981 est
3359 931 3598 984 similem
3634 932 3803 989 iactari

2237 1027 2333 1065 suo
2364 1021 2681 1080 posuerunt,
2715 1029 2834 1067 cum
2864 1016 3005 1067 aliud
3038 1017 3105 1068 sit
3144 1018 3467 1080 similitudo,
3501 1021 3654 1074 aliud
3688 1027 3803 1075 veri-

2240 1112 2340 1154 tas.
2368 1102 2496 1155 Nam
2527 1114 2578 1154 et
2608 1103 2767 1155 homo
2803 1103 2866 1156 ad
2899 1104 3180 1170 imaginem
3205 1120 3257 1160 et
3285 1111 3705 1164 similitudinem
3733 1115 3803 1165 Dei

2242 1193 2408 1247 fartus
2450 1203 2533 1247 est
2577 1194 2727 1264 (Gen.
2754 1211 2801 1257 t,
2832 1193 2955 1262 26),
3004 1210 3102 1249 nec
3148 1209 3322 1250 tamen
3370 1198 3514 1253 Deus
3560 1210 3695 1254 est:
3727 1220 3804 1256 nec

2240 1284 2379 1352 quod
2410 1284 2545 1337 Deus
2568 1295 2679 1350 est,
2716 1285 2875 1337 homo
2900 1287 3175 1340 exstitisse
3199 1289 3501 1341 creileudus
3524 1301 3639 1344 est.
3671 1291 3739 1343 Ita
3764 1303 3806 1345 et

2244 1374 2429 1427 Filium
2464 1374 2554 1427 Dei
2586 1376 2809 1428 similem
2840 1377 3048 1441 volunt,
3074 1385 3131 1429 ut
3153 1392 3279 1430 eum
3302 1379 3521 1432 aliunde
3551 1380 3804 1445 similem,

2245 1482 2347 1519 non
2379 1466 2447 1520 de
2477 1468 2586 1533 ipsa
2633 1484 2732 1520 una
2781 1477 2960 1522 sancta
3006 1478 3060 1521 et
3100 1470 3249 1522 licata
3298 1471 3470 1523 Patris
3520 1473 3805 1527 substantia

2246 1556 2440 1611 dicant.
2473 1558 2571 1623 Qui
2600 1559 2642 1611 si
2676 1558 2743 1612 de
2774 1559 2941 1613 Patris
2967 1561 3255 1614 substantia
3289 1578 3391 1614 non
3415 1575 3521 1629 est,
3556 1566 3616 1627 ἐξ
3643 1568 3723 1617 οὐκ
3749 1564 3809 1618 ἓν.

2244 1670 2344 1703 των
2377 1659 2490 1714 est,
2519 1648 2569 1700 id
2602 1658 2683 1701 est
2710 1665 2775 1703 ex
2815 1650 2973 1702 nullis
3013 1652 3367 1714 exstantibus,
3401 1660 3459 1704 ut
3488 1653 3638 1705 idem
3673 1658 3807 1707 Arius

2249 1741 2481 1794 tradidit.
2516 1742 2737 1795 Sublato
2776 1746 2914 1796 enim
2946 1760 3009 1796 eo
3036 1746 3175 1811 quod
3206 1745 3363 1796 Pater
3388 1757 3501 1807 est,
3550 1747 3809 1800 undecun-

560 1838 628 1891 de
654 1840 955 1901 evangelica
984 1850 1033 1893 et
1064 1842 1352 1906 apostolica
1390 1841 1510 1901 fide,
1541 1851 1595 1893 et
1627 1841 1693 1895 de
1727 1841 1940 1895 Patrum
1972 1841 2137 1894 tradi-
2179 1823 2219 1881 Β
2246 1849 2347 1901 (ille
2379 1836 2534 1888 Ῐιιεΐίι
2567 1835 2754 1903 Filius.
2780 1851 2995 1889 "908350
3023 1851 3099 1891 εει
3129 1849 3183 1889 ιιι
3215 1846 3267 1890 ει
3299 1837 3505 1892 ῖηίίίιιηι
3531 1855 3601 1894 εἰ
3638 1842 3803 1903 nihilo.

563 1929 729 1987 tione.
759 1929 913 1981 unius
943 1927 1252 1981 substantia:
1281 1944 1471 1982 nomen
1504 1928 1703 1984 auferri
1722 1975 1735 1996 ,
1771 1931 1954 1998 procul
1982 1929 2140 1982 dubio

565 1998 799 2081 probatis
840 2017 1084 2069 ltzeresim
1129 2019 1375 2070 Arianam
1420 2020 1601 2071 subtili
1649 2020 1966 2087 compendio
1997 2018 2140 2073 brevi

559 2104 667 2173 jam
689 2105 896 2158 sublato
916 2107 1014 2159 hoc
1036 2108 1248 2159 nomine
1272 2106 1653 2160 intromissnn.
1672 2108 1782 2161 Nec
1807 2108 1907 2162 hoc
1929 2109 2139 2177 quidem

562 2208 663 2263 ego
678 2194 977 2262 suspicione
993 2207 1083 2248 aut
1102 2196 1353 2262 opinione
1376 2196 1660 2249 collectum
1682 2196 1921 2261 affirmo;
1948 2211 2045 2251 nec
2062 2201 2143 2264 (ut

563 2284 663 2352 ipsi
702 2288 901 2354 putant)
940 2286 1275 2340 academicus
1316 2286 1622 2352 disputator
1658 2291 1882 2351 assisto,
1922 2297 1978 2341 ut
2010 2289 2143 2341 siin-

563 2374 725 2441 plices
750 2389 945 2431 sensus
968 2376 1256 2429 verborum
1281 2376 1573 2430 subtilitate
1599 2388 1982 2446 contorqueam
2004 2420 2016 2437 .
2044 2378 2137 2431 sed

563 2472 621 2518 ut
650 2474 919 2519 contortos
957 2475 1009 2519 et
1041 2482 1249 2533 pravos.
1278 2469 1421 2521 tenui
1453 2481 1766 2539 argumento
1793 2474 2136 2538 compositos,

566 2555 617 2608 in
642 2556 807 2609 lucem
831 2558 1148 2624 cognitionis
1177 2574 1438 2628 exponam
1459 2601 1472 2624 ,
1496 2577 1601 2630 quo
1632 2563 1838 2616 facilius
1865 2564 2029 2631 possit
2053 2580 2143 2616 co-

562 2646 705 2713 gnita
734 2654 790 2699 et
809 2656 1077 2714 comperta
1108 2649 1357 2716 iniquitas
1392 2650 1459 2702 ab
1485 2652 1730 2705 omnibus
1762 2652 1971 2706 evitiri.
2008 2652 2137 2717 Qua.-

563 2736 757 2790 etenim
797 2752 985 2802 causa,
1012 2754 1196 2807 qumve
1226 2741 1361 2793 ratio
1404 2742 1637 2808 exstitit,
1672 2754 1727 2797 ut
1765 2745 1902 2814 quod
1937 2746 2141 2799 docen-

564 2824 690 2879 dum
714 2834 767 2881 et
791 2828 928 2896 quod
958 2829 1280 2882 credendum
1308 2830 1512 2884 cunctis
1545 2832 1802 2886 Ecclesiis
1832 2834 2002 2887 fuerat
2032 2842 2138 2887 tra-

563 2916 765 2986 ditum,
798 2921 1043 2989 quodque
1081 2921 1264 2976 Patres
1296 2924 1459 2977 nostri
1494 2925 1771 2994 apostolici
1804 2928 1901 2980 viri
1951 2938 2137 2982 contra

564 3007 839 3062 universas
868 3009 1120 3074 haereses,
1143 3020 1195 3065 et
1225 3013 1453 3066 maxime
1479 3017 1750 3079 Ariauam,
1775 3019 1925 3086 quasi
1949 3034 2135 3089 quem-

562 3094 685 3148 dam
720 3098 922 3151 obicem
962 3104 1221 3163 veritatis,
1263 3117 1369 3170 quo
1406 3118 1595 3159 omnes
1637 3107 1814 3161 aditus
1866 3109 2137 3177 pesnferce

561 3183 818 3239 doctrinae
861 3187 1231 3254 obstruerent,
1270 3202 1457 3246 sancto
1501 3194 1701 3263 Spiritu
1744 3197 2014 3265 ittundati,
2052 3214 2132 3253 ca-
2168 3187 2212 3247 C

563 3277 753 3330 thoiica
793 3280 998 3333 ratione
1040 3292 1361 3350 po<uerunt,
1397 3301 1499 3339 non
1543 3288 1660 3343 sine
1698 3304 1891 3360 magno
1923 3294 2038 3346 nisu
2074 3293 2141 3348 ab

564 3366 645 3419 his
670 3369 756 3436 qui
791 3385 929 3424 nunc
957 3372 1132 3441 elogio
1164 3374 1379 3431 Ariinze
1414 3378 1550 3434 labis
1578 3381 1772 3437 addicti
1807 3394 1963 3450 sunt,
1994 3385 2140 3440 labo-

562 3467 707 3510 retur
736 3458 961 3526 auferri,
998 3463 1096 3515 nisi
1126 3474 1181 3517 ut
1212 3465 1401 3521 Filium
1438 3468 1525 3524 Dei
1572 3474 1876 3529 mutabilem
1907 3486 1959 3529 et
2008 3492 2140 3532 con-

562 3547 897 3635 vertibilem,
926 3562 1107 3621 utpote
1135 3572 1239 3611 non
1270 3557 1335 3613 de
1365 3562 1572 3631 propria
1604 3564 1776 3619 Patris
1808 3570 2138 3637 substantia,

560 3630 866 3693 constitisse
891 3644 1232 3713 conitingant:
1266 3651 1349 3702 cui
1378 3660 1431 3705 et
1458 3652 1664 3708 initium
1695 3673 1758 3711 ex
1798 3669 2058 3729 tempore,
2087 3630 2143 3718 et

562 3737 741 3780 ortum
769 3743 832 3782 ex
865 3732 1052 3799 nihilo:
1086 3752 1276 3792 nomen
1307 3756 1370 3794 ex
1397 3743 1587 3811 altero,
1621 3759 1676 3800 ut
1706 3764 1916 3820 semper
1940 3752 2140 3811 docue-

570 3820 958 3921 runt-(propter
985 3829 1121 3894 quod
1145 3839 1199 3885 et
1222 3847 1362 3899 saepe
1384 3837 1615 3895 damnati
1639 3842 1798 3921 508
1814 3849 1979 3914 sunt),
2004 3865 2143 3904 nunc

559 3913 672 3979 jam
695 3912 859 3969 libere
879 3926 934 3971 et
948 3932 1135 3974 secure
1156 3921 1631 4003 incunctanterque
1652 3912 1910 3991 Ecclesiis
1934 3912 2142 3996 tradere

557 4014 617 4059 ct
648 4005 916 4063 insinuare
939 4011 1183 4079 possint?

1187 4130 1409 4188 (IAPUT
1452 4135 1509 4191 ll.

639 4211 839 4267 Videtis
867 4231 995 4284 ergo
1028 4221 1203 4271 omnia
1238 4237 1331 4276 eis
1362 4226 1413 4279 iu
1462 4238 1686 4284 tractatu
1727 4231 1993 4299 ipsorum,
2035 4250 2138 4288 non

558 4302 866 4367 evangelica
902 4304 1026 4369 fide,
1060 4308 1149 4359 sed
1177 4309 1396 4366 subdola
1429 4317 1755 4384 malignitate
1784 4322 1847 4374 ad
1881 4322 2140 4379 seduceu-

560 4387 659 4441 dos
700 4389 967 4457 simplices
1008 4411 1246 4464 quosque
1293 4409 1553 4467 p05uisw.
1595 4409 1709 4464 Non
1749 4411 1856 4479 jam
1897 4423 2000 4468 tam
2046 4430 2138 4469 eu-

561 4492 801 4547 spectum
833 4499 990 4553 quam
1024 4489 1361 4546 manifesmm
1403 4501 1649 4555 omnibus
1692 4518 1813 4559 esse
1844 4508 1997 4561 debet
2019 4549 2033 4571 ,
2070 4514 2135 4565 ita

2247 1932 2303 1976 et
2329 1935 2501 1977 ortum
2531 1942 2594 1978 ex
2630 1935 2867 1990 tempore
2911 1926 3119 1979 habeat.
3157 1927 3293 1979 Nihil
3325 1930 3468 1981 enim
3510 1931 3642 1983 sine
3685 1932 3806 1985 initio

2248 2014 2347 2067 nisi
2376 2016 2517 2067 solus
2563 2014 2723 2069 Deus.
2750 2015 2902 2070 Unde
2941 2031 2991 2069 et
3027 2016 3210 2083 Filius,
3238 2018 3377 2071 sicut
3404 2019 3524 2088 ipse
3568 2022 3813 2076 Dominus

2245 2106 2353 2158 ait:
2389 2106 2498 2176 Ego
2528 2116 2573 2159 et
2614 2106 2767 2160 Pater
2804 2124 2961 2160 unum
3002 2125 3175 2162 sum:
3219 2108 3395 2179 (Ιοωι.
3420 2128 3484 2175 x,
3515 2113 3641 2182 '50).
3678 2114 3804 2180 Quod

2247 2198 2366 2252 ideo
2394 2198 2556 2263 dixit,
2590 2208 2649 2251 ut
2691 2200 2917 2254 duarum
2951 2200 3112 2271 509
3160 2217 3508 2271 personarum
3563 2208 3803 2259 vocabula

2247 2292 2301 2343 in
2329 2292 2486 2343 unius
2523 2291 2734 2345 deitatis
2766 2295 3038 2357 majestate
3072 2306 3413 2361 monstraret,
3445 2302 3591 2351 sicut
3622 2311 3682 2353 et
3706 2318 3804 2367 pro-

2248 2382 2401 2448 pheta
2424 2397 2490 2437 ex
2520 2399 2648 2438 voce
2673 2384 2760 2437 Dei
2788 2403 2799 2437 :
2836 2384 3094 2439 Eructaoit
3115 2432 3128 2454 ,
3156 2389 3354 2458 inquit,
3384 2407 3469 2442 cor
3500 2408 3680 2444 meum
3707 2394 3804 2448 Ver-

2245 2474 2361 2526 bum
2386 2477 2565 2528 bonum
2584 2521 2597 2544 ,
2640 2477 2752 2529 dico
2782 2494 2872 2547 ego
2899 2494 3053 2546 Opera
3086 2497 3194 2533 mea
3214 2482 3330 2551 [egi
3360 2480 3533 2549 (Psal.
3565 2487 3804 2551 xur,?.]..

2249 2565 2405 2619 Vides
2447 2582 2573 2635 ergo
2619 2566 2719 2621 hoc
2754 2568 2979 2622 Verbum
3034 2570 3228 2623 bonum
3280 2571 3471 2624 Filium
3521 2573 3621 2626 Dei
3676 2590 3801 2633 esse.

2245 2670 2401 2723 quem
2434 2672 2536 2709 non
2567 2658 2779 2711 aliunde
2806 2674 2965 2727 quam
3001 2660 3068 2712 de
3101 2670 3323 2727 paterno
3362 2671 3584 2730 pectore
3629 2676 3685 2719 et
3726 2670 3803 2727 (ut

2246 2745 2313 2798 ita
2344 2745 2595 2815 dixerim)
2619 2748 2686 2801 de
2716 2758 2865 2801 utero
2891 2749 3068 2803 cordis
3100 2750 3493 2807 Dei-credimus
3526 2768 3733 2812 natum.
3756 2757 3802 2810 Et

2246 2838 2467 2904 proinde
2503 2855 2621 2890 eum
2655 2856 2830 2909 regem
2871 2844 3132 2910 appellat,
3161 2844 3281 2911 quia
3316 2846 3429 2907 ipse
3459 2859 3545 2900 est
3577 2848 3698 2903 Rex
3736 2865 3802 2903 re-

2245 2945 2366 2997 gum
2392 2948 2406 2982 :
2434 2930 2598 2985 Deum
2636 2934 2947 2994 Dominum,
2975 2936 3062 2988 cui
3089 2938 3264 2988 omnia
3293 2937 3471 2990 divina
3501 2954 3677 3008 opera
3703 2956 3801 2995 soc-

2244 3021 2526 3085 cumbunt;
2572 3024 2659 3091 qui
2700 3025 2878 3080 dixit:
2921 3028 3103 3080 Omnia
3145 3043 3259 3095 quae
3298 3028 3455 3084 Pater
3502 3034 3690 3100 habet,
3718 3050 3801 3086 me:

2244 3125 2361 3168 sunt
2393 3113 2570 3184 (Joon.
2599 3132 2711 3181 xvi,
2748 3119 2849 3187 15).
2890 3120 2961 3172 De
2985 3123 3084 3175 hoc
3106 3130 3161 3176 et
3187 3125 3515 3192 evangelista
3543 3145 3557 3180 :
3591 3125 3665 3180 In
3691 3132 3804 3193 pis-

2245 3206 2409 3276 cipio,
2457 3208 2659 3273 inquit,
2701 3219 2808 3261 erat
2862 3208 3116 3277 Verbum,
3163 3222 3210 3264 et
3264 3212 3481 3266 Verbum
3535 3229 3651 3271 σαι
3689 3221 3804 3284 apud

2247 3294 2439 3366 Deum,
2468 3307 2514 3349 et
2565 3299 2699 3352 Deus
2740 3310 2847 3352 erat
2894 3301 3130 3355 Verbum.
3164 3304 3351 3356 Omnia
3394 3322 3489 3373 per
3530 3326 3648 3360 eum
3690 3313 3803 3378 [acts

2245 3402 2389 3457 sunt,
2426 3400 2477 3444 et
2517 3391 2625 3443 sine
2664 3409 2719 3443 ea
2751 3392 2940 3459 factum
2970 3402 3043 3445 est
3084 3392 3212 3445 nihil
3259 3392 3440 3463 (Joan.
3471 3409 3521 3462 ι,
3557 3396 3631 3463 1).
3670 3400 3803 3467 Igitur

2244 3483 2384 3554 quod
2410 3484 2460 3537 in
2488 3483 2745 3551 principio
2766 3492 2913 3544 erat,
2938 3496 3148 3549 semper
3176 3482 3338 3536 fuisse
3358 3487 3694 3541 credendum
3716 3499 3799 3540 est.

2244 3575 2348 3630 Sed
2380 3589 2477 3628 nec
2504 3573 2719 3626 aliunde
2745 3587 2861 3626 esse
2882 3587 3037 3641 quam
3063 3588 3125 3627 ex
3148 3576 3212 3625 eo
3235 3573 3324 3642 qui
3358 3575 3683 3643 principium
3712 3593 3799 3631 nos

2246 3668 2435 3732 habet,
2472 3666 2522 3719 id
2549 3676 2631 3719 est
2659 3666 2725 3719 de
2752 3664 2912 3719 corde
2944 3664 3133 3727 Patris,
3158 3666 3278 3729 quia
3309 3670 3589 3727 cruciavit,
3617 3671 3801 3735 ἰιιιιεαίι,

2244 3774 2331 3810 cor
2359 3772 2522 3809 meum
2559 3755 2772 3809 Verbum
2819 3756 3019 3807 bonum.
3054 3754 3164 3807 Non
3207 3755 3348 3809 enim
3379 3757 3519 3811 dixit
3548 3777 3559 3809 :
3593 3761 3644 3812 in
3677 3775 3804 3826 prm-

2244 3846 2385 3914 cipio
2426 3846 2621 3899 factum
2668 3856 2748 3898 est
2783 3844 3043 3911 Verbum,
3081 3847 3173 3899 sed
3208 3847 3261 3899 in
3303 3848 3584 3917 principio,
3620 3854 3804 3920 inquit,

2244 3948 2350 3989 erat
2393 3935 2627 3989 Verbum.
2658 3936 3021 4003 Quodcunque
3049 3936 3369 4006 principium
3408 3941 3572 3996 Verbi
3618 3947 3807 4012 signare

2245 4027 2911 4097 volucris,prmjudicatum
2945 4028 3323 4098 habebis,quia
3355 4031 3409 4083 in
3438 4035 3805 4101 principio,in-

2244 4119 2388 4186 quit,
2418 4130 2547 4169 erat.
2582 4117 2694 4170 Non
2739 4119 2879 4186 quod
2912 4118 3015 4172 duo
3050 4122 3306 4190 principia
3335 4138 3399 4176 ex
3437 4140 3617 4178 rerum
3658 4127 3808 4177 dirr-

2245 4209 2402 4260 sitate
2428 4207 2688 4268 dicamus,
2720 4207 2812 4259 sed
2848 4210 2966 4275 quia
3002 4210 3230 4264 Verbum
3264 4212 3435 4267 Filius
3466 4230 3682 4283 semper
3706 4231 3806 4267 Cum

2247 4295 2400 4349 Patre
2430 4306 2537 4358 est,
2571 4306 2621 4348 et
2654 4296 2720 4349 de
2750 4295 2909 4350 Patro
2949 4306 3104 4351 natus
3148 4309 3250 4354 est.
3294 4303 3373 4355 Ac
3422 4306 3645 4371 proinde
3677 4308 3811 4369 Cujus

2246 4384 2395 4452 origo
2424 4386 2737 4455 principium
2779 4400 2880 4438 non
2914 4386 3099 4451 habet,
3134 4391 3500 4458 sempiternus
3528 4396 3809 4449 credendus

2247 4484 2367 4530 est:
2399 4475 2518 4542 quia
2549 4490 2646 4529 nec
2678 4475 2834 4529 Pater
2870 4485 3047 4543 potest
3074 4493 3304 4548 unquam
3334 4484 3455 4537 sine
3488 4484 3624 4539 Filio
3653 4501 3809 4538 nonn-

559 4585 658 4624 εοε
689 4573 851 4629 Deum
884 4566 949 4631 de
980 4579 1087 4634 Deo
1140 4584 1412 4648 posuisse,
1457 4601 1510 4642 ιη
1544 4594 1698 4649 “ius
1740 4597 1949 4652 "adem
1997 4558 2137 4655 s'ule_
2168 4558 2217 4617 υ
2245 4567 2381 4632 nari,
2408 4582 2505 4620 nec
2533 4566 2696 4620 Filius
2724 4567 2839 4621 sine
2866 4566 3022 4621 Patre
3051 4572 3249 4634 vocari,
3274 4585 3338 4623 ac
3366 4587 3466 4640 per
3491 4574 3593 4629 hoc
3612 4590 3813 4640 semper

564 4663 684 4729 bat,
712 4677 765 4720 ut
807 4684 870 4722 ex
902 4669 1009 4725 Deo
1040 4670 1205 4727 factus
1234 4677 1335 4741 sit,
1366 4695 1470 4731 non
1507 4697 1571 4735 ex
1614 4684 1721 4738 Deo
1765 4697 1937 4744 natus.
1966 4690 2063 4754 Qui
2096 4695 2139 4743 si

563 4769 633 4807 na
662 4772 721 4810 us
747 4770 858 4825 est,
888 4763 1045 4817 unius
1074 4767 1381 4825 substantia:
1412 4784 1491 4827 est
1519 4793 1531 4826 :
1564 4776 1607 4829 si
1638 4777 1807 4833 factus
1836 4791 1947 4845 est,
1986 4799 2141 4839 verus

569 4844 735 4898 Filius
768 4864 870 4901 non
903 4860 1011 4917 est,
1046 4866 1091 4906 et
1123 4858 1165 4908 si
1197 4874 1350 4913 verus
1383 4862 1545 4915 Filius
1578 4881 1680 4919 non
1720 4879 1829 4934 est,
1863 4885 1959 4922 nec
1987 4887 2142 4927 verus

568 4935 706 4988 Dens
733 4948 833 4992 est.
861 4943 965 4994 Aut
991 4946 1031 4995 si
1065 4960 1219 5000 verus
1251 4949 1387 5005 Deus
1416 4964 1495 5007 est
1527 4964 1580 5008 et
1611 4957 1675 5009 de
1708 4956 1863 5012 Patre
1894 4976 1997 5014 non
2026 4974 2138 5027 est,

563 5027 671 5077 duo
698 5038 822 5082 sunt
864 5031 1118 5087 habentes
1149 5037 1338 5104 singuli
1371 5052 1424 5095 et
1460 5047 1762 5102 voluntates
1795 5053 2055 5118 proprias,
2084 5064 2139 5108 et

566 5119 785 5185 imperia
814 5122 1045 5179 diversa.
1078 5127 1168 5178 Vel
1199 5129 1242 5180 si
1271 5135 1551 5187 concordia
1583 5146 1783 5192 tantum
1812 5150 1865 5194 et
1889 5143 2141 5198 societate

566 5222 727 5260 unum
755 5220 909 5274 sunt,
944 5230 1045 5266 non
1078 5224 1254 5271 tamen
1283 5229 1337 5270 et
1376 5222 1668 5277 substantia
1691 5268 1703 5288 ,
1739 5244 1913 5293 verus,
1948 5239 2006 5283 nt
2033 5232 2139 5299 jam

563 5296 703 5357 disi,
738 5299 874 5352 Deus
906 5316 1008 5353 non
1050 5312 1126 5357 est
1157 5322 1169 5357 :
1202 5316 1255 5359 et
1287 5310 1361 5362 sic
1387 5311 1485 5363 erit
1518 5315 1651 5368 Deus
1684 5326 1737 5368 ut
1770 5318 1976 5386 Moyses
2009 5296 2142 5372 Pha-

566 5391 714 5445 raoni
746 5393 941 5461 (Exod.
968 5413 1070 5460 vn,
1105 5398 1186 5467 i):
1237 5410 1520 5468 potestate,
1569 5424 1670 5459 non
1715 5424 1930 5475 genere.
1976 5410 2140 5465 Filius

565 5496 776 5551 quoque
814 5484 884 5539 ita
918 5489 1213 5545 credendus
1241 5495 1371 5558 erit,
1404 5508 1457 5547 ut
1488 5513 1579 5564 per
1618 5499 1800 5553 Isaiam
1834 5501 2028 5568 populo
2058 5504 2140 5557 di-

561 5581 715 5661 ctum
744 5586 826 5629 est
853 5594 867 5631 :
899 5574 1064 5633 F.lios
1095 5586 1242 5648 genui
1270 5594 1317 5636 et
1345 5589 1558 5640 exaltari
1594 5587 1744 5655 (leni.
1775 5607 1819 5655 ι,
1846 5592 1925 5661 2),
1954 5603 2007 5646 et
2035 5595 2104 5649 ali
2124 5626 2137 5636 -

567 5660 659 5753 bi:
690 5660 774 5716 Dii
801 5668 939 5729 estis,
964 5679 1015 5722 et
1045 5672 1140 5736 ﬁlii
1163 5672 1407 5743 Altissimi
1439 5691 1607 5729 omnes
1641 5678 1809 5743 (om.
1841 5660 2028 5750 ωιι,
2060 5687 2133 5753 6).

564 5747 672 5806 Sed
694 5762 746 5807 et
774 5755 1149 5825 primogenitus
1172 5766 1239 5816 ita
1271 5764 1569 5831 habebitur,
1598 5768 1865 5835 quomodo
1891 5782 1937 5824 et
1968 5747 2131 5829 isrrael

2248 4661 2435 4724 Filius,
2462 4660 2582 4728 quia
2608 4675 2819 4727 semper
2842 4659 3018 4713 Pater.
3047 4658 3113 4712 Et
3143 4659 3298 4725 Deus,
3324 4664 3535 4732 inquit,
3561 4678 3670 4718 erat
3702 4667 3813 4718 Ver-

2246 4751 2383 4805 bum.
2414 4748 2563 4815 Quod
2597 4750 2733 4802 Dens
2760 4756 2870 4811 est,
2901 4765 3112 4817 semper
3141 4761 3256 4815 est;
3300 4770 3369 4806 ne
3400 4755 3446 4809 si
3479 4771 3693 4825 semper
3724 4772 3819 4809 non

2244 4841 2424 4903 fuerit,
2444 4855 2602 4893 verus
2627 4841 2765 4893 Deus
2787 4857 2905 4893 csse
2930 4858 3031 4894 non
3058 4844 3251 4911 possit:
3279 4847 3438 4902 sicuti
3468 4860 3521 4903 et
3546 4851 3595 4903 in
3620 4853 3820 4916 SOpbix

2244 4930 2482 4997 nomine,
2508 4930 2626 4999 quia
2659 4928 2947 4983 secundum
2978 4934 3287 5000 Apostolum
3315 4937 3431 5004 ipse
3455 4950 3544 4993 est
3566 4941 3821 5008 sapientia

2246 5019 2416 5073 Patris
2443 5020 2491 5092 (1
2512 5021 2629 5076 Cor.
2656 5037 2695 5083 l,
2718 5020 2831 5089 2's).
2861 5020 2991 5091 Ego,
3024 5024 3211 5091 inquit,
3242 5043 3303 5078 ex
3327 5043 3417 5080 ore
3440 5030 3692 5083 Altissimi
3717 5050 3831 5095 prs-

2244 5109 2342 5161 diui
2362 5109 2546 5178 (Eccli.
2577 5125 2719 5175 xxiv,
2746 5110 2821 5176 5).
2848 5110 2960 5164 Non
2984 5122 3109 5181 ergo
3133 5116 3349 5171 aliunde
3371 5134 3536 5186 quam
3555 5121 3619 5173 de
3652 5122 3827 5179 Patre,

2245 5200 2364 5264 quia
2391 5215 2601 5269 semper
2628 5216 2750 5255 cum
2777 5201 2950 5255 Patre.
2982 5205 3043 5257 Et
3077 5206 3195 5258 ideo
3220 5207 3498 5276 Sapientia
3530 5212 3617 5265 Dei
3654 5215 3837 5281 appel-

2247 5290 2402 5356 latur,
2433 5304 2491 5346 ut
2518 5309 2783 5362 nunquam
2820 5296 2975 5349 Pater
3011 5300 3125 5351 sine
3155 5300 3440 5367 sapientia,
3476 5307 3573 5359 hoc
3599 5318 3695 5360 est
3726 5309 3835 5359 sine

2245 5379 2381 5432 Filio
2409 5397 2505 5435 suo
2538 5384 2698 5438 fuisse
2728 5385 2997 5440 credatur.
3034 5390 3153 5441 llzee
3180 5401 3262 5444 est
3289 5394 3379 5445 illa
3410 5397 3683 5463 sapientia
3716 5398 3839 5450 inef-

2244 5469 2436 5531 fabilis,
2462 5487 2579 5539 qua:
2609 5475 2813 5528 initium
2845 5478 3044 5531 viarum
3078 5480 3168 5534 Dei
3192 5484 3330 5549 apud
3364 5486 3724 5541 Salomonem
3761 5490 3838 5538 vel

2240 5568 2450 5623 condita
2480 5573 2560 5625 vel
2589 5576 2763 5640 genita
2795 5576 2873 5629 vel
2898 5590 3073 5632 creata
3110 5581 3432 5636 describitur
3466 5584 3652 5651 (Prae.
3684 5591 3838 5653 nn);

2239 5687 2395 5739 quam
2428 5684 2600 5730 tamen
2640 5677 2717 5730 sic
2745 5679 3009 5733 conditam
3042 5682 3165 5735 dicit
3206 5695 3261 5736 ut
3290 5700 3509 5753 semper
3547 5704 3675 5740 eam
3720 5704 3844 5741 cum

2241 5778 2350 5833 Deo
2383 5778 2486 5831 fnis
2522 5794 2550 5832 e
2591 5781 2857 5834 ostendat.
2889 5782 3036 5847 Quod
3068 5783 3210 5836 enim
3245 5784 3457 5838 initium
3508 5786 3618 5838 Deo
3654 5788 3847 5843 dabis.
