  <div class='ocr_page' id='page_1' title='image "/cluster/home/n/w/nwhite01/storage/ocr_20150623/62/hvd.32044015706393/232.png"; bbox 0 0 3978 6380; ppageno 0'>
   <div class='ocr_carea' id='block_1_1' title="bbox 130 368 3365 431">
    <p class='ocr_par' dir='ltr' id='par_1_1' title="bbox 130 368 3365 431">
     <span class='ocr_line' id='line_1_1' title="bbox 130 368 3365 431; baseline -0.001 -4"><span class='ocrx_word' id='word_1_1' title='bbox 130 373 222 428; x_wconf 66' lang='grc'><strong>458</strong></span> <span class='ocrx_word' id='word_1_2' title='bbox 1084 368 1350 426; x_wconf 70' lang='lat' dir='ltr'><strong>CONTRA</strong></span> <span class='ocrx_word' id='word_1_3' title='bbox 1392 368 1778 423; x_wconf 78' lang='lat' dir='ltr'><strong>PALLADIUM</strong></span> <span class='ocrx_word' id='word_1_4' title='bbox 1820 370 2131 427; x_wconf 74' lang='lat' dir='ltr'><strong>ARIANUM</strong></span> <span class='ocrx_word' id='word_1_5' title='bbox 2172 372 2297 426; x_wconf 86' lang='lat' dir='ltr'><strong>LIB.</strong></span> <span class='ocrx_word' id='word_1_6' title='bbox 2345 370 2407 431; x_wconf 85' lang='lat' dir='ltr'><strong>Ii.</strong></span> <span class='ocrx_word' id='word_1_7' title='bbox 3262 372 3365 424; x_wconf 57' lang='grc' dir='ltr'><strong>εει</strong></span> 
     </span>
    </p>
   </div>
   <div class='ocr_carea' id='block_1_2' title="bbox 131 480 3370 553">
    <p class='ocr_par' dir='ltr' id='par_1_2' title="bbox 131 480 3370 553">
     <span class='ocr_line' id='line_1_2' title="bbox 131 480 3370 553; baseline -0.001 -13"><span class='ocrx_word' id='word_1_8' title='bbox 131 498 178 540; x_wconf 84' lang='lat' dir='ltr'><strong>ut</strong></span> <span class='ocrx_word' id='word_1_9' title='bbox 201 485 401 537; x_wconf 89' lang='lat' dir='ltr'><strong>initium</strong></span> <span class='ocrx_word' id='word_1_10' title='bbox 444 484 615 551; x_wconf 83' lang='lat' dir='ltr'><strong>possis</strong></span> <span class='ocrx_word' id='word_1_11' title='bbox 649 482 924 550; x_wconf 84' lang='lat' dir='ltr'><strong>sapienti:e</strong></span> <span class='ocrx_word' id='word_1_12' title='bbox 966 482 1132 550; x_wconf 78' lang='lat' dir='ltr'><strong>ipsius</strong></span> <span class='ocrx_word' id='word_1_13' title='bbox 1172 482 1528 551; x_wconf 79' lang='lat' dir='ltr'><strong>consignare?</strong></span> <span class='ocrx_word' id='word_1_14' title='bbox 1569 480 1684 535; x_wconf 84' lang='lat' dir='ltr'><strong>Non</strong></span> <span class='ocrx_word' id='word_1_15' title='bbox 1714 488 1754 542; x_wconf 78' lang='grc' dir='ltr'><strong>Α</strong></span> <span class='ocrx_word' id='word_1_16' title='bbox 1793 482 1945 537; x_wconf 86' lang='lat' dir='ltr'><strong>taris.</strong></span> <span class='ocrx_word' id='word_1_17' title='bbox 1977 485 2041 537; x_wconf 80' lang='lat' dir='ltr'><strong>Et</strong></span> <span class='ocrx_word' id='word_1_18' title='bbox 2079 499 2381 553; x_wconf 79' lang='lat' dir='ltr'><strong>quanquam</strong></span> <span class='ocrx_word' id='word_1_19' title='bbox 2429 499 2532 537; x_wconf 90' lang='lat' dir='ltr'><strong>non</strong></span> <span class='ocrx_word' id='word_1_20' title='bbox 2576 484 2944 538; x_wconf 83' lang='lat' dir='ltr'><strong>immutaveris</strong></span> <span class='ocrx_word' id='word_1_21' title='bbox 2986 483 3223 550; x_wconf 90' lang='lat' dir='ltr'><strong>dictum,</strong></span> <span class='ocrx_word' id='word_1_22' title='bbox 3261 498 3370 551; x_wconf 91' lang='lat' dir='ltr'><strong>quo</strong></span> 
     </span>
    </p>
   </div>
   <div class='ocr_carea' id='block_1_3' title="bbox 130 572 3367 642">
    <p class='ocr_par' dir='ltr' id='par_1_3' title="bbox 130 572 3367 642">
     <span class='ocr_line' id='line_1_3' title="bbox 130 572 3367 642; baseline -0.001 -15"><span class='ocrx_word' id='word_1_23' title='bbox 130 577 257 630; x_wconf 86' lang='lat' dir='ltr'><strong>enim</strong></span> <span class='ocrx_word' id='word_1_24' title='bbox 284 578 352 627; x_wconf 86' lang='lat' dir='ltr'><strong>ita</strong></span> <span class='ocrx_word' id='word_1_25' title='bbox 384 574 524 628; x_wconf 83' lang='lat' dir='ltr'><strong>Deus</strong></span> <span class='ocrx_word' id='word_1_26' title='bbox 559 574 870 642; x_wconf 78' lang='lat' dir='ltr'><strong>sapientiam</strong></span> <span class='ocrx_word' id='word_1_27' title='bbox 909 590 1060 628; x_wconf 88' lang='lat' dir='ltr'><strong>suam</strong></span> <span class='ocrx_word' id='word_1_28' title='bbox 1102 576 1368 638; x_wconf 84' lang='lat' dir='ltr'><strong>condidit,</strong></span> <span class='ocrx_word' id='word_1_29' title='bbox 1402 577 1551 635; x_wconf 81' lang='lat' dir='ltr'><strong>quasi</strong></span> <span class='ocrx_word' id='word_1_30' title='bbox 1591 576 1686 629; x_wconf 80' lang='lat' dir='ltr'><strong>ali-</strong></span> <span class='ocrx_word' id='word_1_31' title='bbox 1792 573 1994 640; x_wconf 90' lang='lat' dir='ltr'><strong>putaris</strong></span> <span class='ocrx_word' id='word_1_32' title='bbox 2023 574 2379 641; x_wconf 76' lang='lat' dir='ltr'><strong>prohibuisse,</strong></span> <span class='ocrx_word' id='word_1_33' title='bbox 2407 573 2500 627; x_wconf 91' lang='lat' dir='ltr'><strong>Dei</strong></span> <span class='ocrx_word' id='word_1_34' title='bbox 2532 572 2723 626; x_wconf 81' lang='lat' dir='ltr'><strong>Filium</strong></span> <span class='ocrx_word' id='word_1_35' title='bbox 2756 573 3050 640; x_wconf 81' lang='lat' dir='ltr'><strong>nuncupari</strong></span> <span class='ocrx_word' id='word_1_36' title='bbox 3077 573 3367 636; x_wconf 77' lang='lat' dir='ltr'><strong>facturam;</strong></span> 
     </span>
    </p>
   </div>
   <div class='ocr_carea' id='block_1_4' title="bbox 131 660 3370 739">
    <p class='ocr_par' dir='ltr' id='par_1_4' title="bbox 131 660 3370 739">
     <span class='ocr_line' id='line_1_4' title="bbox 131 660 3370 739; baseline -0.004 -15"><span class='ocrx_word' id='word_1_37' title='bbox 131 671 327 739; x_wconf 82' lang='lat' dir='ltr'><strong>quando</strong></span> <span class='ocrx_word' id='word_1_38' title='bbox 350 672 465 724; x_wconf 92' lang='lat' dir='ltr'><strong>sine</strong></span> <span class='ocrx_word' id='word_1_39' title='bbox 485 671 744 738; x_wconf 70' lang='lat' dir='ltr'><strong>sapientia</strong></span> <span class='ocrx_word' id='word_1_40' title='bbox 769 671 943 725; x_wconf 83' lang='lat' dir='ltr'><strong>fuerit.</strong></span> <span class='ocrx_word' id='word_1_41' title='bbox 969 671 1073 726; x_wconf 94' lang='lat' dir='ltr'><strong>Sed</strong></span> <span class='ocrx_word' id='word_1_42' title='bbox 1100 688 1219 725; x_wconf 91' lang='lat' dir='ltr'><strong>cum</strong></span> <span class='ocrx_word' id='word_1_43' title='bbox 1249 673 1457 725; x_wconf 86' lang='lat' dir='ltr'><strong>initium</strong></span> <span class='ocrx_word' id='word_1_44' title='bbox 1481 675 1687 726; x_wconf 83' lang='lat' dir='ltr'><strong>viarum</strong></span> <span class='ocrx_word' id='word_1_45' title='bbox 1791 662 1884 717; x_wconf 83' lang='lat' dir='ltr'><strong>Sed</strong></span> <span class='ocrx_word' id='word_1_46' title='bbox 1911 677 2031 716; x_wconf 87' lang='lat' dir='ltr'><strong>cum</strong></span> <span class='ocrx_word' id='word_1_47' title='bbox 2058 663 2358 732; x_wconf 80' lang='lat' dir='ltr'><strong>subjungis,</strong></span> <span class='ocrx_word' id='word_1_48' title='bbox 2386 662 2551 717; x_wconf 85' lang='lat' dir='ltr'><strong>Sicuti</strong></span> <span class='ocrx_word' id='word_1_49' title='bbox 2579 664 2775 731; x_wconf 83' lang='lat' dir='ltr'><strong>aliquid</strong></span> <span class='ocrx_word' id='word_1_50' title='bbox 2800 662 2983 714; x_wconf 81' lang='lat' dir='ltr'><strong>horum</strong></span> <span class='ocrx_word' id='word_1_51' title='bbox 3006 662 3144 731; x_wconf 84' lang='lat' dir='ltr'><strong>quod</strong></span> <span class='ocrx_word' id='word_1_52' title='bbox 3174 660 3370 728; x_wconf 76' lang='lat' dir='ltr'><strong>factum</strong></span> 
     </span>
    </p>
   </div>
   <div class='ocr_carea' id='block_1_5' title="bbox 130 752 3367 831">
    <p class='ocr_par' dir='ltr' id='par_1_5' title="bbox 130 752 3367 831">
     <span class='ocr_line' id='line_1_5' title="bbox 130 752 3367 831; baseline -0.004 -14"><span class='ocrx_word' id='word_1_53' title='bbox 130 780 334 817; x_wconf 86' lang='lat' dir='ltr'><strong>suarum</strong></span> <span class='ocrx_word' id='word_1_54' title='bbox 376 763 543 830; x_wconf 90' lang='lat' dir='ltr'><strong>dicat,</strong></span> <span class='ocrx_word' id='word_1_55' title='bbox 578 763 783 816; x_wconf 82' lang='lat' dir='ltr'><strong>initium</strong></span> <span class='ocrx_word' id='word_1_56' title='bbox 829 771 1003 816; x_wconf 89' lang='lat' dir='ltr'><strong>motus</strong></span> <span class='ocrx_word' id='word_1_57' title='bbox 1029 765 1206 831; x_wconf 85' lang='lat' dir='ltr'><strong>operis</strong></span> <span class='ocrx_word' id='word_1_58' title='bbox 1245 764 1469 831; x_wconf 83' lang='lat' dir='ltr'><strong>alicujus</strong></span> <span class='ocrx_word' id='word_1_59' title='bbox 1511 773 1691 817; x_wconf 88' lang='lat' dir='ltr'><strong>osten-</strong></span> <span class='ocrx_word' id='word_1_60' title='bbox 1791 766 1889 819; x_wconf 86' lang='lat' dir='ltr'><strong>est,</strong></span> <span class='ocrx_word' id='word_1_61' title='bbox 1912 770 1975 809; x_wconf 84' lang='lat' dir='ltr'><strong>es</strong></span> <span class='ocrx_word' id='word_1_62' title='bbox 2005 766 2189 823; x_wconf 90' lang='lat' dir='ltr'><strong>aperto</strong></span> <span class='ocrx_word' id='word_1_63' title='bbox 2220 756 2457 810; x_wconf 78' lang='lat' dir='ltr'><strong>05tendis</strong></span> <span class='ocrx_word' id='word_1_64' title='bbox 2487 771 2589 809; x_wconf 90' lang='lat' dir='ltr'><strong>non</strong></span> <span class='ocrx_word' id='word_1_65' title='bbox 2617 758 2685 809; x_wconf 93' lang='lat' dir='ltr'><strong>ob</strong></span> <span class='ocrx_word' id='word_1_66' title='bbox 2713 756 2813 808; x_wconf 89' lang='lat' dir='ltr'><strong>hoc</strong></span> <span class='ocrx_word' id='word_1_67' title='bbox 2845 755 3101 807; x_wconf 88' lang='lat' dir='ltr'><strong>iacturam</strong></span> <span class='ocrx_word' id='word_1_68' title='bbox 3133 752 3237 805; x_wconf 90' lang='lat' dir='ltr'><strong>dici</strong></span> <span class='ocrx_word' id='word_1_69' title='bbox 3269 767 3367 803; x_wconf 81' lang='lat' dir='ltr'><strong>no-</strong></span> 
     </span>
    </p>
   </div>
   <div class='ocr_carea' id='block_1_6' title="bbox 130 842 3372 924">
    <p class='ocr_par' dir='ltr' id='par_1_6' title="bbox 130 842 3372 924">
     <span class='ocr_line' id='line_1_6' title="bbox 130 842 3372 924; baseline -0.003 -21"><span class='ocrx_word' id='word_1_70' title='bbox 130 856 223 918; x_wconf 84' lang='lat' dir='ltr'><strong>dit,</strong></span> <span class='ocrx_word' id='word_1_71' title='bbox 252 855 408 924; x_wconf 70' lang='grc' dir='ltr'><strong>διο</strong></span> <span class='ocrx_word' id='word_1_72' title='bbox 430 864 486 907; x_wconf 90' lang='grc' dir='ltr'><strong>ιιι</strong></span> <span class='ocrx_word' id='word_1_73' title='bbox 516 854 614 907; x_wconf 86' lang='lat' dir='ltr'><strong>hoc</strong></span> <span class='ocrx_word' id='word_1_74' title='bbox 641 854 849 907; x_wconf 65' lang='lat' dir='ltr'><strong>initium</strong></span> <span class='ocrx_word' id='word_1_75' title='bbox 884 855 1069 908; x_wconf 85' lang='lat' dir='ltr'><strong>habeat</strong></span> <span class='ocrx_word' id='word_1_76' title='bbox 1100 856 1360 922; x_wconf 80' lang='lat' dir='ltr'><strong>sapientia</strong></span> <span class='ocrx_word' id='word_1_77' title='bbox 1396 857 1518 921; x_wconf 90' lang='lat' dir='ltr'><strong>Dei,</strong></span> <span class='ocrx_word' id='word_1_78' title='bbox 1548 857 1687 924; x_wconf 89' lang='lat' dir='ltr'><strong>quod</strong></span> <span class='ocrx_word' id='word_1_79' title='bbox 1794 847 1990 910; x_wconf 80' lang='lat' dir='ltr'><strong>luisse,</strong></span> <span class='ocrx_word' id='word_1_80' title='bbox 2018 845 2167 913; x_wconf 89' lang='lat' dir='ltr'><strong>quasi</strong></span> <span class='ocrx_word' id='word_1_81' title='bbox 2192 861 2296 899; x_wconf 92' lang='lat' dir='ltr'><strong>non</strong></span> <span class='ocrx_word' id='word_1_82' title='bbox 2328 847 2517 900; x_wconf 88' lang='lat' dir='ltr'><strong>debeat</strong></span> <span class='ocrx_word' id='word_1_83' title='bbox 2547 847 2717 899; x_wconf 77' lang='lat' dir='ltr'><strong>fat-tus</strong></span> <span class='ocrx_word' id='word_1_84' title='bbox 2752 844 3002 913; x_wconf 74' lang='lat' dir='ltr'><strong>intelligi;</strong></span> <span class='ocrx_word' id='word_1_85' title='bbox 3037 844 3131 898; x_wconf 85' lang='lat' dir='ltr'><strong>sed</strong></span> <span class='ocrx_word' id='word_1_86' title='bbox 3162 857 3267 897; x_wconf 87' lang='lat' dir='ltr'><strong>non</strong></span> <span class='ocrx_word' id='word_1_87' title='bbox 3300 842 3372 894; x_wconf 92' lang='lat' dir='ltr'><strong>ita</strong></span> 
     </span>
    </p>
   </div>
   <div class='ocr_carea' id='block_1_7' title="bbox 130 932 3369 1011">
    <p class='ocr_par' dir='ltr' id='par_1_7' title="bbox 130 932 3369 1011">
     <span class='ocr_line' id='line_1_7' title="bbox 130 932 3369 1011; baseline -0.002 -17"><span class='ocrx_word' id='word_1_88' title='bbox 130 946 188 997; x_wconf 88' lang='lat' dir='ltr'><strong>de</strong></span> <span class='ocrx_word' id='word_1_89' title='bbox 224 943 336 995; x_wconf 88' lang='lat' dir='ltr'><strong>Deo</strong></span> <span class='ocrx_word' id='word_1_90' title='bbox 367 945 629 1011; x_wconf 82' lang='lat' dir='ltr'><strong>processit</strong></span> <span class='ocrx_word' id='word_1_91' title='bbox 664 943 729 997; x_wconf 89' lang='lat' dir='ltr'><strong>ad</strong></span> <span class='ocrx_word' id='word_1_92' title='bbox 770 944 1043 999; x_wconf 75' lang='lat' dir='ltr'><strong>condenda</strong></span> <span class='ocrx_word' id='word_1_93' title='bbox 1074 947 1273 1009; x_wconf 72' lang='lat' dir='ltr'><strong>omnia,</strong></span> <span class='ocrx_word' id='word_1_94' title='bbox 1307 956 1411 999; x_wconf 76' lang='lat' dir='ltr'><strong>iam</strong></span> <span class='ocrx_word' id='word_1_95' title='bbox 1451 947 1687 1001; x_wconf 70' lang='grc' dir='ltr'>εωιεειῑει</span> <span class='ocrx_word' id='word_1_96' title='bbox 1795 937 1985 991; x_wconf 79' lang='lat' dir='ltr'><strong>factum</strong></span> <span class='ocrx_word' id='word_1_97' title='bbox 2011 938 2110 999; x_wconf 86' lang='lat' dir='ltr'><strong>vis,</strong></span> <span class='ocrx_word' id='word_1_98' title='bbox 2136 938 2487 1006; x_wconf 90' lang='lat' dir='ltr'><strong>sicutaliquid</strong></span> <span class='ocrx_word' id='word_1_99' title='bbox 2520 939 2706 992; x_wconf 89' lang='lat' dir='ltr'><strong>horum</strong></span> <span class='ocrx_word' id='word_1_100' title='bbox 2737 938 2878 1007; x_wconf 90' lang='lat' dir='ltr'><strong>quod</strong></span> <span class='ocrx_word' id='word_1_101' title='bbox 2907 937 3102 991; x_wconf 81' lang='lat' dir='ltr'><strong>factum</strong></span> <span class='ocrx_word' id='word_1_102' title='bbox 3132 943 3248 1004; x_wconf 88' lang='lat' dir='ltr'><strong>est,</strong></span> <span class='ocrx_word' id='word_1_103' title='bbox 3275 932 3369 988; x_wconf 87' lang='lat' dir='ltr'><strong>sed</strong></span> 
     </span>
    </p>
   </div>
   <div class='ocr_carea' id='block_1_8' title="bbox 128 1030 3369 1102">
    <p class='ocr_par' dir='ltr' id='par_1_8' title="bbox 128 1030 3369 1102">
     <span class='ocr_line' id='line_1_8' title="bbox 128 1030 3369 1102; baseline 0 -20"><span class='ocrx_word' id='word_1_104' title='bbox 128 1048 275 1097; x_wconf 86' lang='lat' dir='ltr'><strong>quam</strong></span> <span class='ocrx_word' id='word_1_105' title='bbox 306 1041 548 1095; x_wconf 83' lang='lat' dir='ltr'><strong>terrena,</strong></span> <span class='ocrx_word' id='word_1_106' title='bbox 582 1049 685 1085; x_wconf 92' lang='lat' dir='ltr'><strong>non</strong></span> <span class='ocrx_word' id='word_1_107' title='bbox 717 1048 822 1099; x_wconf 92' lang='lat' dir='ltr'><strong>quo</strong></span> <span class='ocrx_word' id='word_1_108' title='bbox 846 1035 1069 1102; x_wconf 61' lang='lat' dir='ltr'><strong>coeperit</strong></span> <span class='ocrx_word' id='word_1_109' title='bbox 1096 1050 1215 1089; x_wconf 86' lang='lat' dir='ltr'><strong>esse</strong></span> <span class='ocrx_word' id='word_1_110' title='bbox 1249 1036 1299 1089; x_wconf 92' lang='lat' dir='ltr'><strong>in</strong></span> <span class='ocrx_word' id='word_1_111' title='bbox 1336 1037 1464 1089; x_wconf 91' lang='lat' dir='ltr'><strong>Deo.</strong></span> <span class='ocrx_word' id='word_1_112' title='bbox 1500 1034 1690 1091; x_wconf 88' lang='lat' dir='ltr'><strong>Creata</strong></span> <span class='ocrx_word' id='word_1_113' title='bbox 1798 1040 1970 1085; x_wconf 88' lang='lat' dir='ltr'><strong>tamen</strong></span> <span class='ocrx_word' id='word_1_114' title='bbox 2020 1030 2237 1085; x_wconf 83' lang='lat' dir='ltr'><strong>factum.</strong></span> <span class='ocrx_word' id='word_1_115' title='bbox 2288 1030 2453 1084; x_wconf 80' lang='lat' dir='ltr'><strong>Aliter</strong></span> <span class='ocrx_word' id='word_1_116' title='bbox 2499 1034 2639 1085; x_wconf 90' lang='lat' dir='ltr'><strong>enim</strong></span> <span class='ocrx_word' id='word_1_117' title='bbox 2685 1032 2821 1084; x_wconf 89' lang='lat' dir='ltr'><strong>dicis</strong></span> <span class='ocrx_word' id='word_1_118' title='bbox 2869 1030 3101 1095; x_wconf 83' lang='lat' dir='ltr'><strong>factum,</strong></span> <span class='ocrx_word' id='word_1_119' title='bbox 3145 1038 3205 1083; x_wconf 92' lang='lat' dir='ltr'><strong>ut</strong></span> <span class='ocrx_word' id='word_1_120' title='bbox 3244 1040 3369 1096; x_wconf 83' lang='lat' dir='ltr'><strong>pote</strong></span> 
     </span>
    </p>
   </div>
   <div class='ocr_carea' id='block_1_9' title="bbox 128 1118 3372 1193">
    <p class='ocr_par' dir='ltr' id='par_1_9' title="bbox 128 1118 3372 1193">
     <span class='ocr_line' id='line_1_9' title="bbox 128 1118 3372 1193; baseline -0.002 -16"><span class='ocrx_word' id='word_1_121' title='bbox 128 1134 200 1177; x_wconf 89' lang='lat' dir='ltr'><strong>est</strong></span> <span class='ocrx_word' id='word_1_122' title='bbox 226 1138 357 1191; x_wconf 89' lang='lat' dir='ltr'><strong>ergo</strong></span> <span class='ocrx_word' id='word_1_123' title='bbox 391 1124 680 1190; x_wconf 82' lang='lat' dir='ltr'><strong>sapientia,</strong></span> <span class='ocrx_word' id='word_1_124' title='bbox 715 1124 821 1175; x_wconf 86' lang='lat' dir='ltr'><strong>imo</strong></span> <span class='ocrx_word' id='word_1_125' title='bbox 849 1125 1058 1191; x_wconf 84' lang='lat' dir='ltr'><strong>genita,</strong></span> <span class='ocrx_word' id='word_1_126' title='bbox 1095 1138 1200 1177; x_wconf 92' lang='lat' dir='ltr'><strong>non</strong></span> <span class='ocrx_word' id='word_1_127' title='bbox 1245 1125 1343 1178; x_wconf 85' lang='lat' dir='ltr'><strong>sibi</strong></span> <span class='ocrx_word' id='word_1_128' title='bbox 1390 1142 1509 1193; x_wconf 79' lang='lat' dir='ltr'><strong>qua:</strong></span> <span class='ocrx_word' id='word_1_129' title='bbox 1548 1140 1691 1179; x_wconf 87' lang='lat' dir='ltr'><strong>sem-</strong></span> <span class='ocrx_word' id='word_1_130' title='bbox 1797 1122 2083 1190; x_wconf 78' lang='lat' dir='ltr'><strong>periccmm</strong></span> <span class='ocrx_word' id='word_1_131' title='bbox 2122 1132 2453 1181; x_wconf 85' lang='lat' dir='ltr'><strong>creaturam,</strong></span> <span class='ocrx_word' id='word_1_132' title='bbox 2491 1135 2583 1187; x_wconf 90' lang='lat' dir='ltr'><strong>per</strong></span> <span class='ocrx_word' id='word_1_133' title='bbox 2618 1135 2775 1187; x_wconf 83' lang='lat' dir='ltr'><strong>quem</strong></span> <span class='ocrx_word' id='word_1_134' title='bbox 2822 1120 2957 1173; x_wconf 84' lang='lat' dir='ltr'><strong>facta</strong></span> <span class='ocrx_word' id='word_1_135' title='bbox 2999 1128 3124 1174; x_wconf 91' lang='lat' dir='ltr'><strong>sunt</strong></span> <span class='ocrx_word' id='word_1_136' title='bbox 3157 1118 3372 1179; x_wconf 89' lang='lat' dir='ltr'><strong>omnia;</strong></span> 
     </span>
    </p>
   </div>
   <div class='ocr_carea' id='block_1_10' title="bbox 128 1210 3372 1284">
    <p class='ocr_par' dir='ltr' id='par_1_10' title="bbox 128 1210 3372 1284">
     <span class='ocr_line' id='line_1_10' title="bbox 128 1210 3372 1284; baseline -0.001 -17"><span class='ocrx_word' id='word_1_137' title='bbox 128 1230 213 1283; x_wconf 88' lang='lat' dir='ltr'><strong>per</strong></span> <span class='ocrx_word' id='word_1_138' title='bbox 240 1223 387 1277; x_wconf 87' lang='lat' dir='ltr'><strong>erat,</strong></span> <span class='ocrx_word' id='word_1_139' title='bbox 419 1215 513 1267; x_wconf 79' lang='lat' dir='ltr'><strong>sed</strong></span> <span class='ocrx_word' id='word_1_140' title='bbox 546 1215 627 1266; x_wconf 92' lang='lat' dir='ltr'><strong>his</strong></span> <span class='ocrx_word' id='word_1_141' title='bbox 654 1230 774 1282; x_wconf 69' lang='lat' dir='ltr'><strong>qua:</strong></span> <span class='ocrx_word' id='word_1_142' title='bbox 808 1215 875 1267; x_wconf 91' lang='lat' dir='ltr'><strong>ab</strong></span> <span class='ocrx_word' id='word_1_143' title='bbox 903 1229 962 1267; x_wconf 89' lang='lat' dir='ltr'><strong>ea</strong></span> <span class='ocrx_word' id='word_1_144' title='bbox 997 1214 1108 1267; x_wconf 80' lang='lat' dir='ltr'><strong>ﬁeri</strong></span> <span class='ocrx_word' id='word_1_145' title='bbox 1139 1215 1451 1280; x_wconf 80' lang='lat' dir='ltr'><strong>oportebat;</strong></span> <span class='ocrx_word' id='word_1_146' title='bbox 1486 1224 1547 1268; x_wconf 89' lang='lat' dir='ltr'><strong>ut</strong></span> <span class='ocrx_word' id='word_1_147' title='bbox 1574 1218 1694 1284; x_wconf 88' lang='lat' dir='ltr'><strong>quia</strong></span> <span class='ocrx_word' id='word_1_148' title='bbox 1803 1211 2090 1264; x_wconf 88' lang='lat' dir='ltr'><strong>dummodo</strong></span> <span class='ocrx_word' id='word_1_149' title='bbox 2112 1219 2165 1264; x_wconf 91' lang='lat' dir='ltr'><strong>et</strong></span> <span class='ocrx_word' id='word_1_150' title='bbox 2195 1212 2364 1278; x_wconf 88' lang='lat' dir='ltr'><strong>ipsum</strong></span> <span class='ocrx_word' id='word_1_151' title='bbox 2393 1210 2586 1264; x_wconf 80' lang='lat' dir='ltr'><strong>factum</strong></span> <span class='ocrx_word' id='word_1_152' title='bbox 2621 1212 2902 1281; x_wconf 75' lang='lat' dir='ltr'><strong>intelligas,</strong></span> <span class='ocrx_word' id='word_1_153' title='bbox 2930 1214 3053 1267; x_wconf 89' lang='lat' dir='ltr'><strong>licet</strong></span> <span class='ocrx_word' id='word_1_154' title='bbox 3082 1227 3186 1267; x_wconf 89' lang='lat' dir='ltr'><strong>non</strong></span> <span class='ocrx_word' id='word_1_155' title='bbox 3218 1213 3287 1264; x_wconf 84' lang='lat' dir='ltr'><strong>ita</strong></span> <span class='ocrx_word' id='word_1_156' title='bbox 3314 1217 3372 1262; x_wconf 84' lang='lat' dir='ltr'><strong>ut</strong></span> 
     </span>
    </p>
   </div>
   <div class='ocr_carea' id='block_1_11' title="bbox 128 1299 3374 1371">
    <p class='ocr_par' dir='ltr' id='par_1_11' title="bbox 128 1299 3374 1371">
     <span class='ocr_line' id='line_1_11' title="bbox 128 1299 3374 1371; baseline -0 -16"><span class='ocrx_word' id='word_1_157' title='bbox 128 1312 319 1371; x_wconf 86' lang='lat' dir='ltr'><strong>quanta</strong></span> <span class='ocrx_word' id='word_1_158' title='bbox 346 1311 399 1355; x_wconf 89' lang='lat' dir='ltr'><strong>et</strong></span> <span class='ocrx_word' id='word_1_159' title='bbox 426 1303 597 1371; x_wconf 85' lang='lat' dir='ltr'><strong>qualis</strong></span> <span class='ocrx_word' id='word_1_160' title='bbox 627 1312 768 1357; x_wconf 83' lang='lat' dir='ltr'><strong>esset</strong></span> <span class='ocrx_word' id='word_1_161' title='bbox 809 1304 933 1356; x_wconf 88' lang='lat' dir='ltr'><strong>sciri</strong></span> <span class='ocrx_word' id='word_1_162' title='bbox 980 1318 1084 1356; x_wconf 92' lang='lat' dir='ltr'><strong>non</strong></span> <span class='ocrx_word' id='word_1_163' title='bbox 1132 1315 1365 1369; x_wconf 86' lang='lat' dir='ltr'><strong>poterat,</strong></span> <span class='ocrx_word' id='word_1_164' title='bbox 1390 1306 1458 1358; x_wconf 87' lang='lat' dir='ltr'><strong>de</strong></span> <span class='ocrx_word' id='word_1_165' title='bbox 1504 1304 1693 1359; x_wconf 83' lang='lat' dir='ltr'><strong>cl&#39;l&#39;ectu</strong></span> <span class='ocrx_word' id='word_1_166' title='bbox 1798 1311 2011 1353; x_wconf 60' lang='grc' dir='ltr'><strong>ωηιξη.</strong></span> <span class='ocrx_word' id='word_1_167' title='bbox 2040 1299 2143 1354; x_wconf 85' lang='lat' dir='ltr'><strong>Sed</strong></span> <span class='ocrx_word' id='word_1_168' title='bbox 2176 1308 2232 1352; x_wconf 80' lang='lat' dir='ltr'><strong>ut</strong></span> <span class='ocrx_word' id='word_1_169' title='bbox 2270 1301 2333 1352; x_wconf 84' lang='lat' dir='ltr'><strong>ad</strong></span> <span class='ocrx_word' id='word_1_170' title='bbox 2367 1299 2419 1353; x_wconf 96' lang='lat' dir='ltr'><strong>id</strong></span> <span class='ocrx_word' id='word_1_171' title='bbox 2450 1311 2707 1362; x_wconf 84' lang='lat' dir='ltr'><strong>revertar.</strong></span> <span class='ocrx_word' id='word_1_172' title='bbox 2750 1303 2889 1370; x_wconf 90' lang='lat' dir='ltr'><strong>quod</strong></span> <span class='ocrx_word' id='word_1_173' title='bbox 2933 1303 3099 1364; x_wconf 90' lang='lat' dir='ltr'><strong>dicis.</strong></span> <span class='ocrx_word' id='word_1_174' title='bbox 3133 1304 3184 1356; x_wconf 91' lang='lat' dir='ltr'><strong>in</strong></span> <span class='ocrx_word' id='word_1_175' title='bbox 3228 1302 3374 1355; x_wconf 77' lang='lat' dir='ltr'><strong>Scri-</strong></span> 
     </span>
    </p>
   </div>
   <div class='ocr_carea' id='block_1_12' title="bbox 125 1388 3374 1463">
    <p class='ocr_par' dir='ltr' id='par_1_12' title="bbox 125 1388 3374 1463">
     <span class='ocr_line' id='line_1_12' title="bbox 125 1388 3374 1463; baseline -0.002 -15"><span class='ocrx_word' id='word_1_176' title='bbox 125 1388 343 1462; x_wconf 60' lang='lat' dir='ltr'><strong>sperum</strong></span> <span class='ocrx_word' id='word_1_177' title='bbox 384 1410 599 1448; x_wconf 90' lang='lat' dir='ltr'><strong>suorum</strong></span> <span class='ocrx_word' id='word_1_178' title='bbox 631 1396 796 1447; x_wconf 89' lang='lat' dir='ltr'><strong>virtus</strong></span> <span class='ocrx_word' id='word_1_179' title='bbox 838 1394 955 1463; x_wconf 88' lang='lat' dir='ltr'><strong>ejus</strong></span> <span class='ocrx_word' id='word_1_180' title='bbox 998 1403 1051 1447; x_wconf 90' lang='lat' dir='ltr'><strong>et</strong></span> <span class='ocrx_word' id='word_1_181' title='bbox 1080 1395 1312 1462; x_wconf 82' lang='lat' dir='ltr'><strong>putentia</strong></span> <span class='ocrx_word' id='word_1_182' title='bbox 1358 1407 1691 1459; x_wconf 88' lang='lat' dir='ltr'><strong>nosceretur,</strong></span> <span class='ocrx_word' id='word_1_183' title='bbox 1801 1389 1969 1456; x_wconf 86' lang='lat' dir='ltr'><strong>pluris</strong></span> <span class='ocrx_word' id='word_1_184' title='bbox 2012 1388 2209 1442; x_wconf 78' lang='lat' dir='ltr'><strong>divinis</strong></span> <span class='ocrx_word' id='word_1_185' title='bbox 2239 1389 2493 1459; x_wconf 73' lang='grc' dir='ltr'><strong>ὁμούσιον,</strong></span> <span class='ocrx_word' id='word_1_186' title='bbox 2529 1390 2577 1442; x_wconf 92' lang='lat' dir='ltr'><strong>id</strong></span> <span class='ocrx_word' id='word_1_187' title='bbox 2609 1400 2693 1443; x_wconf 88' lang='lat' dir='ltr'><strong>est</strong></span> <span class='ocrx_word' id='word_1_188' title='bbox 2735 1391 2891 1443; x_wconf 91' lang='lat' dir='ltr'><strong>unius</strong></span> <span class='ocrx_word' id='word_1_189' title='bbox 2931 1393 3242 1445; x_wconf 72' lang='lat' dir='ltr'><strong>substantia:</strong></span> <span class='ocrx_word' id='word_1_190' title='bbox 3278 1403 3374 1442; x_wconf 87' lang='lat' dir='ltr'><strong>vo-</strong></span> 
     </span>
    </p>
   </div>
   <div class='ocr_carea' id='block_1_13' title="bbox 128 1481 3375 1550">
    <p class='ocr_par' dir='ltr' id='par_1_13' title="bbox 128 1481 3375 1550">
     <span class='ocr_line' id='line_1_13' title="bbox 128 1481 3375 1550; baseline 0.003 -15"><span class='ocrx_word' id='word_1_191' title='bbox 128 1494 179 1537; x_wconf 89' lang='lat' dir='ltr'><strong>ut</strong></span> <span class='ocrx_word' id='word_1_192' title='bbox 224 1485 356 1536; x_wconf 88' lang='lat' dir='ltr'><strong>dum</strong></span> <span class='ocrx_word' id='word_1_193' title='bbox 393 1484 722 1537; x_wconf 90' lang='lat' dir='ltr'><strong>conditorem</strong></span> <span class='ocrx_word' id='word_1_194' title='bbox 773 1484 837 1541; x_wconf 56' lang='lat' dir='ltr'><strong>de</strong></span> <span class='ocrx_word' id='word_1_195' title='bbox 882 1484 1111 1538; x_wconf 78' lang='lat' dir='ltr'><strong>conditis</strong></span> <span class='ocrx_word' id='word_1_196' title='bbox 1159 1484 1521 1548; x_wconf 62' lang='lat' dir='ltr'><strong>aestimamus,</strong></span> <span class='ocrx_word' id='word_1_197' title='bbox 1570 1496 1695 1539; x_wconf 84' lang='lat' dir='ltr'><strong>tune</strong></span> <span class='ocrx_word' id='word_1_198' title='bbox 1801 1482 2041 1533; x_wconf 66' lang='lat' dir='ltr'><strong>calonum</strong></span> <span class='ocrx_word' id='word_1_199' title='bbox 2074 1496 2177 1533; x_wconf 92' lang='lat' dir='ltr'><strong>non</strong></span> <span class='ocrx_word' id='word_1_200' title='bbox 2209 1482 2460 1544; x_wconf 75' lang='lat' dir='ltr'><strong>inveniri,</strong></span> <span class='ocrx_word' id='word_1_201' title='bbox 2492 1481 2630 1550; x_wconf 73' lang='lat' dir='ltr'><strong>[lnge</strong></span> <span class='ocrx_word' id='word_1_202' title='bbox 2666 1482 2768 1535; x_wconf 87' lang='lat' dir='ltr'><strong>hoc</strong></span> <span class='ocrx_word' id='word_1_203' title='bbox 2804 1484 3014 1537; x_wconf 76' lang='lat' dir='ltr'><strong>interim</strong></span> <span class='ocrx_word' id='word_1_204' title='bbox 3052 1486 3132 1538; x_wconf 80' lang='lat' dir='ltr'><strong>Sic</strong></span> <span class='ocrx_word' id='word_1_205' title='bbox 3176 1486 3275 1547; x_wconf 77' lang='lat' dir='ltr'><strong>Sil;</strong></span> <span class='ocrx_word' id='word_1_206' title='bbox 3308 1496 3375 1537; x_wconf 69' lang='lat'><strong>80</strong></span> 
     </span>
    </p>
   </div>
   <div class='ocr_carea' id='block_1_14' title="bbox 126 1570 3375 1643">
    <p class='ocr_par' dir='ltr' id='par_1_14' title="bbox 126 1570 3375 1643">
     <span class='ocr_line' id='line_1_14' title="bbox 126 1570 3375 1643; baseline 0.001 -18"><span class='ocrx_word' id='word_1_207' title='bbox 126 1574 292 1641; x_wconf 86' lang='lat' dir='ltr'><strong>magis</strong></span> <span class='ocrx_word' id='word_1_208' title='bbox 320 1575 600 1627; x_wconf 84' lang='lat' dir='ltr'><strong>timeamus</strong></span> <span class='ocrx_word' id='word_1_209' title='bbox 623 1588 742 1626; x_wconf 90' lang='lat' dir='ltr'><strong>cum</strong></span> <span class='ocrx_word' id='word_1_210' title='bbox 776 1572 908 1627; x_wconf 80' lang='lat' dir='ltr'><strong>facta</strong></span> <span class='ocrx_word' id='word_1_211' title='bbox 944 1574 1216 1626; x_wconf 88' lang='lat' dir='ltr'><strong>miramur.</strong></span> <span class='ocrx_word' id='word_1_212' title='bbox 1250 1574 1515 1628; x_wconf 73' lang='lat' dir='ltr'><strong>Cmternm</strong></span> <span class='ocrx_word' id='word_1_213' title='bbox 1546 1577 1590 1629; x_wconf 68' lang='lat' dir='ltr'><strong>si</strong></span> <span class='ocrx_word' id='word_1_214' title='bbox 1640 1588 1693 1629; x_wconf 74' lang='lat' dir='ltr'><strong>iu</strong></span> <span class='ocrx_word' id='word_1_215' title='bbox 1801 1570 1940 1640; x_wconf 90' lang='lat' dir='ltr'><strong>quod</strong></span> <span class='ocrx_word' id='word_1_216' title='bbox 1968 1571 2266 1641; x_wconf 86' lang='lat' dir='ltr'><strong>ubicunque</strong></span> <span class='ocrx_word' id='word_1_217' title='bbox 2291 1573 2581 1627; x_wconf 81' lang='lat' dir='ltr'><strong>substantia</strong></span> <span class='ocrx_word' id='word_1_218' title='bbox 2614 1574 2823 1643; x_wconf 79' lang='lat' dir='ltr'><strong>legitur,</strong></span> <span class='ocrx_word' id='word_1_219' title='bbox 2852 1591 2937 1628; x_wconf 85' lang='lat' dir='ltr'><strong>res</strong></span> <span class='ocrx_word' id='word_1_220' title='bbox 2969 1576 3061 1629; x_wconf 88' lang='lat' dir='ltr'><strong>Dei</strong></span> <span class='ocrx_word' id='word_1_221' title='bbox 3094 1594 3195 1630; x_wconf 90' lang='lat' dir='ltr'><strong>non</strong></span> <span class='ocrx_word' id='word_1_222' title='bbox 3232 1577 3375 1630; x_wconf 83' lang='lat' dir='ltr'><strong>Deus</strong></span> 
     </span>
    </p>
   </div>
   <div class='ocr_carea' id='block_1_15' title="bbox 127 1662 3383 1733">
    <p class='ocr_par' dir='ltr' id='par_1_15' title="bbox 127 1662 3383 1733">
     <span class='ocr_line' id='line_1_15' title="bbox 127 1662 3383 1733; baseline 0.002 -20"><span class='ocrx_word' id='word_1_223' title='bbox 127 1664 193 1716; x_wconf 91' lang='lat' dir='ltr'><strong>ita</strong></span> <span class='ocrx_word' id='word_1_224' title='bbox 231 1673 469 1715; x_wconf 82' lang='lat' dir='ltr'><strong>creatam</strong></span> <span class='ocrx_word' id='word_1_225' title='bbox 513 1662 826 1729; x_wconf 85' lang='lat' dir='ltr'><strong>sapientiam</strong></span> <span class='ocrx_word' id='word_1_226' title='bbox 859 1662 1023 1724; x_wconf 83' lang='lat' dir='ltr'><strong>dicas,</strong></span> <span class='ocrx_word' id='word_1_227' title='bbox 1055 1672 1111 1715; x_wconf 92' lang='lat' dir='ltr'><strong>ut</strong></span> <span class='ocrx_word' id='word_1_228' title='bbox 1143 1663 1330 1717; x_wconf 75' lang='lat' dir='ltr'><strong>Filium</strong></span> <span class='ocrx_word' id='word_1_229' title='bbox 1366 1664 1455 1717; x_wconf 78' lang='lat' dir='ltr'><strong>Dei</strong></span> <span class='ocrx_word' id='word_1_230' title='bbox 1488 1676 1698 1720; x_wconf 85' lang='lat' dir='ltr'><strong>creatu-</strong></span> <span class='ocrx_word' id='word_1_231' title='bbox 1800 1664 2117 1731; x_wconf 86' lang='lat' dir='ltr'><strong>accipiatur;</strong></span> <span class='ocrx_word' id='word_1_232' title='bbox 2161 1664 2284 1732; x_wconf 90' lang='lat' dir='ltr'><strong>quid</strong></span> <span class='ocrx_word' id='word_1_233' title='bbox 2316 1663 2454 1733; x_wconf 91' lang='lat' dir='ltr'><strong>quod</strong></span> <span class='ocrx_word' id='word_1_234' title='bbox 2499 1672 2552 1717; x_wconf 88' lang='lat' dir='ltr'><strong>et</strong></span> <span class='ocrx_word' id='word_1_235' title='bbox 2597 1664 2737 1717; x_wconf 88' lang='lat' dir='ltr'><strong>aliud</strong></span> <span class='ocrx_word' id='word_1_236' title='bbox 2786 1664 2924 1732; x_wconf 89' lang='lat' dir='ltr'><strong>quod</strong></span> <span class='ocrx_word' id='word_1_237' title='bbox 2973 1666 3231 1733; x_wconf 89' lang='lat' dir='ltr'><strong>scriptum</strong></span> <span class='ocrx_word' id='word_1_238' title='bbox 3276 1679 3383 1719; x_wconf 79' lang='lat' dir='ltr'><strong>non</strong></span> 
     </span>
    </p>
   </div>
   <div class='ocr_carea' id='block_1_16' title="bbox 128 1748 3382 1821">
    <p class='ocr_par' dir='ltr' id='par_1_16' title="bbox 128 1748 3382 1821">
     <span class='ocr_line' id='line_1_16' title="bbox 128 1748 3382 1821; baseline -0 -16"><span class='ocrx_word' id='word_1_239' title='bbox 128 1768 234 1806; x_wconf 91' lang='lat' dir='ltr'><strong>ram</strong></span> <span class='ocrx_word' id='word_1_240' title='bbox 276 1751 566 1821; x_wconf 81' lang='lat' dir='ltr'><strong>intelligas,</strong></span> <span class='ocrx_word' id='word_1_241' title='bbox 599 1753 836 1806; x_wconf 90' lang='lat' dir='ltr'><strong>occurrit</strong></span> <span class='ocrx_word' id='word_1_242' title='bbox 879 1748 967 1804; x_wconf 87' lang='lat' dir='ltr'><strong>tibi</strong></span> <span class='ocrx_word' id='word_1_243' title='bbox 1002 1755 1304 1820; x_wconf 78' lang='lat' dir='ltr'><strong>Apostolus,</strong></span> <span class='ocrx_word' id='word_1_244' title='bbox 1336 1754 1697 1809; x_wconf 86' lang='lat' dir='ltr'><strong>condemnans</strong></span> <span class='ocrx_word' id='word_1_245' title='bbox 1802 1764 1910 1815; x_wconf 83' lang='grc' dir='ltr'>εει,</span> <span class='ocrx_word' id='word_1_246' title='bbox 1942 1753 2138 1819; x_wconf 73' lang='grc' dir='ltr'>ρει-ἰεει·</span> <span class='ocrx_word' id='word_1_247' title='bbox 2166 1754 2450 1819; x_wconf 82' lang='lat' dir='ltr'><strong>proﬁteris,</strong></span> <span class='ocrx_word' id='word_1_248' title='bbox 2483 1753 2532 1806; x_wconf 92' lang='lat' dir='ltr'><strong>id</strong></span> <span class='ocrx_word' id='word_1_249' title='bbox 2563 1762 2645 1805; x_wconf 84' lang='lat' dir='ltr'><strong>est</strong></span> <span class='ocrx_word' id='word_1_250' title='bbox 2678 1754 2839 1805; x_wconf 83' lang='lat' dir='ltr'><strong>Deum</strong></span> <span class='ocrx_word' id='word_1_251' title='bbox 2869 1768 2931 1806; x_wconf 76' lang='lat' dir='ltr'><strong>es</strong></span> <span class='ocrx_word' id='word_1_252' title='bbox 2964 1754 3091 1814; x_wconf 85' lang='lat' dir='ltr'><strong>Deo,</strong></span> <span class='ocrx_word' id='word_1_253' title='bbox 3116 1764 3168 1807; x_wconf 89' lang='lat' dir='ltr'><strong>et</strong></span> <span class='ocrx_word' id='word_1_254' title='bbox 3202 1754 3382 1807; x_wconf 73' lang='lat' dir='ltr'><strong>lumen</strong></span> 
     </span>
    </p>
   </div>
   <div class='ocr_carea' id='block_1_17' title="bbox 126 1841 3379 1917">
    <p class='ocr_par' dir='ltr' id='par_1_17' title="bbox 126 1841 3379 1917">
     <span class='ocr_line' id='line_1_17' title="bbox 126 1841 3379 1917; baseline 0.002 -20"><span class='ocrx_word' id='word_1_255' title='bbox 126 1860 214 1898; x_wconf 85' lang='lat' dir='ltr'><strong>eos</strong></span> <span class='ocrx_word' id='word_1_256' title='bbox 235 1845 329 1913; x_wconf 79' lang='grc' dir='ltr'><strong>(ιιιί</strong></span> <span class='ocrx_word' id='word_1_257' title='bbox 356 1854 654 1899; x_wconf 87' lang='lat' dir='ltr'><strong>creaturam</strong></span> <span class='ocrx_word' id='word_1_258' title='bbox 686 1846 894 1908; x_wconf 90' lang='lat' dir='ltr'><strong>colunt,</strong></span> <span class='ocrx_word' id='word_1_259' title='bbox 926 1844 1149 1899; x_wconf 86' lang='lat' dir='ltr'><strong>dicens:</strong></span> <span class='ocrx_word' id='word_1_260' title='bbox 1180 1845 1398 1915; x_wconf 57' lang='lat' dir='ltr'><strong>Propter</strong></span> <span class='ocrx_word' id='word_1_261' title='bbox 1428 1852 1566 1917; x_wconf 84' lang='lat' dir='ltr'><strong>quod</strong></span> <span class='ocrx_word' id='word_1_262' title='bbox 1595 1860 1701 1904; x_wconf 83' lang='lat' dir='ltr'><strong>tra-</strong></span> <span class='ocrx_word' id='word_1_263' title='bbox 1734 1845 1778 1903; x_wconf 84' lang='grc' dir='ltr'><strong><em>Β</em></strong></span> <span class='ocrx_word' id='word_1_264' title='bbox 1804 1857 1868 1894; x_wconf 72' lang='lat' dir='ltr'><strong>EX</strong></span> <span class='ocrx_word' id='word_1_265' title='bbox 1908 1841 2141 1896; x_wconf 69' lang='lat' dir='ltr'><strong>lumine?</strong></span> <span class='ocrx_word' id='word_1_266' title='bbox 2167 1842 2304 1910; x_wconf 62' lang='lat' dir='ltr'><strong>Qui-1</strong></span> <span class='ocrx_word' id='word_1_267' title='bbox 2350 1844 2413 1895; x_wconf 69' lang='lat' dir='ltr'><strong>ad</strong></span> <span class='ocrx_word' id='word_1_268' title='bbox 2459 1844 2571 1896; x_wconf 56' lang='lat' dir='ltr'><strong>llll&#39;c</strong></span> <span class='ocrx_word' id='word_1_269' title='bbox 2594 1842 2767 1895; x_wconf 70' lang='lat' dir='ltr'><strong>diCiS?</strong></span> <span class='ocrx_word' id='word_1_270' title='bbox 2810 1844 2915 1896; x_wconf 80' lang='grc' dir='ltr'><strong>Αυῑ</strong></span> <span class='ocrx_word' id='word_1_271' title='bbox 2962 1852 3129 1897; x_wconf 80' lang='grc' dir='ltr'>ιοιυιη</span> <span class='ocrx_word' id='word_1_272' title='bbox 3172 1858 3379 1897; x_wconf 76' lang='lat' dir='ltr'><strong>mecm“</strong></span> 
     </span>
    </p>
   </div>
   <div class='ocr_carea' id='block_1_18' title="bbox 124 1932 1697 1993">
    <p class='ocr_par' dir='ltr' id='par_1_18' title="bbox 124 1932 1697 1993">
     <span class='ocr_line' id='line_1_18' title="bbox 124 1932 1697 1993; baseline 0.006 -10"><span class='ocrx_word' id='word_1_273' title='bbox 124 1933 253 1983; x_wconf 82' lang='lat' dir='ltr'><strong>didit</strong></span> <span class='ocrx_word' id='word_1_274' title='bbox 285 1932 401 1986; x_wconf 84' lang='lat' dir='ltr'><strong>illos</strong></span> <span class='ocrx_word' id='word_1_275' title='bbox 434 1934 567 1985; x_wconf 83' lang='lat' dir='ltr'><strong>Deus</strong></span> <span class='ocrx_word' id='word_1_276' title='bbox 591 1935 644 1986; x_wconf 84' lang='lat' dir='ltr'><strong>in</strong></span> <span class='ocrx_word' id='word_1_277' title='bbox 678 1934 983 1986; x_wconf 80' lang='lat' dir='ltr'><strong>desiderium</strong></span> <span class='ocrx_word' id='word_1_278' title='bbox 1005 1934 1173 1987; x_wconf 86' lang='lat' dir='ltr'><strong>cordis</strong></span> <span class='ocrx_word' id='word_1_279' title='bbox 1199 1952 1374 1988; x_wconf 86' lang='lat' dir='ltr'><strong>eorum</strong></span> <span class='ocrx_word' id='word_1_280' title='bbox 1403 1940 1454 1990; x_wconf 87' lang='lat' dir='ltr'><strong>in</strong></span> <span class='ocrx_word' id='word_1_281' title='bbox 1486 1940 1697 1993; x_wconf 79' lang='lat' dir='ltr'><strong>immun-</strong></span> 
     </span>
    </p>
   </div>
   <div class='ocr_carea' id='block_1_19' title="bbox 126 2024 1701 2103">
    <p class='ocr_par' dir='ltr' id='par_1_19' title="bbox 126 2024 1701 2103">
     <span class='ocr_line' id='line_1_19' title="bbox 126 2024 1701 2103; baseline 0.007 -31"><span class='ocrx_word' id='word_1_282' title='bbox 126 2024 305 2074; x_wconf 83' lang='lat' dir='ltr'><strong>ditium</strong></span> <span class='ocrx_word' id='word_1_283' title='bbox 322 2065 335 2085; x_wconf 95' lang='lat'><strong>,</strong></span> <span class='ocrx_word' id='word_1_284' title='bbox 362 2034 414 2076; x_wconf 80' lang='lat' dir='ltr'><strong>ut</strong></span> <span class='ocrx_word' id='word_1_285' title='bbox 441 2024 754 2076; x_wconf 79' lang='lat' dir='ltr'><strong>contumeliis</strong></span> <span class='ocrx_word' id='word_1_286' title='bbox 776 2024 993 2092; x_wconf 72' lang='lat' dir='ltr'><strong>afﬁciunt</strong></span> <span class='ocrx_word' id='word_1_287' title='bbox 1022 2042 1238 2095; x_wconf 80' lang='lat' dir='ltr'><strong>corpora</strong></span> <span class='ocrx_word' id='word_1_288' title='bbox 1264 2045 1357 2079; x_wconf 86' lang='lat' dir='ltr'><strong>sna</strong></span> <span class='ocrx_word' id='word_1_289' title='bbox 1384 2032 1435 2081; x_wconf 89' lang='lat' dir='ltr'><strong>in</strong></span> <span class='ocrx_word' id='word_1_290' title='bbox 1466 2034 1701 2103; x_wconf 86' lang='lat' dir='ltr'><strong>semetip-</strong></span> 
     </span>
    </p>
   </div>
   <div class='ocr_carea' id='block_1_20' title="bbox 122 2118 1695 2188">
    <p class='ocr_par' dir='ltr' id='par_1_20' title="bbox 122 2118 1695 2188">
     <span class='ocr_line' id='line_1_20' title="bbox 122 2118 1695 2188; baseline 0.006 -21"><span class='ocrx_word' id='word_1_291' title='bbox 122 2118 191 2169; x_wconf 87' lang='lat' dir='ltr'><strong>sis</strong></span> <span class='ocrx_word' id='word_1_292' title='bbox 214 2132 234 2171; x_wconf 90' lang='lat'><strong><em>:</em></strong></span> <span class='ocrx_word' id='word_1_293' title='bbox 262 2118 350 2186; x_wconf 86' lang='lat' dir='ltr'><strong>qui</strong></span> <span class='ocrx_word' id='word_1_294' title='bbox 376 2126 804 2170; x_wconf 74' lang='lat' dir='ltr'><strong>comnintat&#39;erunt</strong></span> <span class='ocrx_word' id='word_1_295' title='bbox 842 2119 1103 2170; x_wconf 81' lang='lat' dir='ltr'><strong>veritatem</strong></span> <span class='ocrx_word' id='word_1_296' title='bbox 1136 2118 1228 2172; x_wconf 90' lang='lat' dir='ltr'><strong>Dei</strong></span> <span class='ocrx_word' id='word_1_297' title='bbox 1258 2121 1309 2172; x_wconf 83' lang='lat' dir='ltr'><strong>in</strong></span> <span class='ocrx_word' id='word_1_298' title='bbox 1337 2122 1657 2175; x_wconf 83' lang='lat' dir='ltr'><strong>mendacium</strong></span> <span class='ocrx_word' id='word_1_299' title='bbox 1681 2164 1695 2188; x_wconf 93' lang='lat'><strong>,</strong></span> 
     </span>
    </p>
   </div>
   <div class='ocr_carea' id='block_1_21' title="bbox 125 2210 1701 2281">
    <p class='ocr_par' dir='ltr' id='par_1_21' title="bbox 125 2210 1701 2281">
     <span class='ocr_line' id='line_1_21' title="bbox 125 2210 1701 2281; baseline 0.005 -22"><span class='ocrx_word' id='word_1_300' title='bbox 125 2218 171 2259; x_wconf 87' lang='lat' dir='ltr'><strong>et</strong></span> <span class='ocrx_word' id='word_1_301' title='bbox 200 2210 469 2263; x_wconf 84' lang='lat' dir='ltr'><strong>coluerunt</strong></span> <span class='ocrx_word' id='word_1_302' title='bbox 495 2218 543 2263; x_wconf 89' lang='lat' dir='ltr'><strong>et</strong></span> <span class='ocrx_word' id='word_1_303' title='bbox 574 2210 852 2262; x_wconf 85' lang='lat' dir='ltr'><strong>servierunt</strong></span> <span class='ocrx_word' id='word_1_304' title='bbox 879 2221 1123 2262; x_wconf 77' lang='lat' dir='ltr'><strong>creatura:</strong></span> <span class='ocrx_word' id='word_1_305' title='bbox 1154 2212 1320 2277; x_wconf 78' lang='lat' dir='ltr'><strong>potius</strong></span> <span class='ocrx_word' id='word_1_306' title='bbox 1360 2228 1513 2281; x_wconf 88' lang='lat' dir='ltr'><strong>quam</strong></span> <span class='ocrx_word' id='word_1_307' title='bbox 1545 2214 1701 2268; x_wconf 79' lang='lat' dir='ltr'><strong>Crea-</strong></span> 
     </span>
    </p>
   </div>
   <div class='ocr_carea' id='block_1_22' title="bbox 124 2298 1702 2372">
    <p class='ocr_par' dir='ltr' id='par_1_22' title="bbox 124 2298 1702 2372">
     <span class='ocr_line' id='line_1_22' title="bbox 124 2298 1702 2372; baseline 0.005 -23"><span class='ocrx_word' id='word_1_308' title='bbox 124 2301 259 2364; x_wconf 88' lang='lat' dir='ltr'><strong>tori,</strong></span> <span class='ocrx_word' id='word_1_309' title='bbox 297 2302 385 2369; x_wconf 89' lang='lat' dir='ltr'><strong>qui</strong></span> <span class='ocrx_word' id='word_1_310' title='bbox 408 2311 480 2353; x_wconf 90' lang='lat' dir='ltr'><strong>est</strong></span> <span class='ocrx_word' id='word_1_311' title='bbox 509 2301 798 2355; x_wconf 79' lang='lat' dir='ltr'><strong>benedictus</strong></span> <span class='ocrx_word' id='word_1_312' title='bbox 830 2298 962 2351; x_wconf 83' lang='lat' dir='ltr'><strong>Deus</strong></span> <span class='ocrx_word' id='word_1_313' title='bbox 988 2302 1039 2351; x_wconf 86' lang='lat' dir='ltr'><strong>in</strong></span> <span class='ocrx_word' id='word_1_314' title='bbox 1083 2300 1271 2352; x_wconf 72' lang='lat' dir='ltr'><strong>swcula</strong></span> <span class='ocrx_word' id='word_1_315' title='bbox 1302 2300 1477 2368; x_wconf 79' lang='lat' dir='ltr'><strong>(Rom.</strong></span> <span class='ocrx_word' id='word_1_316' title='bbox 1504 2317 1552 2367; x_wconf 83' lang='grc' dir='ltr'>ι,</span> <span class='ocrx_word' id='word_1_317' title='bbox 1584 2306 1702 2372; x_wconf 73' lang='lat' dir='ltr'><strong>2i).</strong></span> 
     </span>
    </p>
   </div>
   <div class='ocr_carea' id='block_1_23' title="bbox 125 2392 1707 2464">
    <p class='ocr_par' dir='ltr' id='par_1_23' title="bbox 125 2392 1707 2464">
     <span class='ocr_line' id='line_1_23' title="bbox 125 2392 1707 2464; baseline 0.002 -19"><span class='ocrx_word' id='word_1_318' title='bbox 125 2392 395 2455; x_wconf 65' lang='lat' dir='ltr'><strong>Haec~est,</strong></span> <span class='ocrx_word' id='word_1_319' title='bbox 427 2396 674 2458; x_wconf 85' lang='lat' dir='ltr'><strong>inquam,</strong></span> <span class='ocrx_word' id='word_1_320' title='bbox 731 2393 818 2445; x_wconf 89' lang='lat' dir='ltr'><strong>illa</strong></span> <span class='ocrx_word' id='word_1_321' title='bbox 848 2392 1103 2455; x_wconf 88' lang='lat' dir='ltr'><strong>sapientia</strong></span> <span class='ocrx_word' id='word_1_322' title='bbox 1132 2392 1224 2446; x_wconf 89' lang='lat' dir='ltr'><strong>Dei</strong></span> <span class='ocrx_word' id='word_1_323' title='bbox 1257 2408 1375 2461; x_wconf 74' lang='lat' dir='ltr'><strong>qua:</strong></span> <span class='ocrx_word' id='word_1_324' title='bbox 1399 2393 1525 2446; x_wconf 82' lang='lat' dir='ltr'><strong>dit-it</strong></span> <span class='ocrx_word' id='word_1_325' title='bbox 1552 2411 1563 2445; x_wconf 92' lang='lat'>:</span> <span class='ocrx_word' id='word_1_326' title='bbox 1598 2394 1707 2464; x_wconf 83' lang='lat' dir='ltr'><strong>Ego</strong></span> 
     </span>
    </p>
   </div>
   <div class='ocr_carea' id='block_1_24' title="bbox 122 2484 1708 2552">
    <p class='ocr_par' dir='ltr' id='par_1_24' title="bbox 122 2484 1708 2552">
     <span class='ocr_line' id='line_1_24' title="bbox 122 2484 1708 2552; baseline 0.001 -15"><span class='ocrx_word' id='word_1_327' title='bbox 122 2502 190 2541; x_wconf 69' lang='lat' dir='ltr'><strong>r1:</strong></span> <span class='ocrx_word' id='word_1_328' title='bbox 219 2503 308 2539; x_wconf 90' lang='lat' dir='ltr'><strong>ore</strong></span> <span class='ocrx_word' id='word_1_329' title='bbox 333 2486 576 2538; x_wconf 79' lang='lat' dir='ltr'><strong>Altissimi</strong></span> <span class='ocrx_word' id='word_1_330' title='bbox 616 2484 814 2552; x_wconf 86' lang='lat' dir='ltr'><strong>prodivi</strong></span> <span class='ocrx_word' id='word_1_331' title='bbox 844 2484 1029 2552; x_wconf 79' lang='lat' dir='ltr'><strong>(Eccli.</strong></span> <span class='ocrx_word' id='word_1_332' title='bbox 1055 2500 1199 2548; x_wconf 76' lang='lat' dir='ltr'><strong>xxiv,</strong></span> <span class='ocrx_word' id='word_1_333' title='bbox 1228 2485 1305 2549; x_wconf 85' lang='lat'><strong>5),</strong></span> <span class='ocrx_word' id='word_1_334' title='bbox 1338 2486 1708 2539; x_wconf 76' lang='lat' dir='ltr'><strong>universitatis</strong></span> 
     </span>
    </p>
   </div>
   <div class='ocr_carea' id='block_1_25' title="bbox 122 2574 1713 2645">
    <p class='ocr_par' dir='ltr' id='par_1_25' title="bbox 122 2574 1713 2645">
     <span class='ocr_line' id='line_1_25' title="bbox 122 2574 1713 2645; baseline -0.001 -14"><span class='ocrx_word' id='word_1_335' title='bbox 122 2578 399 2632; x_wconf 70' lang='lat' dir='ltr'><strong>crurditrix</strong></span> <span class='ocrx_word' id='word_1_336' title='bbox 426 2586 480 2633; x_wconf 88' lang='lat' dir='ltr'><strong>et</strong></span> <span class='ocrx_word' id='word_1_337' title='bbox 503 2576 773 2639; x_wconf 71' lang='lat' dir='ltr'><strong>effectrix,</strong></span> <span class='ocrx_word' id='word_1_338' title='bbox 803 2576 853 2628; x_wconf 87' lang='lat' dir='ltr'><strong>id</strong></span> <span class='ocrx_word' id='word_1_339' title='bbox 882 2587 962 2628; x_wconf 88' lang='lat' dir='ltr'><strong>est</strong></span> <span class='ocrx_word' id='word_1_340' title='bbox 992 2574 1154 2628; x_wconf 84' lang='lat' dir='ltr'><strong>Filius</strong></span> <span class='ocrx_word' id='word_1_341' title='bbox 1181 2576 1269 2629; x_wconf 87' lang='lat' dir='ltr'><strong>Dei</strong></span> <span class='ocrx_word' id='word_1_342' title='bbox 1306 2591 1397 2644; x_wconf 90' lang='lat' dir='ltr'><strong>per</strong></span> <span class='ocrx_word' id='word_1_343' title='bbox 1425 2592 1582 2645; x_wconf 85' lang='lat' dir='ltr'><strong>quem</strong></span> <span class='ocrx_word' id='word_1_344' title='bbox 1605 2591 1713 2629; x_wconf 90' lang='lat' dir='ltr'><strong>om-</strong></span> 
     </span>
    </p>
   </div>
   <div class='ocr_carea' id='block_1_26' title="bbox 121 2665 1711 2735">
    <p class='ocr_par' dir='ltr' id='par_1_26' title="bbox 121 2665 1711 2735">
     <span class='ocr_line' id='line_1_26' title="bbox 121 2665 1711 2735; baseline -0.003 -12"><span class='ocrx_word' id='word_1_345' title='bbox 121 2670 243 2734; x_wconf 82' lang='lat' dir='ltr'><strong>nia,</strong></span> <span class='ocrx_word' id='word_1_346' title='bbox 270 2678 323 2724; x_wconf 79' lang='lat' dir='ltr'><strong>et</strong></span> <span class='ocrx_word' id='word_1_347' title='bbox 361 2671 411 2722; x_wconf 92' lang='lat' dir='ltr'><strong>in</strong></span> <span class='ocrx_word' id='word_1_348' title='bbox 456 2684 561 2735; x_wconf 88' lang='lat' dir='ltr'><strong>quo</strong></span> <span class='ocrx_word' id='word_1_349' title='bbox 590 2668 805 2720; x_wconf 86' lang='lat' dir='ltr'><strong>omnia:</strong></span> <span class='ocrx_word' id='word_1_350' title='bbox 837 2666 989 2731; x_wconf 83' lang='lat' dir='ltr'><strong>quia,</strong></span> <span class='ocrx_word' id='word_1_351' title='bbox 1025 2678 1080 2717; x_wconf 89' lang='lat' dir='ltr'><strong>ut</strong></span> <span class='ocrx_word' id='word_1_352' title='bbox 1111 2666 1397 2731; x_wconf 80' lang='lat' dir='ltr'><strong>Apostolus</strong></span> <span class='ocrx_word' id='word_1_353' title='bbox 1434 2665 1569 2718; x_wconf 62' lang='lat' dir='ltr'><strong>dixit</strong></span> <span class='ocrx_word' id='word_1_354' title='bbox 1601 2684 1613 2718; x_wconf 91' lang='lat'>:</span> <span class='ocrx_word' id='word_1_355' title='bbox 1649 2666 1711 2719; x_wconf 88' lang='lat' dir='ltr'><strong>In</strong></span> 
     </span>
    </p>
   </div>
   <div class='ocr_carea' id='block_1_27' title="bbox 120 2754 1712 2828">
    <p class='ocr_par' dir='ltr' id='par_1_27' title="bbox 120 2754 1712 2828">
     <span class='ocr_line' id='line_1_27' title="bbox 120 2754 1712 2828; baseline -0.003 -19"><span class='ocrx_word' id='word_1_356' title='bbox 120 2760 242 2828; x_wconf 82' lang='lat' dir='ltr'><strong>ipso</strong></span> <span class='ocrx_word' id='word_1_357' title='bbox 272 2758 543 2810; x_wconf 84' lang='lat' dir='ltr'><strong>constituta</strong></span> <span class='ocrx_word' id='word_1_358' title='bbox 580 2765 695 2809; x_wconf 89' lang='lat' dir='ltr'><strong>sunt</strong></span> <span class='ocrx_word' id='word_1_359' title='bbox 736 2755 963 2807; x_wconf 77' lang='lat' dir='ltr'><strong>universa</strong></span> <span class='ocrx_word' id='word_1_360' title='bbox 991 2756 1042 2806; x_wconf 85' lang='lat' dir='ltr'><strong>in</strong></span> <span class='ocrx_word' id='word_1_361' title='bbox 1069 2754 1208 2807; x_wconf 76' lang='lat' dir='ltr'><strong>caelis</strong></span> <span class='ocrx_word' id='word_1_362' title='bbox 1234 2766 1282 2807; x_wconf 89' lang='lat' dir='ltr'><strong>et</strong></span> <span class='ocrx_word' id='word_1_363' title='bbox 1312 2755 1364 2807; x_wconf 87' lang='lat' dir='ltr'><strong>in</strong></span> <span class='ocrx_word' id='word_1_364' title='bbox 1393 2766 1530 2807; x_wconf 88' lang='lat' dir='ltr'><strong>terra</strong></span> <span class='ocrx_word' id='word_1_365' title='bbox 1548 2794 1561 2815; x_wconf 93' lang='lat'><strong>,</strong></span> <span class='ocrx_word' id='word_1_366' title='bbox 1593 2756 1712 2807; x_wconf 81' lang='lat' dir='ltr'><strong>visi-</strong></span> 
     </span>
    </p>
   </div>
   <div class='ocr_carea' id='block_1_28' title="bbox 124 2831 1712 2907">
    <p class='ocr_par' dir='ltr' id='par_1_28' title="bbox 124 2831 1712 2907">
     <span class='ocr_line' id='line_1_28' title="bbox 124 2831 1712 2907; baseline -0.003 -8"><span class='ocrx_word' id='word_1_367' title='bbox 124 2831 256 2899; x_wconf 72' lang='lat' dir='ltr'><strong>bilia</strong></span> <span class='ocrx_word' id='word_1_368' title='bbox 284 2859 330 2900; x_wconf 90' lang='lat' dir='ltr'><strong>et</strong></span> <span class='ocrx_word' id='word_1_369' title='bbox 362 2846 666 2906; x_wconf 77' lang='lat' dir='ltr'><strong>invisiiilia,</strong></span> <span class='ocrx_word' id='word_1_370' title='bbox 696 2846 799 2897; x_wconf 87' lang='lat' dir='ltr'><strong>sive</strong></span> <span class='ocrx_word' id='word_1_371' title='bbox 827 2844 1027 2906; x_wconf 80' lang='lat' dir='ltr'><strong>throni,</strong></span> <span class='ocrx_word' id='word_1_372' title='bbox 1058 2844 1161 2897; x_wconf 86' lang='lat' dir='ltr'><strong>sive</strong></span> <span class='ocrx_word' id='word_1_373' title='bbox 1185 2843 1578 2907; x_wconf 75' lang='lat' dir='ltr'><strong>dominationes,</strong></span> <span class='ocrx_word' id='word_1_374' title='bbox 1610 2846 1712 2895; x_wconf 82' lang='lat' dir='ltr'><strong>sire</strong></span> 
     </span>
    </p>
   </div>
   <div class='ocr_carea' id='block_1_29' title="bbox 123 2933 1712 3006">
    <p class='ocr_par' dir='ltr' id='par_1_29' title="bbox 123 2933 1712 3006">
     <span class='ocr_line' id='line_1_29' title="bbox 123 2933 1712 3006; baseline -0.004 -15"><span class='ocrx_word' id='word_1_375' title='bbox 123 2940 365 3001; x_wconf 83' lang='lat' dir='ltr'><strong>virtutes,</strong></span> <span class='ocrx_word' id='word_1_376' title='bbox 403 2938 501 2991; x_wconf 86' lang='lat' dir='ltr'><strong>sive</strong></span> <span class='ocrx_word' id='word_1_377' title='bbox 544 2936 882 3006; x_wconf 84' lang='lat' dir='ltr'><strong>principatus,</strong></span> <span class='ocrx_word' id='word_1_378' title='bbox 923 2934 1025 2986; x_wconf 85' lang='lat' dir='ltr'><strong>sive</strong></span> <span class='ocrx_word' id='word_1_379' title='bbox 1062 2942 1364 3001; x_wconf 79' lang='lat' dir='ltr'><strong>potestates,</strong></span> <span class='ocrx_word' id='word_1_380' title='bbox 1406 2933 1575 2985; x_wconf 86' lang='lat' dir='ltr'><strong>omnia</strong></span> <span class='ocrx_word' id='word_1_381' title='bbox 1622 2950 1712 2999; x_wconf 76' lang='lat' dir='ltr'><strong>per</strong></span> 
     </span>
    </p>
   </div>
   <div class='ocr_carea' id='block_1_30' title="bbox 122 3024 1708 3097">
    <p class='ocr_par' dir='ltr' id='par_1_30' title="bbox 122 3024 1708 3097">
     <span class='ocr_line' id='line_1_30' title="bbox 122 3024 1708 3097; baseline -0.003 -18"><span class='ocrx_word' id='word_1_382' title='bbox 122 3028 332 3097; x_wconf 81' lang='lat' dir='ltr'><strong>ipsum,</strong></span> <span class='ocrx_word' id='word_1_383' title='bbox 358 3027 476 3079; x_wconf 89' lang='lat' dir='ltr'><strong>etin</strong></span> <span class='ocrx_word' id='word_1_384' title='bbox 499 3027 609 3095; x_wconf 86' lang='lat' dir='ltr'><strong>ipso</strong></span> <span class='ocrx_word' id='word_1_385' title='bbox 636 3024 840 3078; x_wconf 86' lang='lat' dir='ltr'><strong>condita</strong></span> <span class='ocrx_word' id='word_1_386' title='bbox 868 3032 1013 3085; x_wconf 88' lang='lat' dir='ltr'><strong>sunt,</strong></span> <span class='ocrx_word' id='word_1_387' title='bbox 1040 3032 1087 3075; x_wconf 91' lang='lat' dir='ltr'><strong>et</strong></span> <span class='ocrx_word' id='word_1_388' title='bbox 1115 3024 1224 3089; x_wconf 86' lang='lat' dir='ltr'><strong>ipse</strong></span> <span class='ocrx_word' id='word_1_389' title='bbox 1250 3034 1319 3075; x_wconf 77' lang='lat' dir='ltr'><strong>est</strong></span> <span class='ocrx_word' id='word_1_390' title='bbox 1352 3033 1469 3076; x_wconf 85' lang='lat' dir='ltr'><strong>ante</strong></span> <span class='ocrx_word' id='word_1_391' title='bbox 1507 3027 1676 3075; x_wconf 84' lang='lat' dir='ltr'><strong>omnia</strong></span> <span class='ocrx_word' id='word_1_392' title='bbox 1694 3064 1708 3083; x_wconf 92' lang='lat'><strong>,</strong></span> 
     </span>
    </p>
   </div>
   <div class='ocr_carea' id='block_1_31' title="bbox 122 3111 1713 3184">
    <p class='ocr_par' dir='ltr' id='par_1_31' title="bbox 122 3111 1713 3184">
     <span class='ocr_line' id='line_1_31' title="bbox 122 3111 1713 3184; baseline -0.001 -17"><span class='ocrx_word' id='word_1_393' title='bbox 122 3126 170 3168; x_wconf 88' lang='lat' dir='ltr'><strong>et</strong></span> <span class='ocrx_word' id='word_1_394' title='bbox 204 3116 380 3169; x_wconf 83' lang='lat' dir='ltr'><strong>omnia</strong></span> <span class='ocrx_word' id='word_1_395' title='bbox 411 3116 462 3167; x_wconf 90' lang='lat' dir='ltr'><strong>in</strong></span> <span class='ocrx_word' id='word_1_396' title='bbox 486 3116 594 3184; x_wconf 85' lang='lat' dir='ltr'><strong>ipso</strong></span> <span class='ocrx_word' id='word_1_397' title='bbox 615 3122 843 3166; x_wconf 86' lang='lat' dir='ltr'><strong>constant</strong></span> <span class='ocrx_word' id='word_1_398' title='bbox 876 3111 1093 3179; x_wconf 87' lang='lat' dir='ltr'><strong>(Coloss.</strong></span> <span class='ocrx_word' id='word_1_399' title='bbox 1121 3127 1157 3175; x_wconf 87' lang='lat' dir='ltr'><strong>t,</strong></span> <span class='ocrx_word' id='word_1_400' title='bbox 1187 3112 1295 3179; x_wconf 82' lang='grc'><strong>16).</strong></span> <span class='ocrx_word' id='word_1_401' title='bbox 1329 3112 1461 3166; x_wconf 81' lang='lat' dir='ltr'><strong>Hinc</strong></span> <span class='ocrx_word' id='word_1_402' title='bbox 1483 3122 1538 3165; x_wconf 88' lang='lat' dir='ltr'><strong>et</strong></span> <span class='ocrx_word' id='word_1_403' title='bbox 1562 3112 1713 3165; x_wconf 85' lang='lat' dir='ltr'><strong>Salo-</strong></span> 
     </span>
    </p>
   </div>
   <div class='ocr_carea' id='block_1_32' title="bbox 1806 1932 3384 1993">
    <p class='ocr_par' dir='ltr' id='par_1_32' title="bbox 1806 1932 3384 1993">
     <span class='ocr_line' id='line_1_32' title="bbox 1806 1932 3384 1993; baseline -0.002 -9"><span class='ocrx_word' id='word_1_404' title='bbox 1806 1941 1949 1993; x_wconf 89' lang='lat' dir='ltr'><strong>tene,</strong></span> <span class='ocrx_word' id='word_1_405' title='bbox 1975 1941 2065 1985; x_wconf 89' lang='lat' dir='ltr'><strong>aut</strong></span> <span class='ocrx_word' id='word_1_406' title='bbox 2096 1941 2259 1985; x_wconf 85' lang='lat' dir='ltr'><strong>tomm</strong></span> <span class='ocrx_word' id='word_1_407' title='bbox 2284 1932 2496 1987; x_wconf 85' lang='lat' dir='ltr'><strong>omitte.</strong></span> <span class='ocrx_word' id='word_1_408' title='bbox 2526 1932 2582 1985; x_wconf 91' lang='lat' dir='ltr'><strong>Si</strong></span> <span class='ocrx_word' id='word_1_409' title='bbox 2611 1933 2751 1985; x_wconf 89' lang='lat' dir='ltr'><strong>cnim</strong></span> <span class='ocrx_word' id='word_1_410' title='bbox 2782 1932 2939 1986; x_wconf 89' lang='lat' dir='ltr'><strong>unius</strong></span> <span class='ocrx_word' id='word_1_411' title='bbox 2964 1934 3275 1987; x_wconf 74' lang='lat' dir='ltr'><strong>substantia:</strong></span> <span class='ocrx_word' id='word_1_412' title='bbox 3303 1948 3384 1984; x_wconf 87' lang='lat' dir='ltr'><strong>vo-</strong></span> 
     </span>
    </p>
   </div>
   <div class='ocr_carea' id='block_1_33' title="bbox 1811 2024 3385 2093">
    <p class='ocr_par' dir='ltr' id='par_1_33' title="bbox 1811 2024 3385 2093">
     <span class='ocr_line' id='line_1_33' title="bbox 1811 2024 3385 2093; baseline -0.003 -14"><span class='ocrx_word' id='word_1_413' title='bbox 1811 2025 2055 2079; x_wconf 90' lang='lat' dir='ltr'><strong>cabulum</strong></span> <span class='ocrx_word' id='word_1_414' title='bbox 2098 2024 2218 2078; x_wconf 89' lang='lat' dir='ltr'><strong>inde</strong></span> <span class='ocrx_word' id='word_1_415' title='bbox 2260 2026 2415 2079; x_wconf 90' lang='lat' dir='ltr'><strong>times</strong></span> <span class='ocrx_word' id='word_1_416' title='bbox 2442 2025 2641 2085; x_wconf 87' lang='lat' dir='ltr'><strong>dicere,</strong></span> <span class='ocrx_word' id='word_1_417' title='bbox 2671 2025 2792 2091; x_wconf 87' lang='lat' dir='ltr'><strong>quia</strong></span> <span class='ocrx_word' id='word_1_418' title='bbox 2828 2025 3084 2093; x_wconf 88' lang='lat' dir='ltr'><strong>scriptum</strong></span> <span class='ocrx_word' id='word_1_419' title='bbox 3124 2039 3228 2077; x_wconf 90' lang='lat' dir='ltr'><strong>non</strong></span> <span class='ocrx_word' id='word_1_420' title='bbox 3271 2030 3385 2083; x_wconf 86' lang='lat' dir='ltr'><strong>est;</strong></span> 
     </span>
    </p>
   </div>
   <div class='ocr_carea' id='block_1_34' title="bbox 1808 2112 3385 2179">
    <p class='ocr_par' dir='ltr' id='par_1_34' title="bbox 1808 2112 3385 2179">
     <span class='ocr_line' id='line_1_34' title="bbox 1808 2112 3385 2179; baseline -0.004 -11"><span class='ocrx_word' id='word_1_421' title='bbox 1808 2118 1995 2169; x_wconf 88' lang='lat' dir='ltr'><strong>timere</strong></span> <span class='ocrx_word' id='word_1_422' title='bbox 2043 2114 2330 2170; x_wconf 88' lang='lat' dir='ltr'><strong>identidem</strong></span> <span class='ocrx_word' id='word_1_423' title='bbox 2376 2115 2539 2169; x_wconf 86' lang='lat' dir='ltr'><strong>debes</strong></span> <span class='ocrx_word' id='word_1_424' title='bbox 2591 2115 2753 2169; x_wconf 88' lang='lat' dir='ltr'><strong>Deum</strong></span> <span class='ocrx_word' id='word_1_425' title='bbox 2811 2130 2874 2169; x_wconf 80' lang='lat' dir='ltr'><strong>ex</strong></span> <span class='ocrx_word' id='word_1_426' title='bbox 2922 2114 3061 2179; x_wconf 88' lang='lat' dir='ltr'><strong>Deo,</strong></span> <span class='ocrx_word' id='word_1_427' title='bbox 3109 2123 3163 2167; x_wconf 93' lang='lat' dir='ltr'><strong>et</strong></span> <span class='ocrx_word' id='word_1_428' title='bbox 3207 2112 3385 2165; x_wconf 89' lang='lat' dir='ltr'><strong>lumen</strong></span> 
     </span>
    </p>
   </div>
   <div class='ocr_carea' id='block_1_35' title="bbox 1807 2206 3383 2277">
    <p class='ocr_par' dir='ltr' id='par_1_35' title="bbox 1807 2206 3383 2277">
     <span class='ocr_line' id='line_1_35' title="bbox 1807 2206 3383 2277; baseline -0.003 -15"><span class='ocrx_word' id='word_1_429' title='bbox 1807 2223 1871 2262; x_wconf 83' lang='lat' dir='ltr'><strong>ex</strong></span> <span class='ocrx_word' id='word_1_430' title='bbox 1899 2208 2096 2262; x_wconf 88' lang='lat' dir='ltr'><strong>lumine</strong></span> <span class='ocrx_word' id='word_1_431' title='bbox 2126 2208 2382 2277; x_wconf 69' lang='lat' dir='ltr'><strong>proliteri.</strong></span> <span class='ocrx_word' id='word_1_432' title='bbox 2410 2208 2513 2262; x_wconf 75' lang='lat' dir='ltr'><strong>Sed</strong></span> <span class='ocrx_word' id='word_1_433' title='bbox 2543 2222 2642 2274; x_wconf 83' lang='lat' dir='ltr'><strong>ego</strong></span> <span class='ocrx_word' id='word_1_434' title='bbox 2675 2207 2841 2275; x_wconf 90' lang='lat' dir='ltr'><strong>probo</strong></span> <span class='ocrx_word' id='word_1_435' title='bbox 2875 2206 3036 2261; x_wconf 87' lang='lat' dir='ltr'><strong>Deum</strong></span> <span class='ocrx_word' id='word_1_436' title='bbox 3067 2207 3137 2259; x_wconf 89' lang='lat' dir='ltr'><strong>de</strong></span> <span class='ocrx_word' id='word_1_437' title='bbox 3165 2206 3297 2269; x_wconf 88' lang='lat' dir='ltr'><strong>Deo,</strong></span> <span class='ocrx_word' id='word_1_438' title='bbox 3329 2214 3383 2257; x_wconf 88' lang='lat' dir='ltr'><strong>et</strong></span> 
     </span>
    </p>
   </div>
   <div class='ocr_carea' id='block_1_36' title="bbox 1808 2294 3382 2361">
    <p class='ocr_par' dir='ltr' id='par_1_36' title="bbox 1808 2294 3382 2361">
     <span class='ocr_line' id='line_1_36' title="bbox 1808 2294 3382 2361; baseline -0.003 -12"><span class='ocrx_word' id='word_1_439' title='bbox 1808 2296 1983 2350; x_wconf 91' lang='lat' dir='ltr'><strong>lumen</strong></span> <span class='ocrx_word' id='word_1_440' title='bbox 2015 2296 2083 2350; x_wconf 87' lang='lat' dir='ltr'><strong>de</strong></span> <span class='ocrx_word' id='word_1_441' title='bbox 2113 2298 2329 2361; x_wconf 89' lang='lat' dir='ltr'><strong>lumine,</strong></span> <span class='ocrx_word' id='word_1_442' title='bbox 2358 2305 2411 2350; x_wconf 89' lang='lat' dir='ltr'><strong>et</strong></span> <span class='ocrx_word' id='word_1_443' title='bbox 2442 2296 2597 2349; x_wconf 90' lang='lat' dir='ltr'><strong>unius</strong></span> <span class='ocrx_word' id='word_1_444' title='bbox 2629 2296 2942 2348; x_wconf 74' lang='lat' dir='ltr'><strong>substantia:</strong></span> <span class='ocrx_word' id='word_1_445' title='bbox 2984 2296 3301 2348; x_wconf 85' lang='lat' dir='ltr'><strong>vocabulum</strong></span> <span class='ocrx_word' id='word_1_446' title='bbox 3330 2294 3382 2346; x_wconf 90' lang='lat' dir='ltr'><strong>in</strong></span> 
     </span>
    </p>
   </div>
   <div class='ocr_carea' id='block_1_37' title="bbox 1809 2382 3383 2454">
    <p class='ocr_par' dir='ltr' id='par_1_37' title="bbox 1809 2382 3383 2454">
     <span class='ocr_line' id='line_1_37' title="bbox 1809 2382 3383 2454; baseline -0.004 -15"><span class='ocrx_word' id='word_1_447' title='bbox 1809 2386 2001 2439; x_wconf 79' lang='lat' dir='ltr'><strong>divinis</strong></span> <span class='ocrx_word' id='word_1_448' title='bbox 2029 2386 2317 2454; x_wconf 88' lang='lat' dir='ltr'><strong>Scripturis</strong></span> <span class='ocrx_word' id='word_1_449' title='bbox 2352 2384 2635 2439; x_wconf 86' lang='lat' dir='ltr'><strong>contineri.</strong></span> <span class='ocrx_word' id='word_1_450' title='bbox 2675 2382 2805 2437; x_wconf 87' lang='lat' dir='ltr'><strong>Cum</strong></span> <span class='ocrx_word' id='word_1_451' title='bbox 2838 2384 2980 2436; x_wconf 90' lang='lat' dir='ltr'><strong>enim</strong></span> <span class='ocrx_word' id='word_1_452' title='bbox 3024 2385 3137 2451; x_wconf 88' lang='lat' dir='ltr'><strong>ipse</strong></span> <span class='ocrx_word' id='word_1_453' title='bbox 3170 2384 3260 2436; x_wconf 88' lang='lat' dir='ltr'><strong>Dei</strong></span> <span class='ocrx_word' id='word_1_454' title='bbox 3293 2382 3383 2435; x_wconf 80' lang='lat' dir='ltr'><strong>Fi-</strong></span> 
     </span>
    </p>
   </div>
   <div class='ocr_carea' id='block_1_38' title="bbox 1811 2471 3393 2543">
    <p class='ocr_par' dir='ltr' id='par_1_38' title="bbox 1811 2471 3393 2543">
     <span class='ocr_line' id='line_1_38' title="bbox 1811 2471 3393 2543; baseline -0.006 -14"><span class='ocrx_word' id='word_1_455' title='bbox 1811 2476 1913 2529; x_wconf 88' lang='lat' dir='ltr'><strong>lius</strong></span> <span class='ocrx_word' id='word_1_456' title='bbox 1950 2478 2037 2543; x_wconf 90' lang='lat' dir='ltr'><strong>qui</strong></span> <span class='ocrx_word' id='word_1_457' title='bbox 2071 2476 2208 2529; x_wconf 89' lang='lat' dir='ltr'><strong>Dens</strong></span> <span class='ocrx_word' id='word_1_458' title='bbox 2238 2486 2350 2539; x_wconf 88' lang='lat' dir='ltr'><strong>est,</strong></span> <span class='ocrx_word' id='word_1_459' title='bbox 2388 2475 2445 2527; x_wconf 92' lang='lat' dir='ltr'><strong>in</strong></span> <span class='ocrx_word' id='word_1_460' title='bbox 2490 2474 2779 2541; x_wconf 80' lang='lat' dir='ltr'><strong>Evangelia</strong></span> <span class='ocrx_word' id='word_1_461' title='bbox 2820 2487 2918 2525; x_wconf 89' lang='lat' dir='ltr'><strong>suo</strong></span> <span class='ocrx_word' id='word_1_462' title='bbox 2949 2473 3091 2525; x_wconf 88' lang='lat' dir='ltr'><strong>dicat</strong></span> <span class='ocrx_word' id='word_1_463' title='bbox 3126 2489 3137 2522; x_wconf 93' lang='lat'><strong>:</strong></span> <span class='ocrx_word' id='word_1_464' title='bbox 3177 2471 3284 2543; x_wconf 81' lang='lat' dir='ltr'><strong>Ego</strong></span> <span class='ocrx_word' id='word_1_465' title='bbox 3330 2471 3393 2521; x_wconf 87' lang='lat' dir='ltr'><strong>de</strong></span> 
     </span>
    </p>
   </div>
   <div class='ocr_carea' id='block_1_39' title="bbox 1814 2560 3393 2635">
    <p class='ocr_par' dir='ltr' id='par_1_39' title="bbox 1814 2560 3393 2635">
     <span class='ocr_line' id='line_1_39' title="bbox 1814 2560 3393 2635; baseline -0.003 -18"><span class='ocrx_word' id='word_1_466' title='bbox 1814 2564 1971 2618; x_wconf 88' lang='lat' dir='ltr'><strong>Patre</strong></span> <span class='ocrx_word' id='word_1_467' title='bbox 2010 2565 2141 2617; x_wconf 69' lang='lat' dir='ltr'><strong>exivi</strong></span> <span class='ocrx_word' id='word_1_468' title='bbox 2177 2563 2365 2635; x_wconf 86' lang='lat' dir='ltr'><strong>(Joan.</strong></span> <span class='ocrx_word' id='word_1_469' title='bbox 2394 2579 2512 2627; x_wconf 72' lang='lat' dir='ltr'><strong>xw,</strong></span> <span class='ocrx_word' id='word_1_470' title='bbox 2539 2562 2632 2630; x_wconf 68' lang='lat'><strong>28)</strong></span> <span class='ocrx_word' id='word_1_471' title='bbox 2676 2580 2686 2589; x_wconf 91' lang='grc'><strong>·</strong></span> <span class='ocrx_word' id='word_1_472' title='bbox 2731 2563 2849 2629; x_wconf 84' lang='lat' dir='ltr'><strong>jure</strong></span> <span class='ocrx_word' id='word_1_473' title='bbox 2886 2570 2940 2613; x_wconf 85' lang='lat' dir='ltr'><strong>et</strong></span> <span class='ocrx_word' id='word_1_474' title='bbox 2981 2560 3175 2614; x_wconf 84' lang='lat' dir='ltr'><strong>merito</strong></span> <span class='ocrx_word' id='word_1_475' title='bbox 3227 2560 3393 2613; x_wconf 74' lang='lat' dir='ltr'><strong>Deum</strong></span> 
     </span>
    </p>
   </div>
   <div class='ocr_carea' id='block_1_40' title="bbox 1813 2650 3391 2723">
    <p class='ocr_par' dir='ltr' id='par_1_40' title="bbox 1813 2650 3391 2723">
     <span class='ocr_line' id='line_1_40' title="bbox 1813 2650 3391 2723; baseline -0.004 -15"><span class='ocrx_word' id='word_1_476' title='bbox 1813 2654 1880 2708; x_wconf 93' lang='lat' dir='ltr'><strong>de</strong></span> <span class='ocrx_word' id='word_1_477' title='bbox 1910 2655 2017 2709; x_wconf 90' lang='lat' dir='ltr'><strong>Deo</strong></span> <span class='ocrx_word' id='word_1_478' title='bbox 2056 2655 2395 2723; x_wconf 85' lang='lat' dir='ltr'><strong>prolitemur;</strong></span> <span class='ocrx_word' id='word_1_479' title='bbox 2422 2654 2547 2722; x_wconf 89' lang='lat' dir='ltr'><strong>quia</strong></span> <span class='ocrx_word' id='word_1_480' title='bbox 2591 2653 2656 2706; x_wconf 92' lang='lat' dir='ltr'><strong>de</strong></span> <span class='ocrx_word' id='word_1_481' title='bbox 2690 2651 2799 2705; x_wconf 87' lang='lat' dir='ltr'><strong>Deo</strong></span> <span class='ocrx_word' id='word_1_482' title='bbox 2834 2650 2991 2705; x_wconf 84' lang='lat' dir='ltr'><strong>Patre</strong></span> <span class='ocrx_word' id='word_1_483' title='bbox 3032 2651 3220 2704; x_wconf 79' lang='lat' dir='ltr'><strong>Filium</strong></span> <span class='ocrx_word' id='word_1_484' title='bbox 3259 2650 3391 2715; x_wconf 91' lang='lat' dir='ltr'><strong>Dei,</strong></span> 
     </span>
    </p>
   </div>
   <div class='ocr_carea' id='block_1_41' title="bbox 1815 2746 3391 2825">
    <p class='ocr_par' dir='ltr' id='par_1_41' title="bbox 1815 2746 3391 2825">
     <span class='ocr_line' id='line_1_41' title="bbox 1815 2746 3391 2825; baseline -0.003 -25"><span class='ocrx_word' id='word_1_485' title='bbox 1815 2746 1979 2800; x_wconf 91' lang='lat' dir='ltr'><strong>Deum</strong></span> <span class='ocrx_word' id='word_1_486' title='bbox 2010 2763 2191 2801; x_wconf 84' lang='lat' dir='ltr'><strong>verum</strong></span> <span class='ocrx_word' id='word_1_487' title='bbox 2233 2747 2298 2801; x_wconf 90' lang='lat' dir='ltr'><strong>de</strong></span> <span class='ocrx_word' id='word_1_488' title='bbox 2327 2748 2434 2799; x_wconf 92' lang='lat' dir='ltr'><strong>Deo</strong></span> <span class='ocrx_word' id='word_1_489' title='bbox 2465 2760 2593 2800; x_wconf 87' lang='lat' dir='ltr'><strong>vero</strong></span> <span class='ocrx_word' id='word_1_490' title='bbox 2625 2759 2803 2799; x_wconf 88' lang='lat' dir='ltr'><strong>natum</strong></span> <span class='ocrx_word' id='word_1_491' title='bbox 2834 2760 2953 2825; x_wconf 54' lang='lat' dir='ltr'><strong>esse</strong></span> <span class='ocrx_word' id='word_1_492' title='bbox 2994 2748 3391 2813; x_wconf 78' lang='lat' dir='ltr'><strong>cognoscimus.</strong></span> 
     </span>
    </p>
   </div>
   <div class='ocr_carea' id='block_1_42' title="bbox 1817 2820 3395 2906">
    <p class='ocr_par' dir='ltr' id='par_1_42' title="bbox 1817 2820 3395 2906">
     <span class='ocr_line' id='line_1_42' title="bbox 1817 2820 3395 2906; baseline -0.001 -16"><span class='ocrx_word' id='word_1_493' title='bbox 1817 2836 1922 2890; x_wconf 87' lang='lat' dir='ltr'><strong>Sed</strong></span> <span class='ocrx_word' id='word_1_494' title='bbox 1955 2851 2059 2890; x_wconf 88' lang='lat' dir='ltr'><strong>non</strong></span> <span class='ocrx_word' id='word_1_495' title='bbox 2105 2852 2169 2889; x_wconf 88' lang='lat' dir='ltr'><strong>eo</strong></span> <span class='ocrx_word' id='word_1_496' title='bbox 2199 2820 2412 2906; x_wconf 43' lang='lat' dir='ltr'><strong>genere.</strong></span> <span class='ocrx_word' id='word_1_497' title='bbox 2437 2846 2493 2890; x_wconf 86' lang='lat' dir='ltr'><strong>ut</strong></span> <span class='ocrx_word' id='word_1_498' title='bbox 2523 2851 2619 2902; x_wconf 82' lang='lat' dir='ltr'><strong>nos</strong></span> <span class='ocrx_word' id='word_1_499' title='bbox 2647 2836 2717 2888; x_wconf 89' lang='lat' dir='ltr'><strong>dii</strong></span> <span class='ocrx_word' id='word_1_500' title='bbox 2748 2820 2930 2888; x_wconf 85' lang='lat' dir='ltr'><strong>sumus</strong></span> <span class='ocrx_word' id='word_1_501' title='bbox 2960 2836 3117 2906; x_wconf 70' lang='lat'><strong>512</strong></span> <span class='ocrx_word' id='word_1_502' title='bbox 3142 2835 3395 2905; x_wconf 79' lang='lat' dir='ltr'><strong>appellati</strong></span> 
     </span>
    </p>
   </div>
   <div class='ocr_carea' id='block_1_43' title="bbox 1816 2924 3397 2995">
    <p class='ocr_par' dir='ltr' id='par_1_43' title="bbox 1816 2924 3397 2995">
     <span class='ocr_line' id='line_1_43' title="bbox 1816 2924 3397 2995; baseline 0.002 -18"><span class='ocrx_word' id='word_1_503' title='bbox 1816 2924 1995 2995; x_wconf 83' lang='lat' dir='ltr'><strong>(Psal.</strong></span> <span class='ocrx_word' id='word_1_504' title='bbox 2049 2941 2239 2989; x_wconf 78' lang='lat' dir='ltr'><strong>um,</strong></span> <span class='ocrx_word' id='word_1_505' title='bbox 2279 2926 2377 2995; x_wconf 85' lang='lat'><strong>6);</strong></span> <span class='ocrx_word' id='word_1_506' title='bbox 2437 2927 2519 2979; x_wconf 88' lang='lat' dir='ltr'><strong>vel</strong></span> <span class='ocrx_word' id='word_1_507' title='bbox 2566 2936 2623 2980; x_wconf 90' lang='lat' dir='ltr'><strong>ut</strong></span> <span class='ocrx_word' id='word_1_508' title='bbox 2667 2925 2876 2995; x_wconf 65' lang='lat' dir='ltr'><strong>Moyses</strong></span> <span class='ocrx_word' id='word_1_509' title='bbox 2920 2926 3215 2980; x_wconf 73' lang='lat' dir='ltr'><strong>Pharaonis</strong></span> <span class='ocrx_word' id='word_1_510' title='bbox 3260 2929 3397 2981; x_wconf 76' lang='lat' dir='ltr'><strong>lleus</strong></span> 
     </span>
    </p>
   </div>
   <div class='ocr_carea' id='block_1_44' title="bbox 1815 3017 3400 3089">
    <p class='ocr_par' dir='ltr' id='par_1_44' title="bbox 1815 3017 3400 3089">
     <span class='ocr_line' id='line_1_44' title="bbox 1815 3017 3400 3089; baseline 0.001 -18"><span class='ocrx_word' id='word_1_511' title='bbox 1815 3026 1895 3071; x_wconf 84' lang='lat' dir='ltr'><strong>est</strong></span> <span class='ocrx_word' id='word_1_512' title='bbox 1922 3017 2093 3071; x_wconf 89' lang='lat' dir='ltr'><strong>dictus</strong></span> <span class='ocrx_word' id='word_1_513' title='bbox 2129 3018 2322 3087; x_wconf 70' lang='lat' dir='ltr'><strong>(Exod.</strong></span> <span class='ocrx_word' id='word_1_514' title='bbox 2351 3034 2469 3082; x_wconf 83' lang='lat' dir='ltr'><strong>vin,</strong></span> <span class='ocrx_word' id='word_1_515' title='bbox 2497 3018 2584 3089; x_wconf 78' lang='lat' dir='ltr'><strong>i);</strong></span> <span class='ocrx_word' id='word_1_516' title='bbox 2612 3019 2705 3073; x_wconf 89' lang='lat' dir='ltr'><strong>sed</strong></span> <span class='ocrx_word' id='word_1_517' title='bbox 2744 3020 2866 3087; x_wconf 88' lang='lat' dir='ltr'><strong>quia</strong></span> <span class='ocrx_word' id='word_1_518' title='bbox 2902 3035 3061 3074; x_wconf 74' lang='lat' dir='ltr'><strong>vt-rus</strong></span> <span class='ocrx_word' id='word_1_519' title='bbox 3097 3021 3291 3087; x_wconf 82' lang='lat' dir='ltr'><strong>Filius,</strong></span> <span class='ocrx_word' id='word_1_520' title='bbox 3331 3022 3400 3074; x_wconf 88' lang='lat' dir='ltr'><strong>de</strong></span> 
     </span>
    </p>
   </div>
   <div class='ocr_carea' id='block_1_45' title="bbox 1815 3112 3401 3179">
    <p class='ocr_par' dir='ltr' id='par_1_45' title="bbox 1815 3112 3401 3179">
     <span class='ocr_line' id='line_1_45' title="bbox 1815 3112 3401 3179; baseline 0.002 -16"><span class='ocrx_word' id='word_1_521' title='bbox 1815 3127 1941 3164; x_wconf 81' lang='lat' dir='ltr'><strong>vero</strong></span> <span class='ocrx_word' id='word_1_522' title='bbox 1977 3113 2128 3165; x_wconf 82' lang='lat' dir='ltr'><strong>Patre</strong></span> <span class='ocrx_word' id='word_1_523' title='bbox 2160 3125 2344 3175; x_wconf 85' lang='lat' dir='ltr'><strong>natus,</strong></span> <span class='ocrx_word' id='word_1_524' title='bbox 2378 3128 2481 3165; x_wconf 90' lang='lat' dir='ltr'><strong>non</strong></span> <span class='ocrx_word' id='word_1_525' title='bbox 2513 3112 2680 3167; x_wconf 79' lang='lat' dir='ltr'><strong>factus</strong></span> <span class='ocrx_word' id='word_1_526' title='bbox 2704 3122 2818 3179; x_wconf 90' lang='lat' dir='ltr'><strong>est,</strong></span> <span class='ocrx_word' id='word_1_527' title='bbox 2844 3128 2969 3167; x_wconf 82' lang='lat' dir='ltr'><strong>vere</strong></span> <span class='ocrx_word' id='word_1_528' title='bbox 2990 3124 3044 3168; x_wconf 90' lang='lat' dir='ltr'><strong>et</strong></span> <span class='ocrx_word' id='word_1_529' title='bbox 3066 3113 3401 3168; x_wconf 80' lang='lat' dir='ltr'><strong>conﬁdenter</strong></span> 
     </span>
    </p>
   </div>
   <div class='ocr_carea' id='block_1_46' title="bbox 124 3201 3400 3271">
    <p class='ocr_par' dir='ltr' id='par_1_46' title="bbox 124 3201 3400 3271">
     <span class='ocr_line' id='line_1_46' title="bbox 124 3201 3400 3271; baseline -0.001 -11"><span class='ocrx_word' id='word_1_530' title='bbox 124 3222 260 3261; x_wconf 91' lang='lat' dir='ltr'><strong>mon</strong></span> <span class='ocrx_word' id='word_1_531' title='bbox 287 3224 301 3261; x_wconf 87' lang='lat'><strong>:</strong></span> <span class='ocrx_word' id='word_1_532' title='bbox 330 3205 457 3260; x_wconf 90' lang='lat' dir='ltr'><strong>Cum</strong></span> <span class='ocrx_word' id='word_1_533' title='bbox 475 3206 766 3271; x_wconf 83' lang='lat' dir='ltr'><strong>sit,inquit,</strong></span> <span class='ocrx_word' id='word_1_534' title='bbox 790 3219 914 3267; x_wconf 85' lang='lat' dir='ltr'><strong>una,</strong></span> <span class='ocrx_word' id='word_1_535' title='bbox 937 3203 1105 3254; x_wconf 81' lang='lat' dir='ltr'><strong>omnia</strong></span> <span class='ocrx_word' id='word_1_536' title='bbox 1136 3212 1312 3265; x_wconf 82' lang='lat' dir='ltr'><strong>potest.</strong></span> <span class='ocrx_word' id='word_1_537' title='bbox 1342 3212 1390 3254; x_wconf 83' lang='lat' dir='ltr'><strong>et</strong></span> <span class='ocrx_word' id='word_1_538' title='bbox 1420 3217 1719 3266; x_wconf 85' lang='lat' dir='ltr'><strong>permanens</strong></span> <span class='ocrx_word' id='word_1_539' title='bbox 1747 3210 1791 3271; x_wconf 72' lang='grc' dir='ltr'><strong>ε</strong></span> <span class='ocrx_word' id='word_1_540' title='bbox 1829 3204 1967 3255; x_wconf 86' lang='lat' dir='ltr'><strong>Deus</strong></span> <span class='ocrx_word' id='word_1_541' title='bbox 1999 3202 2065 3255; x_wconf 92' lang='lat' dir='ltr'><strong>de</strong></span> <span class='ocrx_word' id='word_1_542' title='bbox 2096 3202 2204 3256; x_wconf 91' lang='lat' dir='ltr'><strong>Deo</strong></span> <span class='ocrx_word' id='word_1_543' title='bbox 2226 3201 2481 3257; x_wconf 88' lang='lat' dir='ltr'><strong>dicendus</strong></span> <span class='ocrx_word' id='word_1_544' title='bbox 2517 3209 2618 3256; x_wconf 89' lang='lat' dir='ltr'><strong>est.</strong></span> <span class='ocrx_word' id='word_1_545' title='bbox 2656 3201 2747 3257; x_wconf 91' lang='lat' dir='ltr'><strong>Sic</strong></span> <span class='ocrx_word' id='word_1_546' title='bbox 2785 3212 2837 3256; x_wconf 89' lang='lat' dir='ltr'><strong>et</strong></span> <span class='ocrx_word' id='word_1_547' title='bbox 2876 3204 3053 3258; x_wconf 90' lang='lat' dir='ltr'><strong>lumen</strong></span> <span class='ocrx_word' id='word_1_548' title='bbox 3095 3203 3161 3257; x_wconf 88' lang='lat' dir='ltr'><strong>de</strong></span> <span class='ocrx_word' id='word_1_549' title='bbox 3201 3204 3400 3258; x_wconf 86' lang='lat' dir='ltr'><strong>lumine</strong></span> 
     </span>
    </p>
   </div>
   <div class='ocr_carea' id='block_1_47' title="bbox 124 3296 1708 3363">
    <p class='ocr_par' dir='ltr' id='par_1_47' title="bbox 124 3296 1708 3363">
     <span class='ocr_line' id='line_1_47' title="bbox 124 3296 1708 3363; baseline -0.006 -9"><span class='ocrx_word' id='word_1_550' title='bbox 124 3304 177 3354; x_wconf 86' lang='lat' dir='ltr'><strong>in</strong></span> <span class='ocrx_word' id='word_1_551' title='bbox 199 3318 279 3363; x_wconf 91' lang='lat' dir='ltr'><strong>se,</strong></span> <span class='ocrx_word' id='word_1_552' title='bbox 307 3302 476 3354; x_wconf 86' lang='lat' dir='ltr'><strong>ontnia</strong></span> <span class='ocrx_word' id='word_1_553' title='bbox 499 3302 725 3362; x_wconf 86' lang='lat' dir='ltr'><strong>innovat,</strong></span> <span class='ocrx_word' id='word_1_554' title='bbox 759 3306 804 3351; x_wconf 89' lang='lat' dir='ltr'><strong>et</strong></span> <span class='ocrx_word' id='word_1_555' title='bbox 837 3312 922 3363; x_wconf 78' lang='lat' dir='ltr'><strong>per</strong></span> <span class='ocrx_word' id='word_1_556' title='bbox 952 3299 1179 3348; x_wconf 78' lang='lat' dir='ltr'><strong>nationes</strong></span> <span class='ocrx_word' id='word_1_557' title='bbox 1204 3296 1255 3347; x_wconf 86' lang='lat' dir='ltr'><strong>in</strong></span> <span class='ocrx_word' id='word_1_558' title='bbox 1281 3297 1481 3348; x_wconf 84' lang='lat' dir='ltr'><strong>animas</strong></span> <span class='ocrx_word' id='word_1_559' title='bbox 1506 3306 1708 3347; x_wconf 82' lang='lat' dir='ltr'><strong>sanctas</strong></span> 
     </span>
    </p>
   </div>
   <div class='ocr_carea' id='block_1_48' title="bbox 124 3383 1711 3457">
    <p class='ocr_par' dir='ltr' id='par_1_48' title="bbox 124 3383 1711 3457">
     <span class='ocr_line' id='line_1_48' title="bbox 124 3383 1711 3457; baseline -0.004 -14"><span class='ocrx_word' id='word_1_560' title='bbox 124 3407 180 3443; x_wconf 87' lang='lat' dir='ltr'><strong>se</strong></span> <span class='ocrx_word' id='word_1_561' title='bbox 198 3392 446 3457; x_wconf 76' lang='lat' dir='ltr'><strong>transfert</strong></span> <span class='ocrx_word' id='word_1_562' title='bbox 472 3389 627 3457; x_wconf 85' lang='lat' dir='ltr'><strong>(Sop.</strong></span> <span class='ocrx_word' id='word_1_563' title='bbox 649 3403 743 3451; x_wconf 84' lang='lat' dir='ltr'><strong>vn,</strong></span> <span class='ocrx_word' id='word_1_564' title='bbox 765 3386 875 3453; x_wconf 69' lang='lat'><strong>27).</strong></span> <span class='ocrx_word' id='word_1_565' title='bbox 907 3385 1055 3449; x_wconf 77' lang='lat' dir='ltr'><strong>Quod</strong></span> <span class='ocrx_word' id='word_1_566' title='bbox 1081 3385 1402 3438; x_wconf 80' lang='lat' dir='ltr'><strong>conﬁrmans</strong></span> <span class='ocrx_word' id='word_1_567' title='bbox 1425 3383 1711 3451; x_wconf 79' lang='lat' dir='ltr'><strong>Apostolus</strong></span> 
     </span>
    </p>
   </div>
   <div class='ocr_carea' id='block_1_49' title="bbox 126 3474 1715 3545">
    <p class='ocr_par' dir='ltr' id='par_1_49' title="bbox 126 3474 1715 3545">
     <span class='ocr_line' id='line_1_49' title="bbox 126 3474 1715 3545; baseline -0.006 -14"><span class='ocrx_word' id='word_1_568' title='bbox 126 3491 236 3545; x_wconf 69' lang='grc' dir='ltr'>εει,</span> <span class='ocrx_word' id='word_1_569' title='bbox 273 3482 325 3533; x_wconf 92' lang='lat' dir='ltr'><strong>in</strong></span> <span class='ocrx_word' id='word_1_570' title='bbox 371 3479 623 3531; x_wconf 86' lang='lat' dir='ltr'><strong>interiore</strong></span> <span class='ocrx_word' id='word_1_571' title='bbox 655 3478 869 3530; x_wconf 87' lang='lat' dir='ltr'><strong>homine</strong></span> <span class='ocrx_word' id='word_1_572' title='bbox 917 3476 1155 3528; x_wconf 77' lang='lat' dir='ltr'><strong>habiare</strong></span> <span class='ocrx_word' id='word_1_573' title='bbox 1190 3474 1459 3527; x_wconf 36' lang='lat' dir='ltr'><strong>Christum</strong></span> <span class='ocrx_word' id='word_1_574' title='bbox 1483 3514 1496 3536; x_wconf 95' lang='lat'><strong>,</strong></span> <span class='ocrx_word' id='word_1_575' title='bbox 1528 3484 1583 3526; x_wconf 90' lang='lat' dir='ltr'><strong>ut</strong></span> <span class='ocrx_word' id='word_1_576' title='bbox 1622 3490 1715 3540; x_wconf 82' lang='lat' dir='ltr'><strong>per</strong></span> 
     </span>
    </p>
   </div>
   <div class='ocr_carea' id='block_1_50' title="bbox 126 3563 1710 3637">
    <p class='ocr_par' dir='ltr' id='par_1_50' title="bbox 126 3563 1710 3637">
     <span class='ocr_line' id='line_1_50' title="bbox 126 3563 1710 3637; baseline -0.004 -18"><span class='ocrx_word' id='word_1_577' title='bbox 126 3584 296 3635; x_wconf 86' lang='lat' dir='ltr'><strong>quem</strong></span> <span class='ocrx_word' id='word_1_578' title='bbox 321 3584 346 3620; x_wconf 86' lang='lat' dir='ltr'><strong>a</strong></span> <span class='ocrx_word' id='word_1_579' title='bbox 381 3568 637 3637; x_wconf 89' lang='lat' dir='ltr'><strong>principio</strong></span> <span class='ocrx_word' id='word_1_580' title='bbox 670 3567 846 3618; x_wconf 89' lang='lat' dir='ltr'><strong>omnia</strong></span> <span class='ocrx_word' id='word_1_581' title='bbox 879 3563 1010 3617; x_wconf 76' lang='lat' dir='ltr'><strong>facta</strong></span> <span class='ocrx_word' id='word_1_582' title='bbox 1042 3574 1196 3626; x_wconf 88' lang='lat' dir='ltr'><strong>sunt,</strong></span> <span class='ocrx_word' id='word_1_583' title='bbox 1227 3579 1322 3629; x_wconf 91' lang='lat' dir='ltr'><strong>per</strong></span> <span class='ocrx_word' id='word_1_584' title='bbox 1362 3564 1533 3631; x_wconf 88' lang='lat' dir='ltr'><strong>ipsum</strong></span> <span class='ocrx_word' id='word_1_585' title='bbox 1574 3572 1628 3616; x_wconf 87' lang='lat' dir='ltr'><strong>et</strong></span> <span class='ocrx_word' id='word_1_586' title='bbox 1661 3565 1710 3615; x_wconf 90' lang='lat' dir='ltr'><strong>in</strong></span> 
     </span>
    </p>
   </div>
   <div class='ocr_carea' id='block_1_51' title="bbox 126 3654 1248 3726">
    <p class='ocr_par' dir='ltr' id='par_1_51' title="bbox 126 3654 1248 3726">
     <span class='ocr_line' id='line_1_51' title="bbox 126 3654 1248 3726; baseline -0.005 -11"><span class='ocrx_word' id='word_1_587' title='bbox 126 3662 240 3717; x_wconf 74' lang='lat' dir='ltr'><strong>(inc</strong></span> <span class='ocrx_word' id='word_1_588' title='bbox 265 3672 453 3715; x_wconf 88' lang='lat' dir='ltr'><strong>cuncta</strong></span> <span class='ocrx_word' id='word_1_589' title='bbox 483 3660 753 3714; x_wconf 82' lang='lat' dir='ltr'><strong>salventur</strong></span> <span class='ocrx_word' id='word_1_590' title='bbox 778 3654 993 3726; x_wconf 85' lang='lat' dir='ltr'><strong>(Ephes.</strong></span> <span class='ocrx_word' id='word_1_591' title='bbox 1022 3671 1107 3718; x_wconf 89' lang='lat' dir='ltr'><strong>m,</strong></span> <span class='ocrx_word' id='word_1_592' title='bbox 1140 3656 1248 3723; x_wconf 85' lang='lat' dir='ltr'><strong>l6).</strong></span> 
     </span>
    </p>
   </div>
   <div class='ocr_carea' id='block_1_52' title="bbox 744 3747 1100 3802">
    <p class='ocr_par' dir='ltr' id='par_1_52' title="bbox 744 3747 1100 3802">
     <span class='ocr_line' id='line_1_52' title="bbox 744 3747 1100 3802; baseline -0.003 -1"><span class='ocrx_word' id='word_1_593' title='bbox 744 3747 974 3802; x_wconf 81' lang='lat' dir='ltr'><strong>CAPUT</strong></span> <span class='ocrx_word' id='word_1_594' title='bbox 1015 3747 1100 3800; x_wconf 91' lang='lat' dir='ltr'><strong>Ill.</strong></span> 
     </span>
    </p>
   </div>
   <div class='ocr_carea' id='block_1_53' title="bbox 202 3833 1718 3907">
    <p class='ocr_par' dir='ltr' id='par_1_53' title="bbox 202 3833 1718 3907">
     <span class='ocr_line' id='line_1_53' title="bbox 202 3833 1718 3907; baseline -0.006 -11"><span class='ocrx_word' id='word_1_595' title='bbox 202 3840 318 3896; x_wconf 85' lang='lat' dir='ltr'><strong>Sed</strong></span> <span class='ocrx_word' id='word_1_596' title='bbox 358 3839 489 3892; x_wconf 89' lang='lat' dir='ltr'><strong>dicis</strong></span> <span class='ocrx_word' id='word_1_597' title='bbox 519 3839 643 3892; x_wconf 88' lang='lat' dir='ltr'><strong>mihi</strong></span> <span class='ocrx_word' id='word_1_598' title='bbox 677 3837 935 3907; x_wconf 57' lang='lat' dir='ltr'><strong>duo-Jama,</strong></span> <span class='ocrx_word' id='word_1_599' title='bbox 982 3835 1032 3889; x_wconf 90' lang='lat' dir='ltr'><strong>id</strong></span> <span class='ocrx_word' id='word_1_600' title='bbox 1081 3846 1161 3889; x_wconf 84' lang='lat' dir='ltr'><strong>est</strong></span> <span class='ocrx_word' id='word_1_601' title='bbox 1209 3836 1365 3889; x_wconf 88' lang='lat' dir='ltr'><strong>unius</strong></span> <span class='ocrx_word' id='word_1_602' title='bbox 1407 3833 1718 3889; x_wconf 80' lang='lat' dir='ltr'><strong>substantite</strong></span> 
     </span>
    </p>
   </div>
   <div class='ocr_carea' id='block_1_54' title="bbox 126 3922 1714 3994">
    <p class='ocr_par' dir='ltr' id='par_1_54' title="bbox 126 3922 1714 3994">
     <span class='ocr_line' id='line_1_54' title="bbox 126 3922 1714 3994; baseline -0.005 -9"><span class='ocrx_word' id='word_1_603' title='bbox 126 3922 335 3985; x_wconf 75' lang='grc' dir='ltr'>πεπηεῆ</span> <span class='ocrx_word' id='word_1_604' title='bbox 367 3932 434 3982; x_wconf 87' lang='lat' dir='ltr'><strong>ob</strong></span> <span class='ocrx_word' id='word_1_605' title='bbox 468 3930 568 3981; x_wconf 88' lang='lat' dir='ltr'><strong>hoc</strong></span> <span class='ocrx_word' id='word_1_606' title='bbox 599 3930 857 3980; x_wconf 85' lang='lat' dir='ltr'><strong>nominari</strong></span> <span class='ocrx_word' id='word_1_607' title='bbox 890 3943 995 3978; x_wconf 89' lang='lat' dir='ltr'><strong>non</strong></span> <span class='ocrx_word' id='word_1_608' title='bbox 1024 3938 1292 3991; x_wconf 87' lang='lat' dir='ltr'><strong>oportere,</strong></span> <span class='ocrx_word' id='word_1_609' title='bbox 1325 3926 1447 3994; x_wconf 86' lang='lat' dir='ltr'><strong>quia</strong></span> <span class='ocrx_word' id='word_1_610' title='bbox 1482 3926 1531 3978; x_wconf 92' lang='lat' dir='ltr'><strong>in</strong></span> <span class='ocrx_word' id='word_1_611' title='bbox 1565 3925 1714 3978; x_wconf 89' lang='lat' dir='ltr'><strong>Scri-</strong></span> 
     </span>
    </p>
   </div>
   <div class='ocr_carea' id='block_1_55' title="bbox 128 4015 1711 4089">
    <p class='ocr_par' dir='ltr' id='par_1_55' title="bbox 128 4015 1711 4089">
     <span class='ocr_line' id='line_1_55' title="bbox 128 4015 1711 4089; baseline -0.003 -16"><span class='ocrx_word' id='word_1_612' title='bbox 128 4018 317 4089; x_wconf 85' lang='lat' dir='ltr'><strong>pturis</strong></span> <span class='ocrx_word' id='word_1_613' title='bbox 343 4018 535 4070; x_wconf 72' lang='lat' dir='ltr'><strong>divinis</strong></span> <span class='ocrx_word' id='word_1_614' title='bbox 574 4034 678 4069; x_wconf 90' lang='lat' dir='ltr'><strong>non</strong></span> <span class='ocrx_word' id='word_1_615' title='bbox 719 4032 818 4068; x_wconf 91' lang='lat' dir='ltr'><strong>con</strong></span> <span class='ocrx_word' id='word_1_616' title='bbox 846 4016 1040 4068; x_wconf 70' lang='lat' dir='ltr'><strong>inetur.</strong></span> <span class='ocrx_word' id='word_1_617' title='bbox 1080 4016 1276 4080; x_wconf 74' lang='lat' dir='ltr'><strong>Qitcro</strong></span> <span class='ocrx_word' id='word_1_618' title='bbox 1304 4029 1355 4070; x_wconf 88' lang='lat' dir='ltr'><strong>et</strong></span> <span class='ocrx_word' id='word_1_619' title='bbox 1391 4031 1513 4082; x_wconf 84' lang='lat' dir='ltr'><strong>ego,</strong></span> <span class='ocrx_word' id='word_1_620' title='bbox 1549 4015 1711 4068; x_wconf 80' lang='lat' dir='ltr'><strong>homo</strong></span> 
     </span>
    </p>
   </div>
   <div class='ocr_carea' id='block_1_56' title="bbox 123 4105 1715 4177">
    <p class='ocr_par' dir='ltr' id='par_1_56' title="bbox 123 4105 1715 4177">
     <span class='ocr_line' id='line_1_56' title="bbox 123 4105 1715 4177; baseline -0.001 -18"><span class='ocrx_word' id='word_1_621' title='bbox 123 4109 229 4177; x_wconf 82' lang='lat' dir='ltr'><strong>qui</strong></span> <span class='ocrx_word' id='word_1_622' title='bbox 268 4106 371 4158; x_wconf 86' lang='lat' dir='ltr'><strong>hoc</strong></span> <span class='ocrx_word' id='word_1_623' title='bbox 400 4106 671 4173; x_wconf 77' lang='lat' dir='ltr'><strong>prohibes,</strong></span> <span class='ocrx_word' id='word_1_624' title='bbox 695 4106 738 4157; x_wconf 88' lang='lat' dir='ltr'><strong>si</strong></span> <span class='ocrx_word' id='word_1_625' title='bbox 772 4105 890 4158; x_wconf 92' lang='lat' dir='ltr'><strong>ideo</strong></span> <span class='ocrx_word' id='word_1_626' title='bbox 929 4106 1189 4158; x_wconf 85' lang='lat' dir='ltr'><strong>nominari</strong></span> <span class='ocrx_word' id='word_1_627' title='bbox 1231 4123 1335 4159; x_wconf 80' lang='grc' dir='ltr'>ιιιιιι</span> <span class='ocrx_word' id='word_1_628' title='bbox 1366 4106 1560 4167; x_wconf 88' lang='lat' dir='ltr'><strong>debet,</strong></span> <span class='ocrx_word' id='word_1_629' title='bbox 1593 4105 1715 4171; x_wconf 89' lang='lat' dir='ltr'><strong>quia</strong></span> 
     </span>
    </p>
   </div>
   <div class='ocr_carea' id='block_1_57' title="bbox 126 4196 1722 4261">
    <p class='ocr_par' dir='ltr' id='par_1_57' title="bbox 126 4196 1722 4261">
     <span class='ocr_line' id='line_1_57' title="bbox 126 4196 1722 4261; baseline 0.002 -14"><span class='ocrx_word' id='word_1_630' title='bbox 126 4196 352 4261; x_wconf 76' lang='lat' dir='ltr'><strong>scriptu</strong></span> <span class='ocrx_word' id='word_1_631' title='bbox 377 4212 405 4245; x_wconf 88' lang='grc' dir='ltr'><strong>ιι</strong></span> <span class='ocrx_word' id='word_1_632' title='bbox 440 4211 541 4246; x_wconf 79' lang='grc' dir='ltr'>ιιι-ιι</span> <span class='ocrx_word' id='word_1_633' title='bbox 571 4206 680 4257; x_wconf 83' lang='lat' dir='ltr'><strong>est,</strong></span> <span class='ocrx_word' id='word_1_634' title='bbox 704 4211 767 4247; x_wconf 89' lang='lat' dir='ltr'><strong>an</strong></span> <span class='ocrx_word' id='word_1_635' title='bbox 790 4198 909 4261; x_wconf 86' lang='lat' dir='ltr'><strong>quia</strong></span> <span class='ocrx_word' id='word_1_636' title='bbox 942 4197 1011 4248; x_wconf 90' lang='lat' dir='ltr'><strong>ita</strong></span> <span class='ocrx_word' id='word_1_637' title='bbox 1040 4197 1184 4249; x_wconf 82' lang='lat' dir='ltr'><strong>credi</strong></span> <span class='ocrx_word' id='word_1_638' title='bbox 1211 4213 1316 4249; x_wconf 91' lang='lat' dir='ltr'><strong>non</strong></span> <span class='ocrx_word' id='word_1_639' title='bbox 1348 4197 1538 4249; x_wconf 80' lang='lat' dir='ltr'><strong>liceat?</strong></span> <span class='ocrx_word' id='word_1_640' title='bbox 1570 4197 1722 4261; x_wconf 89' lang='lat' dir='ltr'><strong>Quod</strong></span> 
     </span>
    </p>
   </div>
   <div class='ocr_carea' id='block_1_58' title="bbox 126 4283 1728 4351">
    <p class='ocr_par' dir='ltr' id='par_1_58' title="bbox 126 4283 1728 4351">
     <span class='ocr_line' id='line_1_58' title="bbox 126 4283 1728 4351; baseline -0.002 -11"><span class='ocrx_word' id='word_1_641' title='bbox 126 4287 180 4340; x_wconf 84' lang='lat' dir='ltr'><strong>si</strong></span> <span class='ocrx_word' id='word_1_642' title='bbox 218 4287 298 4337; x_wconf 84' lang='lat' dir='ltr'><strong>ita</strong></span> <span class='ocrx_word' id='word_1_643' title='bbox 320 4283 643 4337; x_wconf 83' lang='lat' dir='ltr'><strong>credendum</strong></span> <span class='ocrx_word' id='word_1_644' title='bbox 669 4293 780 4341; x_wconf 84' lang='lat' dir='ltr'><strong>est.</strong></span> <span class='ocrx_word' id='word_1_645' title='bbox 807 4301 901 4336; x_wconf 81' lang='lat' dir='ltr'><strong>cur</strong></span> <span class='ocrx_word' id='word_1_646' title='bbox 922 4302 1028 4337; x_wconf 90' lang='lat' dir='ltr'><strong>non</strong></span> <span class='ocrx_word' id='word_1_647' title='bbox 1054 4292 1121 4337; x_wconf 89' lang='lat' dir='ltr'><strong>ita</strong></span> <span class='ocrx_word' id='word_1_648' title='bbox 1148 4286 1538 4351; x_wconf 77' lang='lat' dir='ltr'><strong>proﬁtendum?</strong></span> <span class='ocrx_word' id='word_1_649' title='bbox 1562 4285 1728 4338; x_wconf 80' lang='lat' dir='ltr'><strong>Corde</strong></span> 
     </span>
    </p>
   </div>
   <div class='ocr_carea' id='block_1_59' title="bbox 128 4374 1732 4449">
    <p class='ocr_par' dir='ltr' id='par_1_59' title="bbox 128 4374 1732 4449">
     <span class='ocr_line' id='line_1_59' title="bbox 128 4374 1732 4449; baseline -0.001 -18"><span class='ocrx_word' id='word_1_650' title='bbox 128 4390 323 4437; x_wconf 82' lang='lat' dir='ltr'><strong>enim,</strong></span> <span class='ocrx_word' id='word_1_651' title='bbox 366 4374 535 4443; x_wconf 86' lang='lat' dir='ltr'><strong>inquit</strong></span> <span class='ocrx_word' id='word_1_652' title='bbox 577 4376 863 4443; x_wconf 84' lang='lat' dir='ltr'><strong>Apostolus</strong></span> <span class='ocrx_word' id='word_1_653' title='bbox 896 4417 910 4439; x_wconf 90' lang='lat'><strong>,</strong></span> <span class='ocrx_word' id='word_1_654' title='bbox 954 4378 1180 4428; x_wconf 82' lang='lat' dir='ltr'><strong>creditur</strong></span> <span class='ocrx_word' id='word_1_655' title='bbox 1208 4380 1276 4431; x_wconf 87' lang='lat' dir='ltr'><strong>ad</strong></span> <span class='ocrx_word' id='word_1_656' title='bbox 1320 4378 1612 4449; x_wconf 71' lang='lat' dir='ltr'><strong>justitiam,</strong></span> <span class='ocrx_word' id='word_1_657' title='bbox 1646 4394 1732 4430; x_wconf 87' lang='lat' dir='ltr'><strong>ore</strong></span> 
     </span>
    </p>
   </div>
   <div class='ocr_carea' id='block_1_60' title="bbox 132 4464 1725 4539">
    <p class='ocr_par' dir='ltr' id='par_1_60' title="bbox 132 4464 1725 4539">
     <span class='ocr_line' id='line_1_60' title="bbox 132 4464 1725 4539; baseline 0.002 -21"><span class='ocrx_word' id='word_1_658' title='bbox 132 4468 311 4539; x_wconf 73' lang='lat'><strong>511</strong></span> <span class='ocrx_word' id='word_1_659' title='bbox 341 4474 508 4517; x_wconf 84' lang='lat' dir='ltr'><strong>autem</strong></span> <span class='ocrx_word' id='word_1_660' title='bbox 536 4464 785 4530; x_wconf 78' lang='lat' dir='ltr'><strong>confessio</strong></span> <span class='ocrx_word' id='word_1_661' title='bbox 827 4466 885 4533; x_wconf 79' lang='lat' dir='ltr'><strong>ﬁt</strong></span> <span class='ocrx_word' id='word_1_662' title='bbox 923 4470 989 4518; x_wconf 85' lang='lat' dir='ltr'><strong>ad</strong></span> <span class='ocrx_word' id='word_1_663' title='bbox 1030 4468 1241 4520; x_wconf 81' lang='lat' dir='ltr'><strong>salutent</strong></span> <span class='ocrx_word' id='word_1_664' title='bbox 1290 4468 1478 4538; x_wconf 78' lang='lat' dir='ltr'><strong>(Iiom.</strong></span> <span class='ocrx_word' id='word_1_665' title='bbox 1515 4484 1578 4531; x_wconf 73' lang='grc' dir='ltr'><strong>ι,</strong></span> <span class='ocrx_word' id='word_1_666' title='bbox 1614 4469 1725 4531; x_wconf 79' lang='grc' dir='ltr'><strong>ιο,.</strong></span> 
     </span>
    </p>
   </div>
   <div class='ocr_carea' id='block_1_61' title="bbox 1820 3291 3401 3362">
    <p class='ocr_par' dir='ltr' id='par_1_61' title="bbox 1820 3291 3401 3362">
     <span class='ocr_line' id='line_1_61' title="bbox 1820 3291 3401 3362; baseline 0.003 -19"><span class='ocrx_word' id='word_1_667' title='bbox 1820 3291 1981 3360; x_wconf 87' lang='lat' dir='ltr'><strong>(quod</strong></span> <span class='ocrx_word' id='word_1_668' title='bbox 2022 3294 2276 3358; x_wconf 82' lang='lat' dir='ltr'><strong>scriptum</strong></span> <span class='ocrx_word' id='word_1_669' title='bbox 2325 3308 2427 3345; x_wconf 83' lang='lat' dir='ltr'><strong>non</strong></span> <span class='ocrx_word' id='word_1_670' title='bbox 2468 3292 2570 3361; x_wconf 87' lang='lat' dir='ltr'><strong>est)</strong></span> <span class='ocrx_word' id='word_1_671' title='bbox 2608 3306 2815 3347; x_wconf 89' lang='lat' dir='ltr'><strong>mecum</strong></span> <span class='ocrx_word' id='word_1_672' title='bbox 2853 3293 3067 3362; x_wconf 92' lang='lat' dir='ltr'><strong>quidem</strong></span> <span class='ocrx_word' id='word_1_673' title='bbox 3112 3294 3274 3358; x_wconf 87' lang='lat' dir='ltr'><strong>dicis;</strong></span> <span class='ocrx_word' id='word_1_674' title='bbox 3307 3294 3401 3347; x_wconf 80' lang='lat' dir='ltr'><strong>sed</strong></span> 
     </span>
    </p>
   </div>
   <div class='ocr_carea' id='block_1_62' title="bbox 1822 3380 3404 3449">
    <p class='ocr_par' dir='ltr' id='par_1_62' title="bbox 1822 3380 3404 3449">
     <span class='ocr_line' id='line_1_62' title="bbox 1822 3380 3404 3449; baseline 0.003 -18"><span class='ocrx_word' id='word_1_675' title='bbox 1822 3394 2027 3433; x_wconf 88' lang='lat' dir='ltr'><strong>mecum</strong></span> <span class='ocrx_word' id='word_1_676' title='bbox 2076 3383 2294 3434; x_wconf 82' lang='lat' dir='ltr'><strong>Omnino</strong></span> <span class='ocrx_word' id='word_1_677' title='bbox 2327 3397 2431 3433; x_wconf 91' lang='lat' dir='ltr'><strong>non</strong></span> <span class='ocrx_word' id='word_1_678' title='bbox 2460 3382 2641 3435; x_wconf 87' lang='lat' dir='ltr'><strong>sentis.</strong></span> <span class='ocrx_word' id='word_1_679' title='bbox 2677 3380 2744 3433; x_wconf 85' lang='lat' dir='ltr'><strong>Et</strong></span> <span class='ocrx_word' id='word_1_680' title='bbox 2770 3381 2891 3448; x_wconf 88' lang='lat' dir='ltr'><strong>quia</strong></span> <span class='ocrx_word' id='word_1_681' title='bbox 2924 3383 3179 3449; x_wconf 87' lang='lat' dir='ltr'><strong>scriptum</strong></span> <span class='ocrx_word' id='word_1_682' title='bbox 3218 3394 3299 3437; x_wconf 89' lang='lat' dir='ltr'><strong>est</strong></span> <span class='ocrx_word' id='word_1_683' title='bbox 3335 3383 3404 3436; x_wconf 87' lang='lat' dir='ltr'><strong>de</strong></span> 
     </span>
    </p>
   </div>
   <div class='ocr_carea' id='block_1_63' title="bbox 1820 3468 3404 3539">
    <p class='ocr_par' dir='ltr' id='par_1_63' title="bbox 1820 3468 3404 3539">
     <span class='ocr_line' id='line_1_63' title="bbox 1820 3468 3404 3539; baseline 0 -17"><span class='ocrx_word' id='word_1_684' title='bbox 1820 3468 2013 3522; x_wconf 84' lang='lat' dir='ltr'><strong>Patre:</strong></span> <span class='ocrx_word' id='word_1_685' title='bbox 2049 3469 2186 3521; x_wconf 83' lang='lat' dir='ltr'><strong>Deus</strong></span> <span class='ocrx_word' id='word_1_686' title='bbox 2217 3470 2303 3522; x_wconf 78' lang='lat' dir='ltr'><strong>lus</strong></span> <span class='ocrx_word' id='word_1_687' title='bbox 2334 3479 2441 3533; x_wconf 79' lang='lat' dir='ltr'><strong>est;</strong></span> <span class='ocrx_word' id='word_1_688' title='bbox 2476 3478 2528 3522; x_wconf 88' lang='lat' dir='ltr'><strong>et</strong></span> <span class='ocrx_word' id='word_1_689' title='bbox 2555 3469 2624 3523; x_wconf 88' lang='lat' dir='ltr'><strong>de</strong></span> <span class='ocrx_word' id='word_1_690' title='bbox 2653 3470 2786 3522; x_wconf 75' lang='lat' dir='ltr'><strong>Filio</strong></span> <span class='ocrx_word' id='word_1_691' title='bbox 2812 3486 2824 3522; x_wconf 91' lang='lat'><strong>:</strong></span> <span class='ocrx_word' id='word_1_692' title='bbox 2859 3470 2983 3523; x_wconf 88' lang='lat' dir='ltr'><strong>Erat</strong></span> <span class='ocrx_word' id='word_1_693' title='bbox 3016 3472 3101 3523; x_wconf 80' lang='lat' dir='ltr'><strong>lus</strong></span> <span class='ocrx_word' id='word_1_694' title='bbox 3134 3485 3256 3524; x_wconf 87' lang='lat' dir='ltr'><strong>vera</strong></span> <span class='ocrx_word' id='word_1_695' title='bbox 3287 3486 3404 3539; x_wconf 77' lang='lat' dir='ltr'><strong>qua:</strong></span> 
     </span>
    </p>
   </div>
   <div class='ocr_carea' id='block_1_64' title="bbox 1821 3560 3399 3615">
    <p class='ocr_par' dir='ltr' id='par_1_64' title="bbox 1821 3560 3399 3615">
     <span class='ocr_line' id='line_1_64' title="bbox 1821 3560 3399 3615; baseline 0.001 -2"><span class='ocrx_word' id='word_1_696' title='bbox 1821 3560 2081 3613; x_wconf 82' lang='lat' dir='ltr'><strong>illuminat</strong></span> <span class='ocrx_word' id='word_1_697' title='bbox 2108 3576 2318 3614; x_wconf 85' lang='lat' dir='ltr'><strong>onmem</strong></span> <span class='ocrx_word' id='word_1_698' title='bbox 2352 3561 2618 3613; x_wconf 84' lang='lat' dir='ltr'><strong>hominem</strong></span> <span class='ocrx_word' id='word_1_699' title='bbox 2651 3560 2951 3614; x_wconf 82' lang='lat' dir='ltr'><strong>venientem</strong></span> <span class='ocrx_word' id='word_1_700' title='bbox 2986 3564 3035 3614; x_wconf 90' lang='lat' dir='ltr'><strong>lu</strong></span> <span class='ocrx_word' id='word_1_701' title='bbox 3071 3563 3211 3615; x_wconf 93' lang='lat' dir='ltr'><strong>hunc</strong></span> <span class='ocrx_word' id='word_1_702' title='bbox 3242 3578 3329 3615; x_wconf 92' lang='lat' dir='ltr'><strong>mu</strong></span> <span class='ocrx_word' id='word_1_703' title='bbox 3371 3591 3399 3602; x_wconf 92' lang='lat'><strong>-</strong></span> 
     </span>
    </p>
   </div>
   <div class='ocr_carea' id='block_1_65' title="bbox 1821 3650 3402 3722">
    <p class='ocr_par' dir='ltr' id='par_1_65' title="bbox 1821 3650 3402 3722">
     <span class='ocr_line' id='line_1_65' title="bbox 1821 3650 3402 3722; baseline 0 -17"><span class='ocrx_word' id='word_1_704' title='bbox 1821 3650 1945 3705; x_wconf 90' lang='lat' dir='ltr'><strong>dum</strong></span> <span class='ocrx_word' id='word_1_705' title='bbox 1980 3651 2028 3722; x_wconf 91' lang='grc' dir='ltr'><strong>(Ι</strong></span> <span class='ocrx_word' id='word_1_706' title='bbox 2058 3650 2215 3705; x_wconf 81' lang='lat' dir='ltr'><strong>Joan.</strong></span> <span class='ocrx_word' id='word_1_707' title='bbox 2242 3668 2289 3718; x_wconf 84' lang='grc' dir='ltr'>ι,</span> <span class='ocrx_word' id='word_1_708' title='bbox 2321 3654 2410 3719; x_wconf 82' lang='grc'><strong>5);</strong></span> <span class='ocrx_word' id='word_1_709' title='bbox 2446 3661 2492 3705; x_wconf 81' lang='lat' dir='ltr'><strong>et</strong></span> <span class='ocrx_word' id='word_1_710' title='bbox 2519 3668 2532 3703; x_wconf 79' lang='lat'><strong>2</strong></span> <span class='ocrx_word' id='word_1_711' title='bbox 2565 3652 2676 3705; x_wconf 80' lang='lat' dir='ltr'><strong>Lux</strong></span> <span class='ocrx_word' id='word_1_712' title='bbox 2706 3653 2844 3705; x_wconf 89' lang='lat' dir='ltr'><strong>lucet</strong></span> <span class='ocrx_word' id='word_1_713' title='bbox 2870 3651 2923 3705; x_wconf 92' lang='lat' dir='ltr'><strong>in</strong></span> <span class='ocrx_word' id='word_1_714' title='bbox 2953 3652 3205 3718; x_wconf 87' lang='lat' dir='ltr'><strong>tenebris,</strong></span> <span class='ocrx_word' id='word_1_715' title='bbox 3241 3652 3290 3705; x_wconf 91' lang='lat' dir='ltr'><strong>id</strong></span> <span class='ocrx_word' id='word_1_716' title='bbox 3318 3662 3402 3706; x_wconf 85' lang='lat' dir='ltr'><strong>est</strong></span> 
     </span>
    </p>
   </div>
   <div class='ocr_carea' id='block_1_66' title="bbox 1821 3741 3395 3807">
    <p class='ocr_par' dir='ltr' id='par_1_66' title="bbox 1821 3741 3395 3807">
     <span class='ocr_line' id='line_1_66' title="bbox 1821 3741 3395 3807; baseline 0 -11"><span class='ocrx_word' id='word_1_717' title='bbox 1821 3741 2064 3797; x_wconf 87' lang='lat' dir='ltr'><strong>Christus</strong></span> <span class='ocrx_word' id='word_1_718' title='bbox 2096 3745 2151 3796; x_wconf 91' lang='lat' dir='ltr'><strong>in</strong></span> <span class='ocrx_word' id='word_1_719' title='bbox 2187 3744 2403 3807; x_wconf 64' lang='lat' dir='ltr'><strong>saeculo,</strong></span> <span class='ocrx_word' id='word_1_720' title='bbox 2437 3752 2488 3798; x_wconf 87' lang='lat' dir='ltr'><strong>et</strong></span> <span class='ocrx_word' id='word_1_721' title='bbox 2521 3743 2757 3797; x_wconf 69' lang='lat' dir='ltr'><strong>tenebrae</strong></span> <span class='ocrx_word' id='word_1_722' title='bbox 2786 3758 2905 3796; x_wconf 91' lang='lat' dir='ltr'><strong>eum</strong></span> <span class='ocrx_word' id='word_1_723' title='bbox 2940 3758 3048 3797; x_wconf 91' lang='lat' dir='ltr'><strong>non</strong></span> <span class='ocrx_word' id='word_1_724' title='bbox 3084 3752 3207 3798; x_wconf 89' lang='lat' dir='ltr'><strong>sunt</strong></span> <span class='ocrx_word' id='word_1_725' title='bbox 3247 3758 3395 3797; x_wconf 88' lang='lat' dir='ltr'><strong>asse-</strong></span> 
     </span>
    </p>
   </div>
   <div class='ocr_carea' id='block_1_67' title="bbox 1822 3834 3407 3907">
    <p class='ocr_par' dir='ltr' id='par_1_67' title="bbox 1822 3834 3407 3907">
     <span class='ocr_line' id='line_1_67' title="bbox 1822 3834 3407 3907; baseline 0.001 -19"><span class='ocrx_word' id='word_1_726' title='bbox 1822 3845 1959 3888; x_wconf 70' lang='lat' dir='ltr'><strong>cuta:</strong></span> <span class='ocrx_word' id='word_1_727' title='bbox 2000 3834 2183 3907; x_wconf 84' lang='lat' dir='ltr'><strong>(Joan.</strong></span> <span class='ocrx_word' id='word_1_728' title='bbox 2210 3852 2256 3902; x_wconf 88' lang='grc'><strong>1,</strong></span> <span class='ocrx_word' id='word_1_729' title='bbox 2283 3834 2359 3904; x_wconf 82' lang='lat'><strong>9).</strong></span> <span class='ocrx_word' id='word_1_730' title='bbox 2404 3835 2466 3889; x_wconf 92' lang='lat' dir='ltr'><strong>lli</strong></span> <span class='ocrx_word' id='word_1_731' title='bbox 2509 3837 2715 3891; x_wconf 89' lang='lat' dir='ltr'><strong>scilicet</strong></span> <span class='ocrx_word' id='word_1_732' title='bbox 2755 3835 2999 3891; x_wconf 89' lang='lat' dir='ltr'><strong>homines</strong></span> <span class='ocrx_word' id='word_1_733' title='bbox 3042 3852 3267 3905; x_wconf 82' lang='lat' dir='ltr'><strong>quorum</strong></span> <span class='ocrx_word' id='word_1_734' title='bbox 3312 3852 3407 3889; x_wconf 89' lang='lat' dir='ltr'><strong>cor</strong></span> 
     </span>
    </p>
   </div>
   <div class='ocr_carea' id='block_1_68' title="bbox 1824 3926 3400 3993">
    <p class='ocr_par' dir='ltr' id='par_1_68' title="bbox 1824 3926 3400 3993">
     <span class='ocr_line' id='line_1_68' title="bbox 1824 3926 3400 3993; baseline 0 -16"><span class='ocrx_word' id='word_1_735' title='bbox 1824 3926 2134 3993; x_wconf 73' lang='lat' dir='ltr'><strong>ignorantia:</strong></span> <span class='ocrx_word' id='word_1_736' title='bbox 2158 3927 2392 3979; x_wconf 84' lang='lat' dir='ltr'><strong>tenebris</strong></span> <span class='ocrx_word' id='word_1_737' title='bbox 2416 3928 2741 3981; x_wconf 73' lang='lat' dir='ltr'><strong>ohctecatum</strong></span> <span class='ocrx_word' id='word_1_738' title='bbox 2774 3936 2884 3991; x_wconf 90' lang='lat' dir='ltr'><strong>est,</strong></span> <span class='ocrx_word' id='word_1_739' title='bbox 2914 3926 3186 3981; x_wconf 89' lang='lat' dir='ltr'><strong>Christum</strong></span> <span class='ocrx_word' id='word_1_740' title='bbox 3214 3942 3400 3981; x_wconf 82' lang='lat' dir='ltr'><strong>verum</strong></span> 
     </span>
    </p>
   </div>
   <div class='ocr_carea' id='block_1_69' title="bbox 1826 4014 3403 4083">
    <p class='ocr_par' dir='ltr' id='par_1_69' title="bbox 1826 4014 3403 4083">
     <span class='ocr_line' id='line_1_69' title="bbox 1826 4014 3403 4083; baseline 0.001 -16"><span class='ocrx_word' id='word_1_741' title='bbox 1826 4014 2020 4079; x_wconf 91' lang='lat' dir='ltr'><strong>Deum,</strong></span> <span class='ocrx_word' id='word_1_742' title='bbox 2050 4029 2104 4069; x_wconf 88' lang='lat' dir='ltr'><strong>et</strong></span> <span class='ocrx_word' id='word_1_743' title='bbox 2144 4032 2327 4069; x_wconf 87' lang='lat' dir='ltr'><strong>verum</strong></span> <span class='ocrx_word' id='word_1_744' title='bbox 2379 4017 2469 4069; x_wconf 88' lang='lat' dir='ltr'><strong>Dei</strong></span> <span class='ocrx_word' id='word_1_745' title='bbox 2519 4016 2709 4069; x_wconf 86' lang='lat' dir='ltr'><strong>Filium</strong></span> <span class='ocrx_word' id='word_1_746' title='bbox 2756 4031 2861 4069; x_wconf 93' lang='lat' dir='ltr'><strong>non</strong></span> <span class='ocrx_word' id='word_1_747' title='bbox 2902 4025 3251 4083; x_wconf 83' lang='lat' dir='ltr'><strong>agnoverunt.</strong></span> <span class='ocrx_word' id='word_1_748' title='bbox 3297 4017 3403 4069; x_wconf 85' lang='lat' dir='ltr'><strong>Sed</strong></span> 
     </span>
    </p>
   </div>
   <div class='ocr_carea' id='block_1_70' title="bbox 1826 4105 3408 4174">
    <p class='ocr_par' dir='ltr' id='par_1_70' title="bbox 1826 4105 3408 4174">
     <span class='ocr_line' id='line_1_70' title="bbox 1826 4105 3408 4174; baseline 0.003 -17"><span class='ocrx_word' id='word_1_749' title='bbox 1826 4105 1939 4169; x_wconf 83' lang='lat' dir='ltr'><strong>ipse</strong></span> <span class='ocrx_word' id='word_1_750' title='bbox 1967 4107 2096 4159; x_wconf 85' lang='lat' dir='ltr'><strong>Dom</strong></span> <span class='ocrx_word' id='word_1_751' title='bbox 2123 4122 2219 4159; x_wconf 79' lang='lat' dir='ltr'><strong>nus</strong></span> <span class='ocrx_word' id='word_1_752' title='bbox 2244 4124 2256 4157; x_wconf 85' lang='lat'><strong>:</strong></span> <span class='ocrx_word' id='word_1_753' title='bbox 2295 4106 2401 4174; x_wconf 83' lang='lat' dir='ltr'><strong>Ego</strong></span> <span class='ocrx_word' id='word_1_754' title='bbox 2422 4123 2563 4169; x_wconf 88' lang='lat' dir='ltr'><strong>sum,</strong></span> <span class='ocrx_word' id='word_1_755' title='bbox 2597 4106 2799 4173; x_wconf 85' lang='lat' dir='ltr'><strong>inquit,</strong></span> <span class='ocrx_word' id='word_1_756' title='bbox 2829 4106 2920 4158; x_wconf 68' lang='lat' dir='ltr'><strong>luat</strong></span> <span class='ocrx_word' id='word_1_757' title='bbox 2953 4106 3131 4158; x_wconf 83' lang='lat' dir='ltr'><strong>mundi</strong></span> <span class='ocrx_word' id='word_1_758' title='bbox 3156 4122 3173 4158; x_wconf 89' lang='lat'><strong><em>:</em></strong></span> <span class='ocrx_word' id='word_1_759' title='bbox 3202 4109 3290 4174; x_wconf 64' lang='lat' dir='ltr'><strong>qui</strong></span> <span class='ocrx_word' id='word_1_760' title='bbox 3328 4125 3408 4161; x_wconf 72' lang='lat' dir='ltr'><strong>ins</strong></span> 
     </span>
    </p>
   </div>
   <div class='ocr_carea' id='block_1_71' title="bbox 1828 4197 3411 4265">
    <p class='ocr_par' dir='ltr' id='par_1_71' title="bbox 1828 4197 3411 4265">
     <span class='ocr_line' id='line_1_71' title="bbox 1828 4197 3411 4265; baseline 0.002 -15"><span class='ocrx_word' id='word_1_761' title='bbox 1828 4207 2030 4250; x_wconf 86' lang='lat' dir='ltr'><strong>secutus</strong></span> <span class='ocrx_word' id='word_1_762' title='bbox 2059 4199 2243 4265; x_wconf 78' lang='lat' dir='ltr'><strong>fuerit,</strong></span> <span class='ocrx_word' id='word_1_763' title='bbox 2276 4215 2375 4249; x_wconf 90' lang='lat' dir='ltr'><strong>non</strong></span> <span class='ocrx_word' id='word_1_764' title='bbox 2418 4198 2505 4250; x_wconf 85' lang='lat' dir='ltr'><strong>ibit</strong></span> <span class='ocrx_word' id='word_1_765' title='bbox 2544 4198 2599 4249; x_wconf 84' lang='lat' dir='ltr'><strong>in</strong></span> <span class='ocrx_word' id='word_1_766' title='bbox 2629 4197 2864 4260; x_wconf 82' lang='lat' dir='ltr'><strong>tenebris,</strong></span> <span class='ocrx_word' id='word_1_767' title='bbox 2894 4199 2980 4251; x_wconf 88' lang='lat' dir='ltr'><strong>sed</strong></span> <span class='ocrx_word' id='word_1_768' title='bbox 3011 4198 3208 4251; x_wconf 83' lang='lat' dir='ltr'><strong>habebit</strong></span> <span class='ocrx_word' id='word_1_769' title='bbox 3239 4200 3411 4253; x_wconf 78' lang='lat' dir='ltr'><strong>lumen</strong></span> 
     </span>
    </p>
   </div>
   <div class='ocr_carea' id='block_1_72' title="bbox 1832 4286 3402 4357">
    <p class='ocr_par' dir='ltr' id='par_1_72' title="bbox 1832 4286 3402 4357">
     <span class='ocr_line' id='line_1_72' title="bbox 1832 4286 3402 4357; baseline 0.002 -18"><span class='ocrx_word' id='word_1_770' title='bbox 1832 4288 1946 4340; x_wconf 70' lang='lat' dir='ltr'><strong>vitae</strong></span> <span class='ocrx_word' id='word_1_771' title='bbox 1972 4286 2146 4357; x_wconf 65' lang='lat' dir='ltr'><strong>(loco.</strong></span> <span class='ocrx_word' id='word_1_772' title='bbox 2178 4302 2270 4341; x_wconf 82' lang='lat' dir='ltr'><strong>vui</strong></span> <span class='ocrx_word' id='word_1_773' title='bbox 2291 4328 2306 4352; x_wconf 93' lang='lat'><strong>,</strong></span> <span class='ocrx_word' id='word_1_774' title='bbox 2339 4286 2447 4355; x_wconf 65' lang='grc' dir='ltr'>ιε).</span> <span class='ocrx_word' id='word_1_775' title='bbox 2486 4290 2623 4355; x_wconf 72' lang='lat' dir='ltr'><strong>Ergo</strong></span> <span class='ocrx_word' id='word_1_776' title='bbox 2651 4287 2773 4353; x_wconf 88' lang='lat' dir='ltr'><strong>quia</strong></span> <span class='ocrx_word' id='word_1_777' title='bbox 2808 4287 2984 4340; x_wconf 86' lang='lat' dir='ltr'><strong>lumen</strong></span> <span class='ocrx_word' id='word_1_778' title='bbox 3021 4287 3194 4351; x_wconf 89' lang='lat' dir='ltr'><strong>Pater,</strong></span> <span class='ocrx_word' id='word_1_779' title='bbox 3226 4296 3280 4342; x_wconf 88' lang='lat' dir='ltr'><strong>et</strong></span> <span class='ocrx_word' id='word_1_780' title='bbox 3314 4289 3402 4342; x_wconf 82' lang='lat' dir='ltr'><strong>lus</strong></span> 
     </span>
    </p>
   </div>
   <div class='ocr_carea' id='block_1_73' title="bbox 1833 4376 3412 4441">
    <p class='ocr_par' dir='ltr' id='par_1_73' title="bbox 1833 4376 3412 4441">
     <span class='ocr_line' id='line_1_73' title="bbox 1833 4376 3412 4441; baseline 0.002 -10"><span class='ocrx_word' id='word_1_781' title='bbox 1833 4376 2022 4441; x_wconf 84' lang='lat' dir='ltr'><strong>Filius,</strong></span> <span class='ocrx_word' id='word_1_782' title='bbox 2054 4390 2194 4431; x_wconf 84' lang='lat' dir='ltr'><strong>recte</strong></span> <span class='ocrx_word' id='word_1_783' title='bbox 2225 4379 2402 4432; x_wconf 85' lang='lat' dir='ltr'><strong>lumen</strong></span> <span class='ocrx_word' id='word_1_784' title='bbox 2430 4378 2498 4432; x_wconf 81' lang='lat' dir='ltr'><strong>de</strong></span> <span class='ocrx_word' id='word_1_785' title='bbox 2528 4378 2749 4430; x_wconf 85' lang='lat' dir='ltr'><strong>lumine.</strong></span> <span class='ocrx_word' id='word_1_786' title='bbox 2774 4378 2877 4431; x_wconf 86' lang='lat' dir='ltr'><strong>Sed</strong></span> <span class='ocrx_word' id='word_1_787' title='bbox 2909 4379 3088 4431; x_wconf 89' lang='lat' dir='ltr'><strong>lumen</strong></span> <span class='ocrx_word' id='word_1_788' title='bbox 3115 4394 3178 4433; x_wconf 81' lang='lat' dir='ltr'><strong>ex</strong></span> <span class='ocrx_word' id='word_1_789' title='bbox 3208 4380 3412 4434; x_wconf 84' lang='lat' dir='ltr'><strong>lumine</strong></span> 
     </span>
    </p>
   </div>
   <div class='ocr_carea' id='block_1_74' title="bbox 1839 4469 3414 4538">
    <p class='ocr_par' dir='ltr' id='par_1_74' title="bbox 1839 4469 3414 4538">
     <span class='ocr_line' id='line_1_74' title="bbox 1839 4469 3414 4538; baseline 0.003 -17"><span class='ocrx_word' id='word_1_790' title='bbox 1839 4470 1908 4521; x_wconf 85' lang='lat' dir='ltr'><strong>ita</strong></span> <span class='ocrx_word' id='word_1_791' title='bbox 1927 4469 2140 4531; x_wconf 84' lang='lat' dir='ltr'><strong>asseris,</strong></span> <span class='ocrx_word' id='word_1_792' title='bbox 2160 4470 2308 4538; x_wconf 91' lang='lat' dir='ltr'><strong>quasi</strong></span> <span class='ocrx_word' id='word_1_793' title='bbox 2339 4485 2367 4523; x_wconf 90' lang='lat' dir='ltr'><strong>a</strong></span> <span class='ocrx_word' id='word_1_794' title='bbox 2395 4470 2570 4533; x_wconf 84' lang='lat' dir='ltr'><strong>Patre,</strong></span> <span class='ocrx_word' id='word_1_795' title='bbox 2599 4469 2687 4537; x_wconf 90' lang='lat' dir='ltr'><strong>qui</strong></span> <span class='ocrx_word' id='word_1_796' title='bbox 2719 4483 2898 4523; x_wconf 90' lang='lat' dir='ltr'><strong>verum</strong></span> <span class='ocrx_word' id='word_1_797' title='bbox 2930 4469 3107 4522; x_wconf 81' lang='lat' dir='ltr'><strong>lumen</strong></span> <span class='ocrx_word' id='word_1_798' title='bbox 3133 4480 3243 4537; x_wconf 91' lang='lat' dir='ltr'><strong>est,</strong></span> <span class='ocrx_word' id='word_1_799' title='bbox 3272 4471 3414 4525; x_wconf 86' lang='lat' dir='ltr'><strong>aliud</strong></span> 
     </span>
    </p>
   </div>
   <div class='ocr_carea' id='block_1_75' title="bbox 132 4552 3408 4642">
    <p class='ocr_par' dir='ltr' id='par_1_75' title="bbox 132 4552 3408 4642">
     <span class='ocr_line' id='line_1_75' title="bbox 132 4552 3408 4642; baseline 0.002 -31"><span class='ocrx_word' id='word_1_800' title='bbox 132 4558 249 4611; x_wconf 82' lang='lat' dir='ltr'><strong>Aut</strong></span> <span class='ocrx_word' id='word_1_801' title='bbox 276 4556 320 4606; x_wconf 88' lang='lat' dir='ltr'><strong>si</strong></span> <span class='ocrx_word' id='word_1_802' title='bbox 354 4552 470 4607; x_wconf 81' lang='lat' dir='ltr'><strong>ideo</strong></span> <span class='ocrx_word' id='word_1_803' title='bbox 507 4554 882 4608; x_wconf 77' lang='lat' dir='ltr'><strong>nominandum</strong></span> <span class='ocrx_word' id='word_1_804' title='bbox 918 4570 1021 4609; x_wconf 85' lang='lat' dir='ltr'><strong>non</strong></span> <span class='ocrx_word' id='word_1_805' title='bbox 1049 4567 1158 4619; x_wconf 87' lang='lat' dir='ltr'><strong>est,</strong></span> <span class='ocrx_word' id='word_1_806' title='bbox 1192 4559 1314 4626; x_wconf 80' lang='lat' dir='ltr'><strong>quia</strong></span> <span class='ocrx_word' id='word_1_807' title='bbox 1356 4572 1456 4611; x_wconf 88' lang='lat' dir='ltr'><strong>nec</strong></span> <span class='ocrx_word' id='word_1_808' title='bbox 1489 4561 1558 4611; x_wconf 89' lang='lat' dir='ltr'><strong>ita</strong></span> <span class='ocrx_word' id='word_1_809' title='bbox 1602 4573 1728 4612; x_wconf 85' lang='lat' dir='ltr'><strong>cre-</strong></span> <span class='ocrx_word' id='word_1_810' title='bbox 1760 4583 1811 4642; x_wconf 69' lang='grc' dir='ltr'><strong>Β</strong></span> <span class='ocrx_word' id='word_1_811' title='bbox 1837 4560 2013 4616; x_wconf 90' lang='lat' dir='ltr'><strong>lumen</strong></span> <span class='ocrx_word' id='word_1_812' title='bbox 2057 4561 2128 4615; x_wconf 90' lang='lat' dir='ltr'><strong>sit</strong></span> <span class='ocrx_word' id='word_1_813' title='bbox 2174 4560 2402 4625; x_wconf 79' lang='lat' dir='ltr'><strong>factum,</strong></span> <span class='ocrx_word' id='word_1_814' title='bbox 2443 4560 2585 4629; x_wconf 91' lang='lat' dir='ltr'><strong>quod</strong></span> <span class='ocrx_word' id='word_1_815' title='bbox 2628 4560 2694 4613; x_wconf 89' lang='lat' dir='ltr'><strong>de</strong></span> <span class='ocrx_word' id='word_1_816' title='bbox 2738 4561 2849 4627; x_wconf 89' lang='lat' dir='ltr'><strong>ipsa</strong></span> <span class='ocrx_word' id='word_1_817' title='bbox 2895 4560 3065 4615; x_wconf 85' lang='lat' dir='ltr'><strong>Patris</strong></span> <span class='ocrx_word' id='word_1_818' title='bbox 3113 4564 3408 4618; x_wconf 82' lang='lat' dir='ltr'><strong>substantia</strong></span> 
     </span>
    </p>
   </div>
   <div class='ocr_carea' id='block_1_76' title="bbox 135 4643 1731 4716">
    <p class='ocr_par' dir='ltr' id='par_1_76' title="bbox 135 4643 1731 4716">
     <span class='ocr_line' id='line_1_76' title="bbox 135 4643 1731 4716; baseline 0.001 -16"><span class='ocrx_word' id='word_1_819' title='bbox 135 4644 417 4711; x_wconf 81' lang='lat' dir='ltr'><strong>denduni,</strong></span> <span class='ocrx_word' id='word_1_820' title='bbox 459 4643 686 4695; x_wconf 88' lang='lat' dir='ltr'><strong>obtinuit</strong></span> <span class='ocrx_word' id='word_1_821' title='bbox 726 4645 936 4698; x_wconf 72' lang='lat' dir='ltr'><strong>Ariona:</strong></span> <span class='ocrx_word' id='word_1_822' title='bbox 977 4646 1109 4699; x_wconf 89' lang='lat' dir='ltr'><strong>labis</strong></span> <span class='ocrx_word' id='word_1_823' title='bbox 1147 4650 1409 4702; x_wconf 79' lang='lat' dir='ltr'><strong>assertio:</strong></span> <span class='ocrx_word' id='word_1_824' title='bbox 1448 4664 1569 4716; x_wconf 69' lang='lat' dir='ltr'><strong>qua:</strong></span> <span class='ocrx_word' id='word_1_825' title='bbox 1610 4650 1731 4702; x_wconf 90' lang='lat' dir='ltr'><strong>ideo</strong></span> 
     </span>
    </p>
   </div>
   <div class='ocr_carea' id='block_1_77' title="bbox 139 4733 1728 4810">
    <p class='ocr_par' dir='ltr' id='par_1_77' title="bbox 139 4733 1728 4810">
     <span class='ocr_line' id='line_1_77' title="bbox 139 4733 1728 4810; baseline 0.001 -18"><span class='ocrx_word' id='word_1_826' title='bbox 139 4740 363 4792; x_wconf 85' lang='lat' dir='ltr'><strong>Patrem</strong></span> <span class='ocrx_word' id='word_1_827' title='bbox 400 4744 452 4787; x_wconf 92' lang='lat' dir='ltr'><strong>et</strong></span> <span class='ocrx_word' id='word_1_828' title='bbox 494 4733 681 4788; x_wconf 82' lang='lat' dir='ltr'><strong>Filium</strong></span> <span class='ocrx_word' id='word_1_829' title='bbox 722 4736 875 4790; x_wconf 87' lang='lat' dir='ltr'><strong>unius</strong></span> <span class='ocrx_word' id='word_1_830' title='bbox 912 4738 1221 4792; x_wconf 67' lang='lat' dir='ltr'><strong>substantia:</strong></span> <span class='ocrx_word' id='word_1_831' title='bbox 1256 4740 1574 4810; x_wconf 77' lang='lat' dir='ltr'><strong>denegavit,</strong></span> <span class='ocrx_word' id='word_1_832' title='bbox 1604 4741 1728 4809; x_wconf 89' lang='lat' dir='ltr'><strong>quia</strong></span> 
     </span>
    </p>
   </div>
   <div class='ocr_carea' id='block_1_78' title="bbox 142 4826 1733 4897">
    <p class='ocr_par' dir='ltr' id='par_1_78' title="bbox 142 4826 1733 4897">
     <span class='ocr_line' id='line_1_78' title="bbox 142 4826 1733 4897; baseline 0.003 -14"><span class='ocrx_word' id='word_1_833' title='bbox 142 4830 349 4883; x_wconf 82' lang='lat' dir='ltr'><strong>Filium</strong></span> <span class='ocrx_word' id='word_1_834' title='bbox 380 4826 471 4881; x_wconf 86' lang='lat' dir='ltr'><strong>Dei</strong></span> <span class='ocrx_word' id='word_1_835' title='bbox 509 4828 667 4881; x_wconf 82' lang='lat' dir='ltr'><strong>modo</strong></span> <span class='ocrx_word' id='word_1_836' title='bbox 706 4842 769 4883; x_wconf 75' lang='lat' dir='ltr'><strong>es</strong></span> <span class='ocrx_word' id='word_1_837' title='bbox 801 4832 984 4891; x_wconf 84' lang='lat' dir='ltr'><strong>nihilo,</strong></span> <span class='ocrx_word' id='word_1_838' title='bbox 1020 4833 1176 4885; x_wconf 86' lang='lat' dir='ltr'><strong>modo</strong></span> <span class='ocrx_word' id='word_1_839' title='bbox 1205 4848 1265 4887; x_wconf 71' lang='lat' dir='ltr'><strong>es</strong></span> <span class='ocrx_word' id='word_1_840' title='bbox 1317 4835 1505 4897; x_wconf 84' lang='lat' dir='ltr'><strong>Patre,</strong></span> <span class='ocrx_word' id='word_1_841' title='bbox 1543 4834 1636 4888; x_wconf 81' lang='lat' dir='ltr'><strong>sed</strong></span> <span class='ocrx_word' id='word_1_842' title='bbox 1666 4836 1733 4887; x_wconf 83' lang='lat' dir='ltr'><strong>ab</strong></span> 
     </span>
    </p>
   </div>
   <div class='ocr_carea' id='block_1_79' title="bbox 140 4918 1736 4990">
    <p class='ocr_par' dir='ltr' id='par_1_79' title="bbox 140 4918 1736 4990">
     <span class='ocr_line' id='line_1_79' title="bbox 140 4918 1736 4990; baseline 0.003 -17"><span class='ocrx_word' id='word_1_843' title='bbox 140 4922 251 4973; x_wconf 82' lang='lat' dir='ltr'><strong>alia</strong></span> <span class='ocrx_word' id='word_1_844' title='bbox 281 4919 573 4971; x_wconf 73' lang='lat' dir='ltr'><strong>substantia</strong></span> <span class='ocrx_word' id='word_1_845' title='bbox 593 4962 606 4984; x_wconf 95' lang='lat'><strong>,</strong></span> <span class='ocrx_word' id='word_1_846' title='bbox 638 4918 853 4986; x_wconf 85' lang='lat' dir='ltr'><strong>quando</strong></span> <span class='ocrx_word' id='word_1_847' title='bbox 884 4921 1046 4974; x_wconf 87' lang='lat' dir='ltr'><strong>voluit</strong></span> <span class='ocrx_word' id='word_1_848' title='bbox 1073 4934 1127 4975; x_wconf 86' lang='lat' dir='ltr'><strong>et</strong></span> <span class='ocrx_word' id='word_1_849' title='bbox 1153 4926 1419 4990; x_wconf 88' lang='lat' dir='ltr'><strong>quomodo</strong></span> <span class='ocrx_word' id='word_1_850' title='bbox 1451 4924 1652 4989; x_wconf 88' lang='lat' dir='ltr'><strong>voluit,</strong></span> <span class='ocrx_word' id='word_1_851' title='bbox 1680 4933 1736 4978; x_wconf 85' lang='lat' dir='ltr'><strong>ot</strong></span> 
     </span>
    </p>
   </div>
   <div class='ocr_carea' id='block_1_80' title="bbox 143 5011 1729 5079">
    <p class='ocr_par' dir='ltr' id='par_1_80' title="bbox 143 5011 1729 5079">
     <span class='ocr_line' id='line_1_80' title="bbox 143 5011 1729 5079; baseline -0.001 -11"><span class='ocrx_word' id='word_1_852' title='bbox 143 5014 296 5069; x_wconf 86' lang='lat' dir='ltr'><strong>unde</strong></span> <span class='ocrx_word' id='word_1_853' title='bbox 329 5012 495 5066; x_wconf 83' lang='lat' dir='ltr'><strong>voluit</strong></span> <span class='ocrx_word' id='word_1_854' title='bbox 522 5011 714 5066; x_wconf 81' lang='lat' dir='ltr'><strong>factum</strong></span> <span class='ocrx_word' id='word_1_855' title='bbox 751 5014 979 5079; x_wconf 85' lang='lat' dir='ltr'><strong>inducit,</strong></span> <span class='ocrx_word' id='word_1_856' title='bbox 1010 5015 1297 5068; x_wconf 84' lang='lat' dir='ltr'><strong>dummodo</strong></span> <span class='ocrx_word' id='word_1_857' title='bbox 1328 5016 1541 5070; x_wconf 91' lang='lat' dir='ltr'><strong>aliunde</strong></span> <span class='ocrx_word' id='word_1_858' title='bbox 1572 5031 1694 5070; x_wconf 90' lang='lat' dir='ltr'><strong>eum</strong></span> <span class='ocrx_word' id='word_1_859' title='bbox 1714 5056 1729 5079; x_wconf 93' lang='lat'><strong>,</strong></span> 
     </span>
    </p>
   </div>
   <div class='ocr_carea' id='block_1_81' title="bbox 141 5103 1734 5173">
    <p class='ocr_par' dir='ltr' id='par_1_81' title="bbox 141 5103 1734 5173">
     <span class='ocr_line' id='line_1_81' title="bbox 141 5103 1734 5173; baseline -0.001 -13"><span class='ocrx_word' id='word_1_860' title='bbox 141 5117 199 5160; x_wconf 87' lang='lat' dir='ltr'><strong>et</strong></span> <span class='ocrx_word' id='word_1_861' title='bbox 231 5120 347 5157; x_wconf 90' lang='lat' dir='ltr'><strong>non</strong></span> <span class='ocrx_word' id='word_1_862' title='bbox 384 5104 451 5155; x_wconf 86' lang='lat' dir='ltr'><strong>de</strong></span> <span class='ocrx_word' id='word_1_863' title='bbox 488 5117 552 5155; x_wconf 87' lang='lat' dir='ltr'><strong>eo</strong></span> <span class='ocrx_word' id='word_1_864' title='bbox 588 5104 728 5171; x_wconf 85' lang='lat' dir='ltr'><strong>quod</strong></span> <span class='ocrx_word' id='word_1_865' title='bbox 777 5103 930 5157; x_wconf 80' lang='lat' dir='ltr'><strong>Pater</strong></span> <span class='ocrx_word' id='word_1_866' title='bbox 969 5114 1083 5170; x_wconf 89' lang='lat' dir='ltr'><strong>est,</strong></span> <span class='ocrx_word' id='word_1_867' title='bbox 1125 5107 1397 5159; x_wconf 80' lang='lat' dir='ltr'><strong>exstitisse</strong></span> <span class='ocrx_word' id='word_1_868' title='bbox 1444 5105 1734 5173; x_wconf 81' lang='lat' dir='ltr'><strong>conlingat.</strong></span> 
     </span>
    </p>
   </div>
   <div class='ocr_carea' id='block_1_82' title="bbox 144 5194 1735 5267">
    <p class='ocr_par' dir='ltr' id='par_1_82' title="bbox 144 5194 1735 5267">
     <span class='ocr_line' id='line_1_82' title="bbox 144 5194 1735 5267; baseline 0.002 -19"><span class='ocrx_word' id='word_1_869' title='bbox 144 5199 328 5263; x_wconf 83' lang='lat' dir='ltr'><strong>Quem</strong></span> <span class='ocrx_word' id='word_1_870' title='bbox 369 5194 468 5246; x_wconf 82' lang='lat' dir='ltr'><strong>etsi</strong></span> <span class='ocrx_word' id='word_1_871' title='bbox 504 5204 683 5246; x_wconf 89' lang='lat' dir='ltr'><strong>natum</strong></span> <span class='ocrx_word' id='word_1_872' title='bbox 721 5195 880 5254; x_wconf 85' lang='lat' dir='ltr'><strong>dicit.</strong></span> <span class='ocrx_word' id='word_1_873' title='bbox 920 5196 1010 5249; x_wconf 82' lang='lat' dir='ltr'><strong>sed</strong></span> <span class='ocrx_word' id='word_1_874' title='bbox 1060 5196 1161 5249; x_wconf 89' lang='lat' dir='ltr'><strong>hoc</strong></span> <span class='ocrx_word' id='word_1_875' title='bbox 1198 5197 1345 5250; x_wconf 92' lang='lat' dir='ltr'><strong>dicto</strong></span> <span class='ocrx_word' id='word_1_876' title='bbox 1391 5206 1544 5249; x_wconf 87' lang='lat' dir='ltr'><strong>tenus</strong></span> <span class='ocrx_word' id='word_1_877' title='bbox 1571 5240 1584 5255; x_wconf 87' lang='lat'><strong>.</strong></span> <span class='ocrx_word' id='word_1_878' title='bbox 1614 5199 1735 5267; x_wconf 88' lang='lat' dir='ltr'><strong>quia</strong></span> 
     </span>
    </p>
   </div>
   <div class='ocr_carea' id='block_1_83' title="bbox 145 5285 1739 5358">
    <p class='ocr_par' dir='ltr' id='par_1_83' title="bbox 145 5285 1739 5358">
     <span class='ocr_line' id='line_1_83' title="bbox 145 5285 1739 5358; baseline 0.001 -17"><span class='ocrx_word' id='word_1_879' title='bbox 145 5300 372 5341; x_wconf 81' lang='lat' dir='ltr'><strong>rursum</strong></span> <span class='ocrx_word' id='word_1_880' title='bbox 402 5299 561 5337; x_wconf 88' lang='lat' dir='ltr'><strong>omne</strong></span> <span class='ocrx_word' id='word_1_881' title='bbox 621 5285 762 5351; x_wconf 92' lang='lat' dir='ltr'><strong>quod</strong></span> <span class='ocrx_word' id='word_1_882' title='bbox 798 5295 975 5338; x_wconf 82' lang='lat' dir='ltr'><strong>natum</strong></span> <span class='ocrx_word' id='word_1_883' title='bbox 1015 5296 1097 5339; x_wconf 90' lang='lat' dir='ltr'><strong>est</strong></span> <span class='ocrx_word' id='word_1_884' title='bbox 1135 5288 1327 5341; x_wconf 79' lang='lat' dir='ltr'><strong>factum</strong></span> <span class='ocrx_word' id='word_1_885' title='bbox 1362 5290 1641 5358; x_wconf 86' lang='lat' dir='ltr'><strong>intelligit;</strong></span> <span class='ocrx_word' id='word_1_886' title='bbox 1674 5304 1739 5343; x_wconf 89' lang='lat' dir='ltr'><strong>co</strong></span> 
     </span>
    </p>
   </div>
   <div class='ocr_carea' id='block_1_84' title="bbox 146 5380 1738 5452">
    <p class='ocr_par' dir='ltr' id='par_1_84' title="bbox 146 5380 1738 5452">
     <span class='ocr_line' id='line_1_84' title="bbox 146 5380 1738 5452; baseline 0.001 -19"><span class='ocrx_word' id='word_1_887' title='bbox 146 5380 299 5450; x_wconf 84' lang='lat' dir='ltr'><strong>quod</strong></span> <span class='ocrx_word' id='word_1_888' title='bbox 344 5387 398 5432; x_wconf 91' lang='lat' dir='ltr'><strong>et</strong></span> <span class='ocrx_word' id='word_1_889' title='bbox 440 5393 535 5432; x_wconf 86' lang='lat' dir='ltr'><strong>nos</strong></span> <span class='ocrx_word' id='word_1_890' title='bbox 570 5394 596 5431; x_wconf 80' lang='lat' dir='ltr'><strong>ti</strong></span> <span class='ocrx_word' id='word_1_891' title='bbox 644 5380 751 5432; x_wconf 89' lang='lat' dir='ltr'><strong>Deo</strong></span> <span class='ocrx_word' id='word_1_892' title='bbox 777 5382 939 5447; x_wconf 77' lang='lat' dir='ltr'><strong>geniti</strong></span> <span class='ocrx_word' id='word_1_893' title='bbox 976 5383 1324 5448; x_wconf 88' lang='lat' dir='ltr'><strong>appellemur,</strong></span> <span class='ocrx_word' id='word_1_894' title='bbox 1354 5398 1485 5452; x_wconf 89' lang='lat' dir='ltr'><strong>quos</strong></span> <span class='ocrx_word' id='word_1_895' title='bbox 1521 5392 1738 5437; x_wconf 84' lang='lat' dir='ltr'><strong>constat</strong></span> 
     </span>
    </p>
   </div>
   <div class='ocr_carea' id='block_1_85' title="bbox 147 5468 1737 5537">
    <p class='ocr_par' dir='ltr' id='par_1_85' title="bbox 147 5468 1737 5537">
     <span class='ocr_line' id='line_1_85' title="bbox 147 5468 1737 5537; baseline 0.004 -13"><span class='ocrx_word' id='word_1_896' title='bbox 147 5486 299 5533; x_wconf 83' lang='lat' dir='ltr'><strong>esse,</strong></span> <span class='ocrx_word' id='word_1_897' title='bbox 332 5468 607 5524; x_wconf 68' lang='lat' dir='ltr'><strong>ﬁucttirain.</strong></span> <span class='ocrx_word' id='word_1_898' title='bbox 646 5471 735 5525; x_wconf 82' lang='lat' dir='ltr'><strong>Vel</strong></span> <span class='ocrx_word' id='word_1_899' title='bbox 764 5473 809 5525; x_wconf 88' lang='lat' dir='ltr'><strong>si</strong></span> <span class='ocrx_word' id='word_1_900' title='bbox 840 5473 1065 5527; x_wconf 82' lang='lat' dir='ltr'><strong>Arianns</strong></span> <span class='ocrx_word' id='word_1_901' title='bbox 1095 5490 1199 5527; x_wconf 91' lang='lat' dir='ltr'><strong>non</strong></span> <span class='ocrx_word' id='word_1_902' title='bbox 1233 5491 1311 5537; x_wconf 90' lang='lat' dir='ltr'><strong>cs,</strong></span> <span class='ocrx_word' id='word_1_903' title='bbox 1348 5488 1397 5529; x_wconf 88' lang='lat' dir='ltr'><strong>et</strong></span> <span class='ocrx_word' id='word_1_904' title='bbox 1432 5492 1613 5530; x_wconf 83' lang='lat' dir='ltr'><strong>verum</strong></span> <span class='ocrx_word' id='word_1_905' title='bbox 1650 5476 1737 5530; x_wconf 84' lang='lat' dir='ltr'><strong>Fi-</strong></span> 
     </span>
    </p>
   </div>
   <div class='ocr_carea' id='block_1_86' title="bbox 150 5560 1739 5635">
    <p class='ocr_par' dir='ltr' id='par_1_86' title="bbox 150 5560 1739 5635">
     <span class='ocr_line' id='line_1_86' title="bbox 150 5560 1739 5635; baseline 0.008 -22"><span class='ocrx_word' id='word_1_906' title='bbox 150 5561 287 5613; x_wconf 90' lang='lat' dir='ltr'><strong>lium</strong></span> <span class='ocrx_word' id='word_1_907' title='bbox 316 5560 385 5612; x_wconf 82' lang='lat' dir='ltr'><strong>de</strong></span> <span class='ocrx_word' id='word_1_908' title='bbox 416 5573 543 5613; x_wconf 81' lang='lat' dir='ltr'><strong>vero</strong></span> <span class='ocrx_word' id='word_1_909' title='bbox 577 5560 728 5613; x_wconf 83' lang='lat' dir='ltr'><strong>Patre</strong></span> <span class='ocrx_word' id='word_1_910' title='bbox 760 5576 936 5616; x_wconf 79' lang='lat' dir='ltr'><strong>na&#39;nm</strong></span> <span class='ocrx_word' id='word_1_911' title='bbox 968 5580 1069 5615; x_wconf 89' lang='lat' dir='ltr'><strong>non</strong></span> <span class='ocrx_word' id='word_1_912' title='bbox 1111 5568 1303 5617; x_wconf 84' lang='lat' dir='ltr'><strong>tactum</strong></span> <span class='ocrx_word' id='word_1_913' title='bbox 1337 5569 1604 5635; x_wconf 81' lang='lat' dir='ltr'><strong>agnoscis,</strong></span> <span class='ocrx_word' id='word_1_914' title='bbox 1638 5585 1739 5625; x_wconf 90' lang='lat' dir='ltr'><strong>cur</strong></span> 
     </span>
    </p>
   </div>
   <div class='ocr_carea' id='block_1_87' title="bbox 151 5652 1740 5713">
    <p class='ocr_par' dir='ltr' id='par_1_87' title="bbox 151 5652 1740 5713">
     <span class='ocr_line' id='line_1_87' title="bbox 151 5652 1740 5713; baseline 0.007 -11"><span class='ocrx_word' id='word_1_915' title='bbox 151 5666 275 5704; x_wconf 79' lang='lat' dir='ltr'><strong>norv</strong></span> <span class='ocrx_word' id='word_1_916' title='bbox 309 5664 431 5703; x_wconf 92' lang='lat' dir='ltr'><strong>eum</strong></span> <span class='ocrx_word' id='word_1_917' title='bbox 470 5664 588 5704; x_wconf 93' lang='lat' dir='ltr'><strong>cum</strong></span> <span class='ocrx_word' id='word_1_918' title='bbox 637 5652 789 5705; x_wconf 83' lang='lat' dir='ltr'><strong>l’atre</strong></span> <span class='ocrx_word' id='word_1_919' title='bbox 828 5668 984 5705; x_wconf 89' lang='lat' dir='ltr'><strong>unam</strong></span> <span class='ocrx_word' id='word_1_920' title='bbox 1023 5656 1373 5709; x_wconf 84' lang='lat' dir='ltr'><strong>substantiam</strong></span> <span class='ocrx_word' id='word_1_921' title='bbox 1402 5656 1570 5710; x_wconf 77' lang='lat' dir='ltr'><strong>dicis?</strong></span> <span class='ocrx_word' id='word_1_922' title='bbox 1608 5659 1740 5713; x_wconf 79' lang='lat' dir='ltr'><strong>Fro-</strong></span> 
     </span>
    </p>
   </div>
   <div class='ocr_carea' id='block_1_88' title="bbox 152 5740 1739 5814">
    <p class='ocr_par' dir='ltr' id='par_1_88' title="bbox 152 5740 1739 5814">
     <span class='ocr_line' id='line_1_88' title="bbox 152 5740 1739 5814; baseline 0.008 -20"><span class='ocrx_word' id='word_1_923' title='bbox 152 5750 267 5795; x_wconf 83' lang='lat' dir='ltr'><strong>stra</strong></span> <span class='ocrx_word' id='word_1_924' title='bbox 302 5740 481 5802; x_wconf 80' lang='lat' dir='ltr'><strong>times,</strong></span> <span class='ocrx_word' id='word_1_925' title='bbox 512 5740 692 5807; x_wconf 88' lang='lat' dir='ltr'><strong>homo,</strong></span> <span class='ocrx_word' id='word_1_926' title='bbox 728 5746 961 5813; x_wconf 90' lang='lat' dir='ltr'><strong>proliteri</strong></span> <span class='ocrx_word' id='word_1_927' title='bbox 1005 5745 1143 5814; x_wconf 84' lang='lat' dir='ltr'><strong>quod</strong></span> <span class='ocrx_word' id='word_1_928' title='bbox 1174 5748 1377 5809; x_wconf 80' lang='lat' dir='ltr'><strong>credi-;</strong></span> <span class='ocrx_word' id='word_1_929' title='bbox 1409 5760 1500 5801; x_wconf 82' lang='lat' dir='ltr'><strong>aut</strong></span> <span class='ocrx_word' id='word_1_930' title='bbox 1543 5749 1739 5806; x_wconf 79' lang='lat' dir='ltr'><strong>frustra</strong></span> 
     </span>
    </p>
   </div>
   <div class='ocr_carea' id='block_1_89' title="bbox 154 5833 1737 5904">
    <p class='ocr_par' dir='ltr' id='par_1_89' title="bbox 154 5833 1737 5904">
     <span class='ocr_line' id='line_1_89' title="bbox 154 5833 1737 5904; baseline 0.006 -14"><span class='ocrx_word' id='word_1_931' title='bbox 154 5834 365 5897; x_wconf 83' lang='lat' dir='ltr'><strong>credis,</strong></span> <span class='ocrx_word' id='word_1_932' title='bbox 393 5833 439 5888; x_wconf 87' lang='lat' dir='ltr'><strong>si</strong></span> <span class='ocrx_word' id='word_1_933' title='bbox 479 5834 549 5888; x_wconf 87' lang='lat' dir='ltr'><strong>ita</strong></span> <span class='ocrx_word' id='word_1_934' title='bbox 588 5852 690 5890; x_wconf 89' lang='lat' dir='ltr'><strong>non</strong></span> <span class='ocrx_word' id='word_1_935' title='bbox 720 5837 919 5904; x_wconf 82' lang='lat' dir='ltr'><strong>credis,</strong></span> <span class='ocrx_word' id='word_1_936' title='bbox 946 5847 999 5893; x_wconf 82' lang='lat' dir='ltr'><strong>et</strong></span> <span class='ocrx_word' id='word_1_937' title='bbox 1031 5840 1221 5894; x_wconf 59' lang='lat' dir='ltr'><strong>merito</strong></span> <span class='ocrx_word' id='word_1_938' title='bbox 1252 5839 1535 5897; x_wconf 70' lang='lat' dir='ltr'><strong>haereticus</strong></span> <span class='ocrx_word' id='word_1_939' title='bbox 1577 5846 1737 5900; x_wconf 83' lang='lat' dir='ltr'><strong>deno-</strong></span> 
     </span>
    </p>
   </div>
   <div class='ocr_carea' id='block_1_90' title="bbox 1837 4650 3416 4721">
    <p class='ocr_par' dir='ltr' id='par_1_90' title="bbox 1837 4650 3416 4721">
     <span class='ocr_line' id='line_1_90' title="bbox 1837 4650 3416 4721; baseline 0.001 -16"><span class='ocrx_word' id='word_1_940' title='bbox 1837 4668 1940 4706; x_wconf 89' lang='lat' dir='ltr'><strong>non</strong></span> <span class='ocrx_word' id='word_1_941' title='bbox 1980 4653 2093 4707; x_wconf 84' lang='lat' dir='ltr'><strong>sit:</strong></span> <span class='ocrx_word' id='word_1_942' title='bbox 2132 4652 2226 4708; x_wconf 84' lang='lat' dir='ltr'><strong>sed</strong></span> <span class='ocrx_word' id='word_1_943' title='bbox 2273 4653 2428 4705; x_wconf 87' lang='lat' dir='ltr'><strong>sicuti</strong></span> <span class='ocrx_word' id='word_1_944' title='bbox 2471 4650 2614 4705; x_wconf 82' lang='lat' dir='ltr'><strong>aliud</strong></span> <span class='ocrx_word' id='word_1_945' title='bbox 2662 4651 2937 4718; x_wconf 87' lang='lat' dir='ltr'><strong>quodlibet</strong></span> <span class='ocrx_word' id='word_1_946' title='bbox 2986 4651 3194 4716; x_wconf 92' lang='lat' dir='ltr'><strong>lumen,</strong></span> <span class='ocrx_word' id='word_1_947' title='bbox 3240 4669 3416 4721; x_wconf 85' lang='lat' dir='ltr'><strong>quan-</strong></span> 
     </span>
    </p>
   </div>
   <div class='ocr_carea' id='block_1_91' title="bbox 1836 4731 3416 4815">
    <p class='ocr_par' dir='ltr' id='par_1_91' title="bbox 1836 4731 3416 4815">
     <span class='ocr_line' id='line_1_91' title="bbox 1836 4731 3416 4815; baseline -0.002 -16"><span class='ocrx_word' id='word_1_948' title='bbox 1836 4760 1991 4815; x_wconf 88' lang='lat' dir='ltr'><strong>quam</strong></span> <span class='ocrx_word' id='word_1_949' title='bbox 2022 4762 2049 4797; x_wconf 92' lang='lat' dir='ltr'><strong>a</strong></span> <span class='ocrx_word' id='word_1_950' title='bbox 2092 4745 2203 4799; x_wconf 89' lang='lat' dir='ltr'><strong>Deo</strong></span> <span class='ocrx_word' id='word_1_951' title='bbox 2230 4745 2296 4797; x_wconf 70' lang='lat' dir='ltr'><strong>sit</strong></span> <span class='ocrx_word' id='word_1_952' title='bbox 2326 4744 2549 4809; x_wconf 79' lang='lat' dir='ltr'><strong>factum,</strong></span> <span class='ocrx_word' id='word_1_953' title='bbox 2583 4743 2740 4811; x_wconf 86' lang='lat' dir='ltr'><strong>longe</strong></span> <span class='ocrx_word' id='word_1_954' title='bbox 2771 4752 2946 4796; x_wconf 90' lang='lat' dir='ltr'><strong>tamen</strong></span> <span class='ocrx_word' id='word_1_955' title='bbox 2988 4744 3129 4796; x_wconf 88' lang='lat' dir='ltr'><strong>aliud</strong></span> <span class='ocrx_word' id='word_1_956' title='bbox 3160 4744 3230 4795; x_wconf 89' lang='lat' dir='ltr'><strong>sit</strong></span> <span class='ocrx_word' id='word_1_957' title='bbox 3257 4731 3324 4797; x_wconf 84' lang='lat' dir='ltr'><strong>ab</strong></span> <span class='ocrx_word' id='word_1_958' title='bbox 3352 4759 3416 4796; x_wconf 82' lang='lat' dir='ltr'><strong>eo</strong></span> 
     </span>
    </p>
   </div>
   <div class='ocr_carea' id='block_1_92' title="bbox 1837 4835 3418 4907">
    <p class='ocr_par' dir='ltr' id='par_1_92' title="bbox 1837 4835 3418 4907">
     <span class='ocr_line' id='line_1_92' title="bbox 1837 4835 3418 4907; baseline -0.001 -17"><span class='ocrx_word' id='word_1_959' title='bbox 1837 4838 1927 4907; x_wconf 92' lang='lat' dir='ltr'><strong>qui</strong></span> <span class='ocrx_word' id='word_1_960' title='bbox 1960 4838 2141 4892; x_wconf 80' lang='lat' dir='ltr'><strong>iecerit</strong></span> <span class='ocrx_word' id='word_1_961' title='bbox 2167 4855 2179 4890; x_wconf 92' lang='lat'>:</span> <span class='ocrx_word' id='word_1_962' title='bbox 2211 4848 2263 4891; x_wconf 91' lang='lat' dir='ltr'><strong>et</strong></span> <span class='ocrx_word' id='word_1_963' title='bbox 2289 4837 2408 4889; x_wconf 91' lang='lat' dir='ltr'><strong>ideo</strong></span> <span class='ocrx_word' id='word_1_964' title='bbox 2436 4837 2614 4888; x_wconf 89' lang='lat' dir='ltr'><strong>lumen</strong></span> <span class='ocrx_word' id='word_1_965' title='bbox 2646 4850 2709 4887; x_wconf 80' lang='lat' dir='ltr'><strong>cx</strong></span> <span class='ocrx_word' id='word_1_966' title='bbox 2740 4835 2957 4895; x_wconf 89' lang='lat' dir='ltr'><strong>lumine,</strong></span> <span class='ocrx_word' id='word_1_967' title='bbox 2991 4850 3093 4886; x_wconf 92' lang='lat' dir='ltr'><strong>nou</strong></span> <span class='ocrx_word' id='word_1_968' title='bbox 3123 4835 3189 4889; x_wconf 90' lang='lat' dir='ltr'><strong>de</strong></span> <span class='ocrx_word' id='word_1_969' title='bbox 3218 4835 3418 4888; x_wconf 89' lang='lat' dir='ltr'><strong>lumine</strong></span> 
     </span>
    </p>
   </div>
   <div class='ocr_carea' id='block_1_93' title="bbox 1839 4925 3414 4995">
    <p class='ocr_par' dir='ltr' id='par_1_93' title="bbox 1839 4925 3414 4995">
     <span class='ocr_line' id='line_1_93' title="bbox 1839 4925 3414 4995; baseline -0.001 -13"><span class='ocrx_word' id='word_1_970' title='bbox 1839 4928 1992 4984; x_wconf 91' lang='lat' dir='ltr'><strong>dicis.</strong></span> <span class='ocrx_word' id='word_1_971' title='bbox 2032 4928 2165 4981; x_wconf 88' lang='lat' dir='ltr'><strong>Cum</strong></span> <span class='ocrx_word' id='word_1_972' title='bbox 2192 4942 2319 4995; x_wconf 80' lang='lat' dir='ltr'><strong>ergo</strong></span> <span class='ocrx_word' id='word_1_973' title='bbox 2352 4926 2465 4979; x_wconf 66' lang='lat' dir='ltr'><strong>haec</strong></span> <span class='ocrx_word' id='word_1_974' title='bbox 2504 4925 2825 4994; x_wconf 73' lang='lat' dir='ltr'><strong>przelocutus</strong></span> <span class='ocrx_word' id='word_1_975' title='bbox 2865 4941 3010 4989; x_wconf 90' lang='lat' dir='ltr'><strong>sum;</strong></span> <span class='ocrx_word' id='word_1_976' title='bbox 3044 4926 3164 4980; x_wconf 91' lang='lat' dir='ltr'><strong>licet</strong></span> <span class='ocrx_word' id='word_1_977' title='bbox 3206 4943 3414 4981; x_wconf 86' lang='lat' dir='ltr'><strong>mecum</strong></span> 
     </span>
    </p>
   </div>
   <div class='ocr_carea' id='block_1_94' title="bbox 1843 5016 3423 5087">
    <p class='ocr_par' dir='ltr' id='par_1_94' title="bbox 1843 5016 3423 5087">
     <span class='ocr_line' id='line_1_94' title="bbox 1843 5016 3423 5087; baseline -0.001 -16"><span class='ocrx_word' id='word_1_978' title='bbox 1843 5032 1949 5071; x_wconf 90' lang='lat' dir='ltr'><strong>non</strong></span> <span class='ocrx_word' id='word_1_979' title='bbox 1981 5016 2244 5084; x_wconf 83' lang='lat' dir='ltr'><strong>intelligas</strong></span> <span class='ocrx_word' id='word_1_980' title='bbox 2268 5057 2283 5080; x_wconf 92' lang='lat'><strong>,</strong></span> <span class='ocrx_word' id='word_1_981' title='bbox 2316 5025 2492 5069; x_wconf 88' lang='lat' dir='ltr'><strong>tamen</strong></span> <span class='ocrx_word' id='word_1_982' title='bbox 2538 5017 2649 5085; x_wconf 88' lang='lat' dir='ltr'><strong>ipsa</strong></span> <span class='ocrx_word' id='word_1_983' title='bbox 2678 5016 3160 5087; x_wconf 89' lang='lat' dir='ltr'><strong>quomodocunqno</strong></span> <span class='ocrx_word' id='word_1_984' title='bbox 3193 5033 3423 5082; x_wconf 83' lang='lat' dir='ltr'><strong>pronun-</strong></span> 
     </span>
    </p>
   </div>
   <div class='ocr_carea' id='block_1_95' title="bbox 1846 5108 3422 5178">
    <p class='ocr_par' dir='ltr' id='par_1_95' title="bbox 1846 5108 3422 5178">
     <span class='ocr_line' id='line_1_95' title="bbox 1846 5108 3422 5178; baseline -0.003 -15"><span class='ocrx_word' id='word_1_985' title='bbox 1846 5112 1968 5177; x_wconf 86' lang='lat' dir='ltr'><strong>tias,</strong></span> <span class='ocrx_word' id='word_1_986' title='bbox 1988 5124 2105 5164; x_wconf 88' lang='lat' dir='ltr'><strong>com</strong></span> <span class='ocrx_word' id='word_1_987' title='bbox 2124 5110 2319 5178; x_wconf 68' lang='lat' dir='ltr'><strong>scripta</strong></span> <span class='ocrx_word' id='word_1_988' title='bbox 2339 5125 2442 5161; x_wconf 86' lang='lat' dir='ltr'><strong>non</strong></span> <span class='ocrx_word' id='word_1_989' title='bbox 2463 5111 2608 5161; x_wconf 86' lang='lat' dir='ltr'><strong>sint:</strong></span> <span class='ocrx_word' id='word_1_990' title='bbox 2639 5125 2703 5160; x_wconf 86' lang='lat' dir='ltr'><strong>an</strong></span> <span class='ocrx_word' id='word_1_991' title='bbox 2735 5125 2839 5162; x_wconf 88' lang='lat' dir='ltr'><strong>non</strong></span> <span class='ocrx_word' id='word_1_992' title='bbox 2859 5119 2911 5162; x_wconf 90' lang='lat' dir='ltr'><strong>et</strong></span> <span class='ocrx_word' id='word_1_993' title='bbox 2934 5111 3087 5161; x_wconf 89' lang='lat' dir='ltr'><strong>unius</strong></span> <span class='ocrx_word' id='word_1_994' title='bbox 3109 5108 3422 5161; x_wconf 70' lang='lat' dir='ltr'><strong>substantia:</strong></span> 
     </span>
    </p>
   </div>
   <div class='ocr_carea' id='block_1_96' title="bbox 1846 5199 3422 5271">
    <p class='ocr_par' dir='ltr' id='par_1_96' title="bbox 1846 5199 3422 5271">
     <span class='ocr_line' id='line_1_96' title="bbox 1846 5199 3422 5271; baseline -0.005 -14"><span class='ocrx_word' id='word_1_995' title='bbox 1846 5203 2193 5268; x_wconf 74' lang='lat' dir='ltr'><strong>vocabulum,</strong></span> <span class='ocrx_word' id='word_1_996' title='bbox 2221 5201 2363 5271; x_wconf 90' lang='lat' dir='ltr'><strong>quod</strong></span> <span class='ocrx_word' id='word_1_997' title='bbox 2395 5201 2447 5255; x_wconf 92' lang='lat' dir='ltr'><strong>in</strong></span> <span class='ocrx_word' id='word_1_998' title='bbox 2486 5200 2781 5269; x_wconf 85' lang='lat' dir='ltr'><strong>Scripturis</strong></span> <span class='ocrx_word' id='word_1_999' title='bbox 2811 5217 2913 5254; x_wconf 91' lang='lat' dir='ltr'><strong>non</strong></span> <span class='ocrx_word' id='word_1_1000' title='bbox 2948 5211 3100 5268; x_wconf 86' lang='lat' dir='ltr'><strong>putas</strong></span> <span class='ocrx_word' id='word_1_1001' title='bbox 3123 5199 3422 5261; x_wconf 89' lang='lat' dir='ltr'><strong>contineri,</strong></span> 
     </span>
    </p>
   </div>
   <div class='ocr_carea' id='block_1_97' title="bbox 1849 5290 3429 5365">
    <p class='ocr_par' dir='ltr' id='par_1_97' title="bbox 1849 5290 3429 5365">
     <span class='ocr_line' id='line_1_97' title="bbox 1849 5290 3429 5365; baseline -0.006 -15"><span class='ocrx_word' id='word_1_1002' title='bbox 1849 5312 2055 5350; x_wconf 90' lang='lat' dir='ltr'><strong>mecum</strong></span> <span class='ocrx_word' id='word_1_1003' title='bbox 2089 5297 2284 5365; x_wconf 88' lang='lat' dir='ltr'><strong>pariter</strong></span> <span class='ocrx_word' id='word_1_1004' title='bbox 2314 5293 2611 5365; x_wconf 79' lang='lat' dir='ltr'><strong>proﬁteris?</strong></span> <span class='ocrx_word' id='word_1_1005' title='bbox 2638 5294 2736 5347; x_wconf 73' lang='lat' dir='ltr'><strong>nisi</strong></span> <span class='ocrx_word' id='word_1_1006' title='bbox 2763 5296 2881 5362; x_wconf 88' lang='lat' dir='ltr'><strong>quia</strong></span> <span class='ocrx_word' id='word_1_1007' title='bbox 2908 5292 3015 5345; x_wconf 89' lang='lat' dir='ltr'><strong>illic</strong></span> <span class='ocrx_word' id='word_1_1008' title='bbox 3039 5290 3265 5343; x_wconf 88' lang='lat' dir='ltr'><strong>habuisti</strong></span> <span class='ocrx_word' id='word_1_1009' title='bbox 3296 5302 3429 5357; x_wconf 88' lang='lat' dir='ltr'><strong>quo-</strong></span> 
     </span>
    </p>
   </div>
   <div class='ocr_carea' id='block_1_98' title="bbox 1848 5382 3429 5458">
    <p class='ocr_par' dir='ltr' id='par_1_98' title="bbox 1848 5382 3429 5458">
     <span class='ocr_line' id='line_1_98' title="bbox 1848 5382 3429 5458; baseline -0.007 -14"><span class='ocrx_word' id='word_1_1010' title='bbox 1848 5389 2008 5444; x_wconf 90' lang='lat' dir='ltr'><strong>modo</strong></span> <span class='ocrx_word' id='word_1_1011' title='bbox 2035 5390 2296 5458; x_wconf 85' lang='lat' dir='ltr'><strong>malignos</strong></span> <span class='ocrx_word' id='word_1_1012' title='bbox 2324 5403 2513 5442; x_wconf 88' lang='lat' dir='ltr'><strong>sensus</strong></span> <span class='ocrx_word' id='word_1_1013' title='bbox 2542 5397 2658 5441; x_wconf 91' lang='lat' dir='ltr'><strong>tuos</strong></span> <span class='ocrx_word' id='word_1_1014' title='bbox 2679 5387 2885 5440; x_wconf 89' lang='lat' dir='ltr'><strong>occulta</strong></span> <span class='ocrx_word' id='word_1_1015' title='bbox 2911 5382 3093 5437; x_wconf 82' lang='lat' dir='ltr'><strong>fraude</strong></span> <span class='ocrx_word' id='word_1_1016' title='bbox 3124 5382 3173 5435; x_wconf 91' lang='lat' dir='ltr'><strong>in</strong></span> <span class='ocrx_word' id='word_1_1017' title='bbox 3204 5392 3429 5448; x_wconf 89' lang='lat' dir='ltr'><strong>utroque</strong></span> 
     </span>
    </p>
   </div>
   <div class='ocr_carea' id='block_1_99' title="bbox 1845 5473 3427 5549">
    <p class='ocr_par' dir='ltr' id='par_1_99' title="bbox 1845 5473 3427 5549">
     <span class='ocr_line' id='line_1_99' title="bbox 1845 5473 3427 5549; baseline -0.006 -13"><span class='ocrx_word' id='word_1_1018' title='bbox 1845 5490 2187 5549; x_wconf 82' lang='lat' dir='ltr'><strong>contegeres;</strong></span> <span class='ocrx_word' id='word_1_1019' title='bbox 2219 5489 2275 5535; x_wconf 88' lang='lat' dir='ltr'><strong>ut</strong></span> <span class='ocrx_word' id='word_1_1020' title='bbox 2311 5496 2519 5534; x_wconf 88' lang='lat' dir='ltr'><strong>mecum</strong></span> <span class='ocrx_word' id='word_1_1021' title='bbox 2556 5480 2655 5533; x_wconf 89' lang='lat' dir='ltr'><strong>hoc</strong></span> <span class='ocrx_word' id='word_1_1022' title='bbox 2694 5479 2864 5544; x_wconf 88' lang='lat' dir='ltr'><strong>ipsum</strong></span> <span class='ocrx_word' id='word_1_1023' title='bbox 2909 5490 3042 5527; x_wconf 91' lang='lat' dir='ltr'><strong>sono</strong></span> <span class='ocrx_word' id='word_1_1024' title='bbox 3070 5475 3217 5528; x_wconf 87' lang='lat' dir='ltr'><strong>vocis</strong></span> <span class='ocrx_word' id='word_1_1025' title='bbox 3245 5473 3427 5539; x_wconf 80' lang='lat' dir='ltr'><strong>expri-</strong></span> 
     </span>
    </p>
   </div>
   <div class='ocr_carea' id='block_1_100' title="bbox 1849 5566 3424 5640">
    <p class='ocr_par' dir='ltr' id='par_1_100' title="bbox 1849 5566 3424 5640">
     <span class='ocr_line' id='line_1_100' title="bbox 1849 5566 3424 5640; baseline -0.006 -14"><span class='ocrx_word' id='word_1_1026' title='bbox 1849 5586 2042 5638; x_wconf 88' lang='lat' dir='ltr'><strong>meres,</strong></span> <span class='ocrx_word' id='word_1_1027' title='bbox 2070 5572 2162 5625; x_wconf 91' lang='lat' dir='ltr'><strong>sed</strong></span> <span class='ocrx_word' id='word_1_1028' title='bbox 2193 5582 2367 5626; x_wconf 89' lang='lat' dir='ltr'><strong>tamen</strong></span> <span class='ocrx_word' id='word_1_1029' title='bbox 2411 5572 2567 5640; x_wconf 88' lang='lat' dir='ltr'><strong>longe</strong></span> <span class='ocrx_word' id='word_1_1030' title='bbox 2604 5570 2734 5623; x_wconf 88' lang='lat' dir='ltr'><strong>dicti</strong></span> <span class='ocrx_word' id='word_1_1031' title='bbox 2768 5566 3167 5633; x_wconf 84' lang='lat' dir='ltr'><strong>intelligentiam</strong></span> <span class='ocrx_word' id='word_1_1032' title='bbox 3207 5580 3424 5634; x_wconf 87' lang='lat' dir='ltr'><strong>separa-</strong></span> 
     </span>
    </p>
   </div>
   <div class='ocr_carea' id='block_1_101' title="bbox 1847 5658 3429 5731">
    <p class='ocr_par' dir='ltr' id='par_1_101' title="bbox 1847 5658 3429 5731">
     <span class='ocr_line' id='line_1_101' title="bbox 1847 5658 3429 5731; baseline -0.002 -16"><span class='ocrx_word' id='word_1_1033' title='bbox 1847 5676 1953 5715; x_wconf 87' lang='lat' dir='ltr'><strong>res.</strong></span> <span class='ocrx_word' id='word_1_1034' title='bbox 1981 5661 2146 5716; x_wconf 90' lang='lat' dir='ltr'><strong>Sicuti</strong></span> <span class='ocrx_word' id='word_1_1035' title='bbox 2173 5672 2226 5717; x_wconf 93' lang='lat' dir='ltr'><strong>et</strong></span> <span class='ocrx_word' id='word_1_1036' title='bbox 2255 5662 2331 5715; x_wconf 91' lang='lat' dir='ltr'><strong>illi</strong></span> <span class='ocrx_word' id='word_1_1037' title='bbox 2366 5660 2602 5715; x_wconf 69' lang='lat' dir='ltr'><strong>haeretici</strong></span> <span class='ocrx_word' id='word_1_1038' title='bbox 2627 5661 2715 5731; x_wconf 86' lang='lat' dir='ltr'><strong>qui</strong></span> <span class='ocrx_word' id='word_1_1039' title='bbox 2759 5660 3205 5714; x_wconf 86' lang='lat' dir='ltr'><strong>resurrectionem</strong></span> <span class='ocrx_word' id='word_1_1040' title='bbox 3245 5658 3429 5712; x_wconf 86' lang='lat' dir='ltr'><strong>carnis</strong></span> 
     </span>
    </p>
   </div>
   <div class='ocr_carea' id='block_1_102' title="bbox 1851 5747 3429 5822">
    <p class='ocr_par' dir='ltr' id='par_1_102' title="bbox 1851 5747 3429 5822">
     <span class='ocr_line' id='line_1_102' title="bbox 1851 5747 3429 5822; baseline -0.004 -15"><span class='ocrx_word' id='word_1_1041' title='bbox 1851 5762 2071 5821; x_wconf 84' lang='lat' dir='ltr'><strong>negant,</strong></span> <span class='ocrx_word' id='word_1_1042' title='bbox 2105 5754 2172 5807; x_wconf 88' lang='lat' dir='ltr'><strong>ad</strong></span> <span class='ocrx_word' id='word_1_1043' title='bbox 2213 5751 2559 5822; x_wconf 83' lang='lat' dir='ltr'><strong>decipiendas</strong></span> <span class='ocrx_word' id='word_1_1044' title='bbox 2589 5756 2795 5807; x_wconf 84' lang='lat' dir='ltr'><strong>animas</strong></span> <span class='ocrx_word' id='word_1_1045' title='bbox 2822 5750 3182 5818; x_wconf 76' lang='lat' dir='ltr'><strong>&#39;s&#39;mplicium,</strong></span> <span class='ocrx_word' id='word_1_1046' title='bbox 3222 5762 3302 5801; x_wconf 64' lang='lat' dir='ltr'><strong>vae</strong></span> <span class='ocrx_word' id='word_1_1047' title='bbox 3341 5747 3429 5801; x_wconf 80' lang='lat' dir='ltr'><strong>di-</strong></span> 
     </span>
    </p>
   </div>
   <div class='ocr_carea' id='block_1_103' title="bbox 1852 5842 3429 5918">
    <p class='ocr_par' dir='ltr' id='par_1_103' title="bbox 1852 5842 3429 5918">
     <span class='ocr_line' id='line_1_103' title="bbox 1852 5842 3429 5918; baseline -0.004 -14"><span class='ocrx_word' id='word_1_1048' title='bbox 1852 5859 1977 5904; x_wconf 89' lang='lat' dir='ltr'><strong>cunt</strong></span> <span class='ocrx_word' id='word_1_1049' title='bbox 2022 5848 2109 5917; x_wconf 85' lang='lat' dir='ltr'><strong>bis</strong></span> <span class='ocrx_word' id='word_1_1050' title='bbox 2136 5848 2262 5918; x_wconf 89' lang='lat' dir='ltr'><strong>quia</strong></span> <span class='ocrx_word' id='word_1_1051' title='bbox 2296 5848 2351 5905; x_wconf 90' lang='lat' dir='ltr'><strong>in</strong></span> <span class='ocrx_word' id='word_1_1052' title='bbox 2388 5864 2551 5904; x_wconf 83' lang='lat' dir='ltr'><strong>carne</strong></span> <span class='ocrx_word' id='word_1_1053' title='bbox 2576 5863 2679 5903; x_wconf 67' lang='lat' dir='ltr'><strong>orn</strong></span> <span class='ocrx_word' id='word_1_1054' title='bbox 2717 5854 3018 5917; x_wconf 82' lang='lat' dir='ltr'><strong>resurgunt.</strong></span> <span class='ocrx_word' id='word_1_1055' title='bbox 3045 5845 3153 5903; x_wconf 77' lang='lat' dir='ltr'><strong>Sed</strong></span> <span class='ocrx_word' id='word_1_1056' title='bbox 3180 5847 3222 5901; x_wconf 87' lang='lat' dir='ltr'><strong>si</strong></span> <span class='ocrx_word' id='word_1_1057' title='bbox 3253 5842 3429 5899; x_wconf 81' lang='lat' dir='ltr'><strong>discu-</strong></span> 
     </span>
    </p>
   </div>
  </div>
