3978 6380
521 347 628 400 455

1840 361 2054 417 ιἰιιιιιι
2095 362 2463 419 TAPSENSIS

3694 368 3800 420 Γ.»

517 463 616 514 tias
639 473 730 514 eos
753 474 847 514 cur
877 461 977 516 hoc
1009 463 1268 530 dixerint,
1295 481 1411 519 cum
1452 469 1592 522 scias
1631 470 1750 522 illos
1790 473 1966 525 carnis
2002 488 2088 526 re-
2119 480 2172 537 Α
2198 489 2437 532 sanctum
2471 479 2672 532 totum?
2703 478 2782 531 An
2828 488 2881 531 tu
2915 489 3067 547 putas
3113 480 3269 533 inane
3318 479 3516 548 aliquid
3569 496 3698 535 esse
3747 493 3800 535 et

514 553 901 607 surrectionem
933 558 1150 608 omnino
1182 573 1395 626 negire,
1421 559 1599 613 dicent
1623 562 1714 614 tibi
1743 579 1757 616 :
1791 561 1880 617 Va:
1913 569 2096 632 utique

516 643 590 696 ili
618 643 719 696 erit
743 643 831 710 qui
864 643 914 695 in
946 660 1107 699 carne
1136 647 1427 714 baptizatus
1459 665 1562 702 non
1595 650 1782 714 fuerit,
1829 661 1889 704 ut
1920 656 2094 706 anima

515 733 703 800 ipsius,
724 731 850 785 dum
911 734 963 786 in
1012 747 1389 802 corporeest,
1432 737 1497 792 de
1557 750 1727 793 morte
1775 740 2094 796 delictorum

514 835 767 885 suorum,
801 830 856 874 ut
882 823 947 875 de
986 824 1229 889 sepulcro
1255 827 1533 879 criminum
1563 844 1655 895 per
1694 829 2013 894 baptismum
2046 833 2096 884 in

515 910 700 964 eadem
742 921 997 978 resurgat.
1036 913 1212 965 Solius
1253 915 1451 968 etenim
1494 917 1720 981 anima},
1759 933 1852 986 per
1896 920 2095 974 lavaCri

515 1002 689 1053 vitalis
720 1003 944 1070 gratiam
975 1003 1420 1057 resurrectionem
1464 1007 1514 1058 in
1556 1022 1714 1060 carne
1758 1008 2092 1062 defendunt:

516 1106 636 1143 nam
669 1101 721 1143 et
763 1092 926 1157 ipsius
967 1093 1142 1143 carnis
1185 1093 1408 1146 salutem
1452 1096 1762 1150 excludunt.
1799 1098 1863 1150 Et
1896 1100 1946 1152 hi
2001 1115 2094 1168 per

515 1181 858 1234 verisimilem
897 1182 1319 1248 confessionem,
1361 1186 1719 1241 innocentium
1762 1200 1968 1244 mentes
2005 1207 2094 1244 oe-

515 1273 654 1326 culta
695 1272 876 1327 fraude
906 1274 1185 1327 seducunt.
1223 1276 1285 1328 Et
1309 1289 1359 1328 nt
1396 1279 1533 1329 solet
1574 1279 1770 1333 lethale
1794 1281 1952 1350 513
1997 1298 2088 1349 p-t-

516 1362 694 1414 culum
733 1363 908 1416 mellis
947 1363 1227 1417 dulcedine
1266 1376 1650 1433 temperatum,
1687 1381 1952 1424 suawtate
1996 1374 2092 1424 fal-

519 1450 679 1516 lente,
713 1454 993 1520 perimere;
1019 1454 1095 1508 sic
1118 1467 1170 1508 et
1202 1457 1300 1509 hoc
1331 1458 1523 1510 malum
1553 1475 1645 1527 per
1673 1462 2090 1516 blandimentum

515 1543 756 1609 aurium,
799 1543 1127 1597 aud:entium
1170 1561 1359 1600 sensus
1398 1551 1622 1616 quadam
1671 1551 1785 1605 labe
1829 1554 2094 1606 contami-

515 1649 668 1698 nans,
692 1634 1008 1703 contagione
1031 1637 1137 1689 vitii
1164 1638 1486 1692 adiumentis
1518 1640 1701 1694 inlicit.

1131 1759 1482 1832 CAPUTIV.

591 1884 1064 1957 Deniqttcfet'iinnc
1091 1901 1306 1958 possent
1351 1892 1587 1960 ὁμούσιον
1615 1894 1770 1947 sicuti
1815 1903 1868 1948 ιιι
1904 1904 2095 1948 ειειετδ

515 1980 680 2032 verbo
713 1990 866 2032 tenus
898 1982 1192 2045 nominare,
1222 1984 1263 2035 si
1300 1985 1559 2037 haberent
1591 1987 1857 2052 quomodo
1885 1986 2012 2040 illud
2031 1988 2096 2040 ad

514 2071 671 2123 aliam
719 2071 1121 2141 intellgent’am
1174 2089 1316 2127 εωνο
1364 2089 1523 2128 sensu
1569 2088 1947 2143 perverterent.
1992 2078 2094 2132 Sed

516 2179 634 2216 cum
664 2164 903 2218 viderent
929 2181 986 2218 se
1019 2165 1070 2218 in
1104 2165 1205 2219 hoc
1233 2168 1393 2220 verbo
1434 2168 1708 2232 concludi,
1740 2169 1939 2222 nullam
1981 2188 2095 2222 om-

518 2258 645 2308 nino
677 2261 998 2311 mentionem
1029 2259 1182 2327 hujus
1211 2259 1322 2312 lieri
1357 2260 1665 2326 voluerunt,
1712 2278 1776 2315 ne
1801 2272 1890 2316 aut
1931 2265 2094 2331 proli-

515 2351 678 2402 tendo
710 2349 808 2403 hoc
837 2350 1142 2417 crederent,
1174 2360 1265 2404 aut
1291 2352 1569 2406 credentes
1596 2353 1818 2421 professi
1850 2355 2095 2409 videren-

513 2449 598 2492 tur
625 2457 636 2491 :
665 2441 844 2494 subtili
896 2443 1108 2510 ingenio
1137 2456 1454 2498 excusantes
1475 2486 1488 2505 .
1533 2447 1672 2514 quod
1719 2458 1806 2500 aut
1836 2449 2090 2514 scriptum

512 2545 615 2581 non
647 2539 789 2584 esset
815 2571 830 2596 ,
862 2542 950 2584 aut
979 2533 1144 2587 Deum
1191 2535 1241 2587 in
1274 2535 1566 2589 substantia
1612 2537 1716 2590 dici
1746 2553 1851 2591 non
1882 2551 2096 2606 oporte-

510 2628 613 2683 ret,
645 2635 710 2674 ne
733 2636 1024 2690 corporeus
1046 2624 1374 2678 crederetur.
1403 2626 1543 2679 Deus
1571 2628 1794 2692 etenim,
1826 2631 2086 2697 inquiunt,

510 2707 675 2762 eflicit
703 2719 759 2762 ut
787 2711 854 2764 sit
883 2713 1175 2766 substantia
1201 2757 1213 2778 ,
1261 2730 1365 2768 non
1410 2724 1584 2770 tamen
1612 2726 1668 2770 ut
1713 2717 1825 2785 ipse
1872 2719 2010 2772 Deus
2039 2720 2088 2771 in

510 2802 802 2856 substantia
827 2803 1130 2870 deputetur.
1158 2806 1363 2874 Quippe
1392 2808 1584 2876 (aiunt)
1610 2823 1729 2862 cum
1756 2809 1931 2862 omnis
1963 2811 2090 2864 sul)-

512 2893 705 2944 stantia
730 2893 998 2947 contraria
1031 2895 1269 2964 recipiat,
1290 2898 1428 2950 Deus
1455 2913 1601 2963 vero,
1627 2899 1715 2966 qui
1747 2899 1875 2951 nihil
1903 2900 2082 2954 diver-

510 2998 627 3035 smn
677 2985 960 3040 admittere
1008 3000 1211 3055 potest,
1268 2990 1560 3042 substantia
1610 2990 1711 3044 dici
1760 3008 1863 3044 non
1911 2992 2087 3047 debet.

512 3075 846 3143 Ignoscerem
877 3079 966 3130 tibi
989 3079 1031 3130 si
1056 3071 1156 3131 hoc
1179 3080 1490 3148 simpliciter
1512 3081 1740 3142 diceres,
1765 3083 1806 3135 si
1833 3084 2087 3136 rationem

511 3167 589 3220 rei
624 3168 784 3220 velles
815 3171 983 3231 seire,
1015 3172 1057 3222 si
1102 3171 1246 3223 rudis
1277 3171 1340 3223 ad
1378 3171 1516 3225 hanc
1545 3175 1893 3240 qtnestlonem
1939 3188 2085 3226 acce-

509 3259 698 3322 deres,
730 3261 771 3312 si
802 3276 906 3312 non
940 3262 1050 3329 ipse
1077 3275 1225 3315 esses
1254 3263 1339 3330 qui
1383 3276 1597 3330 semper
1624 3263 1705 3316 vel
1739 3262 1803 3316 de
1833 3262 1934 3315 alia
1968 3264 2090 3316 sub.

509 3349 700 3404 stantia
721 3392 736 3417 ,
771 3353 853 3406 vel
882 3352 948 3406 de
980 3353 1139 3406 nullis
1166 3354 1505 3408 exsmmibus
1537 3355 1627 3409 Dei
1663 3354 1854 3408 Filium
1886 3369 2094 3409 assere-

510 3441 626 3495 bas.
658 3445 724 3495 At
748 3458 866 3496 cum
911 3444 1048 3498 idem
1084 3447 1196 3514 ipse
1223 3445 1297 3498 sis
1346 3447 1435 3513 qui
1472 3446 1592 3499 hinc
1621 3460 1763 3514 saepe
1792 3448 2088 3511 convictus,

510 3548 652 3613 saepe
693 3533 1002 3604 confessus,
1037 3550 1181 3605 saepe
1212 3537 1450 3605 negasti,
1485 3539 1681 3606 smpius
1715 3539 1870 3591 aliter
1900 3538 2093 3591 immu-

512 3629 672 3680 tando
699 3628 978 3682 damnatus
1005 3645 1092 3693 es,
1126 3631 1213 3697 qui
1243 3633 1400 3684 etiam
1431 3646 1571 3684 nunc
1605 3631 1684 3696 vi,
1719 3631 2010 3686 ambitione
2039 3641 2093 3685 et

515 3717 751 3783 potentia
780 3719 1038 3786 exagitas,
1074 3721 1255 3772 turbas
1283 3722 1460 3772 omnia
1485 3738 1498 3772 :
1531 3721 1799 3788 quomodo
1826 3737 1911 3774 me
1942 3731 2093 3789 putas

513 3811 791 3873 ignoscere
825 3807 916 3860 tibi
949 3823 1102 3874 posse
1146 3807 1476 3876 frequentius
1525 3813 1712 3863 eadem
1743 3813 2091 3865 retractanti?

512 3897 617 3952 Sed
653 3914 716 3952 ne
747 3897 988 3951 videatur
1033 3900 1146 3951 hate
1189 3901 1509 3966 perversitas
1556 3903 1896 3969 prtejudieata
1929 3905 2092 3974 magis

511 4005 666 4058 quam
700 3990 997 4044 exatninata
1030 3989 1294 4058 damnari,
1333 3993 1562 4046 breviter
1592 3993 1682 4046 tibi
1708 3999 1774 4047 de
1801 3997 1896 4048 hac
1924 4011 2089 4063 oppo-

509 4089 703 4142 sitione
734 4086 1107 4156 respondeam.
1145 4088 1404 4142 Prohibes
1434 4089 1611 4157 itaque
1641 4090 1691 4142 in
1719 4090 1824 4142 Deo
1846 4090 2091 4143 substan-

508 4180 632 4231 tiam
663 4178 947 4238 nominari.
983 4178 1131 4246 quasi
1163 4192 1324 4232 omne
1354 4179 1495 4248 quod
1542 4179 1839 4233 substantia
1870 4180 2087 4245 dicitur,

511 4283 595 4320 res
639 4269 745 4335 ipsa
779 4270 936 4321 unius
969 4271 1180 4336 generis
1222 4269 1498 4324 habeatur.
1545 4271 1625 4323 An
1658 4272 1873 4339 ignoras
1894 4314 1906 4335 ,
1937 4272 2091 4322 aliter

509 4360 769 4422 coelestia,
811 4362 965 4413 aliter
994 4371 1204 4413 terrena
1230 4372 1507 4425 constare;
1537 4364 1629 4416 sed
1667 4372 1720 4415 et
1747 4364 1798 4416 in
1824 4347 1952 4429 ipsis
1979 4377 2090 4416 c03-

510 4449 734 4502 lestibus
772 4460 928 4516 atque
960 4451 1242 4504 mundanis
1275 4455 1431 4506 rebus
1463 4469 1704 4523 magnam
1737 4455 2088 4508 differentiam

2202 585 2422 624 vacuum
2466 572 2607 640 quod
2651 572 2786 624 Deus
2829 574 2945 624 e~t?
2973 570 3083 624 Hoc
3122 573 3264 626 enim
3296 571 3401 624 dici
3450 572 3797 638 blasphemia

2202 669 2314 720 est,
2349 669 2404 713 ttt
2436 662 2592 714 inane
2627 671 2838 730 putetur
2871 677 2961 730 per
2991 677 3148 729 quem
3176 675 3367 716 cuncta
3396 666 3799 721 constiterunt.

2202 752 2288 818 qtti
2320 753 2498 804 omnia
2531 754 2697 806 verbo
2724 752 2926 816 edidit,
2975 755 3182 805 ratione
3229 755 3563 818 composuit,
3599 754 3802 807 virtute

2203 839 2454 908 perfecit,
2507 842 2658 910 cujus
2690 852 2817 895 nutu
2861 853 2914 894 et
2951 843 3186 909 imperio
3217 845 3463 896 universa
3511 853 3797 911 reguntur,

2202 941 2386 984 cuncta
2416 932 2745 985 deserviunt.
2788 933 2855 984 Et
2884 933 3021 985 bene
3062 932 3202 998 quod
3245 933 3311 985 de
3346 935 3454 985 lleo
3484 934 3620 1000 legis
3663 936 3796 985 scri-

2203 1030 2378 1086 pturn:
2417 1019 2525 1089 Ego
2551 1038 2663 1073 sum
2689 1023 2777 1089 qui
2801 1039 2945 1085 sitm;
2979 1031 3032 1075 et
3059 1041 3072 1074 :
3101 1022 3197 1086 Qui
3222 1034 3292 1096 est
3320 1025 3455 1073 misit
3486 1040 3566 1074 me
3593 1022 3794 1088 (Exod.

2200 1127 2275 1177 ιιι,
2313 1115 2423 1177 ιι).
2459 1114 2522 1164 lit
2549 1114 2661 1178 ipse
2693 1113 2940 1167 Salvator
2979 1126 3032 1167 et
3079 1098 3376 1167 Dominus:
3415 1115 3538 1168 ιιιεε
3571 1127 3682 1174 est,
3722 1117 3797 1168 in-

2199 1205 2332 1272 quit,
2361 1205 2460 1256 vita
2488 1213 2700 1264 (eterna,
2727 1215 2779 1255 ut
2806 1216 3110 1272 cognosrattt
3137 1215 3182 1256 te
3205 1206 3370 1257 solum
3403 1222 3578 1257 rerum
3605 1207 3792 1270 Deum,

2197 1306 2243 1346 et
2277 1311 2427 1364 quem
2471 1296 2649 1347 misisti
2683 1296 2860 1348 Jesum
2887 1297 3142 1349 Christum
3186 1298 3365 1365 (Joan.
3408 1315 3550 1360 xvtt,
3583 1299 3662 1365 3).
3710 1302 3795 1353 E-t

2197 1401 2324 1452 ergo
2372 1385 2421 1438 in
2468 1386 2761 1438 sub-tmtia
2825 1403 2916 1438 sua
2967 1387 3142 1450 Dcus,
3194 1389 3348 1452 cujus
3394 1390 3640 1456 cognitio
3694 1393 3792 1441 vita

2197 1485 2398 1528 acterna
2430 1485 2529 1537 est,
2560 1485 2612 1528 et
2639 1476 2726 1543 qui
2753 1485 2932 1528 tantus
2963 1488 3042 1530 est
3064 1487 3293 1544 quantus
3320 1479 3421 1531 dici
3456 1495 3566 1532 non
3595 1492 3790 1547 potest.

2195 1565 2292 1629 Qui
2323 1576 2446 1618 tunc
2475 1565 2635 1633 digne
2660 1569 2957 1619 aasnmatur
2985 1582 3102 1619 eum
3129 1569 3516 1622 intestimabilis
3548 1572 3790 1624 dicitur:

2197 1656 2376 1717 utique
2406 1657 2536 1709 velis
2566 1671 2627 1708 ac
2659 1656 2814 1710 nolis.
2864 1657 3002 1725 Ergo
3041 1658 3212 1725 ipsum
3244 1661 3383 1726 quod
3413 1671 3533 1727 est,
3574 1662 3687 1715 hoc
3722 1679 3793 1716 est

2195 1745 2483 1799 substantia
2514 1746 2629 1814 ejus
2658 1747 2731 1800 rei
2759 1764 2874 1815 quae
2897 1764 3014 1801 esse
3043 1750 3345 1803 defenditur
3377 1769 3387 1802 :
3417 1755 3567 1820 quod
3610 1763 3785 1805 tamt-n

2129 1837 2304 1915 Bjam
2352 1837 2552 1890 dictum
2595 1848 2716 1905 est,
2763 1849 3018 1906 quantum
3047 1850 3100 1893 et
3136 1843 3293 1909 quale
3323 1845 3420 1908 sit,
3471 1860 3577 1897 nec
3620 1859 3791 1899 mente

2200 1927 2430 1996 concipi,
2464 1943 2560 1981 nec
2588 1944 2747 1981 sensu
2777 1931 3061 1996 aestimari,
3093 1946 3191 1984 nec
3231 1935 3408 1986 animo
3451 1935 3676 1987 deliniri
3711 1953 3790 2003 po-

2202 2029 2322 2072 test.
2355 2019 2654 2072 Dummodo
2692 2030 2901 2074 constet
2936 2037 3053 2074 esse
3083 2023 3221 2091 quod
3263 2040 3380 2077 esse
3407 2027 3695 2087 creditur;
3744 2039 3786 2079 ut

2198 2109 2265 2162 de
2286 2125 2350 2162 eo
2378 2111 2491 2177 ipso
2511 2109 2652 2178 quod
2686 2110 2823 2163 Deus
2853 2121 2934 2164 est
2962 2112 3086 2164 inde
3130 2115 3198 2165 sit
3229 2115 3420 2180 Filius,
3448 2126 3506 2168 ut
3541 2133 3714 2171 verus
3731 2122 3786 2170 sit

2200 2198 2388 2263 Filius,
2419 2211 2472 2253 et
2503 2214 2657 2252 verus
2683 2199 2751 2251 sit
2784 2199 2939 2254 Pater
2968 2202 3018 2254 in
3053 2202 3205 2264 ιαίιιο,
3237 2215 3290 2256 ει
3321 2205 3486 2258 Filius
3520 2207 3575 2258 in
3614 2208 3781 2260 Patre.

2199 2291 2309 2345 lloc
2330 2293 2430 2344 erit
2457 2292 2716 2361 ὁμούσιον,
2748 2293 2796 2344 id
2824 2303 2904 2345 est
2935 2296 3091 2346 unius
3121 2297 3427 2348 substantia:
3453 2312 3580 2349 cum
3615 2298 3779 2352 Patre.

2196 2382 2344 2436 Sicut
2378 2383 2488 2449 ipse
2539 2383 2792 2435 Dominus
2837 2386 2942 2445 ait,
2998 2384 3104 2452 Ego
3144 2385 3195 2436 in
3249 2385 3431 2449 Patre,
3469 2401 3514 2438 et
3551 2386 3780 2440 Poteris

2194 2491 2274 2528 me
2299 2473 2472 2543 (Joan.
2503 2491 2607 2537 ιιν,
2643 2476 2752 2541 ll).
2786 2475 2893 2544 Ego
2933 2487 2977 2528 et
3017 2475 3172 2529 Pater
3201 2494 3353 2529 unum
3384 2495 3564 2530 sumus
3612 2484 3778 2544 (λοσε.

2197 2581 2246 2627 x,
2281 2566 2370 2631 30)
2397 2582 2409 2628 ;
2441 2576 2494 2618 et
2526 2580 2540 2617 :
2575 2564 2684 2633 Ego
2714 2566 2775 2617 de
2803 2566 2962 2618 Patre
2983 2569 3113 2619 exivi
3160 2567 3334 2634 (Joan.
3369 2584 3454 2620 xvr
3476 2610 3492 2631 ,
3523 2569 3665 2634 28);
3697 2584 3744 2623 et
3771 2591 3778 2620 :

2199 2657 2398 2722 Quinte
2423 2658 2575 2721 videt,
2600 2658 2730 2709 videt
2753 2666 2798 2709 et
2832 2655 3036 2710 Patrem
3067 2660 3245 2725 (Joan.
3274 2675 3379 2722 xiv,
3410 2660 3494 2724 9).
3528 2661 3653 2714 Non
3691 2665 3776 2715 im-

2193 2749 2382 2802 merito
2404 2788 2418 2811 ,
2447 2751 2566 2816 quia
2598 2747 2764 2801 F.lius
2806 2748 2898 2801 Dei
2943 2749 3010 2802 de
3040 2748 3080 2800 Ι)
3115 2763 3146 2801 o
3179 2749 3332 2802 Patre
3376 2760 3533 2802 natus
3563 2762 3660 2804 est
3691 2770 3704 2805 :
3732 2764 3774 2804 et

2193 2840 2313 2895 ideo
2343 2845 2408 2893 de
2450 2841 2651 2894 unitate
2690 2841 3029 2902 substantite,
3061 2851 3116 2893 et
3156 2841 3222 2894 de
3254 2841 3538 2908 majestate
3575 2845 3777 2896 deitatis

2191 2947 2350 2984 unum
2385 2945 2523 2994 sunt,
2555 2932 2707 2984 sicuti
2741 2940 2795 2984 et
2830 2931 3087 2985 Jeremias
3115 2933 3447 3002 prophetavit
3478 2949 3492 2987 :
3531 2936 3663 2998 Quis
3691 2949 3776 2987 sta-

2189 3023 2257 3075 bit
2300 3023 2352 3076 in
2393 3024 2674 3075 substantia
2712 3023 2947 3087 Domini,
2999 3033 3044 3077 et
3089 3025 3270 3077 videbit
3318 3026 3524 3077 verbum
3576 3025 3775 3078 Domini

2190 3103 2322 3171 (λεν.
2356 3131 2486 3168 XIIII
2510 3159 2522 3179 ,
2560 3115 2684 3184 18)?
2715 3117 2772 3169 Et
2804 3117 2993 3169 iterum
3025 3133 3038 3172 :
3073 3117 3132 3169 Si
3161 3118 3410 3170 stetissent
3444 3119 3498 3168 in
3548 3120 3777 3171 substan-

2117 3215 2163 3276 ρ
2196 3208 2264 3258 tia
2299 3223 2440 3267 mea,
2483 3215 2531 3257 et
2573 3208 2616 3257 si
2656 3206 2914 3259 audissent
2960 3207 3106 3258 verba
3135 3224 3267 3269 mea,
3305 3210 3600 3260 avertissent
3639 3226 3716 3259 eos
3751 3227 3775 3256 α

2195 3300 2374 3351 studiis
2412 3313 2587 3351 eorum
2619 3299 2846 3362 pessimis
2884 3297 3075 3362 (lbid.,
3104 3298 3217 3366 22).
3253 3303 3320 3350 Et
3350 3299 3493 3366 apud
3545 3301 3773 3352 Salomo-

2195 3407 2314 3445 nem
2345 3407 2356 3443 :
2393 3389 2688 3444 Substatttia
2713 3405 2840 3452 mea,
2871 3390 3084 3443 dulcedo
3107 3407 3214 3444 mea
3238 3400 3307 3443 est
3335 3391 3496 3459 (Sap.
3532 3407 3641 3452 an,
3669 3392 3772 3457 Si}.

2819 3529 3042 3585 CAPUT
3083 3531 3143 3583 ν.

2266 3646 2423 3716 515
2453 3645 2582 3698 Cum
2609 3660 2734 3713 ergo
2758 3645 2891 3698 hanc
2918 3645 3173 3699 unitatem
3197 3647 3519 3700 substantia:
3545 3651 3592 3699 in
3617 3647 3770 3700 Patre

2194 3746 2247 3790 et
2279 3735 2412 3789 Filio
2446 3751 2548 3788 non
2581 3738 2752 3788 solum
2784 3737 3116 3802 prophetica,
3149 3729 3242 3788 Se°d
3273 3744 3328 3788 et
3357 3738 3663 3804 evangelica
3693 3752 3777 3786 an-

2195 3829 2443 3883 ctoritate
2471 3842 2764 3896 cognoscas
2786 3869 2798 3888 ,
2836 3832 3103 3893 quomodo
3133 3827 3266 3878 dicis
3307 3829 3355 3876 in
3386 3828 3678 3895 Scripturis
3703 3829 3733 3879 d
3756 3855 3778 3864 -

2197 3920 2330 3974 vinis
2361 3921 2601 3991 ὀμούσιον
2639 3935 2744 3970 ιιοη
2791 3919 3049 3972 inveniri?
3077 3920 3224 3984 quasi
3255 3920 3400 3970 aliud
3447 3922 3517 3972 sit
3547 3913 3777 3990 alui-35m

2193 4025 2348 4078 quam
2373 4010 2513 4079 quod
2545 4009 2707 4074 dicit,
2741 4007 2850 4079 Ego
2877 4010 2938 4060 de
2969 4008 3076 4060 Deo
3109 4008 3266 4060 Patre
3294 4013 3428 4061 exui
3457 4010 3632 4077 (Joau.
3671 4026 3773 4071 xvi,

2194 4099 2323 4169 28);
2356 4111 2428 4167 et,
2471 4099 2581 4168 Ego
2611 4109 2656 4152 et
2689 4097 2844 4151 Pater
2867 4114 3024 4150 unum
3050 4115 3223 4150 sumus
3247 4097 3425 4167 (Joan.
3464 4117 3521 4163 ς,
3551 4103 3668 4167 50);
3701 4105 3774 4152 vel

2193 4193 2332 4261 qttod
2380 4194 2653 4261 pr0phetae
2698 4208 2759 4244 ex
2799 4202 2986 4255 aperto
3028 4190 3380 4244 substantiam
3429 4192 3525 4246 Dei
3572 4194 3776 4246 intima-

2194 4284 2354 4336 bant?
2385 4284 2506 4336 llaec
2535 4293 2616 4336 est
2660 4291 2834 4335 autem
2879 4283 3110 4334 nominis
3153 4283 3321 4345 ratio,
3354 4295 3412 4335 nt
3449 4284 3501 4335 in
3549 4285 3705 4336 Patre
3733 4295 3778 4334 et

2193 4374 2328 4427 Filio
2375 4373 2631 4426 unitatem
2665 4372 2976 4424 substantia:
3005 4372 3224 4433 credas,
3277 4373 3400 4425 licet
3451 4389 3567 4426 rem
3613 4374 3776 4438 ipsam

2194 4465 2333 4531 (quae
2383 4472 2464 4517 est
2509 4461 2900 4532 inenarrabilis)
2945 4463 3169 4516 definire
3200 4478 3302 4515 non
3337 4465 3544 4529 possis;
3589 4474 3643 4516 ut
3671 4466 3776 4515 sive

509 4539 804 4594 interes-e?
834 4541 1002 4595 Aliter
1022 4543 1164 4596 enim
1195 4543 1391 4611 angeli,
1428 4544 1580 4597 aliter
1612 4546 1832 4613 singulae
1863 4559 2086 4612 quaeque
2118 4586 2167 4645 Β
2196 4557 2374 4610 lumen
2415 4557 2480 4608 ἀι,
2513 4557 2707 4607 lumine
2738 4556 2885 4606 dicas
2906 4595 2921 4618 ,
2963 4558 3074 4607 sive
3105 4557 3323 4607 verbum
3354 4556 3426 4607 de
3451 4557 3639 4615 verbo,
3670 4558 3779 4606 sive

509 4631 753 4695 virtutes,
784 4632 1220 4686 constitutionum
1251 4649 1467 4686 suarum
1511 4634 1836 4688 subStantias
1871 4651 2086 4704 accepe-

510 4732 666 4788 runt,
697 4724 850 4777 sicuti
898 4726 1183 4793 Apostolus
1232 4725 1346 4778 ait:
1387 4727 1502 4777 Alia
1543 4726 1744 4778 claritas
1784 4729 1939 4790 solis,
1986 4728 2088 4779 alia

506 4813 714 4866 claritas
741 4813 907 4880 (tmte,
939 4815 1043 4867 alia
1073 4818 1279 4868 claritas
1307 4818 1569 4868 stellarum
1618 4814 1678 4885 (I
1702 4815 1817 4869 Cor.
1852 4833 1940 4879 sv,
1973 4818 2088 4885 Η).

511 4905 602 4962 Sic
625 4918 678 4959 et.
708 4905 758 4960 in
787 4905 886 4959 hoc
917 4923 1132 4969 nnnnzo,
1169 4916 1227 4960 ut
1254 4908 1466 4960 diversa
1495 4923 1690 4976 genera
1714 4922 1910 4968 rerum,
1940 4907 2009 4959 ita
2037 4918 2086 4961 rt

507 4996 718 5051 diversa
752 4997 913 5070 515
941 5013 1161 5064 corpora
1208 4999 1552 5052 animantium
1577 5042 1589 5062 ,
1619 5009 1672 5052 et
1719 5000 1963 5052 omnibus
2005 5001 2085 5053 sui

505 5088 767 5156 cujusque
795 5090 1009 5156 generis
1040 5089 1333 5142 stilistantia
1354 5131 1366 5150 ,
1419 5092 1555 5142 sicut
1601 5092 1885 5157 Aposwlus
1915 5092 2039 5145 dicit
2073 5109 2085 5144 :

506 5181 629 5234 Non
661 5184 825 5235 omnis
872 5199 1016 5243 raro,
1052 5183 1226 5235 eadem
1255 5200 1370 5237 caro
1409 5183 1568 5251 (Ibid.
1590 5226 1604 5249 ,
1634 5187 1746 5255 59).
1781 5188 1835 5241 Si
1868 5203 1995 5255 ergo
2026 5203 2087 5239 ca

505 5287 624 5340 quae
651 5287 680 5325 a
710 5274 815 5326 Deo
845 5274 980 5327 facta
1005 5259 1149 5335 sunt,
1185 5275 1425 5328 diversas
1456 5277 1738 5343 qualitates
1767 5278 2088 5331 substantia-

504 5379 620 5418 rum
649 5379 864 5419 suarum
898 5366 1112 5433 habent,
1150 5378 1200 5418 tu
1235 5370 1456 5434 putasin
1494 5370 1599 5422 Deo
1628 5370 1785 5422 talem
1818 5384 1936 5422 esse
1965 5370 2088 5422 sub-

502 5461 784 5524 stantiam,
821 5462 1029 5528 qualem
1081 5460 1238 5514 habet
1269 5461 1463 5530 aliquid
1499 5462 1682 5514 horum
1717 5461 1857 5530 quod
1891 5462 2082 5515 factum

507 5561 622 5617 est,
673 5564 728 5606 ut
775 5554 939 5621 possit
983 5555 1245 5608 contraria
1297 5558 1573 5622 recipere?
1621 5557 1791 5608 Absit.
1843 5556 1973 5619 Qua:
2003 5565 2085 5608 est

508 5645 648 5697 enim
691 5647 985 5699 substantia
1029 5648 1118 5699 Dei
1155 5650 1249 5701 nisi
1283 5648 1453 5714 ipsum
1484 5649 1621 5715 quod
1657 5649 1794 5700 Deus
1818 5660 1929 5708 est,
1960 5649 2086 5700 sim-

511 5737 652 5800 plex,
674 5738 957 5804 singulare,
981 5755 1191 5806 purum,
1214 5741 1352 5793 nulla
1376 5740 1718 5794 concretione
1739 5745 2080 5809 permixtum,

507 5825 817 5897 limpidum,
849 5829 1078 5886 bonum.
1113 5831 1438 5890 perfectum.
1491 5831 1734 5896 beatum,
1782 5832 2080 5896 integrum,

2197 4650 2437 4716 spiritum
2462 4647 2530 4701 de
2553 4645 2761 4714 spiritu,
2791 4647 2902 4699 sive
2933 4647 3209 4698 Dominum
3237 4647 3304 4698 de
3333 4647 3588 4710 Domino,
3617 4650 3782 4707 numi-

2197 4754 2404 4807 cunque
2434 4741 2499 4792 de
2527 4753 2591 4792 eo
2621 4738 2842 4800 dixeris,
2877 4739 3030 4790 unius
3066 4747 3242 4791 tamen
3274 4743 3528 4791 essentne
3570 4740 3782 4792 Patrem

2198 4839 2252 4882 et
2294 4829 2483 4882 Filium
2513 4828 2699 4881 credas
2720 4868 2734 4888 .
2767 4839 2818 4881 et
2849 4829 2915 4880 de
2943 4843 3006 4881 eo
3037 4829 3153 4894 ipso
3182 4829 3324 4897 quod
3359 4829 3522 4883 Pater
3547 4840 3656 4893 est,
3697 4831 3785 4883 Fi-

2200 4922 2326 4975 lium
2368 4923 2651 4987 intelligas.
2701 4921 2830 4974 Nam
2863 4921 2906 4973 si
2952 4921 3178 4989 aliquam
3224 4924 3690 4989 comparationem
3725 4923 3788 4974 de

2201 5015 2357 5068 rebus
2389 5015 2470 5066 his
2499 5029 2616 5081 qua:
2647 5013 2912 5076 videntur,
2950 5013 2998 5065 in
3026 5027 3088 5065 eo
3120 5013 3311 5076 facias,
3359 5015 3473 5079 ipsa
3501 5014 3791 5066 dissimili-

2195 5106 2374 5159 tudine
2421 5120 2633 5167 rerum,
2666 5120 2767 5156 non
2801 5106 3061 5156 rationem
3107 5105 3386 5166 ostendes,
3431 5106 3526 5158 sed
3558 5106 3794 5158 alterca-

2196 5199 2390 5250 tionem
2425 5197 2839 5262 disputationum
2873 5195 3112 5249 indueea
3160 5195 3225 5248 Et
3255 5198 3376 5261 quia
3410 5212 3476 5249 ex
3522 5212 3660 5249 voce
3701 5199 3794 5251 Dei

2191 5291 2448 5354 scrip'um
2476 5295 2599 5338 est:
2632 5285 2724 5338 Cui
2749 5303 2825 5336 me
2858 5285 3214 5351 comparabilis
3237 5285 3387 5350 (Isai.
3420 5303 3565 5348 xut,
3597 5287 3705 5351 5)?
3737 5305 3797 5338 ac

2193 5379 2415 5444 proinde
2466 5379 2607 5431 Deus
2651 5378 2732 5431 cui
2785 5379 3063 5430 assimilari
3115 5379 3243 5430 nihil
3297 5390 3507 5444 poteSI,
3551 5383 3802 5434 sufﬁciat

2193 5469 2336 5521 credi
2380 5469 2518 5534 quod
2554 5471 2665 5534 ipse
2708 5469 2954 5531 sentitur,
2987 5470 3107 5536 quia
3140 5468 3252 5536 ipse
3282 5472 3427 5523 credi
3475 5486 3534 5522 se
3579 5476 3799 5530 voluit.

2195 5575 2299 5612 non
2333 5559 2574 5614 lﬂdlCilll.
2622 5559 2860 5627 Denique
2909 5559 2950 5611 si
2996 5561 3060 5612 de
3092 5559 3190 5612 hoc.
3237 5563 3350 5625 ipso
3379 5562 3520 5625 quod
3566 5577 3803 5617 mecum

2194 5650 2489 5715 profiteris,
2542 5650 2588 5700 al
2616 5665 2772 5717 quant
2806 5650 3205 5702 similitudinem
3239 5651 3370 5703 velis
3408 5653 3459 5702 in
3510 5652 3622 5704 Deo
3662 5665 3806 5707 eon-

2193 5741 2355 5800 ferre,
2381 5741 2556 5793 nescio
2583 5755 2648 5792 an
2674 5740 2811 5807 quod
2835 5755 2950 5792 com
2963 5742 3225 5807 paraverie
3272 5743 3443 5807 possis
3467 5749 3812 5809 expressing

2192 5830 2433 5884 delinire.
2469 5830 2532 5882 Ut
2575 5842 2694 5895 puta
2723 5847 2845 5885 cum
2876 5831 3007 5885 (llllS
3054 5831 3228 5884 luntcn
3259 5846 3321 5885 er
3358 5831 3582 5893 lumine,
3649 5836 3700 5889 si
3739 5840 3810 5889 ad
