3978 6380
150 409 242 463 ιῗἼ

1122 404 1388 461 CONTRA
1434 405 1817 459 PALLADIUM
1861 398 2164 460 AlilANUM
2208 406 2327 460 LIB.
2373 402 2433 460 ll.

3283 427 3389 481 458

145 519 523 573 rex-lauantle
572 518 696 573 illud
747 522 1055 589 scrupulosa
1114 524 1417 574 narratione
1464 520 1703 587 cogaris,
1736 522 1782 577 A
1815 518 1913 572 hoc
1944 520 2178 574 Verbum
2206 530 2557 590 nuncupatur,
2590 533 2710 589 quia
2742 536 2807 573 cx
2854 532 3069 592 preprto
3098 521 3278 574 'dit'ino
3301 537 3394 582 ore,

143 625 315 676 quaero
362 610 630 678 quomodo
673 611 851 665 lumen
904 626 967 665 ex
1021 611 1221 664 lumine
1268 611 1474 665 credas.
1516 609 1705 664 Utrum

141 702 281 769 quasi
314 701 583 754 lucernam
615 716 678 755 ex
712 702 946 767 lucerna,
986 704 1067 755 vel
1098 703 1249 771 quasi
1280 704 1447 757 solem
1478 718 1543 756 ex
1572 702 1706 766 sole,

141 800 193 841 ut
218 801 308 843 aut
338 790 469 843 duas
498 792 768 856 lucernas,
801 801 891 845 aut
919 792 1052 845 duos
1082 793 1224 847 soles
1248 793 1400 861 quasi
1427 794 1559 845 duos
1581 792 1709 846 deos

138 881 229 931 sub
262 881 363 933 hoc
392 884 634 948 exemplo
681 882 919 936 inducas.
968 887 1074 938 Aut
1119 884 1461 952 splendorem
1492 884 1709 937 luminis

136 971 371 1037 ejusdem
404 973 651 1031 lucernae.
687 974 768 1026 vel
798 974 1095 1028 claritatem
1126 974 1255 1028 solis
1282 975 1348 1029 de
1375 973 1563 1029 eodem
1596 973 1710 1027 sole

136 1063 443 1129 fulgentem,
476 1065 649 1116 lltmt'n
678 1064 744 1117 de
778 1064 978 1118 lumine
1006 1066 1289 1133 consignes
1311 1106 1325 1127 ,
1358 1075 1413 1117 ιιι
1441 1066 1493 1117 in
1528 1065 1709 1118 matri-

132 1170 242 1209 cem
280 1156 493 1210 luminis
527 1156 695 1210 Patris
724 1158 943 1224 ﬁguram
974 1160 1257 1224 assimiles,
1291 1160 1477 1213 Filium
1509 1175 1634 1213 νειδο
1656 1160 1708 1212 in

131 1246 467 1313 splendorem
498 1247 757 1301 claritatis
782 1250 1063 1312 05tentlas;
1097 1249 1237 1318 quod
1269 1250 1335 1304 de
1358 1266 1421 1303 eo
1450 1249 1707 1319 propheta

129 1336 323 1390 dixerit
357 1354 372 1390 :
406 1339 555 1405 Apud
585 1352 631 1389 te
659 1348 730 1392 est
762 1344 875 1407 fons
903 1340 1016 1393 vita:
1037 1382 1051 1402 ,
1083 1350 1131 1393 et
1166 1341 1217 1393 in
1249 1341 1434 1393 lumine
1463 1352 1548 1395 tuo
1573 1341 1708 1395 vide—

130 1428 296 1480 bimus
322 1428 489 1480 lumen
527 1427 701 1495 (Psal.
742 1445 904 1495 xxxv,
940 1430 1049 1499 10).
1080 1431 1171 1485 Vel
1205 1431 1454 1485 Salomon
1481 1445 1599 1485 cum
1631 1432 1709 1485 di-

126 1522 193 1574 cit
217 1537 232 1575 :
270 1519 474 1574 Candor
499 1531 571 1573 est
600 1523 731 1575 lucis
751 1533 973 1587 eterna,
1007 1534 1052 1575 et
1080 1528 1341 1593 speculum
1370 1526 1477 1577 sine
1505 1525 1707 1577 macula

130 1610 218 1663 Dei
246 1614 565 1682 majestatis,
599 1622 644 1665 et
676 1613 845 1683 imago
868 1613 1100 1667 bonitatis
1124 1615 1261 1667 illius
1285 1616 1433 1684 (Sap.
1464 1631 1553 1678 vn,
1588 1615 1703 1684 26).

130 1704 215 1756 Vel
252 1705 543 1772 Apostolus
590 1705 674 1757 hic
706 1705 1070 1765 praedicaverit
1108 1706 1436 1761 Salvatorem
1467 1718 1704 1759 nostrum

122 1795 410 1865 imaginem
458 1811 576 1850 esse
609 1797 893 1852 invisibilis
941 1798 1031 1852 Dei
1081 1798 1214 1866 (Col.
1245 1814 1291 1864 ι,
1319 1800 1435 1867 25),
1467 1815 1532 1853 eo
1564 1800 1703 1867 quod

1816 613 2104 677 processit,
2148 622 2200 666 et
2245 614 2378 667 nihil
2410 614 2563 667 Pater
2593 614 2707 667 sine
2733 628 2796 666 eo
2822 622 2912 667 aut
2932 613 3089 682 jussit
3115 623 3205 665 aut
3248 614 3390 671 iecit.

1815 698 1994 753 Virtus
2019 700 2229 765 dicitur,
2260 704 2378 770 quia
2409 717 2531 757 vere
2561 703 2626 757 de
2656 703 2766 757 Deo
2795 711 2848 756 ει
2875 718 3088 771 semper
3118 717 3235 755 cum
3286 706 3395 759 Deo

1812 797 1914 853 est,
1949 797 2003 842 et
2028 790 2200 843 omnis
2226 799 2457 858 potestas
2481 793 2650 846 Patris
2674 793 2725 845 in
2750 794 2864 860 ipso
2885 794 3145 846 consistit.
3169 792 3394 861 Sapien~

1813 879 1882 931 tia
1910 880 2230 947 appellatur,
2255 884 2375 949 quia
2397 882 2465 935 de
2488 883 2649 937 corde
2674 884 2842 936 Patris
2863 884 3171 945 adveniens,
3197 898 3389 937 arcana

1811 971 2051 1025 ccelestia
2082 973 2423 1027 credentibus
2454 976 2733 1028 reseravit.
2769 975 2995 1031 Dextera
3030 988 3387 1043 nuncupatur,

1811 1062 1930 1128 quia
1958 1078 2051 1131 per
2080 1078 2201 1117 eum
2230 1064 2404 1116 omnia
2436 1080 2595 1133 opera
2628 1066 2802 1119 divina
2834 1069 3062 1135 perlecta
3085 1078 3226 1120 sunt.
3258 1068 3387 1120 lira-

1810 1153 1986 1207 ehiutn
2017 1155 2229 1217 dicitur,
2257 1156 2377 1224 quia
2419 1158 2486 1209 ab
2512 1158 2628 1225 ipso
2654 1160 2829 1211 omnia
2860 1148 3222 1214 continentur.
3254 1160 3388 1212 Mar-

1812 1245 1981 1312 garita
2025 1245 2344 1314 appellatur,
2392 1256 2444 1299 ut
2477 1247 2612 1300 nihil
2657 1248 2749 1301 illo
2780 1249 3063 1316 pretiosius
3109 1250 3386 1303 habeatur.

1810 1335 2117 1391 Thesaurus
2141 1337 2355 1401 dicitur,
2389 1347 2444 1390 ut
2485 1338 2537 1391 in
2571 1338 2686 1405 ipso
2720 1354 2906 1393 omnes
2950 1354 3079 1407 epes
3109 1351 3160 1394 et
3188 1341 3387 1395 divitia:

1811 1442 2095 1496 regnorum
2144 1428 2439 1481 cmlrstium
2492 1429 2777 1482 recondita:
2819 1439 3192 1498 agnoscantur.
3236 1432 3385 1484 lietia

1810 1520 2022 1586 dicitur,
2056 1520 2178 1589 quia
2212 1535 2306 1587 per
2337 1520 2507 1587 ipsum
2532 1564 2545 1585 ,
2588 1529 2640 1573 et
2672 1522 2723 1572 in
2776 1521 2911 1588 ipso,
2944 1522 3010 1573 tle
3040 1523 3169 1574 mari
3208 1522 3385 1575 Sﬂ‘CIlii

1810 1610 2024 1664 diversa
2052 1611 2285 1679 gentium
2316 1611 2596 1663 multitudo
2619 1612 2756 1665 sicut
2783 1613 3032 1679 piscium,
3078 1628 3169 1680 per
3196 1629 3386 1683 aquam

1811 1707 2143 1773 baptismatis
2192 1707 2242 1758 in
2298 1706 2530 1759 Ecclesia
2571 1714 2941 1773 congregatur,
2990 1705 3075 1757 ubi
3124 1706 3384 1759 bonorum

1809 1799 2179 1867 malorumque
2216 1797 2500 1851 discrimen
2532 1799 2856 1866 agnoscitur.
2888 1800 3137 1851 Aratrum
3185 1814 3385 1851 nuncu-

123 1889 303 1956 imago
336 1886 495 1957 516
525 1888 655 1942 solis
697 1888 789 1941 lux
821 1902 914 1941 sua
965 1890 1035 1942 sit
1081 1905 1200 1957 qua;
1247 1892 1314 1943 de
1360 1891 1549 1944 eodem
1594 1893 1707 1944 sole
1740 1891 1786 1952 B
1816 1902 1989 1961 patttr,
2021 1892 2141 1959 quia
2173 1890 2324 1957 signo
2350 1890 2525 1943 crucis
2554 1904 2664 1943 suae
2692 1888 2821 1941 dura
2855 1898 3068 1956 pectora
3098 1889 3384 1957 subjiciun-

121 1980 383 2046 procedit.
410 1980 513 2034 Sed
539 1991 735 2049 quanta
758 1980 822 2033 ad
849 1980 961 2035 btec
988 1981 1298 2050 responderi
1324 1991 1564 2050 possunt,
1587 1999 1705 2051 qua:

122 2072 239 2124 lites
284 2085 537 2140 generant
566 2073 727 2143 (quod
754 2074 1040 2140 Apostolus
1073 2073 1316 2141 prohibet
1346 2071 1442 2143 (Il
1473 2074 1601 2127 Tim.
1635 2089 1701 2142 tt,

120 2161 208 2229 Η)
240 2161 261 2228 )
297 2163 508 2229 longum
541 2174 622 2216 est
652 2165 833 2217 dicere
859 2182 871 2216 :
915 2164 1112 2234 quippe
1138 2180 1257 2218 cum
1288 2174 1499 2219 constet
1526 2166 1704 2219 lumen

119 2252 249 2311 illud
278 2256 418 2321 quod
451 2254 592 2308 Deus
623 2267 724 2319 est,
752 2257 1003 2310 mstimari
1024 2297 1037 2319 ,
1067 2257 1466 2325 comprehendi,
1496 2266 1549 2312 et
1574 2260 1702 2311 deli-

116 2346 218 2397 niri
256 2362 362 2398 non
393 2360 586 2413 posse:
622 2364 717 2400 nec
746 2363 873 2401 vere
912 2348 1106 2413 aliquid
1146 2364 1209 2401 ex
1251 2348 1331 2401 his
1361 2365 1478 2415 qua!
1507 2349 1561 2403 in
1605 2351 1704 2403 hoc

114 2438 325 2490 mundo
350 2446 496 2501 sunt,
531 2438 789 2506 majestati
834 2439 1027 2492 divina:
1056 2440 1382 2507 comparari,
1415 2441 1535 2507 quia
1578 2440 1705 2495 nihil

110 2530 183 2581 de
228 2530 479 2580 omnibus
506 2530 621 2582 istis
668 2545 784 2597 qua:
809 2531 1060 2584 videntur
1089 2540 1179 2584 aut
1208 2531 1473 2593 dicuntur,
1517 2548 1707 2586 serun-

110 2620 251 2670 dnm
299 2618 347 2671 id
379 2619 516 2686 quod
559 2620 697 2674 Deus
725 2630 837 2682 est,
889 2620 1145 2690 condigna
1191 2621 1533 2677 similitudine
1564 2626 1707 2679 cesti-

112 2711 259 2761 tuari
296 2719 500 2776 puteo;
529 2712 724 2779 quippe
756 2726 876 2763 cum
908 2713 1035 2779 ipsis
1079 2712 1434 2768 intellecubus
1462 2722 1514 2768 et
1539 2717 1708 2769 Sensi-

114 2803 218 2855 bus
276 2803 446 2869 major
490 2812 578 2856 st.
628 2800 753 2856 Ideo
800 2804 1091 2870 praemonui
1125 2812 1179 2856 ιιι
1208 2804 1534 2860 divinitatem
1579 2807 1708 2860 sub~

110 2892 334 2944 stantia:
378 2892 665 2957 crederes,
713 2901 767 2946 et
813 2907 996 2945 verum
1043 2892 1231 2945 Filium
1273 2894 1337 2947 de
1376 2909 1503 2947 vero
1552 2896 1705 2952 Patre

110 2996 475 3049 cognosceres
507 2998 520 3034 :
550 2982 619 3036 de
648 2981 902 3051 qualitate
947 2993 1122 3037 autem
1166 2985 1239 3037 rei
1283 2986 1557 3054 requirere
1598 3004 1703 3043 non

109 3075 368 3135 deberes,
401 3074 524 3140 quia
552 3074 707 3141 quale
737 3081 827 3125 aut
856 3082 1108 3141 quantum
1140 3076 1206 3128 sit
1230 3115 1244 3139 ,
1279 3077 1416 3130 scire
1447 3093 1549 3131 non
1584 3094 1705 3148 pos-

108 3167 204 3218 sis.
244 3164 359 3219 lloc
386 3167 527 3220 enim
556 3166 851 3236 prophetae,
888 3168 984 3219 hoc
1016 3167 1254 3235 Apostoli
1288 3170 1663 3236 prietliearunt.

732 3256 956 3312 CAPUT
1001 3256 1085 3311 Vl.

181 3346 429 3414 Denique
464 3363 559 3415 pro
596 3360 788 3417 captu,
837 3364 935 3417 pro
966 3349 1201 3416 viribus,
1252 3366 1347 3419 pro
1386 3354 1488 3405 tide
1519 3366 1696 3409 noStra

106 3438 445 3505 intueamur,
480 3440 617 3494 Dens
646 3441 770 3509 quid
802 3444 904 3503 sit,
952 3453 1006 3498 et
1035 3445 1307 3498 videamus
1347 3462 1413 3499 an
1452 3450 1499 3501 ei
1533 3453 1701 3517 possit

103 3530 313 3599 aliquid
344 3531 665 3599 comparari.
699 3532 857 3587 Certe
890 3531 975 3587 hic
1002 3543 1086 3589 est
1114 3536 1179 3589 de
1208 3551 1314 3603 quo
1339 3546 1393 3589 et
1421 3552 1539 3592 cum
1572 3540 1699 3593 dici-

105 3631 217 3686 tur,
279 3638 383 3677 non
434 3634 605 3692 potest
651 3625 791 3687 dici;
842 3640 963 3680 cum
1012 3628 1326 3695 restituatur,
1379 3644 1483 3685 non
1529 3642 1703 3700 potest

102 3714 403 3775 :nstimari;
451 3728 571 3767 cum
614 3723 977 3783 comparatur,
1012 3732 1116 3771 non
1152 3728 1324 3787 potest
1365 3724 1693 3790 comparari;

99 3818 230 3856 cum
257 3804 529 3868 delinitur,
564 3805 677 3873 ipsa
716 3806 1025 3861 deﬁnitione
1064 3824 1159 3863 sua
1204 3813 1420 3865 crescit.
1449 3812 1549 3879 Qtti
1589 3828 1698 3869 caa-

98 3898 218 3950 lunt
260 3913 418 3950 manu
447 3911 539 3950 sua
564 3902 757 3967 operit,
789 3916 963 3970 pugno
984 3916 1197 3956 omnem
1231 3905 1412 3959 mundi
1443 3907 1696 3961 ambitum

94 3992 329 4045 claudit.
364 3992 531 4057 Quem
564 4001 729 4045 totum
770 3997 949 4047 omnia
980 3998 1223 4049 nesciunt
1248 4041 1262 4063 ,
1312 4008 1364 4051 ει
1412 4002 1696 4053 metuendo

91 4084 309 4135 sciunt.
339 4079 505 4147 Cujus
545 4082 746 4133 nomini
789 4090 842 4133 et
871 4086 1046 4137 virtuti
1087 4086 1373 4140 famulatur
1403 4088 1488 4140 hic
1511 4091 1658 4142 orbis
1681 4129 1693 4152 ,

91 4180 156 4225 et
190 4172 315 4236 ipSa
358 4170 743 4224 elementorum
774 4173 873 4225 sibi
901 4175 1299 4229 succedentium
1326 4189 1694 4232 momentanea

90 4259 432 4315 vicissitudo
460 4268 707 4314 testatur.
746 4262 877 4317 Vide
904 4278 1030 4331 ergo
1061 4266 1103 4318 si
1150 4275 1321 4333 potest
1352 4269 1549 4337 aliquid
1581 4285 1699 4323 esse

92 4354 183 4409 cui
222 4354 393 4421 possit
429 4354 588 4406 l'ater
622 4362 675 4405 et
724 4354 891 4408 Filius
918 4358 1248 4423 comparari;
1294 4361 1414 4427 quia
1462 4360 1578 4413 talis
1618 4369 1698 4415 est

97 4447 280 4500 Filius
318 4445 494 4513 qualis
523 4454 578 4499 et
608 4444 784 4498 Pater.
827 4445 942 4499 Non
975 4447 1115 4500 enim
1148 4449 1260 4515 ip~e
1289 4464 1347 4502 se
1375 4466 1537 4504 unum
1573 4466 1695 4505 cum

99 4538 269 4589 Patre
314 4535 540 4600 diceret,
574 4536 672 4588 nisi
707 4537 864 4589 talem
897 4550 957 4590 se
984 4538 1154 4605 qualis
1199 4548 1281 4592 est
1312 4540 1467 4593 Pater
1509 4543 1690 4598 sciret.

1813 1992 1915 2047 lttr,
1957 1993 2014 2036 ut
2060 1982 2365 2035 necessario
2410 1981 2598 2035 semini
2650 1983 2760 2049 ipsa
2808 1992 3193 2050 pra'part‘nlur.
3245 1981 3384 2035 Fons

1808 2089 1958 2143 aquae
1993 2074 2124 2127 \iva:
2155 2074 2469 2143 appellatur,
2501 2075 2623 2143 quia
2655 2088 2717 2127 ex
2740 2089 2808 2128 eo
2838 2075 3068 2127 sitientia
3093 2073 3250 2127 corda
3278 2088 3385 2127 caa—

1828 2165 1958 2219 cstis
2002 2179 2152 2233 aqua:
2210 2166 2375 2232 gratia
2429 2165 2732 2233 irrigantur.
2790 2160 2942 2217 Petra
2992 2164 3213 2229 dicitur,
3260 2165 3381 2233 quia

1809 2256 2150 2309 credentibus
2201 2257 2599 2322 fortitudinem,
2641 2257 2928 2310 incredulis
2965 2256 3212 2311 duritiam
3246 2273 3383 2323 prte-

1810 2355 1934 2399 stat.
1968 2346 2127 2412 Lapis
2167 2346 2435 2413 augularis
2462 2346 2677 2409 dicitur,
2710 2346 2829 2413 quia
2861 2355 3115 2413 utrosque
3155 2348 3383 2414 parietes

1811 2436 1942 2491 Nuvi
1969 2448 2022 2489 et
2049 2437 2251 2491 Veteris
2280 2437 2606 2491 'l'estamenti
2654 2450 2787 2489 unus
2826 2444 2881 2488 et
2909 2438 3166 2489 mediator
3197 2437 3248 2488 in
3284 2453 3381 2488 se-

1812 2528 2042 2595 metipso
2091 2528 2370 2582 Ct‘tnlinﬂls
2416 2528 2700 2597 copulavit.
2740 2528 2922 2595 Agnus
2961 2528 3278 2595 appellatur,
3329 2540 3383 2580 ut

1813 2619 2113 2673 innocentia
2145 2618 2340 2672 Christi
2373 2629 2427 2672 et
2457 2618 2632 2688 passio
2657 2618 3072 2673 demonstretur.
3108 2619 3276 2672 llomo
3304 2619 3382 2673 di-

1811 2712 1967 2775 citur,
2000 2712 2122 2779 quia
2153 2711 2442 2764 secundum
2482 2725 2696 2763 carnem
2742 2720 2957 2780 propter
3000 2726 3096 2765 nos
3140 2710 3382 2765 homines

1810 2806 1953 2858 nasci
1983 2803 2234 2872 dignatus
2259 2812 2358 2856 est.
2396 2803 2602 2855 Vitulus
2632 2804 2842 2866 dicitur,
2888 2804 3010 2871 quia
3045 2813 3258 2870 promer
3287 2818 3382 2855 no-

1808 2906 1971 2951 strain
2017 2898 2242 2951 salutem
2291 2894 2398 2963 pati
2444 2895 2713 2949 sustinuit.
2762 2896 2951 2963 Aquila
2996 2895 3209 2956 dicitur,
3259 2895 3381 2963 quia

1808 3002 1928 3061 post
1952 2990 2307 3045 venerabilem
2330 2988 2783 3042 resntrcctioncm
2806 3027 2819 3049 ,
2864 2996 2919 3041 ut
2966 3001 3055 3040 rex
3102 2987 3283 3039 alitum
3314 2987 3380 3038 ad

1809 3083 1980 3138 Patris
2010 3086 2214 3138 revolat
2253 3082 2455 3136 sedem.
2506 3083 2612 3135 Leo
2649 3080 2820 3134 dietus
2850 3089 2963 3147 est.
2995 3082 3115 3149 quia
3148 3081 3260 3149 ipse
3298 3096 3381 3134 est

1809 3174 1929 3245 Rex,
1951 3189 2157 3243 regum,
2190 3174 2277 3243 qui
2314 3183 2537 3226 mortem
2562 3185 2621 3226 ac
2647 3171 2890 3225 zibulum
2918 3172 3129 3224 virtutis
3158 3187 3267 3224 sum
3290 3187 3380 3238 po-

1726 3261 1773 3325 C
1808 3274 2001 3321 testate
2027 3266 2364 3320 comminuit.
2397 3265 2489 3317 Via
2522 3273 2621 3325 est,
2649 3266 2767 3330 quia
2802 3278 2894 3331 per
2925 3264 3094 3331 ipsum
3125 3277 3381 3317 ascensus

1803 3368 1902 3413 est.
1936 3359 2177 3421 Veritas,
2208 3358 2329 3424 quia
2369 3355 2700 3409 mendacium
2735 3355 2923 3408 nescit.
2966 3354 3078 3406 Vita
3118 3364 3230 3419 est,
3257 3355 3378 3421 quia

1803 3450 1916 3517 ipse
1943 3450 2191 3501 universa
2230 3447 2479 3499 vivilicat.
2514 3444 2673 3499 Vides
2703 3458 2829 3511 ergo
2861 3459 2954 3509 per
2983 3445 3096 3494 haec
3126 3444 3380 3495 vocabula

1802 3539 2217 3605 signiﬁcationes
2260 3536 2666 3604 dispositionum
2717 3543 2771 3586 et
2815 3547 3035 3601 operum
3075 3532 3378 3585 divinorum

1803 3641 2181 3698 praeosten‘sas,
2209 3642 2313 3681 non
2348 3636 2522 3681 tamen
2554 3626 2723 3692 ipsum
2757 3623 2920 3676 Deum
2954 3624 3164 3691 proprie
3191 3623 3381 3675 deﬁni-

1802 3722 1951 3776 tum?
1984 3722 2079 3774 Est
2105 3736 2235 3789 ergo
2267 3722 2422 3773 Pater
2458 3719 2599 3774 Dens
2639 3717 2965 3775 immensus,
3004 3725 3265 3778 mternus,
3299 3716 3379 3767 in-

1800 3814 2333 3883 comprehensibilis,
2370 3813 2780 3869 inzeStitnahilis.
2827 3808 2921 3867 Est
2949 3818 3000 3867 et
3034 3808 3200 3868 Filius
3239 3810 3375 3878 ejus,

1804 3906 1941 3960 Deus
1969 3917 2023 3961 et
2051 3906 2306 3961 Dominus
2330 3913 2532 3971 noster,
2558 3914 2737 3957 tantus
2760 3914 2987 3973 quantus
3014 3916 3093 3958 est
3122 3914 3174 3958 et
3202 3907 3372 3970 Pater,

1800 3998 1891 4050 sed
1922 4014 2023 4050 non
2058 3999 2219 4067 518
2250 3997 2461 4049 aliunde
2487 4010 2646 4062 quam
2680 3995 2748 4047 de
2789 3994 2971 4055 Patre;
3004 3996 3123 4060 quia
3150 4011 3260 4062 rgo,
3290 3996 3375 4047 in-

1800 4088 1931 4154 quit,
1965 4088 2027 4139 de
2050 4085 2206 4140 Patre
2228 4088 2381 4151 exiri,
2413 4086 2515 4138 hoc
2533 4094 2636 4148 est,
2672 4086 2848 4137 lumen
2876 4086 2940 4137 de
2966 4086 3162 4136 lumine
3192 4085 3372 4153 (Joau.

1801 4193 1908 4238 xvt,
1939 4177 2052 4235 28).

2398 4265 2620 4320 CAPUT
2663 4266 2769 4319 VII.

1871 4359 1973 4413 Sed
2008 4374 2071 4412 ne
2116 4373 2183 4412 ex
2233 4370 2298 4411 eo
2328 4359 2661 4411 occasionem
2706 4357 2935 4423 aliquam
2971 4355 3250 4409 haereticus
3292 4375 3373 4410 ra-

1803 4451 1933 4516 piat,
1965 4467 2084 4503 cum
2117 4452 2221 4503 duo
2246 4450 2460 4503 nomina
2489 4450 2570 4501 vel
2598 4448 2731 4501 duas
2755 4463 3008 4515 personas
3028 4488 3043 4512 ,
3078 4448 3128 4499 id
3160 4460 3241 4501 est
3273 4451 3371 4501 νει-

1802 4545 1895 4595 lris
1935 4552 1988 4595 et
2029 4543 2142 4595 Fili
2190 4551 2398 4607 statuo,
2439 4543 2584 4609 quasi
2634 4543 2767 4593 duos
2799 4542 2929 4594 deos
2958 4543 3128 4595 dicam
3153 4584 3166 4604 ,
3196 4553 3255 4595 ut
3299 4545 3371 4599 illi

100 4630 271 4681 ltatio
303 4626 548 4695 quaedam
576 4634 659 4679 est
686 4642 804 4695 qua:
831 4628 971 4695 apud
1000 4626 1213 4683 Graecos
1239 4632 1395 4703 Λόγος
1422 4646 1692 4699 nuncupa-
1723 4638 1773 4696 Ι)
1798 4632 1931 4685 duos
1956 4648 2018 4685 ex
2048 4633 2351 4693 diversitate
2376 4633 2681 4699 conlingunt
2710 4648 2722 4683 :
2757 4645 2854 4684 nos
2886 4643 3058 4685 autem
3087 4632 3293 4687 Patrem
3319 4646 3370 4688 et

97 4734 207 4787 tur,
242 4736 369 4790 qua:
412 4720 553 4775 inter
581 4721 790 4776 Patrem
818 4731 874 4777 et
912 4722 1101 4777 Filium
1134 4739 1389 4793 personas
1418 4727 1499 4780 vel
1534 4741 1688 4778 voca-

99 4814 222 4865 bula
248 4809 533 4879 distinguit
564 4828 577 4863 :
612 4813 733 4881 quia
756 4823 810 4866 et
831 4815 943 4882 ipse
969 4812 1133 4867 Filius
1158 4815 1291 4868 ratio
1311 4815 1504 4869 dicitur
1529 4834 1539 4867 :
1570 4831 1689 4885 qua:

100 4917 282 4958 tamen
316 4906 457 4957 ratio
488 4906 669 4958 multis
700 4906 1001 4960 numinibus
1028 4908 1340 4975 appellatur.
1373 4910 1527 4963 Modo
1558 4910 1688 4965 Ver-

98 5008 222 5051 bum
244 5037 259 5061 ,
296 4996 461 5049 modo
489 4998 656 5051 virtus
676 5037 690 5061 ,
730 4998 889 5050 modo
918 5000 1176 5067 sapientia
1199 5041 1213 5064 ,
1245 5001 1402 5055 modo
1431 5002 1644 5057 dextera
1668 5046 1680 5067 ,

96 5089 263 5143 tuodo
309 5087 615 5151 brachium,
651 5090 809 5142 modo
838 5090 1152 5156 margarita,
1187 5091 1345 5144 modo
1384 5092 1684 5155 thesaurus,

96 5182 262 5236 modo
295 5182 457 5245 retia,
488 5183 647 5235 modo
675 5194 930 5247 aratrum,
964 5182 1121 5236 modo
1154 5185 1293 5248 lous,
1328 5185 1483 5237 modo
1515 5196 1683 5252 petra,

96 5273 259 5327 modo
310 5271 451 5340 lapis
494 5273 792 5342 angularis,
842 5273 1004 5325 modo
1032 5287 1229 5341 agnus,
1285 5275 1445 5327 modo
1492 5276 1682 5338 homo,

96 5364 258 5418 modo
300 5363 535 5427 vitulus,
576 5362 735 5417 modo
763 5364 975 5431 aquila,
1019 5364 1176 5416 modo
1212 5364 1331 5432 leo,
1375 5366 1532 5418 tnodo
1562 5366 1641 5417 via
1668 5405 1682 5429 ,

97 5460 259 5512 modo
284 5456 512 5522 veritas,
540 5466 590 5509 et
618 5457 722 5508 vita
751 5474 764 5508 :
796 5471 914 5510 cum
958 5442 1193 5509 sit'beus
1219 5457 1397 5509 omnia
1428 5460 1478 5509 in
1510 5457 1684 5510 omni-

99 5550 227 5613 bus,
280 5558 347 5603 ut
387 5563 481 5617 per
522 5551 635 5613 hinc
661 5549 911 5601 vocabula
942 5549 1237 5602 divinarum
1270 5549 1425 5619 517
1454 5550 1683 5618 disposi-

100 5646 305 5696 tionum
343 5641 595 5707 mysteria
627 5650 1035 5708 cognoscantur,
1067 5655 1170 5691 non
1203 5652 1258 5693 ut
1290 5644 1397 5709 ipsa
1430 5644 1680 5709 tnajestas

98 5733 212 5788 Filii
251 5733 355 5787 Dei
396 5732 607 5799 proprie
635 5730 854 5785 delinita
884 5742 1232 5786 monstretur.
1262 5734 1394 5798 Quid
1417 5748 1499 5786 εει
1534 5736 1675 5787 enim

100 5829 260 5881 Filius
290 5826 364 5878 de
391 5839 457 5876 eo
484 5825 622 5891 quod
658 5816 810 5875 Pater
854 5824 966 5877 est?
1000 5826 1148 5883 Alius
1179 5826 1335 5879 idem.
1368 5825 1495 5878 Nam
1526 5836 1579 5879 et
1607 5828 1675 5879 ob

346 5916 611 5979 ΡΛτιιοι..
664 5915 852 5977 LXII.

1801 4726 1988 4778 Filium
2021 4727 2090 4778 ita
2121 4726 2491 4788 nominamus,
2528 4732 2583 4777 ut
2607 4739 2769 4777 unum
2801 4724 2965 4778 Deum
2996 4726 3045 4777 in
3076 4726 3154 4778 bis
3184 4742 3369 4794 perso-

1798 4820 1879 4873 nis
1901 4832 1952 4874 et
1990 4819 2298 4873 nominibus
2323 4820 2719 4887 consignemus.
2753 4818 2992 4872 Viderint
3031 4820 3328 4888 philosomii
3353 4862 3368 4886 ,

1795 4911 2022 4965 viderint
2071 4910 2309 4965 hznretici
2362 4910 2607 4978 discipuli
2662 4924 2846 4963 eorum
2904 4910 2994 4978 qtti
3048 4921 3367 4978 potestatum

1795 5004 2105 5059 diversitate
2150 5004 2441 5058 variantur.
2489 5002 2649 5054 Nobis
2704 5012 2877 5055 tamen
2928 5017 3062 5055 unus
3112 5004 3255 5057 Deus
3288 5015 3367 5057 est

1795 5095 1970 5158 Pater,
2002 5102 2060 5146 ut
2097 5093 2386 5162 Aposmlus
2415 5092 2578 5157 dixit,
2611 5106 2673 5146 ex
2706 5106 2810 5159 quo
2835 5085 3041 5150 outitia.
3087 5100 3141 5144 et
3177 5107 3274 5144 nos
3301 5108 3367 5144 ex

1791 5188 1908 5253 ipso
1941 5204 1954 5239 :
1985 5197 2039 5241 et
2068 5201 2204 5239 unus
2232 5185 2485 5239 Dominus
2511 5184 2664 5239 Jesus
2692 5182 2933 5237 Christus
2979 5183 3117 5234 Dt-us
3158 5183 3247 5234 Dei
3283 5181 3367 5233 Ρι-

1789 5278 1890 5331 lius
1912 5323 1924 5342 ,
1975 5295 2068 5346 per
2093 5293 2250 5347 quem
2283 5277 2491 5341 omnia,
2520 5286 2574 5329 et
2603 5290 2700 5329 nos
2728 5290 2823 5342 per
2855 5276 3046 5341 ipsum.
3079 5273 3207 5324 Nam
3238 5274 3365 5334 duo,

1786 5369 1913 5435 quid
1940 5369 2081 5422 aliud
2120 5370 2466 5437 intelligatur,
2496 5382 2654 5436 quam
2687 5368 2911 5418 duorum
2946 5380 3038 5432 per
3071 5374 3247 5431 partes
3285 5364 3365 5415 di-

1788 5460 1900 5512 visa
1945 5459 2272 5524 substantia,
2315 5470 2516 5512 etcum
2552 5456 2866 5510 nominibus
2910 5453 3038 5522 ipsis
3083 5454 3362 5506 dissociata

1790 5558 1976 5603 natura
2000 5591 2014 5613 ,
2040 5550 2228 5617 agendi
2256 5565 2315 5601 ac
2342 5548 2561 5615 jubentli
2596 5558 2699 5599 tatu
2734 5546 2978 5596 voluntas
3007 5557 3164 5611 quam
3198 5543 3362 5609 impu-

1788 5643 1863 5694 ria
1906 5640 2077 5695 divisa
2099 5646 2110 5689 τ’
2148 5640 2311 5693 Porro
2346 5642 2498 5693 νάιοι·
2536 5654 2598 5691 ac
2638 5636 2803 5690 Filius
2839 5637 2936 5688 etsi
2969 5632 3088 5686 dua:
3122 5648 3361 5700 persona:

1784 5733 2091 5794 creduntur,
2127 5734 2331 5784 ratione
2388 5739 2562 5790 tamen
2611 5736 2663 5779 tt
2698 5726 2987 5779 substantia
3036 5740 3173 5777 unus
3214 5737 3361 5780 sunt.

1785 5825 1913 5876 Nam
1948 5824 1998 5876 itt
2020 5844 2029 5869 ι
2053 5824 2281 5891 qualium
2314 5820 2565 5884 societas,
2598 5818 2833 5870 melioris
2863 5818 3063 5869 ochnsa
3092 5824 3203 5880 est;
3231 5825 3284 5870 et
3308 5817 3359 5872 in

2768 5908 2834 5968 13
