3978 6380
1147 400 1419 455 CONTRA
1465 396 1867 452 PALLADIUM
1910 398 2220 456 ARIANUM
2262 400 2385 456 LIB.
2426 399 2486 454 ll.

3340 403 3447 462 462

1010 528 1153 559 imis
1203 532 1322 569 esse
1362 514 1753 569 ostenderetur.
1786 500 1835 572 λ
1865 512 2005 576 tnlit,
2038 525 2096 567 ut
2122 518 2363 583 spiritum
2395 516 2444 569 in
2471 529 2685 569 carnem
2712 523 2959 577 mutaret.
2993 517 3085 572 sed
3116 527 3171 572 ut
3191 529 3446 588 suscepto

972 640 973 647 η
1030 614 1147 657 ubi
1180 627 1325 679 πηιιιρ
1353 611 1561 664 videtur
1591 611 1640 662 in
1673 610 1765 661 ho-

946 728 1023 751 ..ην
1054 722 1107 751 «ρ
1136 708 1183 757 in
1209 706 1397 771 angelo
1424 705 1760 758 demonstra-

932 828 957 843 ..
1004 798 1209 849 consilii
1258 797 1539 849 indicaret.
1574 795 1628 848 lu
1662 794 1763 847 lto-

940 898 1201 939 ...uctatns
1227 886 1389 940 fuisse
1410 884 1754 947 describitur,

938 980 1212 1031 ,.ci.tll0lllS
1241 994 1397 1046 quam
1440 993 1559 1030 cum
1600 975 1757 1029 Israel

942 1118 981 1133 η,
1018 1076 1129 1137 .50).
1159 1086 1277 1123 eum
1323 1068 1615 1123 secundum
1658 1068 1759 1122 ho-

1012 1182 1072 1211 ..c
1115 1160 1392 1212 indicaret.
1425 1158 1529 1213 Sed
1576 1167 1632 1211 ut
1662 1157 1760 1211 Do-

996 1290 1003 1299 .
1032 1264 1136 1303 uno
1159 1252 1453 1305 certamine
1474 1249 1573 1303 sub
1594 1252 1757 1318 figura

998 1352 1033 1397 ‘.
1088 1343 1133 1393 id
1184 1352 1295 1407 est,
1361 1343 1523 1397 homo
1571 1340 1758 1393 videns

1032 1438 1179 1499 enim,
1208 1435 1403 1503 inquit,
1434 1434 1597 1487 Deum
1628 1435 1759 1504 facie

978 1542 983 1547 '
1018 1530 1182 1579 .minm
1213 1546 1324 1582 mea
1354 1528 1545 1597 (Exod.
1579 1545 1654 1591 ιιι,
1677 1528 1754 1597 2).

944 1624 979 1657 ’κ
1032 1621 1263 1688 Viderat,
1296 1638 1452 1691 quam
1493 1622 1629 1676 Deus
1664 1621 1755 1676 Dei

890 1732 913 1745 σι
952 1714 1079 1763 enim
1113 1713 1161 1763 iu
1193 1712 1400 1766 flamma
1435 1714 1569 1784 ignis
1596 1730 1758 1784 ³ΡΡ³⁸

1038 1805 1325 1858 incredulis
1367 1804 1626 1873 judicium
1659 1806 1754 1859 de-

1866 605 2063 659 homini
2109 607 2561 662 immortalitatem
2608 618 2764 675 atque
2807 608 3159 662 aeternitatem
3207 609 3441 663 caelestis

1864 696 1987 750 vita:
2015 708 2308 763 pr:cstaret.
2354 701 2483 753 Nam
2518 700 2616 754 etsi
2646 701 2932 769 Apostolus
2960 702 3303 768 semetipsum
3331 703 3445 756 exi-

1864 789 2078 842 nanisse
2122 790 2281 854 dicit,
2324 790 2549 847 formam
2581 794 2720 847 servi
2752 794 3090 860 suscipiendo
3125 793 3343 861 (Philip.
3378 811 3439 864 ιι,

1864 877 1942 945 7),
1977 892 2082 931 non
2132 880 2313 947 utique
2342 882 2419 934 sic
2456 882 2783 936 exinanitum
2829 884 3117 951 accipintus
3144 924 3158 948 ,
3205 893 3265 937 ut
3299 886 3443 940 aliud

1864 986 2020 1039 quam
2057 972 2195 1039 quod
2226 972 2397 1026 fuerat
2440 974 2578 1027 idem
2624 975 2843 1042 spiritus
2878 977 3047 1044 fieret,
3081 975 3174 1029 sed
3207 986 3264 1030 ut
3288 992 3446 1044 sepo-

1862 1066 1965 1116 sito
1995 1065 2205 1118 interim
2251 1066 2544 1133 majestatis
2574 1081 2685 1123 sua:
2717 1071 2920 1125 honore
2941 1115 2954 1137 ,
3006 1070 3294 1125 humanum
3325 1085 3447 1126 cor-

1862 1168 1960 1222 pus
1988 1154 2263 1222 inducret,
2295 1171 2402 1225 quo
2425 1169 2694 1228 suscepto,
2739 1161 2882 1216 salus
2912 1164 3146 1232 gentium
3175 1163 3344 1217 fieret.
3375 1163 3445 1219 Ut

1860 1248 2003 1301 enim
2033 1248 2111 1303 sol
2152 1264 2272 1303 cum
2308 1250 2445 1305 nube
2470 1252 2685 1320 tegitur,
2719 1254 2937 1309 claritas
2967 1254 3124 1326 523
3152 1256 3267 1323 ejus
3294 1271 3441 1310 com—

1862 1339 2127 1407 primitur,
2158 1357 2263 1395 non
2294 1352 2543 1407 caecatur,
2578 1352 2631 1397 et
2660 1344 2835 1399 lumen
2862 1346 2990 1400 illud
3012 1348 3152 1416 quod
3180 1357 3291 1401 toto
3314 1350 3444 1402 orbe

1860 1431 2109 1485 diffusum
2133 1433 2278 1487 claro
2302 1435 2587 1502 splendore
2616 1444 2805 1490 cuncta
2831 1437 3130 1506 perfundit,
3163 1454 3321 1507 parvo
3350 1440 3444 1493 ad-

1862 1521 2076 1576 modum
2107 1525 2379 1577 ohstaculo
2411 1525 2566 1579 nubis
2594 1525 2901 1592 includitur,
2934 1541 3038 1581 non
3068 1530 3340 1584 aufertur:
3366 1532 3442 1585 sic

1860 1622 1915 1667 et
1944 1613 2105 1668 homo
2150 1615 2241 1669 ille
2271 1632 2428 1685 quem
2463 1617 2720 1672 Dominus
2760 1619 3107 1689 Salvatorque
3147 1634 3344 1689 uoster,
3391 1623 3442 1678 id

1859 1712 1943 1759 est
1973 1704 2111 1757 Deus
2153 1705 2351 1774 Deique
2384 1708 2553 1762 Filius
2593 1709 2793 1774 induit,
2827 1710 3080 1765 deitatem
3122 1712 3173 1765 in
3206 1715 3296 1767 illo
3337 1730 3440 1768 non

1862 1797 2161 1867 intercepit,
2196 1800 2290 1854 sed
2324 1800 2621 1855 abscondit.
2655 1802 2893 1872 Denique
2918 1820 3035 1858 cum
3068 1821 3124 1859 se
3165 1807 3216 1859 in
3262 1819 3443 1862 monte

848 1906 953 1941 -mq
978 1895 1320 1948 credentibus
1350 1896 1493 1949 salus
1520 1904 1621 1960 est,
1652 1911 1758 1949 non
1788 1882 1837 1943 B
1866 1888 2140 1957 paululum
2170 1900 2321 1944 extra
2358 1892 2528 1960 ipsum
2561 1893 2828 1948 hominem
2870 1896 3185 1961 extulisset,
3236 1896 3442 1966 fulgore

860 1986 1143 2049 Apostolus
1170 1985 1243 2037 ait
1272 2004 1286 2036 :
1318 1984 1449 2039 Alii:
1488 1987 1615 2039 odor
1645 1988 1759 2039 vita:

822 2080 938 2127 urit:
968 2080 1019 2127 in
1045 2087 1252 2129 mortem
1279 2074 1369 2147 (Il
1400 2077 1518 2132 Cor.
1551 2094 1609 2142 tt,
1645 2080 1753 2149 l6).

780 2184 988 2220 r-mmna
1029 2170 1183 2223 nubis
1226 2185 1319 2236 per
1357 2171 1530 2235 diem,
1571 2182 1624 2227 et
1665 2188 1757 2241 per

796 2264 907 2321 suis
936 2264 1084 2329 quasi
1126 2264 1228 2315 dux
1260 2264 1465 2319 itineris
1491 2266 1758 2332 prrecede-

812 2368 865 2401 ,ιι
906 2352 1151 2420 baptismi
1182 2354 1407 2423 gratiam
1441 2370 1534 2421 per
1559 2356 1754 2410 nubem

810 2460 909 2493 nos
942 2458 1035 2508 per
1065 2441 1240 2512 ignem
1264 2444 1573 2499 ostenderet
1598 2462 1610 2495 :
1634 2446 1753 2514 quia

822 2534 955 2584 ..ube
1005 2534 1187 2588 Patres
1234 2534 1529 2604 baptizatos
1574 2538 1761 2593 scribit

818 2626 942 2675 1mm
966 2627 1101 2678 sicut
1142 2625 1315 2693 ignem
1343 2641 1461 2681 esse
1494 2629 1760 2697 apostolo-

810 2716 913 2764 ,irf.
951 2730 1006 2777 ιι,
1032 2716 1107 2783 5).
1139 2715 1301 2770 Vides
1326 2733 1453 2787 ergo
1481 2734 1575 2787 per
1600 2720 1756 2792 522

780 2806 801 2853 ἰ
830 2816 1091 2860 ιΓὲὶςΙθΓθε·
1113 2806 1412 2862 divinarum
1454 2811 1759 2879 dispositio-

750 2900 805 2945 w-i
858 2899 1099 2955 Patribus
1130 2912 1512 2971 przeostensos,
1544 2922 1647 2960 non
1680 2916 1757 2961 ta-

774 2999 829 3040 nt
855 3000 964 3055 est,
1006 2993 1224 3061 proprie
1255 2995 1565 3049 revelatum.
1599 2997 1758 3052 Deni-

710 3091 885 3133 uraret
912 3090 971 3134 ut
998 3081 1183 3139 faciem
1218 3083 1310 3139 Dei
1351 3102 1482 3154 pure
1512 3088 1752 3155 videret,

690 3172 872 3222 ειιξίιιιο
908 3172 1077 3226 Deus?
1127 3173 1247 3228 Non
1290 3176 1504 3245 poteris,
1548 3178 1751 3249 inquit,

688 3354 808 3403 md.
842 3368 1033 3418 uno,
1062 3353 1180 3423 20).
1214 3354 1325 3410 lfoc
1352 3356 1466 3425 ipso
1494 3362 1633 3428 quod
1664 3378 1755 3417 ne—

690 3443 866 3495 ‘aritas
886 3445 1212 3512 assignatur,
1241 3462 1358 3515 qua:
1383 3450 1585 3505 scilicet
1609 3460 1755 3506 tanta

670 3534 823 3585 lcnda
867 3540 952 3586 est
981 3549 1104 3603 qua:
1146 3535 1430 3592 invisibilis
1472 3539 1753 3597 indicatur.

662 3642 713 3671 es
742 3632 796 3675 el.
824 3624 983 3677 situm
1013 3625 1134 3679 cmli
1157 3665 1174 3690 ,
1202 3638 1255 3681 et
1284 3627 1498 3684 ordines
1535 3631 1756 3696 mundi,

660 3716 819 3781 vices,
848 3717 1007 3771 totius
1026 3715 1259 3784 denique
1282 3720 1429 3776 orbis
1443 3732 1757 3779 ornamenta

656 3806 793 3871 arit,
838 3808 1200 3875 expresserit,
1233 3809 1317 3864 cui
1364 3812 1476 3880 ipse
1501 3812 1756 3871 Dominus

644 3896 861 3960 rhibuit,
893 3898 1077 3953 dicens
1102 3918 1113 3952 :
1153 3899 1315 3954 Nemo
1342 3904 1434 3955 erit
1453 3921 1515 3958 ea:
1541 3907 1758 3976 propinb

610 4003 712 4037 ‘r’tts
743 3984 966 4055 Moyses,
996 3990 1076 4042 cui
1104 3989 1237 4059 facie
1276 3994 1341 4045 ad
1368 3993 1551 4063 faciem
1580 4012 1666 4049 ore
1687 3998 1757 4050 ad

574 4096 593 4121 av
630 4076 817 4141 (Num.
846 4094 947 4143 xu,
980 4080 1060 4149 7),
1109 4083 1276 4136 Deum
1309 4093 1484 4140 tamen
1515 4102 1645 4156 pure
1680 4090 1753 4143 vi-

562 4167 675 4219 luit.
715 4167 905 4224 Merito
934 4175 1147 4242 quidem
1179 4177 1455 4246 prophetia
1503 4180 1646 4231 omni
1677 4181 1759 4233 di-

524 4276 587 4310 on
621 4276 788 4329 usque
828 4263 963 4317 adeo
1003 4277 1061 4319 ut
1089 4267 1283 4322 intueri
1316 4268 1481 4323 Deum
1517 4270 1755 4337 valeret,

531 4354 898 4407 tantummodo
941 4365 1101 4410 esset.
1147 4358 1212 4411 Et
1258 4359 1437 4428 utique
1470 4361 1554 4414 hic
1580 4362 1756 4418 omnia

488 4460 493 4481 ι
542 4441 903 4507 defendimus,
947 4460 1103 4515 quem
1144 4448 1197 4502 in
1246 4460 1426 4505 monte
1467 4452 1594 4507 Sina
1634 4466 1754 4507 cum

470 4546 611 4587 num
638 4550 760 4590 esse
786 4537 1007 4603 scimus,
1034 4541 1123 4609 qui
1149 4542 1371 4612 agendis
1393 4544 1753 4613 explicandis-

60 1806 493 1841 mres-Ir-

56 1883 641 1951 ,ιω-ἐρευνη-

52 1978 633 2031 *ἱέμε-ρ

62 2078 581 2123 κικκ-

72 2170 95 2205 ι·
156 2174 597 2217 -Ιηεη-ν-

64 2256 573 2309 mm‘

60 2358 533 2403 τηε-η

64 2450 535 2497 “.-

64 2542 505 2591 r—n-n.

62 2628 495 2681 κυψ-

62 2728 451 2775 ἣν

58 2818 421 2865 δί’-4.,-

52 2910 353 2955 av

50 3000 403 3051 ἣ

52 3088 375 3139 -υ

50 3176 357 3233 in.

74 3352 297 3413 ξ

46 3454 297 3505 -μ-

46 3536 281 3595 ‘-

50 3638 189 3683 ι.
242 3664 245 3665 ν

46 3730 173 3773 -

46 3822 143 3861 ιε

1860 1980 2076 2036 luminis
2105 1982 2220 2049 ejus
2254 1998 2388 2051 pene
2418 1984 2670 2039 obczecati
2700 1988 2925 2055 apostoli
2954 1986 3167 2055 (Matth.
3202 1989 3332 2057 χιιι)
3364 1990 3441 2059 (in

1842 2081 2053 2127 terram
2084 2075 2280 2144 quippe
2312 2075 2555 2132 homines
2584 2079 2919 2148 cerlitlerunt)
2952 2082 3231 2149 periclitati
3258 2083 3441 2147 vitam,

1858 2168 1957 2219 nisi
2002 2168 2081 2221 eis
2130 2168 2387 2224 Dominus
2415 2185 2726 2241 compresso
2768 2188 2978 2227 rursum
3012 2173 3303 2243 majestatis
3334 2190 3443 2228 sum

1861 2261 2065 2314 honore
2098 2271 2153 2314 ut
2189 2263 2495 2316 misericors
2540 2263 2916 2329 subvenisset,
2963 2266 3253 2319 secundum
3299 2266 3442 2319 illam

1859 2352 2176 2404 sententiam
2205 2370 2216 2402 :
2247 2351 2411 2406 Nemo
2440 2354 2561 2407 vidit
2590 2354 2773 2417 Deum,
2802 2365 2850 2408 et
2874 2356 2997 2407 tia-it
3028 2355 3223 2424 (Exod.
3255 2372 3440 2422 nam,

1858 2441 1974 2507 20).
2007 2440 2074 2495 Ut
2106 2456 2233 2510 ergo
2254 2443 2469 2496 claritas
2502 2444 2633 2497 solis
2662 2458 2782 2497 cum
2816 2458 2918 2496 non
2948 2460 3116 2513 usque
3140 2446 3205 2498 ad
3234 2456 3445 2500 nostros

1860 2531 2056 2583 emicat
2084 2530 2229 2583 visus
2266 2530 2367 2584 sibi
2398 2533 2545 2584 salva
2575 2540 2685 2596 est;
2729 2534 2851 2601 quia
2883 2533 3021 2601 quod
3062 2549 3167 2587 nou
3211 2535 3442 2599 videtur,

1867 2619 2196 2676 infirmitatis
2220 2630 2304 2675 est
2343 2632 2541 2677 nostra:
2562 2667 2575 2690 ,
2608 2638 2832 2691 quorum
2861 2624 3047 2678 oculos
3069 2625 3283 2678 nubium
3315 2628 3446 2679 texit

1858 2714 2166 2767 obscuritas
2193 2732 2205 2766 :
2244 2716 2313 2768 ita
2344 2725 2397 2770 et
2429 2716 2684 2781 majestas
2705 2717 2791 2771 illa
2824 2717 3025 2780 divina,
3050 2732 3168 2787 qua:
3198 2720 3277 2790 (ut
3305 2718 3440 2787 dixi)

1856 2816 2053 2870 corpus
2095 2804 2370 2874 induerat,
2410 2807 2597 2875 probat
2641 2822 2701 2862 se
2747 2823 2851 2861 non
2892 2808 3215 2863 detrimento
3247 2814 3440 2879 proprii

1858 2894 2076 2948 latuisse
2105 2895 2350 2966 fulgoris,
2386 2900 2477 2952 sed
2508 2899 2707 2963 carnis,
2739 2908 2797 2953 ut
2822 2898 2952 2963 dixi,
2983 2900 3259 2966 beneficio,
3294 2903 3442 2971 cujus

1818 2974 1827 2983 ’
1857 2999 2016 3037 causa
2042 2984 2206 3039 Filius
2230 2988 2344 3054 Dei,
2373 2988 2535 3043 Filius
2560 2989 2789 3045 hominis
2810 3005 2930 3046 esse
2950 2993 3219 3048 sustinuit.
3241 2995 3442 3063 Nempe

1856 3075 1996 3129 enim
2030 3076 2097 3131 de
2128 3077 2328 3147 Spiritu
2372 3079 2461 3134 Dei
2492 3080 2653 3150 Virgo
2683 3086 2950 3149 concepit,
2983 3092 3039 3137 et
3069 3086 3207 3153 quod
3250 3098 3441 3139 conce-

1836 3230 1839 3235 Α
1861 3167 1954 3235 pit,
1979 3169 2081 3224 hoc
2105 3172 2327 3241 peperit.
2353 3173 2523 3238 idest,
2551 3174 2715 3229 Deum
2737 3176 2938 3229 homini
2962 3191 3061 3231 suo
3084 3177 3283 3247 (utjam
3307 3179 3442 3247 dixi)

688 3280 773 3312 .m.
820 3261 940 3314 Non
980 3264 1113 3316 enim
1155 3265 1339 3319 videbit
1382 3265 1532 3322 homo
1573 3248 1755 3338 faciem
1783 3248 1830 3313 C
1861 3264 2121 3317 sociatum
2150 3283 2163 3319 :
2194 3266 2329 3319 sicut
2359 3265 2473 3333 ipse
2498 3267 2631 3319 dixit
2664 3285 2676 3318 ε
2711 3268 2860 3332 Quod
2890 3271 3116 3321 nascitur
3153 3270 3217 3322 de
3255 3286 3438 3331 carne,

1858 3372 1980 3408 caro
2008 3368 2078 3409 est
2102 3372 2121 3410 :
2142 3367 2188 3409 et
2218 3359 2352 3426 quod
2376 3362 2602 3411 nascitur
2628 3360 2691 3411 de
2714 3362 2895 3426 spiritu
2919 3401 2933 3423 ,
2964 3362 3170 3429 spiritus
3192 3372 3296 3428 est,
3322 3364 3442 3431 quia

1861 3449 1999 3502 Deus
2026 3450 2251 3517 Spiritus
2296 3459 2390 3515 est,
2432 3462 2479 3503 et
2508 3449 2569 3504 de
2612 3452 2716 3503 Deo
2749 3462 2896 3504 natus
2924 3463 2997 3506 est
3028 3451 3204 3517 (Joan.
3239 3469 3291 3507 ιιι
3312 3494 3327 3515 ,
3360 3455 3437 3520 fl).

1858 3539 2011 3593 Sicut
2037 3550 2091 3593 et
2120 3542 2342 3608 angelus
2370 3541 2434 3594 ad
2474 3542 2689 3595 Mariam
2719 3543 2977 3610 virginem
3008 3542 3136 3596 dicit
3162 3562 3173 3595 :
3218 3544 3442 3613 Spiritus

1863 3630 1958 3683 Dei
1984 3631 2140 3683 veniet
2167 3632 2219 3683 in
2249 3641 2323 3693 te,
2351 3640 2396 3683 et
2421 3632 2581 3684 virtus
2610 3632 2851 3684 Altissimt'
2875 3631 3189 3685 obumbrabit
3218 3641 3281 3685 te.
3310 3632 3441 3686 Pro-

1859 3732 2027 3789 pterea
2057 3722 2194 3792 quod
2236 3732 2471 3774 nascetur
2513 3738 2575 3775 ea:
2618 3730 2663 3774 te
2690 3730 2936 3786 sanctum,
2985 3723 3242 3775 vocabitur
3271 3720 3319 3774 F
3322 3724 3440 3776 ilius

1858 3812 1955 3868 Dei
1981 3814 2130 3885 (Luc.
2174 3828 2226 3881 ι,
2249 3814 2363 3882 ὖῦ).
2396 3812 2554 3867 Vides
2585 3828 2713 3881 ergo
2741 3814 2911 3881 ipsum
2940 3815 3184 3880 spiritum
3206 3855 3219 3877 ,
3264 3815 3312 3867 id
3355 3825 3441 3868 est

1858 3906 2049 3959 Filium
2078 3906 2166 3959 Dei
2193 3905 2406 3959 venisse
2433 3904 2498 3957 ad
2530 3904 2829 3971 Virginem,
2875 3913 2931 3959 et
2958 3904 3079 3957 inde
3121 3905 3209 3957 Dei
3252 3913 3307 3957 et
3344 3904 3439 3956 ho-

1858 3999 2019 4051 minis
2044 3995 2236 4049 Filium
2261 3996 2624 4064 processisse?
2649 3995 2755 4048 Nec
2784 4005 2961 4047 tamen
2991 3996 3106 4061 ipso
3127 3995 3440 4047 indornento

1856 4090 2037 4142 carnis
2062 4088 2154 4143 Dei
2184 4088 2376 4141 Filium
2403 4100 2521 4139 esse
2550 4097 2833 4148 mutatum,
2868 4086 2960 4137 sed
2991 4086 3236 4138 eumdem
3264 4085 3437 4153 ipsum

1858 4194 1977 4233 esse
2009 4180 2061 4231 in
2106 4178 2321 4232 homine
2352 4178 2441 4245 qui
2468 4177 2640 4229 fuerat
2672 4185 2795 4228 ante
2817 4175 3072 4229 mundum
3100 4190 3219 4229 cum
3249 4176 3436 4239 Patre,

1859 4283 1955 4337 per
1984 4283 2141 4337 quem
2187 4271 2319 4321 facta
2352 4275 2477 4320 sunt
2505 4265 2681 4319 omnia
2701 4305 2716 4329 ,
2746 4275 2801 4319 et
2842 4268 2959 4319 sine
2996 4281 3100 4334 quo
3130 4266 3325 4319 factum
3356 4279 3440 4320 est

1858 4359 2025 4424 nihil,
2055 4361 2192 4412 sicut
2223 4359 2547 4427 evangelista
2571 4359 2645 4411 ait
2672 4375 2684 4409 :
2719 4355 2943 4410 Mundus
2967 4373 3057 4425 per
3086 4358 3247 4426 ipsum
3277 4360 3438 4427 facta:

1855 4458 1962 4513 est,
1994 4458 2044 4503 et
2068 4450 2287 4501 mundus
2312 4464 2427 4501 eum
2449 4465 2547 4500 non
2577 4449 2805 4519 cegnorit
2848 4447 3021 4517 (Joan.
3054 4464 3101 4507 ι.
3132 4447 3239 4517 10).
3266 4448 3437 4503 Carle-

1856 4558 1972 4597 rum
2000 4543 2225 4597 amentis
2256 4553 2337 4597 est
2359 4541 2597 4607 credere,
2631 4542 2698 4593 ab
2722 4556 2784 4593 eo
2811 4556 2965 4607 posse
2995 4541 3227 4605 liberari,
3260 4543 3345 4610 qui
3380 4553 3437 4596 ut

444 4642 457 4661 ε
498 4640 523 4674 a
551 4625 704 4681 Patre
724 4628 1044 4697 advenerat;
1078 4610 1201 4701 quia
1223 4634 1401 4688 omnia
1431 4610 1475 4688 av
1490 4637 1751 4705 principio
1775 4610 1831 4670 θ
1857 4636 2127 4703 liberaret,
2165 4636 2392 4689 amissus
2423 4642 2537 4697 est;
2569 4645 2627 4685 ut
2649 4642 2977 4697 nasceretur,
3009 4648 3295 4699 oppressus
3317 4645 3432 4695 θεὶς

422 4736 463 4765 ιη
492 4729 543 4773 et
573 4720 807 4776 ordinari
836 4731 891 4778 et
918 4725 1173 4791 explicari
1204 4736 1257 4781 et
1295 4743 1513 4784 manere
1552 4744 1749 4785 conve-

414 4822 421 4845 ι
458 4811 687 4866 habendi
714 4812 831 4867 Filii
858 4813 970 4870 haec
999 4818 1263 4887 praecipue
1290 4821 1426 4874 ratio
1454 4831 1744 4877 constaret.

408 4922 431 4951 ἰ
462 4902 539 4955 sic
560 4904 704 4956 visus
725 4904 1000 4973 accipitur,
1022 4915 1081 4961 ut
1102 4909 1327 4979 alicujus
1347 4912 1745 4979 conspicabilis,

404 5034 411 5047 η
464 4994 700 5047 materiae
746 4994 1094 5063 dispositione
1138 5011 1410 5067 assumpta
1454 5002 1744 5069 videretur,

352 5084 552 5139 scilicet
596 5086 953 5143 invisibilitate
980 5089 1132 5157 ejus,
1180 5108 1338 5161 quam
1386 5108 1415 5146 a
1461 5106 1749 5164 conspectu

322 5192 406 5227 ..ιιι
448 5176 700 5245 majestas
726 5178 982 5234 interfusa
1022 5182 1282 5249 seposuit.
1335 5183 1447 5237 Non
1494 5187 1635 5241 enim
1673 5192 1750 5243 sic

314 5270 416 5321 uiis
438 5269 741 5338 aspectibus
764 5272 1031 5325 revelatus
1048 5281 1151 5340 est,
1178 5288 1234 5329 ut
1258 5283 1363 5329 tcta
1389 5277 1439 5329 in
1465 5278 1557 5331 illo
1577 5279 1749 5333 deitas

306 5369 482 5424 reret,
513 5360 608 5415 sed
635 5360 702 5414 ad
732 5363 900 5417 vicem
927 5365 1166 5433 speculi,
1198 5382 1318 5421 cum
1348 5379 1636 5438 conceptos
1670 5370 1750 5423 in-

278 5466 449 5505 .ucem
484 5467 633 5506 suam
663 5454 837 5508 vultus
862 5457 1015 5523 quasi
1046 5456 1113 5511 ad
1157 5459 1365 5525 plenam
1390 5459 1619 5529 effigiem
1652 5464 1747 5514 ho-

260 5558 324 5594 διε
370 5542 617 5607 includit;
650 5546 720 5598 ita
748 5545 1040 5613 majestatis
1065 5547 1180 5616 ejus
1211 5559 1479 5617 prmeunte
1509 5550 1742 5620 fulgore,

242 5651 297 5688 fa
328 5633 383 5687 id
423 5636 595 5689 visum
642 5645 759 5699 est,
805 5636 949 5704 quod
994 5638 1277 5708 imaginem
1321 5640 1591 5707 veritatis,
1637 5656 1742 5695 non

212 5740 335 5779 sum
367 5725 532 5779 Deum
562 5728 775 5795 proprie
801 5727 1210 5785 dernoustraret.
1235 5731 1321 5786 Sic
1340 5742 1393 5787 et
1422 5748 1542 5786 cum
1574 5733 1742 5786 homi-

324 5818 540 5873 ‘nduere
566 5820 809 5890 dignatus
840 5832 952 5889 est,
987 5838 1090 5877 non
1138 5823 1314 5878 labem
1346 5826 1626 5880 a-ternitati
1661 5826 1739 5881 in-

1856 4736 1912 4779 ut
1958 4726 2413 4780 immortalitatem
2460 4722 2761 4792 redigeret,
2808 4725 3052 4777 t'ausivil
3080 4724 3145 4776 ad
3183 4739 3432 4778 mortem.

1854 4818 1958 4872 Sed
1989 4818 2146 4883 absit,
2177 4817 2336 4877 absit,
2364 4816 2635 4882 lueretice,
2668 4825 2723 4867 ut
2743 4830 2930 4869 sensus
2955 4825 3055 4869 tum
3084 4816 3375 4886 iniquitatis
3404 4834 3433 4869 a

1852 4909 2128 4963 catholicis
2155 4908 2484 4960 admittatur.
2518 4905 2624 4959 Nos
2649 4905 2789 4959 enim
2813 4906 3085 4961 credimus
3126 4907 3430 4960 immutabi-

1853 4999 1957 5053 lem
1988 5007 2043 5052 et
2072 4997 2531 5052 iuconvertibilem
2554 5037 2567 5059 ,
2594 4996 2826 5049 Verbum
2857 5009 2909 5051 et
2933 4996 3224 5066 Spiritum,
3266 4998 3317 5051 id
3348 5007 3431 5052 est

1855 5093 2045 5150 Filium
2077 5092 2166 5144 Dei
2200 5109 2211 5143 :
2243 5091 2329 5159 qui
2361 5106 2479 5144 cum
2526 5090 2795 5145 hominem
2844 5090 3050 5156 induit,
3093 5105 3195 5143 non
3234 5090 3429 5143 statum

1855 5183 2031 5243 vertit,
2077 5198 2180 5235 non
2209 5179 2369 5252 524
2395 5181 2637 5235 ordinem
2666 5181 2914 5251 perdidit,
2947 5196 3050 5235 non
3079 5180 3427 5234 substantiam

1854 5272 2175 5339 inunutavit,
2208 5273 2300 5326 sed
2334 5273 2543 5325 illuvias
2564 5272 2803 5341 ejusdem
2835 5271 3075 5339 corp0ris
3097 5278 3299 5323 aeterno
3330 5269 3429 5321 Clu-

1852 5365 2025 5419 ritatis
2066 5382 2175 5419 sure
2209 5367 2406 5420 lumine
2445 5365 2767 5433 illustravit,
2810 5375 2865 5417 ut
2894 5367 2957 5417 ad
2991 5378 3088 5415 nos
3121 5376 3215 5430 per
3254 5362 3430 5413 trami-

1854 5468 1959 5513 tem
1995 5459 2236 5525 corporis
2277 5459 2423 5528 ejus,
2471 5460 2554 5513 lux
2604 5460 2770 5512 sancti
2816 5456 3071 5524 Spiritus,
3116 5464 3170 5506 et
3213 5463 3427 5506 aeternae

1854 5468 1959 5513 tem
1995 5466 2236 5525 corporis
2277 5466 2423 5528 ejus,
2471 5466 2554 5513 lux
2604 5466 2770 5512 sancti
2816 5466 3071 5524 Spiritus,
3116 5466 3170 5506 et
3213 5466 3427 5506 aeternae

1853 5553 1973 5605 vit:r-
1999 5552 2165 5620 gratia
2193 5551 2536 5606 redundaret.
2569 5549 2737 5615 Quem
2769 5550 2866 5600 etsi
2909 5559 3122 5614 passum
3156 5466 3721 5641 crednuusf
3753 5486 3890 5596 ιΙ

1851 5652 1906 5698 et
1944 5645 2239 5712 sepultum,
2272 5644 2364 5697 sed
2416 5645 2576 5694 homo
2618 5641 2702 5691 ille
2741 5651 2925 5705 passus
2954 5642 3035 5686 est
3075 5649 3233 5699 «mem

1854 5735 1945 5789 Dei
1972 5696 2228 5803 suscepit,
2262 5749 2417 5801 quem
2450 5731 2647 5792 induit,
2685 5743 2841 5796 quem
2885 5696 3457 5911 [κιτιῶν

1854 5837 2016 5883 ιοιιιειι
2060 5828 2126 5882 ad
2160 5836 2428 5881 aucmrem
2460 5821 2785 5875 referebatur
2829 5813 3061 5888 quidqui.

1851 5837 2016 5883 totum
2060 5828 2126 5882 ad
2160 5836 2428 5881 aucmrem
2460 5821 2785 5875 referebatur
2829 5813 3061 5888 quidquit
