3978 6380
520 4881 529 4945 ι

520 391 622 445 459

1838 372 2059 429 \‘lClLll
2098 368 2465 426 TAPSENSIS

3694 363 3806 429 4δῦ

522 501 771 573 injuriam
813 499 931 567 ejus
961 495 1049 566 qui
1091 507 1248 548 verus
1280 490 1417 544 Deus
1458 496 1571 549 est,
1621 502 1725 539 non
1769 499 1926 540 verus
1973 484 2107 537 alius
2137 487 2189 544 Α
2216 482 2533 546 mansisset,
2578 497 2641 536 ex
2673 482 2823 551 cujus
2853 480 3147 537 substantia
3186 492 3302 536 erat
3336 501 3350 537 :
3385 482 3509 553 quia
3554 482 3715 554 quod
3741 480 3808 542 dc

525 604 885 666 comparatur.
942 592 1104 644 Deum
1159 586 1248 655 qui
1313 582 1509 651 injuste
1556 588 1866 649 comparat,
1921 577 2103 631 violat.

524 690 659 744 Cum
704 694 882 740 autem
916 696 1015 751 ego
1040 680 1251 733 Patrem
1296 684 1349 729 et
1389 671 1583 727 Filium
1612 679 1817 730 statuo.
1852 669 2108 723 unitatem

525 780 742 848 generis
771 776 1002 843 assigno.
1038 771 1103 825 Et
1135 768 1182 822 si
1211 767 1353 821 illam
1383 764 1438 820 iu
1485 763 1727 832 personis
1756 761 1969 826 divido,
2002 761 2111 814 dis-

527 872 699 926 cretio
728 878 903 923 tamen
944 874 1291 933 personarum
1338 869 1525 912 rursus
1566 855 1752 910 eadem
1804 853 2016 908 nomina
2057 852 2109 906 in

528 963 788 1018 unitatem
823 957 934 1020 sui,
969 951 1195 1007 naturali
1238 949 1455 1005 foederis
1488 948 1603 1016 lege
1632 946 1927 1013 consignat.
1965 944 2114 999 Unde

532 1065 587 1109 et
616 1060 793 1107 tantus
815 1058 898 1105 est
930 1047 1093 1100 Filius
1120 1053 1351 1113 quantus
1382 1039 1645 1094 videbitur
1675 1038 1853 1103 Pater,
1887 1044 2027 1089 totus
2049 1034 2116 1088 de

529 1153 675 1207 toto,
721 1143 927 1210 integer
955 1139 1021 1191 de
1039 1135 1289 1205 integro,
1319 1132 1588 1203 perfectus
1615 1130 1681 1185 de
1712 1128 1945 1199 perfecta
1990 1142 2117 1181 con-

533 1247 901 1302 summataque
931 1232 1126 1284 virtute
1164 1249 1177 1280 :
1218 1229 1358 1281 sicut
1385 1225 1676 1295 Apostolus
1703 1224 1834 1277 dicit
1866 1239 1879 1276 :
1914 1220 1981 1275 In
2018 1238 2117 1287 quo

532 1327 693 1380 munis
740 1322 1000 1391 plenitudo
1031 1320 1313 1373 divinitatis
1359 1316 1691 1386 corporaliter
1730 1314 1923 1367 habitat
1968 1311 2114 1381 (Col.

535 1434 593 1478 ιι,
620 1418 695 1485 9).
737 1414 866 1467 Nam
897 1411 1237 1467 etleremias
1275 1407 1674 1476 receptissimus
1705 1406 2081 1474 prophetarum
2102 1443 2118 1469 ,

535 1508 672 1563 hanc
695 1508 952 1561 unitatem
975 1503 1266 1559 divinitatis
1286 1502 1339 1556 in
1361 1500 1519 1556 Patre
1546 1512 1600 1555 et
1627 1499 1763 1553 Filio
1788 1499 1985 1564 sciens,
2009 1499 2083 1551 ait
2106 1514 2119 1551 :

537 1600 641 1656 Hic
686 1609 759 1653 cst
790 1597 929 1653 Deus
960 1604 1151 1664 noster,
1192 1603 1239 1648 et
1271 1610 1370 1647 non
1415 1592 1739 1663 deputabitur
1774 1590 1909 1643 alius
1938 1589 2122 1657 absque

531 1694 629 1747 illo
653 1709 670 1747 :
695 1694 781 1763 qui
810 1691 1000 1744 invenit
1032 1705 1229 1743 omnem
1255 1688 1385 1740 viam
1422 1686 1707 1753 prudentia:
1726 1728 1740 1751 ,
1775 1693 1819 1736 et
1848 1683 1989 1736 dedit
2013 1698 2122 1734 eant

536 1785 694 1840 Jacob
725 1799 880 1854 puero
902 1799 1015 1845 suo,
1038 1792 1085 1834 et
1109 1779 1275 1833 Israel
1307 1780 1491 1831 dilecto
1515 1777 1632 1831 sibi.
1664 1777 1786 1830 Post
1805 1776 1912 1829 lucc
1942 1776 1993 1827 in
2022 1785 2122 1827 ter-

2212 576 2367 630 Patre
2391 585 2494 642 est,
2523 590 2619 629 nec
2648 573 2837 639 videri,
2869 590 2968 630 nec
3000 576 3217 641 mutari,
3246 590 3347 630 nec
3366 579 3612 631 converti
3642 593 3804 646 posse

2213 666 2533 721 credendum
2567 677 2665 719 est.
2699 665 2916 720 Accedit
2943 666 3008 719 ad
3037 681 3249 721 causam
3272 668 3395 737 quia
3424 684 3548 721 cum
3577 669 3805 737 illapsus

2214 768 2296 814 est
2325 762 2375 813 in
2406 760 2655 823 Mariam,
2688 775 2807 813 cum
2843 759 3073 829 Virginis
3109 770 3319 814 uterum
3351 760 3627 829 opplevit,
3662 762 3803 816 aliud

2216 854 2395 920 utique
2438 867 2502 906 ex
2534 851 2623 905 illa
2653 867 2811 919 quam
2854 851 2992 917 quod
3031 861 3252 906 venerat
3280 860 3463 906 natum
3507 862 3617 906 est.
3652 852 3805 907 Unde

2212 942 2345 1011 jam,
2378 942 2643 1013 inquiunt,
2672 956 2924 1010 cturrupta
2952 944 3244 996 substantia
3275 952 3472 997 statum
3503 946 3697 1007 vertit,
3732 959 3807 997 or-

2218 1036 2399 1090 dinem
2437 1035 2639 1103 perdit,
2673 1035 2925 1091 continuo
2951 1034 3317 1090 immutatione
3348 1037 3461 1103 ipsa
3491 1036 3807 1091 formandos

2219 1125 2286 1180 de
2311 1127 2419 1180 Deo
2447 1128 2497 1179 in
2525 1126 2793 1180 hominem
2811 1167 2827 1190 ,
2858 1125 2927 1180 de
2954 1127 3144 1194 Spiritu
3173 1128 3223 1179 in
3254 1141 3493 1181 carnem.
3531 1127 3601 1180 Et
3629 1128 3807 1195 utique

2220 1216 2501 1269 translatio
2546 1215 2757 1281 omnis,
2812 1216 3151 1284 interemptio
3198 1227 3281 1270 est
3328 1218 3565 1285 pristini.
3608 1216 3694 1272 Ac
3728 1234 3807 1286 pr-r

2225 1312 2341 1372 hoc,
2376 1309 2554 1371 aiunt,
2585 1309 2629 1362 si
2661 1308 2826 1365 Filius
2854 1310 2922 1363 de
2966 1309 3136 1363 Patris
3165 1310 3461 1364 substantia
3492 1322 3675 1375 esset;
3712 1313 3806 1379 iam

2222 1410 2278 1455 et
2308 1401 2515 1453 Patrem
2548 1401 2809 1454 minorem
2834 1400 3025 1464 videri,
3058 1401 3373 1456 substantia:
3394 1418 3508 1457 sua:
3536 1404 3623 1456 vel
3650 1405 3809 1455 tradi-

2224 1492 2400 1557 tione,
2427 1491 2509 1544 vel
2541 1491 2681 1545 fine:
2715 1501 2769 1545 et
2794 1492 3013 1559 proinde
3040 1492 3235 1545 Filium
3265 1507 3332 1545 ex
3374 1493 3479 1546 alia
3509 1494 3806 1547 substantia

2223 1584 2447 1638 credere
2473 1582 2810 1647 maluerunt,
2839 1582 2978 1651 quod
3004 1584 3276 1648 converti,
3309 1594 3365 1638 et
3392 1600 3483 1638 mu
3509 1585 3628 1646 ari,
3658 1595 3722 1639 et
3746 1587 3807 1638 vi-

2225 1676 2339 1730 deri
2367 1676 2564 1743 possit;
2596 1676 2716 1745 quia
2749 1678 2849 1728 hoc
2877 1676 2944 1729 de
2986 1675 3159 1730 Patris
3189 1676 3487 1730 substantia
3516 1678 3681 1732 credi
3718 1694 3808 1732 non

2227 1767 2400 1824 liceat.
2451 1768 2571 1822 llmc
2616 1776 2699 1822 est
2743 1782 2899 1822 causa
2948 1769 3177 1834 erroris,
3221 1769 3336 1823 hrec
3380 1771 3540 1839 origo
3598 1772 3811 1827 haeresis

534 1878 610 1933 ris
638 1877 775 1930 visus
803 1885 893 1939 est,
924 1884 971 1926 et
998 1890 1112 1925 cum
1140 1871 1425 1924 hominibus
1453 1877 1777 1923 conversatus
1814 1877 1882 1919 est
1907 1865 2118 1937 (Baruc.
2154 1859 2197 1917 Β
2227 1862 2439 1916 Ariana:
2459 1903 2475 1927 ,
2520 1862 2646 1914 dum
2699 1876 2803 1915 non
2834 1862 3136 1931 intelligunt
3173 1862 3427 1917 virtutem
3458 1863 3597 1932 Dei,
3651 1881 3809 1935 neque

532 1982 631 2033 ιιι,
659 1968 771 2035 30).
807 1966 873 2019 Et
905 1964 1068 2019 Isaias
1106 1965 1206 2017 hoc
1246 1964 1419 2031 ipsum
1450 1960 1707 2030 praedicat
1734 1958 1959 2013 dicens:
1994 1956 2120 2010 Htec

536 2062 664 2115 dicit
702 2059 948 2113 Dominus
978 2056 1113 2111 Deus
1140 2071 1157 2110 :
1189 2052 1432 2125 Fatigato
1458 2062 1533 2107 est
1569 2050 1862 2122 ngyptus,
1894 2060 1939 2104 et
1969 2066 2123 2121 nego-

535 2155 683 2207 tiatio
708 2150 1033 2218 /Etlu'0pum,
1062 2158 1109 2201 et
1129 2147 1323 2203 Sabain
1343 2146 1437 2200 viri
1463 2145 1645 2199 excelsi
1670 2145 1739 2198 ad
1764 2152 1810 2197 te
1838 2143 2124 2197 transient:

540 2247 612 2299 tui
637 2252 785 2296 erunt
812 2242 973 2313 519
997 2241 1146 2304 servi,
1174 2247 1222 2293 et
1252 2246 1361 2307 post
1386 2246 1433 2291 te
1461 2235 1970 2290 ambulabunt'uincli
1990 2251 2124 2287 com-

539 2336 781 2409 pedibus,
810 2345 855 2389 et
876 2336 929 2388 in
960 2343 1007 2385 te
1038 2332 1409 2399 precabantur;
1439 2330 1679 2400 quoniam
1708 2330 1761 2383 in
1790 2338 1836 2381 te
1857 2337 1928 2380 est
1959 2326 2123 2391 Deus,

538 2441 586 2484 et
609 2446 713 2483 non
741 2438 813 2482 est
838 2428 971 2480 alius
1000 2425 1135 2478 Deus
1159 2435 1342 2493 ιιι-αξιοι·
1370 2434 1455 2487 te;
1479 2433 1533 2477 tu
1559 2439 1614 2477 es
1636 2423 1769 2476 enim
1801 2419 1938 2474 Deus
1970 2420 2121 2491 (lsai.

539 2536 661 2587 xcv,
694 2519 800 2588 14).
848 2520 1001 2583 Quod
1034 2533 1099 2571 ue
1140 2526 1293 2585 putes
1334 2531 1419 2570 me
1447 2529 1514 2569 eo
1555 2512 1843 2580 supercilio
1884 2513 2125 2575 dixisse,

541 2628 649 2681 quo
694 2611 959 2667 Sabellius
992 2610 1178 2675 fertur,
1216 2608 1303 2677 qui
1336 2609 1509 2677 ipsum
1558 2608 1767 2661 Patrem
1788 2644 1803 2667 ,
1836 2607 2008 2674 ipsum
2037 2605 2126 2659 Fi-

541 2703 673 2757 lium
704 2702 1019 2772 profitetur;
1053 2714 1157 2754 non
1199 2699 1270 2752 ita
1300 2714 1399 2754 nos
1443 2707 1611 2752 totum
1643 2698 1696 2751 in
1727 2712 1885 2751 unam
1912 2705 2130 2751 senten-

544 2794 675 2847 tiam
701 2792 959 2862 cogimus,
994 2800 1050 2846 ut
1076 2791 1302 2844 aliorum
1336 2789 1708 2843 hazreticorum
1737 2787 1922 2842 fraude
1950 2786 2132 2854 capia-

458 2942 461 2943 ν
547 2899 689 2939 mur.
750 2882 857 2937 Sed
903 2882 1025 2952 quia
1057 2882 1173 2950 ipso
1199 2880 1415 2935 nomine
1468 2893 1815 2948 personarum
1844 2878 2130 2932 auctoritas

544 2978 832 3033 indiscreta
856 2975 1218 3044 cognoscitur,
1244 2983 1299 3027 et
1324 2974 1491 3027 Filius
1518 2988 1621 3027 non
1647 2987 1863 3042 genere,
1891 2971 1983 3027 sed
2012 2986 2133 3040 per-

546 3070 804 3124 soualiter
848 3083 877 3121 a
932 3067 1085 3121 Patre
1132 3065 1460 3132 nominatur,
1506 3064 1733 3133 proinde
1782 3073 1945 3117 totum
1987 3063 2131 3117 Patri

545 3160 863 3216 ascribimus
894 3159 1036 3229 quod
1062 3168 1144 3211 est
1173 3157 1360 3221 Filius,
1387 3166 1442 3211 et
1461 3166 1627 3213 totum
1654 3154 1788 3209 Filio
1809 3155 1950 3223 quod
1974 3153 2133 3208 Pater

2225 1953 2355 2007 tanti
2385 1954 2705 2008 sacramenti
2754 1953 3158 2022 dispositionem
3197 1966 3531 2024 agnoscunt,
3565 1968 3621 2009 ιιι
3658 1958 3808 2013 Deum

2226 2046 2474 2100 humanis
2513 2045 2907 2100 conditionibus
2934 2056 3266 2115 comparent.
3300 2048 3509 2112 Quibus
3539 2052 3729 2117 primo
3766 2053 3806 2105 in

2227 2137 2347 2191 loco
2373 2136 2802 2206 respondendum
2830 2144 2933 2201 est,
2964 2136 3153 2191 Filium
3186 2137 3276 2191 Dei
3309 2155 3411 2191 non
3453 2140 3526 2193 ita
3556 2142 3737 2195 visam
3762 2152 3806 2195 ut

2230 2229 2369 2282 Deus
2389 2240 2522 2292 erat,
2548 2227 2639 2281 sed
2661 2236 2721 2282 ut
2743 2227 2901 2281 homo
2922 2243 3112 2296 capere
3135 2239 3341 2298 poterat
3361 2231 3427 2285 de
3452 2232 3594 2287 Deo.
3625 2234 3807 2288 Deinde

2228 2320 2389 2375 variis
2418 2318 2601 2387 figuris
2629 2335 2733 2374 non
2762 2319 3071 2374 mutabilem
3105 2330 3160 2375 et
3184 2323 3603 2377 convertibilem
3651 2326 3806 2393 ipsum

2229 2426 2371 2477 esse,
2385 2410 2479 2464 sed
2500 2413 2599 2465 hoc
2614 2426 2733 2465 esse
2748 2411 2996 2479 potentiae
3010 2411 3124 2474 Dei,
3140 2422 3196 2466 ut
3210 2428 3329 2468 cum
3341 2428 3401 2470 se
3415 2417 3662 2484 singulis
3677 2430 3805 2486 prout

2229 2502 2362 2569 vult,
2394 2502 2635 2557 revelare
2652 2503 2922 2573 dignatur,
2952 2503 3187 2557 habitum
3212 2515 3398 2572 mutet,
3425 2520 3536 2559 non
3568 2510 3804 2563 substan-

2231 2594 2360 2647 tiam
2388 2603 2590 2660 vertat;
2625 2609 2721 2649 nec
2761 2595 3141 2663 praprietatem
3169 2598 3289 2665 qual
3313 2598 3437 2652 tatis
3458 2600 3708 2665 amittat,
3730 2602 3800 2656 sed

2225 2686 2375 2753 juxta
2407 2686 2654 2739 meritum
2688 2686 2949 2752 videntis,
2994 2695 3476 2755 temperamentum
3522 2692 3805 2759 maiestatis

2231 2779 2519 2843 adhibeat;
2553 2780 2665 2848 ipse
2695 2789 2868 2833 tamen
2900 2780 3073 2841 idem,
3106 2790 3163 2834 ut
3192 2796 3404 2851 semper
3448 2794 3565 2848 est;
3615 2788 3671 2839 in
3698 2788 3804 2840 sob-

2231 2872 2441 2926 stantim
2472 2886 2584 2926 suae
2624 2872 3317 2943 proprietate‘permaneat.
3367 2877 3521 2930 Sicut
3562 2881 3805 2947 scriptum

2233 2973 2314 3017 est
2345 2981 2357 3016 :
2394 2962 2618 3017 Mutabis
2648 2980 2732 3017 cos
2775 2975 2823 3019 et
2860 2966 3209 3030 mutabuntur,
3239 2979 3291 3019 tn
3330 2979 3509 3021 autem
3546 2972 3691 3023 idem
3724 2975 3803 3041 ipse

2234 3071 2285 3110 es
2306 3096 2319 3119 ,
2352 3065 2397 3108 et
2424 3056 2546 3109 anni
2571 3056 2646 3109 tui
2674 3073 2777 3109 non
2816 3058 3048 3123 deﬁcient
3081 3057 3250 3125 (Psal.
3283 3074 3361 3125 Cl,
3393 3060 3513 3130 28).
3561 3062 3703 3116 Nam
3727 3064 3805 3118 etsi

2237 3148 2401 3201 multa
2430 3158 2646 3203 suntex
2679 3147 2761 3202 his
2790 3164 2908 3217 quae
2946 3149 3001 3201 in
3028 3149 3130 3204 hoc
3160 3146 3359 3202 munito
3401 3152 3683 3217 videntur,
3712 3171 3806 3223 quia

544 3262 646 3310 est.
671 3252 811 3308 Nihil
834 3225 940 3306 non
962 3250 1227 3304 videbitur
1253 3250 1445 3313 Patris,
1470 3248 1609 3318 quod
1630 3248 1953 3318 judicabitur
1975 3246 2128 3311 Eilii;
2158 3240 2204 3300 C
2236 3254 2303 3294 ex
2332 3240 2436 3293 alio
2466 3250 2849 3293 convertuntur
2877 3239 2930 3293 in
2960 3241 3099 3295 aliud
3123 3282 3137 3307 ,
3172 3252 3227 3294 ut
3256 3225 3508 3297 dcsiina'nt
3536 3260 3663 3301 esse
3692 3250 3806 3313 quod

546 3359 644 3398 nec
677 3342 833 3407 Filii,
865 3340 1004 3411 quod
1055 3338 1362 3393 defenditur
1402 3338 1613 3393 Patris:
1646 3338 1769 3407 quia
1802 3337 1978 3391 unitas
2021 3351 2131 3389 ma-

546 3434 756 3505 iestatis
798 3448 903 3486 non
949 3430 1075 3485 sinit
1121 3429 1252 3484 deos
1299 3429 1489 3499 plurali
1529 3428 1788 3484 vocabqu
1834 3427 2129 3497 appellari:

547 3525 745 3593 quippe
774 3538 894 3578 cum
924 3529 1135 3576 constet
1162 3519 1371 3575 Patrem
1397 3529 1451 3575 et
1474 3519 1662 3575 Filium
1692 3521 1847 3572 unius
1867 3534 1987 3574 esse
2009 3519 2135 3572 sub-

545 3615 788 3677 stantiae;
836 3614 977 3668 unde
1022 3622 1251 3682 uterque
1295 3628 1430 3666 unus
1471 3612 1612 3666 Deus
1646 3620 1730 3666 est
1771 3610 1967 3664 dictus.
2002 3608 2132 3664 Illud

548 3714 673 3758 ante
718 3714 910 3758 cuncta
944 3712 1269 3767 metuentes,
1319 3718 1388 3757 ne
1431 3702 1477 3756 si
1513 3702 1671 3756 Pater
1698 3712 1754 3756 et
1780 3702 1944 3756 Filius
1971 3716 2132 3755 unum

552 3808 661 3847 non
693 3794 834 3857 sint;
882 3794 932 3845 in
966 3790 1218 3844 invidiam
1251 3799 1491 3845 recurrat
1517 3792 1771 3859 auctoris,
1818 3791 2136 3859 interpolata

550 3885 821 3940 nativitas.
856 3884 969 3938 lloc
1010 3883 1153 3938 enim
1188 3883 1384 3950 placuit
1433 3882 1735 3951 luereticis,
1780 3894 1838 3938 ut
1864 3884 2003 3939 Deus
2049 3884 2137 3939 ille

550 3977 925 4046 omnipatens,
991 3974 1304 4037 invisibilis,
1349 3974 1645 4029 immensus
1687 3975 2036 4044 degeneraret
2080 3975 2135 4031 in

548 4068 713 4133 Filio;
749 4084 854 4125 non
887 4069 1048 4124 modo
1072 4077 1355 4137 potestate,
1384 4070 1479 4124 sed
1503 4077 1558 4124 et
1577 4070 1883 4124 conditione
1915 4078 2134 4134 mutata,

548 4162 697 4229 quasi
731 4176 833 4215 non
877 4160 1111 4230 potuerit
1143 4161 1295 4214 Pater
1326 4160 1392 4214 de
1428 4161 1718 4230 semetipso
1750 4160 1905 4215 talem
1938 4161 2137 4217 habere

546 4251 738 4305 Filium
767 4252 940 4318 qualis
971 4262 1024 4305 et
1051 4252 1163 4320 ipse
1192 4260 1294 4306 est.
1329 4251 1559 4307 Proinde
1590 4266 1688 4305 nos
1721 4266 1907 4307 verum
1944 4254 2135 4307 Filium

549 4342 620 4394 de
648 4356 775 4393 vero
809 4342 965 4396 Patre
988 4342 1079 4410 qui
1106 4357 1319 4411 semper
1345 4342 1475 4410 fuit,
1507 4357 1555 4398 et
1590 4352 1673 4397 est
1703 4348 1858 4397 unius
1887 4344 2137 4397 substan-

550 4433 640 4485 tia:
666 4447 784 4485 cum
814 4433 1004 4497 Patre,
1035 4434 1387 4489 defendimus.
1436 4436 1500 4489 Et
1532 4435 1631 4490 hoc
1672 4446 1757 4491 est
1797 4437 1936 4505 quod
1968 4436 2137 4493 ϐιωςί

552 4525 791 4597 ὁμούσιον
821 4527 1123 4595 appellant,
1157 4525 1210 4579 id
1253 4535 1335 4579 est
1377 4542 1495 4579 cum
1523 4544 1622 4581 uno
1662 4529 1805 4581 aliud
1832 4530 2029 4599 ipsum,
2081 4540 2139 4583 ut

2235 3341 2410 3397 erant,
2438 3341 2491 3386 et
2522 3332 2622 3386 hoc
2649 3333 2757 3385 sint
2782 3332 2923 3402 quod
2954 3342 3095 3387 retro
3137 3349 3242 3387 non
3273 3334 3489 3389 fuerant
3520 3355 3533 3389 :
3566 3346 3627 3390 ut
3674 3340 3807 3392 limus

2236 3440 2356 3480 cum
2400 3425 2451 3478 in
2481 3424 2752 3479 hominem
2800 3426 3078 3494 figuratur,
3120 3425 3277 3481 limus
3307 3441 3429 3481 esse
3454 3429 3569 3497 jam
3597 3430 3807 3489 desinit,

2236 3527 2294 3571 ut
2325 3518 2499 3587 pisces
2530 3527 2621 3570 aut
2657 3532 2785 3571 aves
2827 3532 2949 3571 cum
2995 3516 3062 3572 de
3096 3532 3232 3587 aqua
3262 3520 3596 3586 procedunt.
3648 3538 3718 3576 ex
3756 3536 3809 3575 eo

2231 3608 2341 3678 jam
2372 3622 2479 3661 non
2509 3622 2669 3677 aqua,
2702 3608 2822 3676 quia
2852 3608 2998 3663 aliud
3023 3624 3038 3661 :
3069 3618 3127 3661 ut
3154 3608 3323 3664 lutum
3346 3610 3518 3679 ﬁguli,
3548 3628 3674 3667 cum
3700 3614 3808 3666 soli-

2237 3698 2394 3752 datur
2424 3699 2475 3751 iu
2509 3708 2698 3752 testam
2727 3714 2741 3752 :
2772 3710 2826 3752 ιιι
2857 3700 3024 3768 lapis,
3063 3714 3185 3754 cum
3218 3701 3537 3756 dissolvitur
3576 3704 3813 3759 decoctus

2238 3791 2288 3843 in
2318 3790 2519 3844 calcem
2547 3807 2558 3841 :
2591 3798 2648 3843 ut
2672 3804 2833 3843 arena
2863 3804 2985 3843 cum
3030 3801 3266 3845 mutatur
3294 3792 3350 3846 in
3375 3794 3606 3859 vitrum;
3636 3807 3693 3850 et
3716 3809 3811 3848 c3-

2238 3889 2373 3946 tera,
2404 3895 2524 3948 quae
2552 3879 2767 3950 longum
2799 3888 2879 3935 est
2912 3896 3215 3937 recensere.
3263 3883 3371 3938 Sed
3403 3885 3630 3939 multum
3664 3887 3814 3939 inter—

2237 3983 2342 4039 est,
2374 3974 2534 4028 stulte
2564 3975 2835 4041 lucretice,
2867 3974 3008 4030 inter
3036 3992 3097 4031 ea
3125 3993 3245 4047 qua
3272 3978 3411 4033 facta
3443 3990 3588 4047 sunt,
3620 3993 3680 4037 et
3706 3998 3811 4036 eam

2240 4067 2327 4135 qui
2378 4066 2555 4119 omnia
2600 4066 3048 4136 quemadmodum
3096 4070 3261 4123 voluit
3312 4070 3459 4126 fecit.
3514 4072 3645 4139 Qua:
3694 4076 3814 4125 facta

2239 4167 2384 4225 sunt,
2415 4159 2664 4227 ascriptus
2694 4159 2984 4215 conditioni
3015 4162 3321 4216 deserviunt
3356 4179 3371 4217 :
3404 4166 3495 4233 qui
3529 4181 3658 4219 vero
3686 4166 3812 4224 terit.

2240 4264 2352 4303 sua:
2380 4250 2668 4305 voluntatis
2699 4251 2854 4323 521
2883 4261 2939 4307 et
2964 4255 3162 4322 proprii
3203 4254 3341 4324 juris
3367 4265 3472 4312 est.
3518 4257 3702 4327 Neque
3735 4273 3813 4326 ps-

2240 4349 2348 4395 test
2378 4341 2429 4395 in
2459 4340 2602 4396 aliud
2631 4358 2791 4409 quam
2819 4343 2960 4412 quod
2987 4354 3103 4407 est,
3133 4344 3313 4415 aliquo
3341 4358 3571 4416 cogente
3601 4349 3812 4403 mutari.

2240 4432 2334 4486 sed
2366 4442 2524 4500 prout
2570 4434 2714 4497 vult,
2765 4443 2818 4489 et
2856 4435 2941 4490 cui
2971 4436 3082 4489 vult
3110 4450 3170 4491 se
3210 4437 3576 4497 demonstrat.
3607 4441 3734 4495 Nam
3777 4440 3817 4492 si

2240 4523 2413 4591 angeli
2448 4524 2497 4585 in
2525 4524 2691 4593 ligura
2729 4523 3003 4579 hominum
3034 4541 3178 4596 smpe
3204 4539 3330 4582 sunt
3366 4530 3500 4594 visi,
3554 4541 3612 4586 et
3652 4542 3817 4585 tamen
3872 4538 3881 4551 ’

556 4630 799 4681 persona:
828 4618 1093 4670 τιιιιιὶιιιιιῑιι
1122 4616 1399 4671 nominum
1430 4618 1641 4683 tierent,
1671 4634 1775 4672 non
1800 4629 1856 4673 ut
1883 4620 2127 4675 substan-

2239 4614 2386 4667 aliud
2417 4629 2521 4669 non
2552 4624 2678 4669 sunt
2724 4631 2883 4685 quam
2923 4619 3063 4685 quod
3104 4633 3165 4674 se
3211 4635 3333 4675 esse
3375 4634 3613 4687 norunt,
3658 4637 3823 4690 neque

560 4709 684 4759 tiam
716 4707 971 4762 voeabula
1001 4714 1335 4777 separarent.

1153 4819 1379 4873 CAPUT
1424 4819 1555 4873 Vlll.

622 4909 726 4963 Sed
755 4919 811 4961 ut
834 4924 993 4963 omne
1023 4913 1332 4981 mysterium
1358 4911 1582 4967 haeresis
1606 4912 1820 4967 Arianae
1840 4911 2139 4976 traducam,

561 5001 652 5055 ,ξυι-
681 5001 850 5056 nolint
883 5002 1076 5056 Filium
1105 5004 1171 5058 de
1201 5004 1369 5059 Patris
1396 5005 1691 5059 substantia
1715 5005 1885 5073 credi,
1912 5005 2144 5061 breviter

549 5091 834 5147 intimabo.
869 5092 1030 5146 Aiunt
1060 5094 1200 5148 enim
1228 5111 1241 5147 :
1272 5094 1404 5148 Cum
1431 5095 1501 5149 sit
1528 5096 1669 5152 Deus
1700 5097 1857 5151 Pater
1886 5099 2133 5167 omnipo-

548 5192 707 5251 tens,
741 5184 1057 5247 invisibilis,
1112 5185 1560 5251 inconvertibilis,
1612 5188 1986 5255 immutabilis,
2016 5204 2135 5256 per-

549 5278 743 5339 fectus,
773 5290 987 5342 semper
1027 5274 1165 5329 idem
1186 5316 1201 5340 ,
1243 5286 1505 5342 internus;
1538 5276 1704 5332 Filius
1735 5294 1862 5333 vero
1888 5279 2131 5345 visibilis,

548 5367 673 5436 quia
703 5383 845 5437 sape
884 5367 1127 5422 Patribus
1157 5369 1304 5424 visus
1346 5379 1456 5436 est;
1489 5379 1544 5426 et
1582 5371 1947 5427 convertibilis
1977 5382 2136 5443 atque

550 5459 850 5522 mutabilis,
897 5460 1018 5528 quia
1052 5461 1102 5515 in
1136 5462 1297 5516 variis
1346 5464 1527 5532 figuris
1574 5464 1797 5534 singulis
1840 5466 2136 5535 quibusque

550 5564 673 5605 sese
716 5555 1059 5607 monstravit.
1108 5553 1208 5618 Qui
1256 5554 1299 5608 si
1342 5554 1411 5609 de
1441 5554 1648 5620 Patris,
1688 5556 1964 5625 inquiunt,
1993 5566 2140 5612 esset

555 5645 882 5713 substantia,
930 5663 1197 5718 nunquam
1238 5650 1351 5704 fieri
1393 5658 1573 5719 posset
1614 5659 1669 5703 ut
1700 5659 1821 5704 ante
1849 5652 2025 5705 carnis
2054 5665 2137 5704 as-

557 5738 913 5803 sumptionem
956 5747 1047 5792 aut
1077 5739 1301 5793 visibilis
1345 5748 1435 5793 aut
1478 5740 1746 5792 mutabilis
1774 5751 2089 5796 cerneretur
2119 5759 2131 5793 :

559 5825 686 5901 quin
730 5830 900 5895 potius
932 5831 984 5885 in
1013 5832 1313 5902 aequalitate
1355 5846 1455 5901 qua
1484 5831 1639 5887 Pater
1666 5839 1774 5902 est,
1819 5831 1980 5901 520
2019 5849 2136 5902 per-

2243 4705 2596 4773 substantjam
2638 4717 2847 4763 mutant
2890 4723 3011 4763 cum
3062 4710 3284 4765 formam
3319 4711 3544 4767 humani
3592 4716 3824 4784 corporis

2210 4805 2497 4862 _sumunt;
2546 4808 2747 4866 quanto
2804 4800 2972 4869 magis
3030 4800 3146 4867 ipse
3192 4801 3451 4858 Dominus
3499 4817 3684 4860 noster
3742 4805 3825 4873 qui

2246 4888 2425 4943 omnia
2450 4888 2598 4955 fecit,
2626 4891 2715 4959 qui
2744 4891 2875 4961 ipsis
2903 4893 3108 4963 angelis
3133 4903 3190 4947 ut
3220 4894 3322 4949 hoc
3349 4907 3596 4964 possent,
3628 4914 3725 4951 sua
3754 4899 3829 4949 in-

2249 4980 2528 5045 stitutione
2552 4984 2855 5038 concessit?
2883 4984 2996 5040 Huc
3018 4987 3222 5042 accedit
3247 4989 3387 5056 quod
3415 4990 3461 5043 si
3497 4990 3689 5045 Filium
3720 4991 3835 5050 Dei.

2249 5083 2305 5127 ut
2327 5073 2438 5142 jam
2466 5075 2662 5129 dictum
2696 5085 2780 5130 est
2807 5076 2875 5130 ita
2905 5080 3076 5135 visum
3107 5092 3137 5131 a
3171 5078 3420 5134 Patribus
3446 5083 3831 5149 approbemus,

2244 5174 2299 5216 ut
2326 5179 2432 5218 non
2460 5174 2627 5221 totum
2663 5167 2716 5220 in
2740 5168 2827 5220 illo
2856 5169 2997 5237 quod
3028 5170 3168 5225 Deus
3192 5181 3294 5237 est,
3320 5173 3626 5238 videretur;
3652 5176 3759 5229 sed
3786 5186 3839 5227 ut

2243 5255 2620 5325 dispositiones
2645 5273 2823 5313 rerum
2856 5262 3151 5317 futurarum
3171 5303 3187 5329 ,
3217 5280 3337 5331 qua:
3376 5268 3494 5321 suis
3538 5268 3841 5337 quibusque

2246 5348 2571 5415 temporibus
2599 5351 2929 5419 complenda:
2956 5364 3141 5423 erant,
3183 5356 3235 5410 in
3264 5357 3379 5412 sitio
3421 5375 3518 5427 per
3548 5361 3842 5430 imaginem

2245 5455 2611 5498 cernerentur.
2652 5445 2781 5499 Nam
2809 5440 2930 5515 quis
2975 5448 3164 5503 Filium
3194 5450 3286 5504 Dei
3310 5450 3496 5506 videre
3523 5457 3704 5522 potuit
3748 5472 3845 5505 au-

2243 5547 2455 5607 tequam
2483 5540 2894 5609 conspicabilem
2924 5544 3200 5596 materiam
3227 5544 3369 5611 sicut
3395 5545 3446 5598 ei
3488 5546 3725 5614 placuit,
3759 5560 3850 5599 as-

2241 5635 2505 5700 sumpsit,
2538 5636 2616 5689 vel
2650 5635 2823 5700 ipsum
2854 5633 3124 5690 hominem
3171 5636 3393 5692 induere
3426 5638 3685 5706 dignatus
3719 5639 3850 5693 est?

2240 5734 2336 5799 Qui
2364 5735 2466 5789 etsi
2496 5735 2723 5790 Abrahae
2750 5736 2896 5790 visus
2921 5745 3007 5791 est
3032 5735 3181 5807 (Gen.
3211 5738 3391 5808 mu),
3428 5738 3525 5794 sed
3560 5738 3609 5792 in
3658 5739 3853 5795 forma

2242 5837 2455 5891 humani
2506 5838 2746 5907 corporis
2785 5838 2932 5893 visus
2980 5847 3095 5903 est,
3147 5855 3249 5908 quo
3289 5839 3495 5894 scilicet
3539 5848 3857 5908 postremis
