3978 6380
183 407 270 461 Mil
1137 408 1412 465 CONTRA
1457 405 1859 462 PALLADIUM
1902 406 2212 464 ARIANUM
2254 409 2377 465 LIB.
2418 408 2478 463 ll.

3332 410 3439 469 462

179 520 499 593 temporibus
548 524 600 579 in
641 525 857 579 homine
896 533 1148 580 venturus
1193 540 1315 580 esse
1353 524 1745 579 ostenderetur.
1778 509 1828 581 λ
1857 522 1997 585 tulit,
2030 534 2088 577 ut
2114 526 2354 592 spiritum
2386 524 2436 577 in
2463 537 2677 578 carnem
2704 531 2951 585 mutaret.
2984 524 3077 579 sed
3108 534 3163 580 ut
3183 536 3438 595 suscepto

177 619 336 674 Jacob
360 621 520 673 etiam
548 620 672 673 alibi
699 621 751 673 in
782 622 991 688 angelo,
1018 620 1142 674 alibi
1168 635 1319 690 mque
1344 620 1554 673 videtur
1583 620 1633 671 in
1665 619 1757 670 ho-

175 716 313 770 mine
343 716 497 785 (Gen.
529 715 735 783 xxvm).
765 716 864 783 Qui
897 716 1018 769 ideo
1042 730 1102 769 se
1126 716 1176 768 in
1200 715 1390 782 angelo
1416 714 1752 767 demonstra-

175 810 263 872 vit,
300 820 358 863 ut
399 809 639 863 nuntium
683 824 740 862 se
780 808 954 877 magni
994 806 1201 861 consilii
1250 806 1531 859 indicaret.
1566 804 1621 857 In
1655 803 1755 856 ho-

178 900 318 951 tuine
342 914 469 952 vero
495 914 614 953 cum
642 914 746 966 quo
792 907 845 951 et
878 897 1193 951 colluctatus
1218 894 1382 949 fuisse
1402 892 1747 957 describitur,

174 1000 226 1043 ιιι
257 990 540 1057 imaginem
575 990 763 1043 futura:
810 988 1205 1045 colluctationis
1233 1003 1389 1056 quam
1432 1002 1551 1039 cum
1592 984 1749 1038 Israel

172 1080 449 1135 habiturus
476 1091 589 1134 erat
615 1081 767 1151 (Gen.
797 1096 943 1134 xxxtt
963 1124 976 1147 ,
1007 1079 1122 1149 '50),
1151 1094 1270 1133 cum
1315 1078 1607 1133 secundum
1651 1077 1751 1131 h0-

166 1172 365 1225 minem
400 1169 735 1234 advenisset,
786 1171 1067 1238 perspicue
1106 1168 1385 1222 indicaret.
1417 1167 1521 1223 Sed
1568 1176 1625 1221 ut
1654 1166 1753 1220 Do-

167 1261 370 1315 minum
404 1262 667 1326 crederet,
699 1277 818 1316 cum
851 1277 956 1331 quo
984 1270 1129 1315 tanto
1150 1260 1445 1315 certamine
1466 1258 1565 1313 sub
1586 1260 1750 1327 ﬁgura

172 1352 410 1406 hominis
458 1352 789 1415 luctabatur,
836 1353 1028 1413 Israel,
1077 1351 1127 1405 id
1175 1361 1287 1417 est,
1354 1352 1516 1405 ltomo
1564 1350 1751 1403 videns

167 1443 363 1509 Deum,
396 1458 587 1497 nomen
620 1433 842 1513 accepit:
884 1443 999 1497 Vidi
1021 1446 1172 1509 enim,
1199 1444 1395 1513 inquit,
1426 1443 1590 1497 Deum
1622 1444 1752 1514 facie

163 1534 229 1587 ad
271 1537 471 1604 faciem,
500 1546 545 1589 et
574 1538 719 1589 salva
751 1540 884 1605 facta
905 1546 979 1590 est
1008 1538 1176 1590 anima
1205 1555 1317 1592 mea
1347 1538 1539 1607 (Exod.
1572 1554 1647 1600 ιιι,
1670 1536 1748 1607 9.).

170 1628 230 1679 Ισῖι
270 1627 449 1695 utique
494 1628 714 1697 ﬁguram
746 1628 977 1683 hominis
1021 1630 1256 1698 viderat,
1288 1648 1445 1700 quam
1487 1631 1622 1685 Deus
1656 1630 1748 1685 Dei

169 1718 337 1773 Filius
363 1719 627 1774 induerat.
660 1722 826 1791 Moysi
861 1723 910 1775 in
942 1723 1074 1776 rubo
1106 1722 1154 1775 in
1186 1721 1393 1776 ﬁamma
1427 1724 1562 1793 ignis
1589 1740 1751 1793 appa-

76 1794 99 1817 ‘
162 1812 292 1875 ruit,
323 1820 379 1864 ut
407 1811 581 1866 lumen
609 1812 981 1877 credentibus,
1030 1814 1319 1868 incredulis
1360 1814 1619 1883 judicium
1652 1816 1747 1868 de-

1858 614 2055 668 homini
2100 615 2552 671 immortalitatetn
2599 626 2755 685 atque
2798 615 3151 670 mternitatem
3199 616 3433 671 caelestis

1856 705 1979 759 vitae
2008 716 2300 772 pnestaret.
2346 709 2475 762 Nam
2510 708 2608 763 etsi
2638 709 2923 777 Apostolus
2951 709 3295 776 semetipsum
3323 710 3437 763 exi-

1856 798 2070 851 nanisse
2114 798 2273 862 dicit,
2317 799 2542 855 formam
2573 803 2712 855 servi
2744 802 3082 868 suscipiendo
3116 800 3334 870 (Philip.
3369 818 3430 871 ιι,

1857 885 1935 954 7),
1969 901 2074 940 non
2124 888 2306 956 utique
2334 890 2411 943 sic
2448 890 2776 944 exinanitum
2821 892 3109 959 accipimus
3136 932 3149 955 ,
3196 901 3257 945 ιιι
3291 893 3435 947 aliud

1856 994 2012 1048 quam
2049 980 2188 1047 quod
2218 981 2390 1034 fuerat
2433 982 2570 1035 idem
2616 983 2835 1050 spiritus
2870 985 3039 1051 ﬁeret,
3073 982 3166 1037 sed
3199 994 3257 1037 ut
3280 999 3438 1051 sepo-

1855 1074 1958 1125 sito
1988 1073 2198 1126 interim
2244 1074 2536 1141 majestatis
2566 1090 2677 1131 sua:
2710 1079 2946 1144 honore,
2998 1078 3286 1132 humanum
3318 1093 3439 1133 cor-

1856 1177 1953 1231 pus
1981 1163 2255 1231 indueret,
2288 1179 2394 1233 quo
2417 1178 2686 1236 suscepto,
2732 1169 2874 1223 salus
2904 1172 3138 1239 gentium
3168 1170 3337 1225 ﬁeret.
3367 1170 3437 1226 Ut

1853 1256 1996 1311 enim
2026 1257 2104 1311 sol
2144 1273 2265 1311 cum
2300 1258 2437 1313 nube
2463 1260 2679 1329 tegitur,
2712 1262 2930 1317 claritas
2959 1262 3116 1333 523
3144 1263 3260 1331 ejus
3286 1279 3434 1317 com-

1855 1348 2121 1415 primitur,
2151 1365 2256 1403 non
2287 1360 2536 1415 ctecatur,
2571 1360 2624 1405 et
2652 1352 2828 1407 lumen
2855 1354 2982 1407 illud
3005 1355 3144 1424 quod
3173 1364 3283 1409 toto
3306 1358 3436 1409 orbe

1854 1440 2102 1494 dill'usum
2126 1442 2271 1496 claro
2294 1443 2580 1510 splendore
2609 1452 2797 1497 cuncta
2824 1445 3123 1513 perfundit,
3155 1462 3314 1514 parvo
3343 1447 3436 1501 ad-

1854 1530 2069 1585 modum
2100 1533 2372 1585 obstaculo
2404 1533 2559 1587 nubis
2587 1533 2894 1601 includitur,
2927 1549 3031 1589 non
3061 1538 3333 1591 aufertur:
3359 1539 3436 1592 sic

1853 1631 1909 1675 et
1938 1621 2098 1676 homo
2144 1623 2234 1677 ille
2264 1640 2421 1693 quem
2456 1625 2712 1680 Dominus
2753 1626 3100 1697 Salvatorque
3140 1641 3337 1696 noster,
3383 1630 3435 1684 id

1852 1721 1935 1767 est
1966 1712 2103 1766 Deus
2146 1714 2344 1783 Deique
2377 1716 2545 1770 Filius
2586 1717 2787 1781 induit,
2820 1717 3073 1773 deitatem
3116 1720 3167 1772 in
3198 1722 3289 1774 illo
3330 1737 3433 1776 non

1855 1805 2155 1875 intercepit,
2189 1808 2283 1862 sed
2316 1808 2614 1863 abscondit.
2648 1811 2886 1881 Denique
2911 1828 3029 1865 cuin
3060 1828 3118 1866 se
3158 1814 3209 1866 in
3256 1826 3436 1869 monte

165 1909 493 1956 monstraret
519 1920 530 1954 :
556 1903 679 1972 quia
700 1903 948 1957 Christus
970 1904 1313 1958 credentibus
1343 1905 1486 1958 salus
1513 1914 1615 1969 est,
1645 1920 1748 1957 non

1860 1896 2133 1966 paululum
2163 1909 2314 1952 extra
2351 1900 2521 1968 ipsum
2554 1900 2821 1956 hominem
2864 1904 3179 1969 extulisset,
3230 1902 3435 1973 fulgore

162 1989 505 2044 credentibus
535 2006 687 2060 ptena
708 2034 724 2057 ,
766 2001 823 2046 ut
849 1993 1137 2062 Apostolus
1163 1994 1237 2047 ait
1266 2013 1279 2046 :
1312 1994 1442 2047 Aliis
1482 1996 1609 2048 odor
1638 1998 1752 2049 vitae

164 2083 215 2133 in
253 2084 427 2148 vitam,
455 2084 571 2136 aliis
600 2083 728 2138 odor
758 2085 933 2138 mortis
961 2086 1014 2138 in
1038 2096 1245 2139 mortem
1272 2083 1364 2157 (II
1393 2086 1512 2141 Cor.
1545 2103 1603 2151 ιι,
1638 2089 1746 2157 16).

163 2172 424 2241 Populum
466 2173 624 2229 Israel
658 2177 707 2229 in
736 2177 983 2231 columna
1023 2179 1177 2233 nubis
1220 2194 1312 2245 per
1350 2180 1524 2243 diem,
1565 2192 1618 2235 et
1660 2197 1751 2250 per

164 2274 376 2321 noctem
402 2267 452 2321 in
480 2268 728 2323 columna
766 2270 902 2339 ignis
930 2272 1079 2340 quasi
1120 2272 1222 2325 dux
1255 2272 1459 2329 itineris
1484 2275 1752 2341 prtecede-

163 2355 259 2409 bat
296 2356 490 2427 (Exod.
513 2374 629 2423 snt,
657 2358 772 2428 21),
802 2370 861 2413 ιιι
898 2361 1145 2430 baptismi
1176 2364 1400 2432 gratiam
1435 2379 1528 2430 per
1554 2364 1748 2419 nubem

158 2459 216 2499 et
241 2446 439 2501 donum
472 2449 642 2502 sancti
672 2450 904 2517 Spiritus
935 2466 1029 2519 per
1060 2451 1234 2521 ignem
1258 2453 1567 2507 ostenderet
1592 2471 1604 2504 :
1629 2455 1748 2523 quia

157 2538 439 2604 apostolus
487 2538 677 2593 Paulus
725 2542 781 2593 in
812 2541 950 2595 nube
997 2542 1181 2597 Patres
1228 2544 1523 2612 baptizatos
1568 2546 1755 2601 scribit

162 2626 226 2693 (Ι
259 2628 381 2682 Cor.
405 2645 459 2699 ι,
486 2630 565 2695 2).
592 2630 653 2684 Et
682 2631 937 2699 Spiritum
958 2636 1095 2688 sicut
1136 2635 1309 2703 ignem
1336 2650 1455 2690 esse
1487 2637 1754 2706 apostolo-

158 2734 286 2772 rum
315 2720 446 2774 Acta
471 2721 744 2775 declarant
773 2722 908 2792 (Act.
944 2739 1001 2787 ιι,
1025 2726 1102 2792 ‘5).
1133 2724 1295 2779 Vides
1320 2742 1447 2796 ergo
1475 2743 1569 2797 per
1594 2730 1751 2801 522

158 2808 376 2876 omnia,
407 2809 691 2875 haeretice,
734 2813 1087 2869 characteres
1107 2815 1406 2871 divinarum
1448 2820 1754 2888 dispositio-

157 2919 294 2955 num
324 2902 377 2956 iu
419 2902 679 2959 honorem
710 2906 802 2961 Dei
849 2908 1094 2964 Patribus
1124 2922 1507 2980 praaostensos,
1538 2931 1642 2969 non
1676 2925 1752 2970 ta-

162 3010 291 3048 men
321 2994 491 3064 ipsunt
532 2996 695 3050 Deum
718 3039 731 3057 ,
765 3007 825 3052 ut
848 3009 959 3067 est,
1000 3002 1218 3070 proprie
1249 3004 1560 3058 revelatum.
1595 3006 1753 3060 Deni-

156 3101 271 3154 que
301 3100 421 3139 cum
454 3086 661 3158 Moyses
700 3100 880 3144 oraret
905 3099 967 3144 ut
992 3090 1178 3148 faciem
1213 3093 1305 3149 Dei
1346 3111 1477 3163 pure
1508 3097 1747 3163 videret,

1853 1989 2069 2045 luminis
2098 1991 2213 2058 ejus
2247 2006 2381 2059 pene
2412 1992 2664 2047 obcaecati
2693 1996 2920 2063 apostoli
2948 1994 3160 2062 (Matth.
3195 1997 3325 2063 xvn)
3358 1997 3435 2066 (in

1852 2090 2047 2135 terram
2078 2084 2273 2153 quippe
2306 2083 2549 2140 homines
2578 2086 2912 2157 cedidcrunt')
2945 2089 3225 2157 periclitati
3252 2090 3434 2154 vitam,

1850 2176 1950 2228 nisi
1996 2177 2075 2230 eis
2124 2177 2380 2232 Dominus
2408 2193 2719 2249 compresso
2761 2196 2971 2235 rursum
3006 2181 3297 2251 majestatis
3327 2197 3437 2236 sum

1855 2269 2059 2323 honore
2092 2279 2147 2322 ut
2182 2272 2488 2325 misericors
2533 2272 2909 2338 subvenisset,
2956 2273 3247 2327 secundum
3292 2273 3436 2326 illam

1853 2360 2170 2413 sententiam
2199 2379 2210 2411 :
2241 2360 2405 2414 Nemo
2433 2363 2555 2415 vidit
2582 2362 2766 2425 Deum,
2795 2373 2843 2416 et
2868 2364 2991 2415 vixit
3022 2363 3217 2431 (Exod.
3248 2379 3434 2429 χχχιιι,

1852 2450 1968 2515 20).
2001 2448 2069 2503 Ut
2100 2464 2227 2519 ergo
2248 2451 2463 2505 claritas
2496 2452 2626 2505 solis
2655 2467 2776 2506 cum
2809 2466 2912 2505 non
2941 2468 3109 2521 usque
3134 2454 3198 2506 ad
3228 2464 3438 2508 nostros

1855 2539 2050 2591 emicat
2078 2539 2223 2591 visus
2260 2539 2361 2592 sibi
2391 2541 2539 2593 salva
2568 2548 2679 2605 est;
2723 2542 2845 2610 quia
2877 2540 3014 2608 quod
3055 2557 3160 2594 non
3204 2542 3435 2607 videtur,

1862 2628 2190 2685 inﬁrmitatis
2215 2639 2299 2684 est
2336 2641 2535 2685 nostra:
2556 2675 2569 2698 ,
2602 2646 2827 2699 quorum
2855 2632 3041 2686 oculos
3063 2632 3277 2685 nubium
3308 2635 3440 2687 texit

1853 2722 2160 2776 obscuritas
2187 2740 2199 2775 :
2238 2724 2307 2776 ita
2339 2734 2391 2778 et
2423 2725 2678 2790 majestas
2699 2724 2785 2779 illa
2818 2725 3019 2787 divina,
3044 2740 3162 2794 qua:
3192 2726 3271 2797 (ut
3299 2726 3434 2795 dixi)

1851 2824 2048 2879 corpus
2089 2812 2365 2882 induerat,
2404 2814 2591 2883 probat
2636 2830 2695 2870 se
2741 2831 2846 2869 non
2886 2816 3209 2871 detrimento
3241 2821 3435 2886 proprii

1853 2903 2070 2957 latuisse
2100 2904 2344 2974 fulgoris,
2380 2909 2471 2959 sed
2502 2907 2701 2971 carnis,
2733 2916 2791 2961 ut
2817 2906 2947 2970 dixi,
2978 2908 3253 2974 beneﬁcio,
3288 2910 3437 2978 cujus

1812 2984 1822 2991 ’
1852 3008 2011 3046 causa
2037 2993 2201 3048 Filius
2224 2996 2338 3062 Dei,
2368 2996 2530 3051 Filius
2555 2997 2784 3053 hominis
2805 3013 2924 3053 esse
2945 3000 3215 3055 sustinuit.
3236 3002 3437 3070 Nempe

1851 3083 1991 3137 enim
2025 3085 2093 3139 de
2122 3085 2323 3155 Spiritu
2367 3087 2455 3141 Dei
2487 3088 2649 3158 Virgo
2678 3094 2945 3157 concepit,
2978 3099 3033 3145 et
3064 3093 3202 3160 quod
3244 3105 3437 3146 conce-

157 3175 294 3245 qnid
325 3176 391 3229 ad
423 3177 570 3231 illum
613 3180 867 3233 continuo
901 3181 1072 3235 Deus?
1122 3182 1242 3236 Non
1284 3185 1499 3254 poteris,
1543 3188 1746 3259 inquit,

1856 3175 1950 3244 pit,
1974 3177 2075 3232 hoc
2100 3180 2322 3249 peperit,
2348 3182 2518 3247 idest,
2547 3182 2710 3237 Deum
2733 3183 2933 3237 homini
2957 3198 3056 3237 suo
3079 3184 3277 3255 (utjam
3302 3186 3437 3255 dixi)

157 3267 340 3320 videre
365 3268 546 3335 facient
585 3285 770 3323 meam.
814 3270 935 3323 Non
975 3272 1108 3325 enim
1150 3274 1333 3328 videbit
1378 3275 1527 3331 homo
1568 3282 1748 3347 [aciem

1857 3272 2116 3325 sociatum
2146 3292 2159 3327 :
2190 3274 2324 3327 sicut
2354 3273 2468 3341 ipse
2493 3274 2626 3327 dixit
2660 3293 2671 3326 :
2706 3276 2855 3339 Quod
2885 3278 3111 3328 nascitur
3148 3277 3212 3328 de
3250 3293 3433 3338 carne,

157 3373 354 3423 imam,
381 3367 429 3411 et
457 3360 582 3411 vivet
607 3358 805 3431 (Exod.
835 3377 1028 3427 xxxtn,
1058 3362 1175 3433 20).
1209 3363 1321 3419 lloc
1347 3365 1461 3434 ipso
1490 3370 1629 3437 quod
1660 3386 1749 3426 ne—

74 3492 75 3497 η
154 3457 324 3515 gatur
343 3460 614 3516 aspectus,
648 3450 861 3504 claritas
882 3454 1208 3521 assignatur,
1236 3471 1354 3524 qua:
1378 3459 1581 3514 scilicet
1605 3468 1751 3515 tanta

155 3547 281 3605 est,
311 3548 507 3608 quanta
550 3540 818 3595 credenda
862 3550 947 3595 est
977 3558 1099 3613 quae
1141 3544 1426 3601 invisibilis
1468 3549 1748 3606 indicatur.

155 3628 303 3683 Cum
344 3644 474 3699 ergo
502 3630 711 3700 Moyses
736 3640 792 3685 et
819 3633 979 3687 situm
1008 3635 1129 3688 εαξη
1152 3674 1169 3700 ,
1197 3647 1250 3690 ει
1279 3637 1493 3693 ordines
1531 3640 1751 3706 mundi,

155 3729 216 3774 et
238 3720 629 3777 elementorum
652 3723 815 3791 vices,
844 3726 1003 3780 totius
1022 3725 1254 3794 denique
1278 3729 1425 3785 orbis
1438 3742 1752 3789 ornamenta

154 3811 471 3880 digesserit,
504 3813 789 3881 indicarit,
833 3818 1195 3885 expresserit,
1229 3819 1313 3874 cui
1359 3821 1472 3890 ipse
1496 3821 1751 3880 Dominus

154 3903 537 3958 testimonium
566 3906 856 3973 perhibuit,
889 3907 1073 3963 dicens
1098 3927 1109 3962 :
1148 3909 1311 3964 Nemo
1337 3913 1429 3965 erit
1449 3930 1510 3967 ex
1536 3916 1754 3986 propiu-

151 3993 228 4045 tis
272 4002 329 4045 ut
362 4010 535 4047 servus
565 4010 709 4049 meus
738 3994 962 4066 Moyses,
992 3999 1071 4052 cui
1100 3999 1233 4069 facie
1271 4004 1337 4054 ad
1364 4002 1547 4073 faciem
1576 4022 1662 4058 ore
1683 4007 1752 4059 ad

148 4101 215 4137 os
250 4084 455 4137 locutus
482 4101 595 4137 sum
625 4086 813 4155 (Num.
841 4104 943 4153 ιιι,
976 4090 1056 4160 7),
1105 4093 1272 4146 Deum
1305 4102 1480 4150 tamen
1510 4112 1641 4165 pure
1675 4099 1749 4152 vi-

151 4174 300 4227 dere
346 4189 451 4227 non
482 4176 672 4244 potuit.
711 4178 901 4235 Merito
930 4186 1142 4253 quidem
1175 4187 1451 4256 prOphetia
1498 4190 1641 4241 omni
1673 4190 1755 4243 di-

148 4280 327 4334 gnus,
356 4267 449 4321 sed
481 4283 585 4322 non
617 4285 785 4339 usque
824 4273 959 4328 adeo
999 4287 1057 4329 ut
1084 4277 1279 4332 intueri
1311 4278 1477 4333 Dettm
1513 4280 1751 4346 valeret,

146 4357 291 4426 quia
318 4358 481 4412 homo
526 4365 894 4417 tantummodo
937 4375 1097 4420 esset.
1143 4368 1208 4421 Et
1253 4369 1433 4438 utique
1465 4370 1550 4424 hic
1576 4372 1752 4427 omnia

151 4447 288 4506 Filii
331 4450 495 4503 verba
537 4450 900 4517 defendimus,
944 4470 1100 4525 quem
1141 4458 1194 4512 in
1243 4470 1422 4515 monte
1464 4461 1590 4517 Sina
1630 4476 1750 4517 cum

150 4542 349 4612 Moyse
376 4542 607 4597 locutum
634 4560 756 4600 esse
783 4547 1004 4613 scimus,
1031 4551 1119 4619 qui
1146 4551 1366 4621 agendis
1389 4554 1749 4622 explicandis-

1854 3380 1976 3417 caro
2004 3376 2073 3417 est
2097 3380 2117 3418 :
2138 3375 2183 3417 et
2213 3367 2348 3434 quod
2370 3370 2597 3419 nascitur
2624 3367 2686 3419 de
2709 3370 2890 3433 spiritu
2914 3408 2928 3431 ,
2959 3369 3166 3437 spiritus
3187 3379 3261 3421 est
3277 3412 3291 3435 ,
3317 3371 3437 3437 quia

1856 3458 1995 3511 Deus
2022 3458 2246 3525 Spiritus
2291 3467 2385 3522 est,
2426 3469 2474 3511 et
2503 3457 2565 3512 de
2607 3459 2711 3511 Deo
2744 3470 2891 3512 natus
2919 3471 2991 3513 est
3022 3459 3199 3526 (Joan.
3234 3477 3321 3523 ιιι,
3355 3462 3432 3529 ﬁ).

1854 3548 2006 3602 Sirut
2032 3559 2086 3602 et
2116 3552 2337 3617 angelus
2365 3549 2429 3603 ad
2468 3551 2684 3604 Mariam
2714 3551 2972 3618 virginem
3003 3550 3131 3604 dicit
3157 3569 3169 3602 :
3213 3552 3437 3622 Spiritus

1858 3639 1954 3693 Dei
1978 3640 2135 3693 veniet
2163 3641 2215 3692 in
2245 3650 2319 3701 te,
2346 3649 2391 3692 ct
2416 3640 2577 3693 virtus
2604 3640 2847 3692 Altissimi
2871 3639 3183 3693 obumbrabit
3213 3649 3276 3693 te.
3306 3640 3437 3694 Pro-

1855 3741 2024 3798 pterea
2052 3731 2189 3801 quod
2232 3740 2465 3783 nascetur
2508 3746 2570 3784 ex
2613 3740 2658 3783 te
2686 3739 2931 3795 sanctum,
2980 3731 3237 3783 vocabitur
3266 3728 3436 3784 Filius

1853 3822 1950 3876 Dei
1976 3822 2125 3894 (Luc.
2170 3837 2221 3888 I,
2244 3823 2358 3891 55).
2391 3820 2550 3875 Vides
2580 3836 2708 3889 ergo
2737 3822 2907 3889 ipsum
2936 3823 3179 3888 spiritmn
3201 3863 3215 3884 ,
3259 3822 3307 3875 id
3351 3833 3435 3876 est

1853 3915 2045 3969 Filium
2073 3914 2162 3967 Dei
2188 3914 2402 3967 venisse
2428 3912 2494 3967 ad
2525 3912 2825 3980 Virgini-tn,
2870 3922 2926 3967 et
2953 3912 3074 3966 inde
3116 3913 3205 3965 Dei
3247 3921 3303 3966 et
3339 3913 3435 3965 lto-

1854 4008 2015 4060 minis
2040 4004 2231 4059 Filium
2256 4004 2620 4073 processisse?
2644 4004 2751 4057 Nec
2780 4014 2955 4056 tamen
2986 4004 3101 4069 ipso
3122 4003 3435 4056 imlumento

1851 4099 2032 4151 carnis
2058 4098 2150 4152 Dei
2180 4096 2372 4149 Filium
2398 4109 2517 4148 esse
2546 4105 2829 4158 mutatum,
2863 4094 2955 4146 sed
2986 4094 3232 4147 eumdem
3259 4094 3432 4161 ipsum

1853 4203 1973 4241 esse
2004 4189 2056 4241 in
2102 4187 2316 4241 homine
2347 4188 2437 4254 qui
2464 4186 2636 4238 fuerat
2668 4194 2791 4237 ante
2813 4184 3068 4237 mundum
3094 4199 3215 4239 cum
3244 4185 3432 4248 Patre,

1855 4292 1951 4346 per
1980 4292 2137 4347 quem
2183 4280 2315 4330 facta
2348 4283 2473 4329 sunt
2501 4274 2677 4328 omnia
2697 4314 2712 4338 ,
2742 4283 2797 4328 et
2837 4276 2954 4328 sine
2991 4289 3096 4342 quo
3127 4274 3321 4327 factum
3352 4288 3437 4329 est

1854 4368 1986 4423 nihil
2007 4410 2021 4433 ,
2052 4370 2189 4421 sicut
2220 4368 2543 4437 evangelista
2567 4368 2641 4419 ait
2669 4384 2681 4418 :
2714 4364 2939 4419 Mundus
2963 4382 3053 4434 per
3082 4366 3243 4436 ipsum
3274 4368 3435 4436 factus

1852 4468 1959 4523 est,
1990 4467 2041 4513 et
2064 4458 2284 4511 mundus
2308 4472 2423 4510 eum
2445 4473 2543 4509 non
2573 4457 2801 4527 cognorit
2844 4456 3017 4524 (Joan.
3050 4473 3098 4518 ι,
3128 4456 3235 4527 10).
3263 4456 3434 4511 Carte-

1852 4568 1969 4607 rum
1997 4552 2222 4606 amentis
2253 4561 2334 4605 est
2356 4550 2594 4615 credere,
2627 4550 2781 4602 abeo
2808 4564 2961 4616 posse
2991 4550 3223 4614 liberari,
3256 4552 3342 4618 qui
3377 4560 3433 4604 ut

152 4647 270 4702 que
302 4632 459 4687 rebus
493 4650 520 4686 a
547 4634 701 4691 Patre
721 4637 1041 4706 advenerat;
1075 4620 1198 4711 quia
1220 4643 1398 4697 omnia
1427 4620 1471 4698 a
1486 4647 1747 4715 principio
1771 4620 1827 4680 ί)
1853 4645 2123 4712 liberaret,
2162 4645 2389 4697 amissus
2419 4650 2534 4706 est;
2565 4653 2623 4694 ut
2646 4651 2973 4705 nasceretur,
3006 4656 3291 4708 oppressus
3314 4653 3428 4703 est;

151 4744 259 4796 per
289 4728 463 4796 ipsum
488 4739 540 4783 et
569 4731 803 4786 ordinari
833 4740 888 4788 et
915 4734 1170 4802 explicari
1200 4746 1253 4791 et
1292 4752 1509 4794 manere
1548 4754 1746 4794 conve-

154 4831 340 4882 nerat,
368 4828 426 4873 ut
453 4820 684 4876 habendi
710 4822 828 4877 Filii
854 4823 967 4880 haec
996 4828 1259 4897 praecipue
1286 4830 1423 4884 ratio
1451 4841 1741 4887 constaret.

154 4914 223 4966 Et
246 4920 431 4966 tamen
457 4911 535 4965 sic
557 4914 701 4967 visus
721 4914 996 4983 accipitur,
1019 4925 1078 4971 ut
1098 4918 1323 4988 alicujus
1343 4922 1742 4989 conspicabilis,

154 5012 212 5057 ut
258 5002 412 5066 dixi,
460 5004 697 5057 materia:
742 5004 1091 5073 dispositione
1134 5020 1407 5077 assumpta
1451 5012 1741 5079 videretur,

152 5096 308 5149 salva
344 5093 549 5148 scilicet
592 5096 951 5153 invisibilitate
977 5099 1128 5167 ejus,
1177 5118 1334 5171 quam
1383 5118 1412 5156 a
1458 5117 1745 5174 conspectu

150 5187 404 5240 omnium
445 5186 697 5255 majestas
723 5188 979 5245 interfusa
1019 5193 1279 5261 seposuit.
1332 5193 1444 5247 Non
1490 5198 1632 5251 enim
1669 5201 1747 5253 sic

153 5279 414 5333 humanis
435 5280 739 5349 aspectibus
761 5283 1028 5338 revelatus
1044 5292 1147 5351 est,
1176 5298 1231 5339 ut
1255 5294 1360 5340 tata
1385 5288 1437 5340 in
1462 5288 1554 5342 illo
1574 5289 1746 5344 deitas

150 5379 480 5440 appareret,
511 5372 605 5426 sed
633 5371 699 5425 ad
730 5374 898 5429 vicem
924 5376 1162 5444 speculi,
1195 5393 1315 5432 cum
1346 5390 1633 5448 conceptos
1666 5382 1747 5434 in-

151 5472 232 5516 tra
269 5463 448 5516 lucem
483 5478 631 5517 suam
660 5464 836 5518 vultus
860 5468 1012 5533 quasi
1043 5468 1109 5520 ad
1154 5469 1362 5535 plenam
1387 5469 1616 5539 efﬁgiem
1650 5474 1743 5524 lio-

152 5554 323 5608 minis
368 5553 615 5619 includit;
647 5556 717 5609 ita
744 5555 1037 5624 majestatis
1062 5558 1177 5625 ejus
1207 5568 1477 5626 prmeunte
1507 5559 1739 5629 fulgore,

152 5657 295 5700 tntra
326 5644 381 5698 id
421 5647 592 5699 visum
639 5656 756 5709 est.
802 5646 946 5715 quod
991 5647 1274 5717 imaginem
1318 5650 1589 5715 veritatis,
1634 5666 1739 5705 non

155 5751 334 5809 ipsum
365 5735 530 5789 Deum
560 5738 772 5805 proprie
799 5737 1207 5795 demonstraret.
1232 5740 1318 5795 Sic
1337 5752 1390 5796 et
1420 5757 1540 5795 cum
1571 5742 1739 5796 Immi-

166 5847 278 5887 tem
314 5828 538 5884 induere
563 5830 807 5900 dignatus
839 5841 951 5897 est,
984 5848 1087 5886 non
1134 5833 1311 5888 labem
1344 5835 1623 5889 a-ternitati
1658 5836 1737 5891 in-

1852 4745 1909 4789 ut
1954 4734 2410 4789 immortalitatem
2455 4730 2758 4800 redigeret,
2805 4733 3049 4785 tcausivit
3076 4732 3140 4785 ad
3179 4746 3429 4787 mortem.

1850 4827 1954 4882 Sed
1986 4827 2142 4893 absit,
2172 4825 2333 4887 absit,
2360 4825 2631 4891 haeretica,
2664 4833 2720 4876 ut
2739 4838 2927 4878 sensus
2951 4834 3052 4877 tum
3080 4824 3371 4894 iniquitatis
3400 4842 3429 4877 a

1848 4919 2124 4973 catholicis
2151 4917 2480 4969 admittatur.
2514 4913 2621 4969 Nos
2644 4913 2786 4969 enim
2810 4914 3081 4969 caedimus
3122 4916 3427 4969 immutabi-

1850 5008 1954 5062 lem
1984 5017 2040 5061 el.
2068 5007 2527 5061 inconvertibilettt
2549 5046 2563 5069 ,
2590 5005 2823 5058 Verbum
2854 5017 2906 5060 et
2930 5005 3221 5074 Spiritum,
3264 5007 3313 5059 id
3344 5016 3428 5060 est

1852 5102 2041 5160 Filium
2074 5102 2163 5155 Dei
2196 5119 2207 5154 :
2239 5101 2325 5169 qui
2357 5116 2474 5154 cum
2522 5100 2791 5153 hominem
2841 5098 3047 5165 induit,
3090 5114 3192 5152 non
3231 5098 3426 5151 statum

1851 5193 2028 5253 vertit,
2074 5208 2177 5245 non
2206 5189 2365 5262 524
2391 5191 2633 5245 ordinem
2662 5190 2911 5260 perdidit,
2944 5204 3047 5243 non
3076 5189 3425 5243 substantiam

1850 5283 2173 5349 immutavit,
2205 5283 2296 5335 sed
2330 5283 2538 5335 illuvias
2560 5282 2800 5350 ejusdem
2832 5280 3073 5348 corpoiis
3094 5288 3297 5333 :eterno
3328 5279 3427 5330 cla-

1848 5376 2022 5429 ritatis
2064 5391 2173 5429 sure
2206 5376 2402 5430 lumine
2440 5374 2764 5441 illustravit,
2808 5384 2863 5427 ιιι
2892 5376 2955 5426 ad
2989 5388 3085 5425 nos
3119 5387 3213 5440 per
3252 5372 3428 5423 trami-

1850 5478 1956 5523 tem
1992 5468 2233 5535 corporis
2273 5468 2419 5537 ejus,
2467 5470 2550 5521 lux
2600 5470 2767 5521 sancti
2812 5465 3069 5534 Spiritus,
3114 5475 3167 5515 ct
3212 5475 3425 5516 aeterna:

1850 5562 1971 5615 vitzt-
1996 5562 2162 5630 gratia
2190 5561 2532 5615 redundaret.
2565 5560 2735 5625 Quem
2767 5558 2863 5609 etsi
2907 5570 3120 5624 passum
3154 5554 3423 5607 crednnus

1848 5662 1903 5707 et
1942 5654 2236 5721 sepultum,
2269 5654 2361 5707 sed
2412 5654 2572 5704 homo
2615 5651 2698 5701 ille
2738 5662 2923 5714 passus
2952 5653 3033 5697 est
3074 5662 3229 5711 quem
3264 5644 3423 5695 Filius

1852 5746 1942 5799 Dei
1970 5745 2225 5813 suscepit,
2259 5759 2413 5811 quem
2446 5740 2644 5803 induit,
2682 5753 2839 5806 quem
2883 5737 3128 5803 portavit.
3175 5735 3275 5787 Sed
3301 5738 3420 5802 quia

1848 5847 2013 5893 totum
2058 5837 2123 5892 ad
2157 5847 2424 5891 auctorem
2457 5830 2782 5885 referebatur
2827 5828 3078 5900 quidquid
3128 5828 3287 5883 homo
3333 5828 3418 5881 ille
