3978 6380
499 363 602 417 465

1825 351 2050 408 V'lGiLll
2090 348 2456 405 TAPSENSIS

3663 343 3763 396 κέ

501 476 822 546 patiebatur,
866 473 984 528 idco
1032 487 1176 528 mors
1218 481 1270 525 et
1319 471 1493 540 passio
1539 469 1744 524 Domini
1793 468 2073 521 indicatur.
2109 473 2152 528 Α
2181 467 2255 518 bis
2275 464 2519 517 Romani.
2555 463 2683 516 Ecce
2713 459 3180 517 nullus'senEcttds
3209 463 3762 529 attnisgraratus,cu-

501 569 634 622 Nam
655 575 710 620 et
734 572 944 620 constat
966 564 1263 618 immortale
1285 562 1561 630 essequod
1586 561 1674 615 Dei
1699 567 1782 614 est
1799 601 1814 624 ,
1852 559 2081 613 hominis

502 659 642 726 quod
674 657 956 711 caducum.
994 655 1173 708 Tertia
1222 669 1432 722 quoque
1475 653 1562 707 die
1606 651 1936 714 resurrexit,
1979 663 2082 702 non

508 753 651 806 Deus
680 751 732 804 in
765 750 1052 812 hominem,
1081 745 1174 801 sed
1204 748 1366 800 homo
1397 746 1570 814 potius
1600 745 1654 796 in
1677 745 1863 796 Deum.
1889 740 2088 794 Ascen-

504 844 584 896 dit
609 843 662 896 in
692 840 877 903 etelos,
903 839 1095 892 obtulit
1123 837 1266 892 Patri
1298 852 1395 891 suo
1422 836 1690 889 hominem
1716 833 1864 886 illum
1895 830 2086 898 gratis-

506 935 698 988 simum
727 943 938 984 munus.
971 927 1223 982 Consedit
1251 927 1317 980 ad
1346 927 1620 981 desieram
1648 924 1850 988 Patris,
1894 935 2090 976 secun-

507 1025 632 1076 dum
659 1021 800 1090 quod
828 1019 1081 1086 scriptum
1104 1025 1221 1072 est:
1257 1016 1397 1069 Dixit
1418 1015 1660 1068 Dominus
1694 1013 1913 1066 Domino
1939 1025 2081 1062 meo:

509 1114 644 1167 Sede
678 1111 744 1164 ad
778 1111 1036 1164 dexteram
1083 1123 1244 1161 meam
1286 1105 1460 1178 (Psal.
1492 1121 1609 1174 eis,
1641 1104 1713 1173 l).
1748 1103 1890 1156 Misit
1934 1100 2088 1154 nobis

507 1204 762 1273 Spiritum
807 1207 1050 1254 sanctum
1098 1199 1165 1253 de
1213 1199 1425 1267 propria
1457 1211 1553 1252 sua
1598 1203 1652 1249 et
1688 1197 1799 1262 ipsa
1833 1206 1936 1245 una
1965 1190 2090 1244 sub-

510 1292 728 1355 stantia,
759 1297 1140 1359 protectorem,
1166 1287 1633 1347 sanctiticatorem,
1661 1293 1716 1337 et
1743 1280 2090 1336 deductorem

510 1387 565 1438 in
594 1385 752 1438 vitam
793 1391 1076 1444 aeternam;
1107 1379 1248 1434 sicut
1273 1380 1528 1446 scriptum
1564 1384 1645 1429 est
1687 1388 1751 1428 ex
1794 1386 1922 1426 voce
1951 1370 2042 1424 Dei
2079 1385 2091 1422 :

515 1477 793 1546 Effundam
813 1477 873 1527 de
899 1474 1100 1542 Spiritu
1131 1489 1240 1525 meo
1263 1487 1413 1540 super
1438 1484 1602 1523 servos
1637 1483 1769 1519 meos
1806 1474 1851 1517 et
1881 1461 2095 1516 ancillas

513 1586 650 1624 meas
671 1567 832 1638 (Joel,
859 1582 916 1632 η,
945 1566 1062 1635 ‘29).
1096 1567 1157 1618 Et
1176 1565 1366 1619 iterum
1399 1581 1410 1613 :
1447 1561 1672 1631 Spiritus
1693 1575 1754 1613 ea:
1779 1573 1856 1610 me
1875 1554 2097 1626 prodibit

514 1659 667 1728 (Isai.
691 1674 824 1724 un,
856 1657 965 1725 16).
996 1657 1062 1710 Ει
1085 1657 1199 1724 ipse
1221 1655 1476 1708 Dominus
1507 1652 1855 1718 Salvatorque
1877 1656 2093 1700 noster:

515 1753 590 1804 De
611 1766 744 1816 meo,
777 1749 966 1818 inquit,
997 1747 1216 1814 accipiet
1246 1744 1425 1816 (Joan.
1452 1757 1560 1808 xvr,
1597 1741 1710 1809 Η),
1731 1755 1793 1795 ex
1825 1754 1889 1792 eo
1915 1737 2099 1806 utique

2178 555 2265 623 jus
2281 553 2354 606 vel
2375 554 2482 606 sola
2496 563 2619 607 esset
2642 553 2915 607 reverenda
2933 554 3162 618 canities,
3176 551 3238 606 de
3257 551 3438 604 ultimo
3467 552 3589 602 sinu
3613 554 3765 602 maris

2192 642 2380 696 Oceani
2409 641 2574 696 venire
2612 643 2903 709 compulsus
2945 653 3046 706 est,
3081 651 3123 694 rt
3169 640 3386 692 concilio
3417 640 3551 692 nihil
3584 640 3765 707 defui'.

2192 737 2383 790 Nullus
2415 717 2586 790 debile
2629 751 2811 802 corpus
2861 734 3067 786 trahens
3090 733 3449 802 ,jc-juniorum
3500 731 3772 798 stipendiis

2192 836 2495 891 oneratum,
2552 826 2746 879 itineris
2795 835 2867 879 est
2917 832 3118 875 coactus
3172 822 3403 892 injuria,
3450 820 3774 889 fortitudinis

2191 920 2390 971 amisstv
2418 918 2607 970 damna
2643 918 2856 985 deﬂere.
2894 912 3084 966 Nullus
3113 921 3363 981 postremo
3395 911 3699 978 pauperiem
3728 910 3777 959 in

2191 1007 2532 1060 sacerdotibus
2563 1007 2723 1078 526
2748 1006 3022 1075 gloriosam
3047 1043 3060 1066 ,
3097 1002 3321 1054 subsidio
3348 1000 3585 1052 veniendi
3620 1005 3776 1050 desti-

2192 1108 2331 1151 tutus
2373 1099 2641 1166 ingemuit.
2679 1095 2824 1149 Unde
2852 1092 3159 1164 completum
3185 1095 3237 1144 in
3278 1102 3324 1142 te
3353 1099 3426 1142 est
3447 1130 3462 1152 ,
3486 1088 3778 1141 clementis-

2191 1189 2314 1240 sime
2364 1187 2653 1255 principum
2682 1182 2960 1248 Gratiane,
2985 1182 3122 1251 quod
3152 1180 3425 1244 Scriptura
3453 1179 3640 1230 divina
3673 1177 3778 1228 lau-

2195 1277 2373 1328 davit:
2409 1276 2599 1329 Beatus
2632 1276 2721 1343 qui
2768 1273 3013 1340 intelligit
3042 1286 3206 1338 super
3242 1285 3469 1338 egenum
3498 1278 3552 1322 et
3582 1283 3781 1337 paupec

2197 1383 2308 1421 rem
2335 1365 2507 1433 (Psal.
2532 1367 2639 1435 λι).
2669 1365 2831 1430 Quam
2863 1381 3011 1434 grave
3037 1372 3225 1424 autent,
3257 1361 3300 1413 si
3330 1368 3539 1430 prapter
3569 1359 3712 1410 duos
3737 1361 3783 1410 in

2199 1453 2422 1522 perfidia
2445 1455 2693 1518 curiosos,
2717 1461 2822 1504 toto
2853 1454 2905 1504 in
2937 1453 3054 1504 orbe
3080 1458 3239 1502 essent
3272 1447 3516 1501 Ecclesia:
3539 1447 3780 1499 sacerdo-

2197 1545 2329 1600 tibus
2358 1545 2653 1598 destitutaz?
2693 1543 2795 1606 Qui
2824 1542 2975 1594 etiam
3021 1541 3065 1594 si
3104 1539 3269 1591 venire
3318 1549 3526 1604 propter
3556 1536 3779 1604 prolixi-

2199 1649 2348 1690 tatem
2371 1636 2560 1690 itineris
2587 1653 2647 1690 ne
2661 1636 2914 1704 quiverunt
2936 1677 2950 1702 ,
2989 1645 3156 1684 tamen
3184 1647 3356 1683 omnes
3387 1645 3549 1700 prope
3579 1645 3653 1680 ea:
3684 1645 3784 1680 om-

2200 1728 2343 1779 nibus
2392 1726 2496 1796 fere
2541 1725 2814 1796 provinciis
2862 1722 3291 1789 Occidentalibus,
3349 1722 3519 1773 missis
3570 1721 3785 1789 adfuere

515 1842 656 1912 quod
681 1810 765 1896 est
796 1810 960 1894 Filius
982 1880 997 1906 ,
1029 1810 1150 1907 quia
1182 1810 1298 1892 et'F
1302 1836 1424 1890 ilius
1445 1835 1513 1890 de
1533 1849 1599 1890 eo
1626 1833 1768 1903 quod
1801 1833 1955 1885 Pater
1994 1839 2096 1883 est.
2131 1851 2174 1911 Β
2204 1814 2382 1886 legalis
2399 1830 2416 1877 ἱ
2442 1813 2915 1912 ςιαιτενεαιξοηίῦηε
2930 1810 3246 1912 “iugalibus.
3268 1811 3320 1863 ίά
3342 1827 3397 1862 δε
3425 1821 3600 1861 lem"
3621 1850 3639 1872 ,
3659 1812 3785 1874 φίοά

519 1931 724 1986 Exinde
753 1929 1014 1998 praeﬁnito
1057 1939 1298 1996 tempore
1330 1935 1618 1989 venturus,
1661 1925 1808 1976 vivos
1835 1930 2099 1975 mortuos-

517 2036 622 2091 que
648 2020 1001 2090 iudicaturus,
1033 2028 1088 2072 ut
1110 2017 1296 2071 reddat
1327 2014 1672 2070 credentibus
1711 2011 1960 2081 praemia,
1995 2023 2099 2063 non

519 2112 858 2168 credentibus
902 2125 1025 2166 vero
1054 2109 1332 2178 supplicia.
1363 2107 1524 2176 Cujus
1552 2118 1776 2174 regnum
1801 2111 2060 2157 internum
2084 2141 2098 2164 ,

520 2202 851 2267 immortale,
887 2217 986 2256 nec
1031 2200 1237 2253 initium
1272 2199 1460 2264 habet,
1509 2211 1608 2250 nec
1657 2195 1942 2250 terminum
1971 2209 1984 2246 :
2016 2191 2100 2246 cui

522 2295 691 2348 honor
720 2302 772 2347 et
801 2293 967 2362 gloria
997 2291 1050 2344 in
1076 2290 1269 2345 sucula
1296 2288 1636 2343 saeculorum.
1662 2287 1852 2340 Amen.

522 2417 769 2456 EPISTOLA
808 2416 1034 2456 CONCILII
1073 2411 1431 2463 AQUILEIENSIS
1462 2412 1528 2450 AD
1563 2408 1837 2449 EPISCOPOS
1871 2407 2100 2448 GALLIE.

597 2500 882 2555 Concilium
943 2501 1078 2569 quod
1151 2497 1382 2551 convenit
1435 2492 1712 2563 Aquileite,
1764 2490 2104 2569 dilectissimis

521 2593 764 2664 fratribus
809 2564 1056 2661 episcopis
1101 2588 1374 2659 provincia:
1412 2564 1861 2639 Viennensium-et
1895 2580 2101 2634 Narbo-

520 2685 751 2740 nensium
783 2683 958 2751 prima:
985 2695 1031 2735 et
1061 2681 1320 2733 secundat.

592 2776 802 2847 Agimus
828 2773 1019 2844 gratias
1051 2780 1240 2824 sancta:
1271 2767 1597 2822 unanimituti
1642 2773 1844 2828 vestrm,
1889 2764 2023 2833 quod
2051 2763 2105 2816 in

522 2869 741 2922 dominis
764 2877 808 2922 et
835 2866 1083 2935 fratribus
1114 2864 1299 2917 nostris
1323 2861 1616 2916 Constantio
1639 2868 1686 2913 et
1719 2859 1964 2922 Proculo,
1993 2873 2106 2911 om-

523 2965 665 3017 nium
707 2961 852 3015 nobis
883 2971 1101 3014 vestrum
1132 2957 1453 3028 prwsentiaiii
1482 2955 1767 3009 contulistis
1797 2969 1816 3008 :
1856 2954 2105 3021 simulque

523 3053 819 3124 prazscripta
856 3052 1106 3120 majorum
1135 3057 1394 3118 sequentes
1417 3086 1431 3110 ,
1485 3062 1584 3099 non
1617 3046 1870 3098 mediocre
1895 3045 2104 3098 addidi-

524 3146 618 3199 stis
647 3144 845 3212 pondus
884 3142 1142 3196 sententiis
1171 3143 1378 3204 nostris,
1411 3155 1523 3192 cum
1550 3139 1732 3208 quibus
1761 3137 1912 3192 etiam
1933 3147 2107 3191 vestra:

525 3235 809 3291 sanctitatis
853 3234 1079 3287 convenit
1128 3232 1410 3301 professio,
1459 3228 1616 3300 525
1665 3229 1858 3282 domini
1920 3231 2104 3295 fratres
2133 3214 2178 3277 C

527 3329 863 3384 dilectissimi.
895 3326 1078 3395 Itaque
1107 3337 1161 3382 ut
1197 3327 1410 3380 libenter
1451 3324 1763 3394 suscepimus
1807 3332 2109 3379 memoratos

527 3423 588 3476 de
612 3433 772 3475 restro
815 3433 1090 3488 nostroque
1129 3417 1384 3471 consortio
1425 3425 1624 3469 sanctos
1652 3416 1810 3481 viros,
1848 3415 1920 3467 ita
1959 3415 2109 3467 etiam

529 3515 673 3569 uberi
701 3514 984 3586 gratiarum
1016 3522 1212 3564 actione
1242 3509 1564 3563 dimittimus.
1601 3506 1767 3572 Quam
1795 3509 2109 3562 necessarius

527 3617 693 3660 autem
723 3616 994 3660 conventus
1021 3602 1105 3656 hic
1135 3603 1316 3672 fuerit,
1349 3602 1497 3656 rebus
1527 3602 1653 3670 ipsis
1682 3601 1916 3669 patescit,
1939 3616 2107 3671 quan-

528 3699 594 3750 do
630 3697 912 3750 adversarii
942 3704 988 3748 et
1032 3695 1226 3748 inimici
1255 3693 1371 3757 Dei,
1414 3695 1617 3746 Arianw
1643 3707 1791 3748 sectte
1816 3694 2111 3761 interpretes

529 3804 590 3840 ac
618 3787 926 3853 defensores,
967 3785 1238 3838 Palladius
1267 3800 1326 3838 ac
1366 3783 1752 3850 Secundianus,
1783 3787 1888 3838 duo
1916 3795 2110 3839 tantum

528 3877 616 3948 qui
638 3878 752 3930 ausi
779 3885 893 3930 sunt
926 3876 994 3930 ad
1025 3876 1294 3929 concilium
1318 3875 1600 3940 convenire,
1643 3876 1862 3929 debitam
1893 3893 2110 3946 prtesen-

529 3981 603 4026 tes
632 3984 878 4040 excepere
899 3970 1221 4031 sententiam,
1245 3983 1400 4036 super
1421 3967 1673 4038 impietate
1696 3968 1929 4021 convicti.
1962 3968 2111 4022 Inco-

525 4063 686 4118 lumes
714 4078 801 4116 vos
845 4070 891 4117 et
930 4061 1320 4133 florentissimos
1349 4059 1488 4114 Deus
1514 4069 1684 4113 noster
1715 4067 1924 4114 tueatur
1947 4061 2134 4115 omni-'

527 4167 734 4226 potens,
762 4153 957 4208 domini
987 4153 1170 4221 fratres
1192 4152 1527 4207 dilectissimi.

529 4259 776 4300 EPISTOLA
808 4258 1034 4298 ειυευεκ
1064 4258 1286 4298 CONCILII
1321 4259 1388 4296 Αι)
1418 4257 1720 4297 GRATMNUSI
1759 4259 1826 4296 ΒΤ
1861 4259 2114 4298 VALENTI-

799 4328 996 4366 NIANUM
1029 4329 1093 4367 ΕΤ
1120 4328 1450 4368 τιιιῑουοδιωι
1477 4329 1834 4368 IMPERATORI-IS

605 4404 1011 4473 Imperatoribus
1046 4403 1482 4467 clementissimis,
1521 4417 1566 4458 et
1598 4405 1904 4459 Christianis
1928 4406 2111 4460 beatis-

526 4496 765 4565 simhque
814 4494 1158 4566 principibus,
1215 4494 1484 4555 Gratiano,
1517 4506 1564 4546 et
1617 4493 2015 4562 Valentiniano,
2062 4504 2109 4549 et

527 4586 813 4639 Theodosio
838 4595 1064 4640 sanctum
1091 4587 1384 4651 concilium,
1416 4585 1550 4651 quod
1581 4588 1806 4638 convenit
1835 4585 2100 4654 Aquileite.

600 4676 902 4730 Benedictus
935 4675 1070 4731 Deus
1100 4675 1257 4729 Pater
1285 4674 1494 4728 Domini
1531 4674 1692 4727 nostri
1721 4673 1846 4727 Jesu
1875 4673 2063 4728 Clu-isti
2082 4714 2096 4738 ,

526 4767 610 4836 qui
641 4765 777 4819 vobis
812 4765 1096 4820 Romanum
1125 4765 1396 4834 imperinnt
1424 4763 1598 4817 dedit:
1623 4773 1669 4815 et
1685 4763 1973 4816 benedictus
1999 4763 2102 4817 Do-

527 4858 696 4910 minus
725 4866 894 4910 noster
914 4854 1063 4909 Jesus
1086 4855 1337 4918 Christus,
1355 4853 1647 4924 unigenitus
1673 4851 1770 4906 Dei
1800 4849 1991 4916 Filius,
2017 4853 2104 4920 qui

526 4964 742 5017 regnum
767 4955 988 5001 vestrum
1013 4962 1105 4998 sua
1145 4946 1329 5016 pietate
1371 4945 1612 5010 custodit,
1637 4942 1777 5014 apud
1808 4957 1958 5012 quem
1981 4959 2104 5012 gra-

527 5041 625 5092 tias
645 5040 843 5107 agimus
860 5035 995 5089 vobis
1019 5033 1419 5104 (clementissimi
1449 5033 1724 5103 principes)
1751 5033 1888 5101 quod
1911 5039 1954 5084 et
1985 5031 2104 5098 ﬁdei

525 5140 700 5183 vestra:
729 5127 951 5181 studium
974 5123 1293 5194 probavistis,
1325 5121 1409 5191 qui
1431 5121 1498 5173 ad
1528 5120 1858 5174 removendos
1887 5118 2104 5172 alterca-

523 5222 682 5274 tiones
720 5233 1024 5290 caugregare
1071 5214 1316 5268 statuistis
1361 5210 1676 5265 sacerdotale
1722 5209 2026 5274 concilium,
2059 5219 2105 5262 et

523 5309 771 5378 episcopis
802 5307 1102 5376 dignatione
1129 5314 1293 5359 vestra
1316 5300 1758 5369 honorificentiam
1790 5298 2100 5365 reservastis,

523 5410 578 5452 ut
604 5415 747 5452 nemo
763 5399 953 5452 deesset
979 5397 1179 5458 volens,
1211 5408 1359 5447 nemo
1384 5400 1652 5461 cogeretur
1676 5389 1888 5442 invitus.
1923 5386 2104 5457 Itaque

520 5490 669 5562 juxta
698 5487 1096 5541 mansuetudinis
1125 5494 1301 5539 vestrm
1315 5491 1506 5536 statuta
1536 5480 1862 5534 convenimus
1894 5479 2001 5531 sine
2021 5481 2102 5530 in-

522 5579 665 5634 vidia
706 5579 1060 5641 multitudinis,
1093 5586 1139 5631 et
1173 5593 1288 5630 cum
1335 5573 1519 5640 affectu
1564 5569 1977 5639 disceptationis:
2009 5585 2102 5622 nec

524 5670 620 5723 ulli
651 5670 714 5724 de
732 5669 977 5723 hau-elicis
1009 5667 1231 5736 epierpi
1258 5660 1595 5728 suntreperti,
1621 5659 1719 5710 nisi
1751 5657 2021 5710 Palladius
2041 5674 2101 5710 ac

529 5758 915 5822 Secundianus,
948 5756 1170 5818 homines
1197 5761 1403 5805 vetustte
1430 5749 1660 5820 per/idne
1679 5787 1692 5809 ,
1740 5755 1943 5817 prapter
1972 5763 2100 5815 quos

526 5847 825 5921 congregari
846 5845 1118 5902 concilium
1159 5839 1486 5912 postulabant
1514 5838 1578 5893 de
1604 5845 1824 5892 extrema
1845 5845 1988 5905 parte
2015 5849 2100 5888 or-

2204 1923 2294 1960 nos
2315 1907 2614 1969 asserimus,
2647 1917 2692 1959 et
2716 1907 2768 1958 in
2796 1915 3012 1959 tractatu
3045 1903 3246 1957 Nicteni
3270 1918 3552 1973 congruere
3581 1903 3785 1954 concilii

2203 1996 2552 2067 designaritnt,
2582 1997 2706 2051 sicut
2731 1998 2956 2067 subjecta
2980 1995 3263 2049 declarant.
3285 1991 3477 2062 Ubique
3497 2008 3628 2062 ergo
3654 2009 3779 2045 nunc

2204 2102 2294 2152 pro
2320 2096 2482 2139 vestro
2526 2087 2738 2156 imperio
2782 2087 3060 2139 concinunt
3106 2094 3220 2138 vota
3275 2081 3616 2153 populorum.
3691 2083 3783 2136 Nec

2203 2184 2368 2229 tamen
2395 2177 2604 2229 arbitrio
2637 2187 2797 2230 vestro
2837 2185 3114 2230 assertores
3151 2176 3269 2245 fidei
3307 2175 3614 2244 defuerunt.
3657 2175 3781 2228 Nam

2205 2267 2319 2319 licet
2348 2269 2595 2321 evidentia
2622 2279 2784 2322 essent
2814 2270 3108 2337 praescripta
3137 2273 3416 2339 majorum,
3442 2286 3474 2319 a
3495 2269 3691 2336 quibus
3704 2271 3784 2320 int-

2206 2357 2343 2426 pium
2367 2366 2439 2410 est
2463 2367 2509 2410 et
2535 2359 2835 2427 sacrilegum
2860 2359 3082 2422 deviare,
3110 2366 3278 2412 tamen
3298 2358 3631 2426 disceptandi
3654 2360 3784 2412 obtu-

2208 2448 2357 2501 limus
2379 2447 2693 2516 facultatem.
2725 2449 2796 2501 Ac
2822 2450 3043 2516 primum
3073 2449 3380 2518 principium
3404 2449 3572 2516 ipsum
3601 2450 3786 2501 oborta

2207 2537 2534 2591 discussimus
2563 2541 2885 2606 qtttestionis,
2917 2549 3069 2608 atque
3116 2539 3225 2592 Arii
3269 2539 3538 2607 epistolam
3588 2542 3783 2604 putari-

2207 2644 2318 2682 mus
2343 2647 2448 2682 esse
2476 2631 2810 2692 recitandum,
2836 2633 2924 2701 qui
2966 2640 3149 2684 auctor
3175 2634 3381 2685 Ariona:
3415 2631 3632 2686 hwresis
3665 2636 3785 2685 inre-

2209 2721 2367 2773 nitur.
2401 2721 2548 2775 Unde
2569 2731 2615 2775 et
2638 2738 2822 2775 nomen
2851 2723 3055 2777 htt’t'esis
3078 2723 3288 2789 accepit,
3313 2738 3372 2775 ea
3403 2722 3642 2775 videlicet
3666 2741 3776 2793 gra-

2208 2811 2316 2876 tia,
2339 2823 2391 2868 ut
2419 2816 2660 2885 quoniam
2704 2816 2923 2870 Arianos
2962 2832 3013 2869 se
3047 2832 3228 2885 negare
3257 2827 3626 2869 consueverant
3647 2857 3663 2880 ,
3686 2817 3778 2867 Arii

2134 2947 2148 2960 .
2211 2907 2550 2973 blasphemiae
2592 2916 2678 2958 aut
2724 2907 3007 2961 incusanda
3038 2908 3360 2972 damnarent,
3392 2914 3476 2960 aut
3512 2909 3781 2959 astruendo

2210 3002 2554 3070 defenderent,
2582 3011 2670 3054 aut
2699 3012 2828 3054 certe
2853 3019 2954 3054 non
2994 3009 3280 3054 recusarent
3315 3018 3495 3053 nomen
3526 3005 3647 3072 ejus
3669 3042 3684 3063 ,
3709 3018 3783 3052 cu-

2208 3094 2293 3161 jus
2317 3092 2623 3161 impietatem
2654 3092 3019 3161 perfidiamque
3043 3101 3388 3160 sequerentur.
3423 3089 3533 3144 Sed
3555 3093 3681 3158 quia
3701 3108 3781 3141 au.

2211 3192 2399 3235 ctorem
2428 3197 2573 3234 suunt
2603 3198 2693 3234 nec
2716 3181 2960 3234 damnare
2999 3189 3247 3250 poterant,
3283 3196 3369 3232 nec
3399 3180 3616 3247 probare
3637 3221 3651 3243 ,
3682 3197 3779 3232 Cum

2210 3275 2312 3343 ipsi
2341 3275 2409 3327 ad
2437 3275 2825 3344 disceptandum
2873 3283 2990 3327 ante
3019 3273 3247 3326 triduum
3275 3284 3669 3342 provocassem,
3711 3273 3783 3326 lo-

2211 3383 2365 3436 coque
2395 3375 2442 3420 et
2467 3378 2689 3435 tempore
2716 3366 3009 3429 constituto,
3035 3382 3136 3418 non
3157 3376 3448 3436 exspectata
3464 3368 3780 3418 conventione

2221 3457 2573 3526 prodiissent:
2625 3459 2790 3510 subito
2851 3458 2938 3527 qui
2983 3457 3219 3510 dixerant
3247 3473 3319 3523 se,
3349 3459 3470 3528 quia
3519 3457 3783 3510 Christiani

2209 3556 2370 3602 essent
2397 3547 2548 3617 facile
2588 3547 2889 3616 probaturos
2932 3547 3090 3616 (quod
3114 3563 3208 3600 nos
3234 3545 3445 3601 libenter
3471 3549 3782 3619 accepimus,

2211 3648 2258 3692 et
2285 3640 2568 3709 optavimus
2600 3650 2651 3691 ut
2680 3640 3002 3710 probarent),
3025 3640 3255 3711 refugere
3275 3657 3606 3712 congressum
3633 3643 3780 3696 illico.

2212 3744 2257 3788 et
2278 3736 2695 3806 disceptationem
2737 3736 2993 3789 declinare
3045 3745 3320 3806 coeperunt.
3383 3736 3586 3790 Multus
3627 3749 3779 3789 tamen

2211 3827 2354 3881 nobis
2377 3844 2491 3881 cum
2519 3827 2598 3881 his
2639 3844 2803 3882 sermo
2831 3828 2961 3895 fuit:
2998 3828 3274 3896 preposin
3301 3827 3486 3879 divina.
3532 3828 3586 3878 in
3629 3827 3783 3878 media

2213 3918 2498 3986 Scriptura:
2519 3937 2538 3972 ε
2562 3917 2917 3986 disceptandi,
2963 3921 3026 3969 de
3055 3918 3217 3983 primo
3248 3927 3364 3970 ortu
3393 3918 3496 3970 diei
3530 3918 3584 3970 in
3614 3919 3780 3968 heram

2221 4013 2487 4081 septimam
2513 4012 2659 4081 copia
2685 4012 2836 4076 data,
2880 4010 3050 4063 delata
3079 4011 3342 4078 patientia.
3388 4011 3551 4077 Atque
3601 4011 3781 4060 utinam

2214 4117 2377 4170 pauca
2404 4101 2672 4167 dixissent,
2718 4101 2793 4154 vel
2836 4111 2966 4153 certe
3015 4115 3128 4170 qua:
3170 4099 3482 4166 audivimus,
3533 4115 3782 4167 possemus

2213 4195 2431 4250 abolere.
2463 4195 2599 4248 Nam
2621 4194 2879 4264 sacrilegis
2903 4194 3101 4246 vocibus
3126 4193 3266 4260 (cum
3309 4192 3466 4244 Arius
3495 4194 3653 4244 solum
3684 4189 3784 4241 Pa-

2214 4294 2337 4338 trem
2362 4287 2746 4355 sempiternum,
2779 4283 2942 4336 solum
2975 4282 3179 4346 bonum,
3207 4281 3375 4333 solum
3399 4297 3572 4333 verum
3607 4279 3780 4332 Denisi.

2213 4373 2376 4428 solum
2410 4374 2838 4426 immortalitatem
2871 4371 3151 4434 habentem,
3179 4377 3344 4424 solum
3367 4378 3672 4438 sapientem.
3705 4385 3783 4421 so-

2215 4466 2320 4518 lum
2349 4473 2598 4534 potentem
2624 4463 2860 4526 dicendo,
2893 4471 3145 4530 expertem
3169 4477 3348 4514 eorum
3385 4459 3601 4519 Filium,
3632 4461 3780 4523 impia

2135 4583 2186 4642 Β
2213 4555 2604 4609 commonitione
2629 4555 2860 4607 voluisset
2903 4552 3136 4621 intelligi)
3167 4551 3248 4603 isti
3288 4549 3470 4602 Arium
3695 4564 3786 4615 po-

2211 4654 2310 4697 tius
2337 4661 2476 4713 sequi
2499 4684 2513 4708 ,
2542 4659 2693 4711 quam
2735 4642 3098 4711 sempiternum
3146 4639 3305 4691 Deum
3338 4639 3435 4691 Dei
3484 4637 3664 4691 Filium
3694 4678 3708 4698 ,
3740 4647 3784 4687 et

2209 4749 2380 4785 verum
2422 4731 2586 4785 Deum
2605 4775 2618 4796 ,
2650 4742 2695 4784 et
2720 4731 2906 4783 bonum
2933 4729 3112 4794 Deum,
3146 4738 3190 4780 et
3212 4729 3515 4797 sapientem,
3543 4737 3587 4781 et
3614 4737 3786 4795 poten-

2212 4834 2332 4888 tem,
2353 4833 2399 4876 et
2421 4823 2852 4875 immortalitatem
2871 4821 3134 4872 habentem
3159 4819 3428 4870 voluerunt
3452 4818 3621 4885 fateri.
3646 4814 3696 4867 51
3705 4818 3759 4866 ιιι
3767 4845 3783 4855 -

2215 4925 2292 4968 tas
2325 4916 2477 4967 horas
2507 4918 2698 4982 frustra
2726 4910 3151 4979 consumpsimus.
3187 4908 3454 4960 Crescebat
3485 4923 3652 4960 eorum
3692 4908 3789 4957 imo

2218 5009 2400 5075 pietas,
2426 5022 2516 5059 nec
2540 5006 2724 5074 corrigi
2755 5004 2860 5057 ulla
2885 5009 3081 5072 poterat
3112 5001 3284 5052 modo.
3322 4999 3548 5068 Denique
3571 5015 3680 5050 cum
3716 5002 3790 5048 τ’·

2213 5099 2387 5151 derent
2411 5113 2464 5149 se
2490 5095 2600 5148 Arii
2632 5093 2860 5161 epistolae
2881 5089 3450 5160 sacrilegiis-perurgeri
3481 5092 3647 5155 (quam
3667 5086 3788 5136 ideo

2211 5191 2553 5255 subdidimus,
2587 5197 2639 5240 ut
2686 5203 2799 5240 eam
2840 5185 2991 5238 etiam
3037 5190 3200 5237 vestra
3231 5182 3502 5234 clementia
3524 5179 3791 5250 perhorre-

2208 5285 2393 5354 sceret)
2422 5283 2706 5337 resilientes
2737 5283 2798 5332 de
2829 5278 2996 5331 media
3017 5273 3243 5346 epistola:
3269 5273 3505 5338 lectione,
3539 5273 3790 5339 petierant

2207 5387 2263 5430 ut
2304 5393 2477 5430 eorum
2530 5373 2801 5446 propositis
2847 5369 3298 5440 responderemus,
3342 5380 3632 5434 quanquam
3677 5379 3790 5413 non

2209 5478 2333 5523 esset
2363 5468 2556 5520 ordinis
2601 5479 2759 5532 neque
2789 5461 2999 5514 rationis
3044 5468 3098 5510 ut
3124 5457 3402 5526 prccposita
3440 5454 3791 5518 interrumpe-

2209 5574 2413 5612 remus:
2443 5569 2834 5626 responsumque.
2875 5557 3002 5604 esset
3025 5566 3053 5600 a
3081 5548 3220 5599 nobis
3255 5554 3305 5598 nt
3333 5544 3630 5597 damnarent
3666 5541 3794 5592 Arii

2209 5650 2511 5720 impietates,
2547 5655 2591 5698 et
2621 5645 2683 5696 de
2709 5659 2775 5713 qu
2799 5643 2890 5695 bus
2913 5640 3111 5700 vellent,
3137 5637 3314 5689 ordine
3335 5637 3543 5703 locoque
3560 5642 3790 5688 servata.

2211 5760 2384 5798 eorum
2425 5739 2789 5794 intentionibus
2835 5733 3251 5799 rspondcrcmus
3277 5746 3294 5793 ;
3325 5738 3491 5781 tamen
3536 5725 3804 5789 acquieri~

2213 5849 2325 5886 mus
2375 5839 2695 5902 prtrpostcrte
2722 5827 2986 5882 voluntati.
3034 5821 3112 5876 lbi
3142 5835 3245 5874 tum
3295 5817 3555 5889 Evangelii
3588 5815 3804 5872 scriptas
