3978 6380
207 413 308 464 lilii

1285 419 1370 472 nr.
1413 417 1564 472 FIDE
1606 417 1876 473 vimus
1918 401 2346 477 TRACTATUS.

3355 427 3461 482 4ϋῦ

196 526 441 593 falsantes
472 568 484 590 ,
513 539 887 597 prOposuerunt
914 531 1056 583 nobis
1103 531 1290 585 dixisse
1324 530 1594 586 Dominum
1619 547 1635 584 :
1679 530 1779 596 Qui
1807 531 1858 590 Α
1893 533 2216 585 sacerdotum
2244 532 2364 586 data
2405 539 2475 586 est
2505 532 2858 604 congreganda
2882 534 3092 587 concilio
3140 539 3457 603 removistis;

195 636 282 671 me
317 619 482 684 misit,
535 623 703 690 major
730 639 814 676 me
845 633 962 677 est:
1001 641 1116 676 cum
1146 625 1295 678 aliter
1321 626 1566 692 scriptum
1597 626 1775 679 doceat

193 709 350 761 series
385 710 798 780 Scripturarum.
847 713 1131 786 Redarguti
1160 716 1221 768 de
1264 717 1489 786 falsitate
1532 726 1682 782 sunt,
1725 726 1778 771 ut

192 799 496 866 faterentur,
533 819 626 855 nec
663 811 832 858 tamen
861 808 1056 862 ratione
1071 811 1302 863 correcti.
1338 809 1475 864 Nam
1499 827 1612 862 cum
1642 812 1776 865 dice-

191 911 389 957 remus,
422 897 698 950 secundum
743 900 910 953 carnis
937 904 1310 973 susceptionem
1342 905 1588 957 minorem
1619 902 1777 957 Patre

190 1000 288 1036 suo
321 982 518 1037 Filium
537 987 670 1050 dici;
692 991 967 1043 secundum
989 992 1302 1047 divinitatem
1330 1005 1497 1046 autem
1529 1011 1620 1061 pro
1641 995 1778 1047 testi-

188 1076 382 1126 moniis
426 1075 834 1148 Scripturarum,
877 1099 1048 1152 parem
1075 1095 1119 1138 et
1145 1085 1388 1153 a’qualt'm
1413 1087 1653 1155 probari;
1687 1105 1774 1141 nec

188 1167 422 1234 posseibi
436 1185 544 1221 esse
572 1170 894 1225 discretionis
918 1175 1106 1243 gradus
1131 1176 1372 1247 alicujus,
1404 1186 1492 1229 aut
1514 1179 1775 1247 magnitu-

187 1261 355 1326 dinis,
386 1262 467 1313 ubi
495 1274 619 1316 esset
649 1265 817 1319 unitas
847 1269 1103 1336 potestatis
1131 1285 1148 1321 :
1174 1285 1271 1321 non
1302 1270 1464 1323 solum
1491 1269 1568 1322 illi
1599 1270 1776 1323 uolne-

185 1365 314 1408 runt
343 1357 608 1409 emendare
633 1375 876 1421 errorem,
900 1361 985 1413 sed
1007 1362 1156 1413 etiant
1186 1363 1438 1414 vesaniam
1462 1379 1646 1431 augere
1674 1355 1776 1415 ca!-

184 1455 400 1516 perunt,
422 1457 474 1499 ut
502 1459 545 1500 et
571 1449 847 1518 subjectum
878 1454 1156 1503 secundum
1185 1452 1499 1504 divinitatem
1529 1452 1776 1512 dicerent,

183 1537 340 1604 quasi
371 1535 477 1589 ulla
513 1536 603 1591 Dei
632 1539 906 1591 secundum
937 1541 1247 1593 divinitatem
1288 1544 1446 1611 possit
1468 1557 1574 1594 esse
1606 1544 1778 1612 subje-

183 1631 316 1685 ctio.
353 1628 570 1684 Mortem
611 1633 825 1701 denique
863 1650 961 1685 non
994 1633 1060 1685 ad
1086 1646 1457 1687 sacramentum
1483 1643 1667 1687 nostra?
1692 1650 1774 1687 sa-

185 1721 335 1779 lutis,
353 1720 442 1771 sed
466 1720 532 1772 ad
553 1721 899 1788 inﬁrmitatem
916 1724 1192 1792 quamdam
1218 1724 1502 1776 divinitatis
1526 1727 1775 1793 referunt.

185 1810 237 1862 Π
248 1825 497 1870 erremus.
517 1812 892 1865 clementissimi
914 1814 1188 1881 principes,
1214 1822 1314 1866 tam
1341 1813 1456 1866 dira
1473 1813 1738 1881 sacrilegia
1759 1829 1776 1876 ;

186 1916 476 1968 pravosque
495 1901 745 1964 doctores,
774 1917 834 1954 ne
861 1903 1077 1956 ulterius
1101 1903 1316 1973 populos
1340 1901 1626 1972 deciperent
1651 1919 1775 1972 quos
1809 1905 1855 1965 B
1888 1885 2156 1952 Εαδεδίνδν

185 1989 448 2058 tenebant,
475 1993 761 2045 sacerdotio
783 1997 1066 2063 putavimus
1094 1997 1424 2050 abdicandus.
1446 1995 1620 2065 Neque
1642 1998 1775 2050 enim

185 2082 404 2154 dignum
425 2093 497 2136 est
520 2094 572 2137 ut
593 2087 930 2139 sacerdotium
959 2091 1070 2159 ejus
1092 2091 1185 2144 sibi
1209 2091 1482 2155 vindicent,
1514 2109 1663 2159 quem
1690 2109 1774 2144 ne-

186 2186 452 2245 gaverunt.
491 2176 720 2231 Vestram
748 2181 919 2248 fidem,
951 2191 1164 2235 restrain
1194 2181 1410 2253 gloriam
1442 2185 1775 2249 deprecamur

187 2275 244 2318 ut
269 2271 601 2321 reverentiam
633 2269 830 2340 imperii
869 2274 1019 2324 vestri
1046 2273 1287 2343 deferatis
1317 2276 1547 2327 auctori:
1570 2291 1777 2327 censea-

188 2360 354 2427 tisque
392 2360 667 2429 impietatis
692 2375 966 2413 assertores
998 2371 1044 2414 et
1073 2363 1333 2416 adulteros
1361 2363 1608 2427 veritatis,
1642 2363 1776 2416 datis

194 2449 430 2515 apicibus
461 2449 741 2503 clementia:
781 2461 955 2504 vestra'
982 2453 1048 2503 ad
1066 2453 1268 2520 judicia
1317 2454 1652 2523 competentia
1674 2497 1688 2518 ,
1719 2454 1778 2506 ab

199 2535 444 2590 Ecclesia:
487 2539 730 2591 arcendos
775 2555 882 2593 esse
909 2539 1168 2593 liminibus
1190 2582 1202 2604 ,
1233 2552 1287 2594 ut
1333 2543 1387 2594 in
1419 2543 1779 2594 damnatorum

191 2628 363 2680 locant
395 2645 483 2697 per
509 2637 696 2682 nostra:
721 2631 982 2698 parvitatis
1009 2633 1219 2701 legatos,
1251 2632 1413 2684 sancti
1443 2631 1781 2702 subrogentur

189 2717 500 2770 sacerdotes.
534 2719 763 2772 Attalum
785 2720 946 2790 528
962 2736 1162 2788 quoque
1193 2721 1538 2790 presbyterum
1566 2723 1628 2774 de
1649 2740 1779 2788 prae.

189 2807 505 2861 varicatione
525 2813 834 2876 confessum,
859 2820 904 2861 et
932 2810 1101 2879 palam
1124 2811 1405 2879 sacrilegiis
1432 2810 1779 2873 inha'rentem,

189 2912 289 2964 par
314 2898 562 2950 sententia
587 2899 998 2966 comprehendat.
1020 2900 1158 2953 Nam
1181 2901 1303 2965 quid
1320 2903 1383 2954 de
1407 2903 1649 2971 magistro
1669 2911 1781 2968 ejus

1886 622 2102 686 petimus
2126 631 2177 674 ut
2201 623 2438 688 quoniam
2461 623 2513 675 in
2539 623 2806 678 Sirmiensi
2833 625 3016 694 oppido
3054 625 3221 678 adhuc
3246 643 3461 683 conven-

1887 719 1963 762 tus
2010 717 2204 762 tentare
2253 712 2594 782 cognovimus.
2645 712 2909 766 clementia
2954 725 3148 778 vestra,
3197 717 3466 770 interdicta

1884 797 2034 850 etiam
2067 813 2198 851 nunc
2227 801 2464 865 coitio-ie,
2495 804 2821 855 reverentiam
2847 805 3066 870 primum
3100 802 3345 858 Ecclesiae
3374 824 3465 859 ca-

1882 885 2105 955 tholicae,
2137 887 2300 958 529
2339 888 2521 944 deinde
2557 893 2708 944 etiam
2739 892 2931 958 legibus
2957 895 3129 946 vestris
3154 894 3349 964 deferre
3370 897 3463 965 ju-

1884 977 2035 1031 beatis
2063 987 2116 1031 ut
2139 988 2184 1032 et
2204 995 2309 1044 vos,
2337 978 2444 1034 Deo
2486 985 2699 1050 prmsule
2729 985 3068 1054 triumphetis,
3093 989 3182 1056 qui
3207 990 3321 1055 paci
3353 989 3450 1043 Ec-

1885 1066 2152 1121 clesiarum
2172 1069 2426 1139 quietique
2449 1074 2710 1125 consulitis

2060 1174 2252 1212 NOMINA
2293 1175 2646 1214 EPISCOPOIII.“
2687 1179 2770 1225 ρω
2811 1179 3276 1220 δυηεαῐυιιςεηυκτ.

1896 1246 2215 1311 Valerianus,
2707 1250 3012 1316 Domninns,

1885 1340 2198 1402 Ambrosius,
2709 1341 2978 1409 Diogenes,

1885 1425 2223 1488 Constantius,
2716 1432 2985 1495 Proculus,

1883 1518 2085 1578 Justus,
2713 1524 3044 1592 Heliodorus,

1885 1611 2259 1675 Abundantius,
2715 1614 2990 1678 Philaster,

1887 1702 2147 1768 Eventius,
2709 1704 2944 1768 Iovinus,

1885 1793 2164 1857 Limenius,
2715 1795 2886 1858 Felix,

2717 1886 2990 1938 Marimus.

1883 1977 2123 2041 Savinus,
2716 1981 2945 2040 Amatus,

1881 2067 2148 2139 Exsupera
2159 2073 2291 2123 ntius
2303 2115 2314 2133 ,
2717 2069 2885 2131 Felix,

1880 2159 2229 2220 Macedonius,
2718 2161 2913 2225 Viator,

1879 2249 2175 2306 Bassianus.
2713 2252 3043 2318 Maximinus,

1882 2341 2142 2403 Artemius,
2714 2343 2981 2409 Ephesius,

1881 2430 2226 2492 Constantius,
2717 2434 3013 2499 Numidiux,

1887 2522 2164 2583 Maximus,
2720 2525 2966 2578 Artemius
2977 2569 2989 2588 ,

1885 2615 2200 2678 Almachius,
2722 2613 2889 2679 Felix,

1882 2703 2186 2767 Ianuarius,
2777 2706 3017 2778 Episcepi
3041 2713 3131 2764 sub
3160 2715 3436 2779 cripserut-t

1881 2793 2201 2854 Theodorus,

2064 2870 3423 2892 Ἦ-

2185 2909 2406 2970 \JGILII
2448 2911 2532 2962 ΤΛ
2545 2911 2814 2966 P~l°lNSlS
2867 2916 3161 2970 I'ZPISCOI’I

201 2983 414 3038 Valente
442 2960 812 3057 dicamusiqui
841 3005 955 3042 cum
996 2999 1124 3044 esset
1161 2960 1422 3060 proximus
1441 3033 1456 3056 ,
1491 2960 1778 3046 vdeclindvit
1853 2993 1908 3036 ﬁ
1937 2960 2368 3042 TBACTKTUS
2398 2995 2494 3042 DE
2519 2996 2692 3044 FIDE
2721 2999 3014 3048 NIGENA
3044 3003 3416 3052 ADVERSUS

187 3067 510 3130 sacerdotale
536 3077 832 3143 concilium,
887 3097 950 3135 ne
994 3096 1178 3134 everste
1206 3083 1407 3149 patriai,
1434 3083 1778 3153 perditorum-

187 3184 290 3234 que
335 3169 516 3220 civium
562 3185 743 3220 causas
801 3177 1048 3237 prwstare
1083 3171 1431 3225 sacerdotibus
1479 3181 1777 3242 cogeretur:

188 3257 278 3322 qui
303 3257 452 3310 etiam
483 3270 658 3326 togae
691 3258 767 3327 (ut
816 3263 1084 3329 asseritur)
1121 3271 1163 3314 et
1189 3263 1436 3318 brachiali
1455 3305 1468 3329 ,
1516 3266 1773 3335 impietate
1805 3268 1850 3332 C

189 3347 415 3401 Gothica
441 3351 774 3418 profanatas,
805 3367 942 3404 more
971 3354 1176 3406 indutus
1202 3355 1497 3423 gentilium,
1528 3372 1686 3409 ausus
1715 3358 1779 3410 sit

190 3439 247 3492 in
297 3450 618 3507 prospectum
662 3443 911 3496 exercitus
958 3444 1165 3511 prodire
1219 3446 1458 3500 Romani.
1494 3447 1642 3512 Quod
1670 3451 1782 3504 sine

189 3527 352 3581 dubio
382 3547 481 3582 non
507 3530 672 3583 solani
697 3532 750 3585 in
781 3533 1042 3586 sacerdote
1075 3534 1402 3604 sacrilegum,
1428 3537 1518 3589 sed
1548 3540 1700 3591 etiam
1728 3541 1780 3593 in

188 3637 496 3688 quocunque
526 3633 598 3675 est
627 3623 940 3679 Christiano.
968 3627 1170 3680 Etenim
1196 3629 1497 3682 abhorretur
1516 3648 1654 3684 more
1676 3632 1782 3686 llo-

189 3729 382 3774 mano:
413 3714 512 3766 nisi
540 3714 672 3784 forte
699 3717 771 3769 sic
797 3719 962 3771 solent
997 3720 1283 3774 idololatrce
1321 3726 1616 3778 sacerdotes
1658 3744 1778 3793 pro-

189 3803 306 3856 dire
345 3803 646 3859 Gothorum.
697 3805 900 3860 Movent
949 3811 1184 3881 pietatem
1216 3822 1430 3867 vestram
1460 3817 1776 3872 sacerdotale

189 3909 400 3959 nomen,
425 3897 560 3960 quod
581 3895 668 3950 ille
696 3899 973 3969 sacrilegus
1001 3901 1253 3968 infamat;
1280 3907 1367 3975 qui
1398 3909 1544 3961 etiam
1571 3926 1782 3964 suorum

185 3983 397 4035 vocibus
416 4023 432 4048 ,
459 3987 547 4052 qui
585 3996 748 4038 tamen
777 4005 1035 4057 superesse
1063 4007 1313 4063 possunt,
1347 4000 1556 4067 nefandi
1575 4002 1781 4054 sceleris

187 4075 451 4140 arguitur.
473 4075 615 4127 Certe
633 4076 838 4128 domum
860 4092 1048 4149 repetat
1062 4101 1229 4151 suam,
1247 4103 1349 4140 non
1362 4091 1667 4143 contaminet
1687 4094 1784 4154 [το-

189 4165 515 4217 rentissimas
549 4165 716 4220 Italia:
755 4171 977 4224 civitates
997 4214 1010 4236 ,
1057 4179 1146 4246 qui
1177 4196 1311 4232 nunc
1341 4182 1537 4234 illicitis
1568 4186 1782 4237 ordina-

188 4245 422 4307 tionibus
443 4257 730 4311 consimiles
760 4260 841 4311 sui
856 4263 1012 4314 sociat
1039 4267 1154 4331 sibi,
1181 4282 1226 4320 et
1256 4272 1588 4324 seminarium
1608 4277 1786 4341 quierit

186 4359 309 4397 sua:
324 4343 600 4414 impietatis
629 4357 780 4428 atque
807 4351 1038 4418 perﬁdiae
1067 4372 1154 4419 per
1180 4375 1407 4426 quosque
1435 4362 1661 4428 perditos
1691 4365 1783 4416 de-

187 4432 520 4504 relinquere,
568 4438 656 4504 qui
683 4426 948 4507 episcopus
977 4459 1084 4496 esse
1109 4461 1202 4498 nec
1231 4450 1398 4513 coepit.
1432 4449 1569 4503 Nam
1618 4452 1784 4520 primo

192 4525 477 4579 Petavione
505 4530 856 4596 superpositus
876 4531 1045 4600 fuerat
1062 4546 1235 4587 sancto
1271 4539 1376 4591 viro
1407 4538 1588 4592 Marco
1619 4542 1786 4596 admi-

2505 3067 2822 3118 ΑιιιΑκοε
2837 3101 2856 3133 ,

1881 3165 2145 3204 cumonto
2171 3165 2498 3204 Niztnumo
2530 3170 2555 3206 Α
2585 3170 2872 3209 maxumus
2904 3173 3178 3212 sscmrrvs
3209 3177 3220 3210 τ
3253 3176 3339 3220 om
3375 3168 3474 3212 rsr'

1953 3257 2161 3294 ΑιτιικΛ
2192 3258 2366 3296 EDITIO
2399 3259 2530 3296 LIBRI
2563 3260 2595 3297 ll
2624 3261 2828 3300 C'NTI'M
2863 3263 3176 3312 PALLADIUN.
3201 3267 3302 3302 (ῖωι
3328 3267 3459 3302 Νυνλ

1961 3349 2071 3386 Νικίιί
2079 3349 2261 3387 ΥᾹΤΙΟΝ
2273 3352 2321 3389 Ε.

1889 3424 2048 3478 F.des
2067 3429 2352 3496 conscripta
2374 3430 2513 3494 apud
2545 3427 2772 3482 Nicwam
2800 3447 2830 3481 a
2864 3441 2995 3484 recte
3022 3431 3336 3485 credentibus
3364 3436 3466 3499 epi-

2240 3520 2408 3585 sc0pis
2439 3523 2669 3572 trecentis
2709 3523 2878 3572 decem
2908 3534 2953 3573 et
2982 3528 3093 3574 octo

1963 3607 2232 3661 Credimus
2262 3608 2314 3659 in
2348 3608 2527 3669 licunt,
2565 3607 2770 3660 Patrem
2799 3611 3210 3676 omnipotentem,
3249 3614 3469 3666 omnium

1891 3697 2166 3750 visibilium
2198 3707 2241 3748 ct
2272 3696 2605 3750 invisibilium
2637 3700 2877 3765 factorem
2905 3715 2953 3752 et
2994 3717 3151 3753 unum
3192 3702 3469 3756 hominum

1889 3798 2122 3842 nostrum
2148 3787 2326 3841 Iesum
2348 3785 2630 3852 Christum,
2659 3786 2706 3839 F
2710 3790 2851 3842 ilium
2880 3789 2991 3855 Dei,
3022 3804 3193 3844 natum
3223 3795 3286 3846 de
3319 3792 3471 3849 Patre

1891 3883 2117 3946 unicum,
2144 3881 2240 3934 hoc
2281 3892 2354 3934 est
2399 3882 2462 3934 de
2498 3882 2777 3955 substantia
2814 3882 2982 3936 Patris
3009 3900 3028 3936 :
3064 3885 3222 3938 Deum
3248 3888 3309 3940 de
3341 3887 3466 3951 Deo,

1888 3975 2054 4041 lumen
2079 3974 2142 4024 de
2169 3971 2379 4037 lumine,
2413 3971 2574 4024 Deum
2594 3989 2764 4024 verum
2786 3976 2848 4025 de
2875 3974 2980 4026 Deo
3009 3991 3140 4037 vero,
3169 3987 3346 4028 natum
3375 3995 3471 4034 non

1888 4064 2080 4130 factum
2110 4080 2128 4116 :
2151 4067 2304 4116 unius
2333 4063 2628 4116 substantia:
2653 4080 2766 4115 cum
2795 4063 2971 4127 Patre,
3002 4068 3137 4132 quod
3179 4067 3341 4120 (irwci
3381 4071 3462 4120 di-

1888 4163 2008 4205 cunt
2037 4154 2274 4225 ὁμοὺσιον
2296 4168 2313 4204 :
2339 4169 2428 4220 per
2455 4168 2604 4219 quem
2631 4152 2803 4204 omnia
2833 4154 2968 4217 facta
2995 4163 3134 4216 sunt,
3158 4158 3257 4207 sive
3283 4174 3396 4223 qua:
3421 4163 3472 4210 in

1890 4243 2030 4309 cwlo,
2064 4244 2166 4294 sive
2193 4257 2305 4310 quia
2341 4242 2396 4293 in
2430 4249 2586 4294 terra.
2638 4241 2736 4306 Qui
2784 4252 2990 4312 prOpter
3019 4260 3109 4295 nos
3137 4246 3385 4310 homines,
3423 4260 3472 4302 et

1891 4343 2097 4402 propter
2120 4340 2346 4384 nostram
2367 4332 2582 4384 salutem
2609 4332 2886 4397 descendit,
2910 4344 2957 4385 et
2985 4335 3281 4390 incarnatus
3306 4347 3396 4397 est.
3423 4351 3472 4392 et

1890 4425 2038 4477 homo
2067 4427 2233 4494 factus
2261 4431 2356 4487 est,
2382 4437 2562 4485 passus
2586 4433 2678 4485 est,
2698 4426 2970 4477 resurrexit
2995 4427 3142 4478 tertia
3163 4429 3266 4494 die,
3291 4445 3469 4483 ascen-

1889 4518 1964 4570 dit
1990 4518 2058 4569 ad
2095 4517 2266 4580 oculos,
2293 4515 2410 4568 inde
2438 4523 2676 4566 venturus
2705 4515 2946 4583 judicare
2975 4517 3108 4570 vivos
3133 4529 3179 4571 et
3224 4531 3466 4576 mortuos.

193 4614 383 4667 rabilis
413 4617 668 4670 memoria:
711 4622 999 4676 sacerdoti:
1029 4634 1075 4676 et
1108 4639 1440 4694 posteaquam
1491 4633 1787 4700 deformiter
1813 4642 1869 4701 ι)
1891 4611 2052 4680 530
2096 4608 2165 4662 E‘
2197 4609 2449 4678 Spiritum
2480 4616 2732 4660 summm“
2783 4605 2889 4661 Eos
2927 4619 3097 4662 autem
3134 4611 3221 4679 qm.
3251 4613 3423 4666 dicm“
3455 4631 3469 4666 ³

192 4707 424 4773 dejectus
451 4721 482 4757 a
513 4707 652 4774 plebe
681 4717 787 4774 est,
819 4712 904 4780 qui
935 4711 1206 4769 Petavione
1233 4735 1342 4772 esse
1380 4737 1481 4773 non
1513 4725 1713 4788 potuit,
1740 4725 1785 4778 is

192 4812 335 4847 nunc
367 4796 683 4861 Mediolani,
717 4810 828 4868 post
869 4805 1171 4857 eversionem
1207 4811 1390 4877 patrita
1420 4811 1505 4881 (ne
1550 4814 1782 4870 dicamus

194 4885 566 4955 proditionem)
595 4889 910 4959 inequitavit.
956 4894 1124 4958 Super
1165 4901 1396 4954 omnibus
1436 4905 1594 4972 igitur
1619 4908 1785 4976 pietas

192 4986 366 5028 vestra
395 4993 486 5029 nos
505 4982 761 5033 consolari
789 4984 1028 5054 dignetur
1049 5027 1062 5046 ,
1096 5005 1156 5042 ne
1177 4991 1575 5057 obtemperantes
1596 5010 1778 5053 vestrae

194 5069 588 5136 tranquillitatis
635 5075 877 5138 statutis,
927 5077 1116 5144 frustra
1166 5087 1450 5138 convenisse
1493 5089 1774 5144 videamur.

197 5148 330 5210 Non
353 5158 517 5214 solum
543 5163 672 5213 enim
696 5168 978 5218 cavendum
1009 5180 1080 5222 est
1104 5187 1165 5224 ne
1187 5183 1381 5240 nostra,
1409 5177 1499 5228 sed
1526 5180 1678 5231 etiam
1702 5197 1784 5233 ve-

195 5266 303 5305 stra
350 5253 550 5307 decreta
578 5255 840 5310 ludantur.
882 5259 1107 5315 Petimus
1136 5266 1323 5334 igitur,
1355 5280 1405 5320 ut
1436 5267 1631 5336 legatos
1664 5288 1783 5326 con-

196 5344 308 5395 cilii
341 5353 542 5396 sanctos
581 5347 713 5398 viros
752 5363 891 5417 teque
920 5351 1183 5407 clementia
1213 5368 1378 5410 vestra
1404 5361 1582 5413 audire
1609 5363 1788 5430 digne.

199 5453 306 5504 tur,
341 5453 385 5493 et
406 5459 522 5495 cum
551 5444 730 5509 e/fectu
757 5464 931 5501 eorum
957 5468 1071 5518 quia
1100 5457 1354 5521 poscimus
1377 5500 1390 5519 ,
1426 5465 1675 5516 maturius
1707 5482 1785 5517 re-

200 5545 316 5596 dire
355 5547 654 5616 pra'cipial:
688 5558 742 5601 ut
775 5555 1049 5606 mercedem
1078 5559 1342 5628 accipiatis
1371 5579 1403 5614 a
1427 5563 1649 5620 Domino
1685 5567 1790 5620 Deo

202 5642 430 5704 Christo,
453 5647 600 5715 cujus
626 5647 878 5704 Ecclesias
903 5653 966 5704 ab
996 5657 1130 5708 omni
1149 5661 1516 5730 sacrilegorum
1539 5665 1650 5719 labe
1669 5685 1790 5735 pur-

205 5742 385 5806 gastis.
417 5740 750 5801 Photinianos
777 5766 989 5819 quoque,
1014 5770 1140 5822 quos
1179 5767 1224 5808 et
1258 5763 1506 5828 superiori
1538 5766 1647 5833 lege
1678 5786 1793 5821 cm-

203 5841 384 5892 suistis
409 5843 575 5896 nullos
607 5847 771 5914 facere
800 5851 976 5903 debere
1014 5866 1306 5922 conventus,
1338 5870 1384 5913 et
1428 5880 1536 5914 cam
1583 5882 1695 5934 quct'
1723 5869 1787 5921 de

1897 4701 2024 4754 Erat
2067 4701 2268 4770 quando
2299 4719 2399 4755 non
2438 4713 2567 4768 erat,
2601 4714 2646 4757 et
2696 4707 2993 4772 priusquam
3034 4722 3324 4764 nasceretur
3369 4729 3470 4767 non

1893 4807 2002 4848 erat
2029 4811 2046 4848 :
2077 4805 2122 4847 et
2153 4797 2466 4860 mutabilem,
2492 4797 2568 4850 vel
2595 4801 2966 4853 convertibilem
2989 4819 3096 4854 esse
3123 4801 3322 4858 Filium
3345 4806 3438 4859 Ilei
3453 4824 3470 4868 ;

1893 4887 1984 4940 hos
2033 4888 2422 4942 anathematizat
2479 4890 2730 4944 catholica
2782 4903 2830 4945 et
2879 4897 3160 4960 apostolica
3221 4897 3467 4953 Ecclesia.

1894 4980 2073 5033 Amen.

1964 5070 2160 5122 Amore
2185 5071 2458 5126 catholicae
2479 5074 2598 5128 ﬁdei
2619 5075 2827 5142 ductus,
2849 5079 2960 5147 jam
2983 5081 3186 5148 pridem
3209 5081 3468 5135 adversus

1893 5159 2121 5211 Arianos
2159 5158 2396 5214 libellum
2435 5163 2706 5218 edideram
2735 5183 2893 5234 quem
2921 5184 3040 5222 cum
3072 5169 3248 5222 amico
3293 5171 3472 5237 legen-

1894 5251 2020 5302 dum
2043 5249 2331 5317 dedissem,
2356 5255 2476 5322 quia
2502 5256 2717 5324 placuit,
2741 5261 2963 5314 credidit
2989 5262 3468 5317 transcribendum.

1894 5340 1937 5391 A
1969 5355 2073 5406 quo
2099 5341 2199 5395 hoc
2227 5356 2328 5409 ego
2354 5359 2676 5415 magnopere
2704 5349 2961 5414 postulavi
2992 5360 3047 5402 ut
3080 5351 3287 5402 interim
3316 5351 3473 5404 dissi-

1895 5431 2094 5480 mulato
2127 5440 2347 5487 auctore
2368 5475 2382 5494 .
2425 5435 2592 5490 doctis
2618 5440 2746 5490 viris
2775 5448 2828 5492 ct
2857 5438 3202 5505 prudentibus
3232 5439 3431 5506 legeret
3455 5461 3469 5508 ;

1898 5525 1956 5568 ut
1983 5519 2025 5569 si
2057 5533 2212 5584 quem
2245 5525 2499 5578 movisset
2532 5527 2669 5593 quod
2709 5527 2816 5578 illic
2848 5527 2964 5592 plus
2993 5537 3081 5579 aut
3124 5529 3298 5580 minus
3327 5533 3472 5592 βοείη

1897 5615 2008 5659 tum
2039 5608 2327 5678 videretur,
2355 5622 2534 5679 posset
2559 5614 2904 5680 plurimorum
2931 5616 3155 5670 (‘Onaillo
3176 5621 3467 5678 enitendari.

1896 5694 2063 5749 Nemo
2091 5708 2172 5750 est
2203 5702 2344 5753 enim
2374 5701 2466 5768 qui.
2484 5702 2582 5755 sibi
2617 5712 2722 5755 tam
2753 5713 3062 5772 arroganter
3087 5722 3349 5762 summam
3378 5712 3472 5764 do-

1898 5784 2083 5839 cnriua:
2113 5787 2349 5843 caelestis
2373 5800 2630 5855 assumat,
2663 5799 2721 5844 ut
2750 5803 2895 5860 putet
2927 5810 2984 5847 se
3014 5811 3188 5852 omnia
3220 5805 3471 5872 niystepiu

1895 5872 2096 5941 liquido
2125 5876 2505 5946 comprehensa
2536 5881 2788 5950 retinere,
2822 5897 2941 5938 cum
2977 5885 3168 5941 Paulus
3201 5896 3470 5958 apostolus
