3978 6380
485 343 584 400 ιδτ

1792 343 2015 399 VlGlLll
2054 342 2429 404 TAPSENSIS

3637 351 3752 408 ‘68

485 467 624 520 dicat
651 481 664 518 :
693 463 790 532 Qui
818 478 945 535 ergo
973 472 1121 534 putat
1155 478 1215 520 se
1244 464 1441 534 aliquid
1475 462 1611 518 sc're
1631 504 1645 529 ,
1692 464 1915 517 necdum
1959 466 2059 517 scit
2087 468 2137 525 Α
2162 464 2392 531 Spiritus
2413 464 2580 519 sancti
2612 461 2825 537 (Matth.
2858 476 3078 531 xxxvm,
3103 464 3220 536 l9).
3248 463 3373 520 llaec
3396 473 3481 521 est
3506 464 3751 534 perfecta

486 558 930 627 quemadmodum
977 566 1220 626 Oporteat
1258 559 1397 612 scire
1433 555 1485 627 (1
1528 555 1648 615 Cor.
1696 570 1822 621 Vlll,
1863 555 1960 623 2);
2011 566 2065 610 et

488 649 645 704 Modo
675 664 771 717 per
796 650 1070 717 Speculum
1100 650 1150 703 in
1175 650 1455 719 mnigmate
1478 648 1755 712 videmus;
1783 656 1908 701 tunc
1931 647 2065 703 facie

490 741 556 795 ad
600 740 786 795 faciem
829 738 881 807 (Ι
911 738 1031 794 Cor.
1062 756 1176 807 χιιι,
1222 740 1331 808 12).
1376 741 1468 794 Sin
1499 755 1626 795 vero
1654 739 1857 793 cunctis
1888 737 2065 794 omnia

492 849 610 901 qua:
642 834 745 887 illic
771 834 969 902 scripta
1010 843 1161 887 erant
1186 874 1202 899 ,
1226 834 1376 903 juxta
1421 835 1577 889 fidem
1610 849 1787 889 veram
1819 846 2067 890 constare

493 924 819 991 viderentur,
852 932 959 978 tum
982 936 1034 979 et
1062 926 1176 993 ipse
1200 927 1498 995 petentibus
1521 942 1627 981 non
1656 936 1891 995 negaret.
1914 926 2066 992 Quod

492 1030 612 1069 eum
646 1016 714 1067 ita
757 1016 945 1070 fecisse
1002 1015 1341 1071 manifestum
1379 1028 1482 1073 est.
1530 1018 1595 1071 Et
1633 1018 1755 1086 quia
1787 1032 1873 1073 res
1911 1017 2068 1083 digna

494 1113 600 1156 tam
622 1104 895 1159 catholicae
911 1105 1228 1160 confessioni
1243 1122 1401 1175 quant
1425 1106 1689 1161 ltzcreticm
1712 1105 2066 1176 responsioni,

494 1193 859 1248 universorum
896 1195 1098 1263 judicio
1124 1198 1385 1251 aestimata
1416 1208 1521 1262 est,
1557 1199 1705 1251 multi
1733 1214 1853 1253 eum
1882 1199 1960 1252 vel
1995 1198 2071 1251 Ie-

491 1297 619 1350 gere
648 1284 728 1339 vel
759 1286 1064 1341 describere
1089 1286 1393 1341 voluerunt.
1417 1288 1521 1343 Sed
1556 1304 1659 1342 non
1682 1288 1849 1342 defuit
1868 1288 1957 1357 qui
1984 1288 2069 1342 vel

492 1388 589 1440 pro
614 1360 1094 1442 Studio‘doctrinm,
1128 1378 1208 1432 vel
1240 1393 1336 1447 pro
1366 1380 1604 1434 caritatis
1634 1379 1833 1443 officio,
1862 1394 1924 1433 ea
1950 1394 2069 1448 qua:

490 1479 520 1517 a
550 1466 700 1519 nobis
730 1466 870 1520 dicta
900 1477 1044 1530 sunt,
1074 1470 1438 1537 scrupulosius
1461 1480 1802 1534 retractaret;
1834 1479 1890 1524 et
1918 1485 2068 1538 quae-

490 1554 611 1608 dam
644 1555 733 1611 ille
760 1557 843 1611 vel
872 1559 1163 1627 superflua,
1188 1559 1273 1613 vel
1300 1560 1543 1629 ambigua
1570 1560 1795 1625 diceret,
1824 1575 1943 1629 qua;
1972 1560 2069 1613 ali-

491 1656 574 1701 ter
599 1649 804 1717 possint
825 1666 852 1703 a
874 1652 1187 1719 quibusdam
1212 1668 1369 1722 quam
1393 1669 1421 1706 a
1452 1669 1537 1709 me
1562 1655 1701 1708 dicta
1732 1660 1857 1707 sunt
1875 1650 2064 1720 accipi.

491 1736 721 1793 Proinde
745 1748 927 1794 rursus
949 1756 1011 1795 ea
1036 1742 1144 1807 ipsa
1172 1742 1397 1811 planiori
1421 1758 1670 1798 sermone
1692 1743 1743 1796 in
1768 1742 1867 1796 hoc
1890 1740 2068 1795 libello

490 1827 725 1896 digessi,
760 1839 816 1885 ut
844 1842 901 1887 et
927 1834 1323 1901 simplicitatem
1355 1849 1543 1889 sensus
1573 1836 1675 1890 mei
1706 1832 2066 1895 ostenderem,
2098 1828 2146 1890 Β
2172 1845 2429 1901 debemus

489 1926 543 1971 et
590 1922 894 1991 scrupulum
940 1925 1232 1995 legentibus
1279 1937 1632 1998 amputarem.
1662 1924 1793 1979 Nam
1838 1924 1941 1977 hoc
1985 1928 2069 1976 est

490 2012 628 2077 quod
661 2012 804 2068 aiunt
839 2031 994 2080 posse
1036 2018 1379 2088 reprehendi,
1419 2019 1559 2089 quod
1594 2018 1679 2073 ubi
1707 2016 1941 2071 Verbum
1972 2013 2067 2070 Dei

489 2118 555 2157 es
588 2119 812 2173 persona
842 2107 960 2162 Filii
1001 2111 1274 2179 posuimus
1296 2154 1311 2177 ,
1361 2111 1465 2165 tale
1494 2112 1594 2184 hoc
1625 2111 1839 2165 verbum
1872 2109 2069 2163 intelli-

490 2210 615 2261 gere
649 2207 890 2265 putemus
919 2202 1075 2268 quale
1103 2205 1435 2271 grammatici
1466 2203 1703 2269 tradunt,
1736 2204 1926 2272 spiritu
1958 2203 2068 2258 oris

490 2302 669 2341 aerem
710 2289 992 2355 offensum,
1035 2291 1423 2364 intelligibilem
1466 2293 1670 2347 auditu.
1721 2294 1826 2350 Sed
1857 2310 1955 2350 nos
1984 2311 2068 2350 sa-

492 2378 742 2446 pientiam
773 2396 876 2436 non
908 2383 1061 2451 hujus
1086 2384 1288 2451 mundi,
1313 2400 1431 2454 qua:
1461 2385 1771 2451 tlestruitur,
1804 2386 1901 2441 sed
1924 2388 2066 2443 illam

493 2487 608 2535 (nte
636 2488 698 2526 ex
731 2472 843 2527 Deo
885 2483 968 2528 est
1008 2477 1274 2540 novimus,
1320 2492 1437 2545 qua:
1476 2476 1708 2531 Verbum
1758 2477 1852 2531 Dei
1905 2479 2067 2533 Deum

491 2578 611 2619 esse
646 2565 896 2628 insinuat,
924 2583 1044 2621 cum
1087 2568 1217 2623 dicit
1249 2586 1262 2620 :
1292 2567 1347 2622 ln
1381 2570 1641 2638 principio
1667 2579 1782 2625 erat
1810 2571 2067 2640 Verbum,

491 2668 545 2710 et
578 2656 805 2711 Verbum
836 2665 951 2711 erat
987 2659 1125 2727 apud
1162 2658 1326 2713 Deum
1350 2701 1365 2725 ,
1413 2668 1467 2714 et
1499 2662 1637 2714 Deus
1666 2670 1784 2715 erat
1813 2661 2067 2717 Verbum.

491 2750 680 2804 Omnia
713 2765 808 2820 per
835 2752 1005 2821 ipsum
1040 2752 1172 2806 facta
1203 2763 1366 2818 sunt,
1400 2762 1454 2808 et
1482 2753 1598 2809 sine
1629 2755 1742 2823 ipso
1769 2756 1963 2810 factum
1989 2768 2071 2813 est

493 2842 624 2896 nihil
654 2841 827 2910 (Joau.
875 2859 912 2909 ι,
954 2844 1089 2913 1-5).
1126 2844 1277 2900 Unde
1300 2845 1486 2899 mirari
1514 2860 1599 2900 me
1632 2846 1833 2911 fateor,
1866 2848 1967 2903 hoc
2000 2852 2069 2906 ita

492 2934 677 2987 sentiri
711 2934 965 3002 potuisse,
990 2933 1141 3003 quasi
1170 2951 1267 2990 nos
1300 2951 1582 3005 personam
1611 2937 1767 3009 531
1798 2942 2067 3009 propriam

494 3024 675 3089 Verbi,
703 3028 839 3094 quod
865 3037 945 3080 est
968 3026 1153 3092 Filius,
1180 3041 1513 3092 negaremus.
1537 3028 1703 3082 Nemo
1724 3030 1886 3084 verbo
1914 3040 2069 3086 tenus

494 3118 750 3180 noritinat,
783 3133 939 3185 quem
972 3131 1099 3171 vere
1129 3130 1250 3171 esse
1273 3117 1323 3171 in
1356 3131 1581 3187 persona
1603 3133 1697 3172 sua
1725 3121 1920 3187 saepius
1948 3136 2069 3188 pro-

494 3211 671 3263 titetnr
703 3230 715 3261 :
750 3226 871 3263 nam
897 3210 1166 3279 quomodo
1192 3220 1282 3262 aut
1308 3224 1492 3264 verum
1521 3208 1733 3278 Filium,
1765 3225 1853 3265 aut
1882 3228 2064 3268 verum
2098 3196 2143 3261 C

495 3304 701 3358 Patrem
751 3304 981 3360 confessi
1028 3319 1233 3371 sumus,
1275 3306 1318 3359 si
1370 3321 1474 3360 non
1519 3322 1643 3361 vere
1690 3310 2067 3377 proprietatem

495 3414 841 3465 personarum
872 3409 977 3452 tam
1020 3397 1190 3452 Patris
1229 3414 1385 3468 quam
1414 3399 1531 3454 Filii
1563 3402 1937 3458 servavimus?
1966 3406 2069 3460 Sed

494 3491 616 3558 quia
646 3491 803 3545 unius
829 3490 920 3545 Dei
951 3490 1265 3545 vocabulum
1298 3492 1546 3558 diximus,
1567 3508 1820 3560 personas
1850 3511 2071 3565 negasse

497 3594 761 3651 putamur.
806 3584 871 3637 Et
903 3584 1026 3639 hinc
1068 3584 1353 3639 verisimile
1384 3586 1556 3639 visum
1604 3587 1850 3656 estquod
1893 3590 2071 3655 posui-

495 3690 633 3729 mus.
661 3675 767 3728 Nos
796 3675 1004 3729 Patrrm
1032 3684 1087 3729 ct
1113 3674 1303 3729 Filium
1334 3676 1404 3730 ita
1435 3690 1794 3745 nominamus,
1820 3689 1877 3730 ut
1906 3696 2067 3733 unum

497 3767 660 3818 Deum
692 3767 744 3818 in
776 3766 853 3819 bis
878 3768 1118 3833 personis
1136 3776 1189 3821 et
1210 3766 1512 3820 nominibus
1533 3769 1886 3837 assiguemus.
1908 3771 2069 3825 Porro

496 3857 687 3909 iterum
722 3856 874 3909 Pater
904 3864 959 3909 et
989 3855 1175 3921 Filius,
1202 3856 1304 3911 etsi
1333 3856 1442 3910 duo
1469 3859 1682 3913 nomina
1709 3860 2063 3928 appellantur,

493 3946 701 4009 ratione
729 3956 902 4000 tamen
931 3954 987 4001 et
1013 3947 1309 4000 substantia
1341 3962 1503 4000 unum
1531 3956 1676 4003 sunt.
1722 3949 1788 4002 Et
1815 3964 1934 4003 cum
1968 3949 2070 4004 Pa-

495 4049 626 4093 trem
658 4048 713 4093 et
742 4039 930 4094 Filium
956 4050 1152 4105 statuo,
1179 4042 1434 4125 unitatem
1455 4042 1667 4110 assigno
1687 4044 1921 4111 generis.
1946 4043 2067 4097 llaac

490 4134 665 4187 omnia
698 4133 917 4203 intelligi
948 4147 1107 4201 posse
1134 4133 1394 4186 aestimata
1425 4143 1569 4199 sunt,
1604 4135 1757 4203 quasi
1788 4134 1883 4187 ista
1914 4150 2067 4189 voca-

492 4226 614 4279 bula
640 4226 779 4280 inter
809 4226 1023 4279 Patrem
1047 4234 1102 4280 et
1126 4225 1315 4279 Filium
1340 4226 1409 4278 ita
1433 4225 1605 4293 posita
1632 4225 1760 4290 sint,
1790 4238 1846 4279 ut
1868 4235 1951 4279 est
1971 4240 2067 4277 no-

490 4332 612 4370 men
644 4327 698 4369 et
728 4332 1044 4381 cognomen,
1095 4319 1252 4369 unius
1295 4326 1472 4371 tamen
1504 4332 1785 4387 personte;
1836 4332 1955 4371 eum
2000 4333 2064 4372 ex

492 4405 856 4471 supertoribus
883 4413 974 4456 aut
1000 4404 1342 4459 inferioribus
1369 4406 1523 4459 dictis
1557 4407 1789 4474 potuerit
1817 4408 1931 4461 haec
1962 4422 2067 4461 su-

491 4496 661 4562 spicio
686 4511 789 4548 non
821 4493 1048 4548 admitti.
1078 4494 1182 4559 Qui
1209 4496 1348 4550 enim
1375 4495 1565 4549 Filium
1598 4496 1689 4549 Dei
1718 4513 1820 4552 non
1850 4498 2065 4552 aliunde

2166 556 2399 611 Trinitas
2440 557 2493 611 in
2538 557 2738 611 unitate
2779 558 3101 623 consistens,
3144 573 3300 626 quam
3342 558 3547 612 scilicet
3588 557 3753 611 unius

2166 648 2477 703 substantiae
2508 647 2835 716 profitemur.
2864 647 2976 702 Non
3007 648 3149 703 enim
3183 664 3280 702 nos
3304 648 3599 704 secundum
3629 663 3754 703 cor-

2170 754 2354 807 porum
2385 738 2768 807 conditionem,
2803 739 3120 794 divisionem
3152 740 3202 793 in
3236 740 3341 794 Deo
3364 739 3624 804 facimus;
3651 738 3757 795 sed

2168 830 2461 885 secundum
2489 830 2680 885 divina:
2710 840 2912 885 natura:
2941 832 3228 900 potentiam
3247 872 3262 893 ,
3292 846 3412 901 quae
3440 831 3496 885 in
3526 831 3757 885 materia

2170 935 2274 974 non
2297 931 2378 975 est
2396 930 2449 976 et
2476 922 2749 975 nominum
2779 937 3036 991 personas
3051 937 3176 976 vere
3191 930 3439 975 constare
3456 920 3756 987 credimus,

2169 1021 2223 1067 et
2248 1012 2503 1067 unitatem
2540 1012 2835 1067 divinitatis
2866 1028 2986 1068 esse
3015 1022 3292 1067 testamur.
3330 1011 3439 1066 Nec
3481 1012 3761 1067 extensio-

2171 1121 2290 1159 nem
2324 1106 2490 1174 partis
2518 1107 2746 1175 alicujus
2772 1122 2835 1160 ex
2867 1106 3025 1161 Patre
3054 1107 3135 1177 (ut
3164 1100 3378 1174 quidam
3409 1104 3760 1175 putaverunt)

2171 1197 2264 1252 Dei
2296 1197 2485 1251 Filium
2515 1199 2771 1254 dicimus:
2793 1214 2890 1254 nec
2906 1199 3127 1252 verbum
3151 1197 3269 1253 sine
3288 1213 3367 1261 re,
3383 1197 3535 1251 velut
3561 1212 3760 1251 sonum

2170 1290 2314 1346 vocis
2343 1291 2671 1360 accipimus;
2701 1292 2794 1346 sed
2826 1292 2925 1347 tria
2952 1293 3200 1355 nomina,
3228 1299 3285 1345 et
3315 1300 3423 1344 tres
3455 1304 3757 1358 personas,

2172 1386 2328 1439 unius
2353 1400 2473 1439 esse
2498 1386 2768 1449 essentia,
2800 1386 2959 1438 unius
2982 1384 3280 1452 maiestatis
3309 1392 3472 1450 atque
3504 1381 3763 1449 potentia:

2169 1476 2454 1531 credimus.
2478 1475 2637 1545 532
2660 1476 2727 1530 Et
2752 1476 2872 1530 ideo
2894 1491 3058 1530 unum
3084 1476 3247 1530 Deum
3265 1473 3613 1536 confitemur,
3638 1473 3763 1538 quia

2172 1568 2345 1621 unitas
2388 1568 2719 1635 maiestatis,
2764 1568 2993 1637 plurium
3025 1567 3288 1628 vocabulo
3329 1566 3465 1620 deos
3510 1563 3767 1633 prohibet

2171 1660 2447 1729 appellari.
2483 1660 2720 1730 Denique
2744 1661 2956 1716 Patrem
2982 1670 3039 1716 et
3066 1660 3254 1714 Filium
3282 1657 3548 1714 catholica
3582 1657 3760 1711 nomi-

2174 1769 2398 1809 namus:
2430 1753 2567 1809 duos
2588 1765 2770 1809 autem
2799 1754 2930 1809 deos
2956 1754 3137 1809 dicere
3178 1768 3276 1807 nec
3313 1766 3630 1822 possumus,
3665 1763 3763 1803 nec

2475 1862 2490 1899 :
2534 1862 2638 1901 non
2688 1846 2828 1915 quod
2869 1845 3036 1900 Filius
3077 1844 3168 1899 Dei
3202 1843 3346 1897 Deus
3388 1859 3497 1897 non
3526 1842 3621 1904 sit,
3657 1840 3763 1894 imo

2172 1952 2331 1992 verus
2360 1938 2499 1993 Deus
2523 1938 2590 1992 de
2620 1937 2731 1993 Deo
2757 1952 2916 2002 vero;
2943 1937 3035 1993 sed
3064 1937 3186 2007 quia
3210 1952 3314 1993 non
3345 1936 3565 1993 aliunde
3603 1950 3757 2003 quam

2172 2031 2239 2086 de
2266 2031 2380 2101 ipso
2402 2044 2508 2085 uno
2529 2030 2705 2095 Patre,
2727 2028 2820 2084 Dei
2845 2028 3031 2083 Filium
3056 2028 3317 2093 novimus,
3342 2026 3571 2095 perinde
3595 2041 3757 2079 unum

2174 2128 2340 2183 Deum
2367 2125 2612 2181 dicimus.
2632 2125 2745 2179 Hoc
2765 2126 2906 2179 enim
2935 2124 3231 2193 propheta.
3265 2123 3367 2175 hoc
3394 2118 3634 2188 apostoli
3657 2129 3755 2171 tra-

2172 2216 2455 2281 diderunt;
2488 2215 2589 2270 hoc
2618 2215 2731 2284 ipse
2765 2213 3020 2269 Dominus
3046 2211 3246 2276 docuit,
3283 2225 3407 2262 cum
3436 2208 3574 2262 dicit
3601 2224 3616 2261 :
3649 2207 3749 2271 Ego

2171 2318 2223 2363 et
2255 2307 2413 2363 Pater
2440 2322 2598 2361 unum
2624 2321 2809 2360 sumus
2835 2303 3012 2376 (Joan.
3038 2318 3094 2367 ι,
3126 2300 3238 2371 30).
3272 2299 3445 2355 Unum
3480 2298 3550 2351 ad
3584 2298 3751 2351 unita-

2175 2409 2279 2454 tem
2301 2398 2592 2454 divinitatis
2613 2398 2691 2468 (ut
2712 2397 2845 2467 dixi)
2869 2395 3071 2452 refert:
3095 2409 3279 2449 sumus
3302 2402 3485 2445 autem
3519 2390 3748 2459 personis

2173 2490 2425 2560 assignat.
2446 2490 2550 2546 Sed
2573 2496 2627 2544 et
2647 2488 2936 2557 Apostolus
2962 2487 3038 2540 ait
3060 2502 3075 2539 :
3107 2485 3251 2540 Unus
3271 2491 3377 2546 est,
3403 2482 3605 2551 inquit,
3625 2481 3751 2534 Deus

2176 2582 2350 2644 Pater,
2379 2596 2444 2635 ex
2474 2593 2581 2650 quo
2601 2580 2780 2632 omnia
2811 2594 2825 2643 ;
2854 2587 2908 2633 et
2930 2592 3028 2631 nos
3058 2577 3112 2630 in
3142 2576 3289 2643 ipso;
3320 2584 3376 2629 et
3404 2589 3549 2628 unus
3584 2573 3749 2626 Domi-

2173 2688 2272 2729 nus
2316 2672 2471 2728 Jesus
2523 2672 2783 2731 Christus.
2835 2686 2928 2740 per
2967 2684 3124 2739 quem
3164 2668 3366 2731 omnia,
3414 2676 3473 2720 et
3524 2680 3624 2719 nos
3668 2680 3748 2733 per

2173 2772 2344 2839 ipsum
2373 2785 2388 2823 :
2420 2768 2514 2824 sed
2545 2783 2652 2823 non
2680 2769 2731 2821 in
2759 2766 3004 2820 omnibus
3030 2772 3112 2818 cst
3139 2761 3361 2817 scientia
3396 2758 3450 2831 (I
3488 2758 3615 2813 Cor.
3645 2774 3743 2822 vni,

2171 2862 2251 2933 6).
2280 2864 2395 2928 Qua
2421 2865 2488 2916 de
2516 2876 2575 2915 re
2603 2860 2896 2925 explanatis
2934 2859 3016 2912 his
3054 2856 3229 2910 verbis
3252 2869 3375 2925 qua:
3413 2854 3735 2922 scrupulum,

2172 2970 2277 3008 non
2307 2952 2433 3007 mihi
2457 2952 2546 3020 qui
2572 2951 2687 3005 scio
2718 2949 2858 3018 quod
2887 2946 3137 3012 dixerim,
3161 2944 3253 2999 sed
3276 2944 3396 2997 aliis
3428 2944 3740 2997 inferebant.

2172 3054 2300 3115 puto
2336 3044 2670 3099 occasionem
2704 3042 2856 3095 malae
2885 3032 3334 3107 interpretationis
3362 3033 3543 3089 fuisse
3579 3034 3741 3088 sub'a-

2174 3147 2302 3191 tam.
2334 3136 2463 3189 Nam
2489 3144 2543 3188 et
2573 3132 2836 3203 professio
2866 3130 2989 3199 fidei
3009 3129 3287 3184 manifesta
3319 3138 3425 3191 est,
3449 3137 3508 3182 et
3532 3140 3739 3195 persona

2173 3244 2292 3283 cum
2323 3225 2594 3283 vocabulis
2621 3232 2852 3290 constat,
2875 3229 2929 3278 et
2952 3235 3053 3276 una
3082 3221 3331 3275 divinitas
3352 3218 3627 3286 assignata
3648 3226 3735 3270 est.

2175 3320 2268 3375 Vel
2307 3318 2353 3373 si
2396 3318 2569 3371 adhuc
2599 3316 2797 3386 aliquid
2826 3313 2968 3385 quod
3000 3311 3298 3382 legentibus
3332 3309 3647 3379 ambiguum
3677 3312 3739 3357 vi-

2172 3413 2361 3467 deatur
2388 3412 2439 3465 in
2480 3410 2680 3476 verbis,
2717 3408 2784 3462 ad
2825 3420 3014 3463 sensus
3047 3404 3246 3461 debent
3286 3402 3453 3458 verba
3479 3400 3736 3460 conferri;

2171 3504 2295 3572 quia
2324 3517 2431 3556 non
2461 3501 2775 3569 simplicitas
2814 3498 3122 3563 verborum,
3162 3494 3255 3550 sed
3288 3494 3418 3548 mali
3448 3493 3739 3547 intellectus

2173 3595 2461 3651 obstinatio
2498 3594 2706 3662 culpam
2749 3592 2878 3647 olet.
2923 3590 2992 3646 At
3030 3603 3152 3644 cum
3191 3601 3386 3642 sensus
3418 3596 3605 3640 noster
3628 3598 3739 3637 cum

2173 3687 2397 3741 veritate
2422 3684 2730 3750 concordet,
2763 3692 2818 3738 et
2842 3680 3009 3737 verba
3035 3679 3233 3735 debent
3259 3692 3385 3733 cum
3416 3677 3623 3730 ratione
3642 3674 3738 3727 sin-

2172 3778 2466 3833 cerissima.
2493 3775 2647 3831 Unde
2672 3790 2702 3828 a
2726 3773 3066 3842 simplicitate
3085 3768 3390 3825 Christiana
3411 3765 3737 3822 academicns

2172 3871 2472 3938 disputator
2498 3867 2768 3924 abscedat.

2242 3964 2432 4018 Multas
2454 3961 2665 4032 quidem
2696 3968 2752 4014 et
2776 3971 2964 4027 graves
2999 3956 3254 4017 haereses,
3300 3962 3411 4008 etc.
3440 3953 3579 4022 (qua
3602 3950 3739 4003 habet

2172 4072 2350 4125 supra,
2380 4070 2443 4108 ea;
2472 4054 2660 4125 pagina
2685 4052 2835 4121 506).
2862 4048 3101 4102 Postilla
3126 4046 3274 4100 verba
3296 4061 3316 4098 :
3336 4043 3504 4113 Cujus
3528 4055 3739 4111 regnum

2172 4159 2454 4211 :eternutu,
2486 4144 2810 4208 immortale,
2842 4157 2939 4198 nec
2968 4141 3173 4195 initium
3200 4138 3393 4203 habet,
3438 4150 3539 4192 nec
3567 4134 3740 4189 termi-

2124 4293 2132 4300 .
2172 4255 2298 4294 num
2336 4256 2349 4291 :
2395 4238 2480 4293 cui
2527 4237 2697 4291 honor
2743 4244 2798 4288 et
2847 4233 3012 4301 gloria
3060 4232 3112 4286 in
3163 4229 3361 4284 smcula
3407 4228 3737 4282 saeculorum.

2173 4334 2340 4385 Amen
2376 4346 2388 4382 ε
2425 4327 2550 4381 Hart:
2578 4325 2777 4379 addidit
2817 4323 3032 4393 Vigilius
3066 4323 3121 4375 in
3149 4320 3247 4375 hac
3270 4320 3497 4373 secunda
3521 4316 3740 4388 ejusdem

2173 4418 2400 4487 opusculi
2426 4418 2647 4471 editione
2672 4431 2690 4468 :

2246 4510 2368 4565 llaac
2395 4510 2485 4579 qui
2512 4508 2665 4576 legis,
2683 4520 2775 4575 per
2806 4505 2975 4559 Deum
3001 4501 3330 4565 obsecro,ue
3352 4499 3742 4568 simplicitatem

493 4596 673 4639 natum
696 4586 934 4640 dixeram
953 4602 1108 4654 quam
1130 4586 1343 4654 proprie
1366 4586 1435 4640 de
1452 4586 1627 4652 Patre,
1652 4596 1817 4641 totum
1839 4588 1906 4643 de
1934 4598 2064 4653 toto,
2097 4562 2146 4621 θ
2176 4616 2367 4657 sensus
2395 4562 2449 4655 ᾗ)
2481 4562 2785 4666 ambiguum
2819 4605 3088 4664 torqueas,
3129 4599 3221 4647 aut
3257 4590 3390 4644 alias
3424 4606 3583 4659 quam
3611 4588 3745 4639 dicta

490 4676 753 4747 integrum
782 4678 848 4731 de
869 4677 1098 4747 integro,
1122 4677 1416 4747 perfectum
1444 4676 1510 4731 de
1541 4675 1795 4745 perfecto,
1818 4692 2064 4732 consum-

493 4781 797 4839 matamque
827 4772 1075 4825 virtutem
1096 4811 1111 4834 ,
1143 4770 1412 4839 quomodo
1438 4770 1581 4839 potui
1614 4770 1785 4838 ipsum
1828 4771 2057 4835 Patrem,

490 4864 661 4931 ipsum
692 4861 791 4915 sibi
820 4862 1011 4915 Filium
1041 4876 1261 4931 ponere,
1296 4862 1475 4915 ethoc
1506 4861 1665 4916 modo
1694 4876 1851 4916 unam
1882 4875 2065 4932 perso-

489 4973 609 5010 nam
659 4955 867 5009 duobus
911 4955 1214 5009 nominibus
1239 4955 1552 5023 appellare?
1598 4958 1796 5025 quippe
1840 4970 1960 5009 cum
2010 4964 2063 5009 et

489 5052 625 5101 banc
660 5055 881 5113 sectam,
927 5046 976 5099 id
1021 5054 1104 5100 est
1144 5046 1524 5112 Sabellianam,
1571 5049 1623 5102 in
1664 5048 1852 5102 eodem
1882 5047 2063 5101 libello

485 5140 851 5194 damnaverim
883 5148 935 5193 et
964 5152 1311 5207 personarum
1342 5138 1735 5194 distinctionem
1768 5139 2061 5194 secundum

486 5230 802 5285 vocabulum
834 5230 1165 5299 scripserim.
1213 5229 1344 5284 Nam
1384 5239 1439 5284 et
1479 5247 1635 5285 nemo
1675 5247 1772 5300 pro
1811 5246 1912 5285 una
1943 5246 2063 5299 per—

483 5338 611 5375 sona
644 5331 838 5390 potest,
873 5338 1036 5377 unum
1068 5331 1210 5385 sunt,
1239 5321 1436 5386 dicere,
1465 5324 1549 5377 vel
1575 5324 1828 5377 unitatem
1851 5323 2062 5393 generis

484 5415 583 5469 nisi
628 5416 872 5484 personis
920 5420 1212 5483 assignare.
1272 5414 1399 5480 Quis
1456 5424 1630 5468 autem
1679 5414 2059 5469 catholicorum

485 5506 690 5576 ignorat
716 5507 921 5560 Patrem
938 5522 1063 5560 vere
1088 5520 1209 5560 esse
1231 5505 1464 5570 Patrem,
1483 5506 1672 5559 Filium
1696 5521 1821 5560 vere
1846 5506 2057 5568 Filium,

484 5619 538 5664 et
566 5610 816 5676 Spiritum
858 5616 1097 5661 sanctum
1146 5622 1274 5661 vere
1317 5620 1437 5661 esse
1482 5605 1736 5672 Spiritum
1777 5606 2058 5660 sanctum?

488 5714 623 5764 sicut
655 5712 766 5778 ipse
811 5709 1063 5763 Dominus
1097 5708 1161 5762 ad
1193 5707 1465 5776 apostolos
1494 5721 1619 5760 suos
1649 5707 1777 5760 dicit
1806 5726 1817 5759 :
1855 5708 2053 5762 Euntcs

492 5806 572 5871 'Ja;
596 5812 746 5865 tizate
774 5826 956 5864 omnes
986 5818 1169 5876 gentes
1200 5810 1247 5862 in
1284 5808 1498 5862 nomine
1531 5808 1720 5872 Patri=,
1752 5817 1804 5861 et
1834 5807 1971 5873 Filii,
1999 5820 2052 5864 et

2178 4702 2303 4748 sunt
2327 4692 2539 4754 trahas;
2567 4690 2689 4759 quia
2719 4703 2819 4742 nos
2846 4688 3051 4741 Patrem
3078 4698 3264 4739 verum
3296 4683 3511 4736 Patrem
3541 4682 3748 4735 confite~

2180 4800 2318 4849 mur,
2349 4793 2402 4838 et
2434 4781 2623 4835 Filium
2655 4780 2769 4841 Dei,
2791 4794 2974 4833 verum
3009 4775 3201 4830 Filium
3233 4773 3361 4838 Dei,
3393 4782 3451 4827 et
3491 4773 3746 4841 Spiritum

2175 4884 2420 4929 sanctum
2449 4885 2574 4926 vere
2602 4870 2857 4938 Spiritum
2887 4874 3130 4921 sanctum
3161 4864 3457 4929 credimus,
3491 4873 3599 4918 tres
3627 4876 3749 4927 per-

2176 4981 2336 5021 sonas
2366 4964 2523 5018 unius
2551 4960 2880 5023 substantiae,
2908 4966 2963 5013 et
2992 4958 3148 5011 unius
3169 4954 3467 5011 divinitatis
3490 4957 3750 5010 conﬁten-

2171 5069 2270 5112 tes.
2298 5054 2517 5112 Sabellii
2542 5062 2719 5107 autem
2747 5061 2799 5105 et
2823 5049 3053 5113 Photini,
3078 5062 3284 5102 necnon
3307 5047 3424 5100 Arii
3454 5056 3672 5104 sectam,
3694 5044 3751 5095 et

2168 5150 2211 5202 si
2236 5163 2335 5217 qua
2361 5147 2461 5199 alia
2487 5154 2612 5198 sunt
2632 5158 2752 5212 qua:
2772 5150 2955 5197 contra
2982 5139 3218 5209 regulam
3240 5138 3485 5193 veritatis
3505 5136 3753 5195 veniunt,

2168 5239 2609 5295 condemnamus.
2626 5235 2855 5289 Nicmnzc
2884 5242 3060 5287 autem
3085 5230 3271 5301 synodi
3293 5240 3577 5284 tractatum
3600 5229 3756 5279 omni

2170 5330 2326 5403 533
2349 5328 2509 5384 animi
2532 5327 2651 5381 nisu
2674 5341 2743 5380 ex
2772 5334 2880 5379 tota
2902 5323 3005 5377 fide
3028 5320 3717 5387 servantes,ampleetimur
3740 5335 3753 5367 :

2172 5426 2314 5477 hunc
2353 5420 2495 5477 enim
2526 5427 2808 5474 tractatum
2840 5416 3043 5472 scimus
3073 5423 3257 5469 contra
3286 5427 3477 5467 omnes
3511 5412 3761 5463 haereses

2173 5516 2364 5570 invicta
2393 5514 2615 5568 veritate
2642 5511 2967 5581 oppositum.

2166 5627 2271 5681 Pro
2300 5629 2571 5683 corollario
2602 5642 2811 5694 aperum
2854 5624 3023 5695 Vigilit’
3050 5622 3344 5692 Tapsensis,
3377 5619 3507 5672 habe
3534 5617 3755 5670 tandem

2233 5721 2423 5789 aliquot
2464 5718 2763 5791 objectiones
2795 5716 3122 5778 Arianorum,
3142 5722 3191 5767 et
3238 5727 3409 5777 earum
3438 5708 3755 5770 solutiones.

2230 5827 2342 5880 qua:
2371 5812 2420 5863 in
2455 5828 2572 5864 mss.
2595 5810 2847 5863 codicibus
2879 5804 3547 5867 Cluniacensi,l'arisiensi,
3579 5799 3752 5856 Picta
