3978 6380
200 296 317 352 469

1334 302 1415 355 ΟΕ
1461 300 1615 355 FIDE
1657 299 1927 354 MCIENA
1970 302 2399 361 TRACTATUS.

3380 316 3485 373 47’)

278 415 432 466 remi
457 423 503 466 et
538 412 920 470 Pontiniacensi
946 416 1347 488 subjiciebantur
1374 414 1581 484 dialogo
1624 425 1802 468 contra
1831 417 1877 473 Α
1910 431 1973 471 ac
1995 420 2070 471 sic
2095 420 2363 485 perfectus
2392 423 2441 475 in
2466 421 2643 489 seipse
2671 438 2773 477 non
2808 423 2923 485 fuit,
2954 426 3042 495 qui
3068 438 3125 481 ut
3155 430 3487 493 perfectione

280 507 531 569 Arianos',
558 510 680 561 solis
703 508 1001 573 Athanasio,
1030 508 1171 574 Aria,
1190 517 1236 561 et
1267 508 1434 562 Probo
1447 509 1622 579 judice
1642 508 1796 559 inter-

277 599 606 653 Iocntoribns
638 617 656 655 :
684 619 807 670 quas
833 617 1049 672 pronum
1088 612 1160 656 est
1201 602 1507 666 existimare,
1539 618 1571 653 a
1608 600 1796 669 Vigilio

275 692 518 758 adjectus
568 693 634 744 ad
689 694 909 761 primum
962 709 1111 747 suum
1160 693 1420 763 dialogum
1461 692 1554 746 sub
1597 692 1797 744 nomine

277 783 582 847 Athanasii,
611 795 787 837 contra
816 787 1052 850 Arianos,
1081 795 1354 854 antequam
1383 786 1657 838 secundum
1686 787 1799 853 ejus

274 875 561 928 editionem
586 876 868 943 moliretur,
895 879 947 931 in
975 894 1076 948 qua
1099 879 1252 931 etiam
1274 876 1603 930 Pltotinianos
1630 884 1675 929 et
1700 876 1796 929 Sa-

271 968 534 1021 bellionos
562 987 676 1022 cum
699 972 905 1023 Arianis
934 969 1232 1039 confutavit.

311 1076 584 1116 INCIPIUNT
622 1077 939 1117 SOLUTIONES
976 1075 1327 1116 οωεοτιοιωιι
1364 1074 1690 1123 ΔΚΙᾼΝΟΙΠΣΙ.

272 1153 467 1207 Prima
495 1169 681 1209 eorum
712 1155 945 1225 objectio
975 1148 1093 1219 est,
1123 1170 1227 1223 qua
1256 1153 1441 1208 dicunt
1469 1152 1797 1218 impossibile

190 1261 327 1301 esse
363 1247 537 1301 Deum
572 1248 804 1310 Patrem,
836 1257 893 1302 et
935 1247 1336 1315 incorporeum,
1358 1254 1413 1298 et
1454 1244 1794 1308 invisibilem,

188 1343 264 1396 de
286 1357 396 1396 sua
422 1342 715 1397 substantia
744 1356 1021 1411 generare.
1039 1347 1083 1395 A
1104 1340 1295 1408 quibus
1322 1339 1449 1392 illud
1468 1340 1640 1407 primo
1661 1354 1797 1406 qua:-

191 1435 440 1491 rendnm
481 1445 563 1489 est
602 1445 779 1488 utrum
816 1433 1089 1487 voluntate
1129 1439 1412 1485 coercente
1452 1429 1609 1483 Pater
1633 1445 1793 1497 gene-

186 1541 323 1581 rare
372 1526 616 1595 nequivit
656 1534 755 1581 :et
798 1526 843 1579 si
870 1524 1083 1595 quidem
1127 1524 1398 1576 voluntate
1447 1537 1553 1575 non
1584 1522 1789 1591 genuit,

187 1635 333 1690 ergo
377 1619 565 1673 habuit
606 1620 659 1673 in
690 1627 877 1673 natura
918 1627 976 1672 ut
1013 1631 1274 1687 generare
1302 1614 1572 1683 potuerit;
1603 1614 1699 1668 sed
1723 1616 1789 1667 ad

185 1711 571 1780 generationis
583 1710 831 1766 elfectum
850 1709 1096 1764 voluntas
1111 1707 1401 1772 continuit;
1426 1722 1488 1761 ac
1503 1706 1582 1760 sic
1600 1720 1787 1760 eorum

1900 510 2187 573 frueretur,
2240 525 2420 581 pnstea
2469 514 2658 569 Filium
2696 518 3020 584 generando,
3071 530 3349 588 paternum
3379 524 3484 581 sibi

1899 615 2093 655 nomen
2121 602 2346 670 adjecit;
2372 617 2425 658 et
2454 607 2681 673 per-hoc
2712 609 2764 661 in
2790 622 2886 662 sua
2911 609 3209 665 substantia
3246 615 3480 669 mutabi-

1901 691 1965 744 lis
1994 711 2004 744 :
2043 692 2146 747 erit
2168 695 2255 761 qui
2283 695 2350 748 de
2381 696 2637 765 dignitate
2658 698 2873 754 deitatis
2903 701 2969 753 ad
2999 701 3243 757 eiiectum
3274 706 3481 773 paterni

1901 783 2121 838 honoris
2159 786 2388 841 transiit.
2435 789 2570 855 Quid
2612 805 2729 857 oro,
2757 802 2806 847 te
2842 793 2942 848 ista
2972 798 3329 865 quaestionum
3372 808 3481 853 [οτ-

1902 887 2075 932 menta
2108 878 2417 934 delectant?
2442 883 2568 952 quid
2593 886 2967 944 insolubilibus
2992 891 3352 960 objectioumn
3387 912 3479 949 no~

1900 972 1983 1025 dis
2010 971 2199 1028 vinciri
2236 988 2340 1026 non
2372 974 2567 1042 pudet?
2608 979 2734 1033 dom
2769 982 2882 1051 ipse
2912 984 3154 1054 laqueum
3200 989 3394 1052 tendis,
3426 1002 3478 1043 et

1902 1074 1953 1117 te
1974 1062 2168 1119 irretiri
2199 1080 2302 1121 non
2332 1069 2521 1123 sentis.
2565 1070 2702 1126 Dicis
2728 1088 2860 1143 ergo
2896 1094 2908 1128 :
2944 1077 3077 1132 Cum
3116 1090 3280 1144 esset,
3324 1092 3476 1135 natus

1900 1163 2002 1209 Bal.
2035 1155 2101 1209 Et
2142 1156 2253 1219 ubi,
2288 1159 2517 1227 inquies,
2548 1165 2702 1216 erat?
2738 1164 2792 1218 In
2823 1167 2985 1221 corde
3016 1169 3206 1233 Patris,
3243 1172 3292 1225 in
3325 1184 3475 1227 utero

1901 1245 2095 1314 Patris,
2128 1248 2178 1301 in
2208 1248 2326 1302 sinu
2361 1248 2555 1317 Patris,
2582 1253 2634 1307 id
2660 1264 2741 1309 est
2767 1258 2817 1310 in
2842 1260 3064 1315 occultis
3090 1274 3293 1317 natura:
3323 1280 3475 1319 area-

1900 1338 2004 1394 nis.
2038 1341 2163 1395 lude
2191 1344 2459 1397 nascendo
2487 1350 2784 1415 processit,
2816 1366 2918 1404 non
2951 1357 3250 1410 recedendo
3292 1360 3473 1415 deses.

1898 1432 1986 1485 sit.
2020 1431 2154 1503 Ego.
2173 1433 2448 1503 inquit,“
2475 1454 2562 1491 ore
2590 1439 2841 1494 .lltissimi
2871 1447 3091 1505 pret-eui
3119 1447 3302 1515 (Eccli.
3326 1466 3471 1512 xxiv.

1896 1521 1955 1589 5)
1982 1539 1996 1577 :
2027 1538 2148 1593 ego,
2176 1525 2450 1594 iuquit,de
2475 1528 2699 1584 Domino
2716 1530 2872 1586 Patre
2887 1537 3021 1588 exivi
3042 1537 3218 1607 (Joan.
3238 1544 3470 1611 “1.98).

1898 1616 2034 1670 Ecce
2060 1616 2225 1672 habes
2266 1620 2516 1675 nascendi
2549 1626 2969 1692 processionem,
3013 1629 3137 1682 audi
3184 1647 3288 1686 non
3316 1633 3470 1689 dece-

1894 1707 2071 1762 dentis
2108 1709 2248 1764 unde
2279 1723 2618 1779 processerat
2645 1716 3001 1775 mansionem.
3030 1718 3163 1791 Ego,
3196 1723 3387 1791 inquit,
3419 1728 3467 1780 in

184 1803 478 1871 superﬂua
518 1802 748 1871 ObjeCIiO
784 1803 941 1866 vieta,
987 1802 1131 1856 cedit
1172 1801 1413 1871 explosa,
1453 1814 1556 1870 qua
1601 1799 1784 1853 dicunt
1816 1781 1861 1840 Β
1895 1799 2067 1863 Putre,
2098 1813 2145 1853 et
2172 1800 2330 1856 Pater
2359 1804 2411 1856 in
2442 1820 2523 1858 ine
2553 1804 2731 1874 (Joan.
2765 1824 2871 1876 xiv,
2907 1811 3015 1880 ll).

189 1892 437 1947 Domino
473 1891 637 1949 fuisse
676 1891 1005 1963 impossibile
1039 1902 1098 1946 ut
1132 1891 1201 1946 de
1228 1906 1324 1945 sua
1364 1890 1658 1945 substantia
1694 1906 1787 1960 ge-

185 1986 439 2053 nerarit;
473 2002 592 2040 cum
638 1985 1081 2053 itnpossibilitalis
1124 1985 1255 2039 vitio
1294 1984 1529 2038 divinam
1575 1993 1779 2038 certum

184 2078 267 2131 sit
298 2092 493 2133 carere
521 2086 789 2132 naturam.
818 2076 911 2133 Sin
944 2092 1071 2132 vero
1100 2078 1281 2131 dicant
1308 2086 1509 2130 natum
1540 2077 1783 2144 impossi-

182 2165 411 2222 bilitate
454 2183 574 2222 eum
623 2182 883 2238 generare
923 2184 1026 2222 non
1070 2183 1247 2237 posse,
1290 2168 1342 2221 in
1388 2180 1630 2237 apertum
1673 2169 1781 2221 hla-

179 2261 461 2329 sphemiae
501 2262 770 2317 baratrum
798 2264 1018 2327 cadunt,
1053 2275 1358 2319 asserentes
1395 2265 1778 2333 impossibilem

178 2370 323 2407 cum
375 2356 463 2424 qui
493 2355 566 2410 sit
604 2358 963 2425 omnipotens.
1002 2356 1140 2410 Tum
1179 2356 1373 2411 deinde
1411 2356 1476 2410 de
1507 2356 1782 2409 mendacio

178 2458 428 2514 urguent
461 2448 647 2513 Deum,
680 2457 738 2503 ut
766 2447 1008 2501 homines
1037 2462 1131 2500 sua
1162 2448 1539 2516 przedicatione
1576 2446 1779 2501 lelelle-

178 2541 286 2605 rit,
327 2543 512 2597 dicens
538 2541 722 2607 Genui,
753 2559 873 2597 cum
902 2544 1193 2598 secundum
1224 2544 1355 2598 istos
1386 2544 1781 2613 impossibilita-

180 2649 304 2691 tem
354 2637 596 2691 habuerit
624 2636 942 2705 generandi.
982 2636 1220 2707 Namque
1251 2646 1308 2691 ut
1346 2637 1413 2691 de
1435 2651 1494 2691 se
1526 2637 1777 2692 ineliabili

180 2741 408 2783 natura:
458 2730 754 2783 substantia
810 2728 1083 2798 proprium
1130 2743 1189 2781 se
1246 2728 1440 2782 Filium
1492 2743 1779 2797 generasse

178 2821 445 2886 doceret,
481 2822 532 2874 in
562 2819 960 2874 obtundendam
993 2818 1391 2873 incredulorum
1423 2818 1773 2882 dementiam,

177 2922 422 2966 terrente
453 2910 750 2965 nativitatis
778 2910 1091 2964 vocabulum
1116 2909 1167 2963 in
1190 2909 1388 2963 divinas
1414 2910 1775 2978 generationis

178 3003 358 3056 traxit
395 3002 724 3071 exemplum,
769 3001 996 3057 dicens:
1033 3000 1116 3055 Ex
1157 3010 1300 3055 utero
1344 3010 1463 3054 ante
1502 3001 1771 3069 luciferum

176 3095 342 3161 genui
368 3105 414 3148 te
441 3093 611 3164 (Psal.
640 3110 745 3157 cu,
777 3092 852 3164 ³5).
882 3091 1019 3160 Quid
1051 3093 1260 3157 clarius,
1293 3090 1417 3160 quid
1450 3090 1769 3145 luculentius

1961 1892 2089 1947 item
2115 1892 2402 1963 ingenitus,
2433 1896 2695 1965 inquiunt,
2719 1897 2897 1965 Pater,
2914 1903 3128 1971 genitus
3152 1904 3333 1960 Filius.
3355 1907 3467 1965 Nor.

1887 1983 1999 2038 ﬁeri
2032 1992 2228 2054 potest,
2274 2003 2433 2042 unam
2473 1989 3014 2061 substantiamgeniti
3043 2006 3200 2065 atque
3227 1999 3463 2065 ingeniti.

1887 2077 1941 2132 Si
1964 2078 2101 2133 sicut
2129 2080 2396 2149 ingenitus
2417 2092 2500 2136 est
2523 2084 2700 2149 Pater,
2726 2086 3000 2155 ingenitus
3027 2101 3170 2144 esset
3196 2103 3250 2145 et
3276 2092 3463 2155 Filius.

1887 2179 2012 2225 tunc
2037 2172 2205 2241 magis
2232 2172 2443 2227 diversa
2475 2185 2657 2242 posset
2676 2178 2834 2249 535
2856 2194 2977 2234 esse
2999 2182 3319 2246 substantia;
3344 2186 3463 2253 quia

1886 2260 2252 2329 unusquisque
2282 2278 2310 2315 a
2340 2264 2518 2332 seipso
2548 2266 2847 2320 subsistens
2876 2272 3308 2326 connunniouem
3335 2274 3463 2327 sub-

1883 2350 2093 2404 stantiae
2120 2364 2241 2405 cum
2268 2354 2439 2407 altero
2469 2370 2573 2408 non
2607 2356 2848 2411 haberet.
2872 2357 3006 2411 Cum
3038 2375 3165 2413 vero
3196 2362 3460 2429 ingenitus

1884 2443 2045 2497 Pater
2069 2445 2136 2498 de
2164 2460 2224 2499 se
2254 2446 2391 2513 ipso,
2424 2446 2473 2501 id
2502 2458 2606 2514 est,
2638 2449 2705 2504 de
2732 2464 2797 2505 eo
2817 2452 2957 2519 quod
2992 2453 3103 2520 ipse
3127 2463 3229 2514 est,
3258 2457 3300 2507 si
3334 2457 3460 2523 quid

1885 2534 2013 2588 illud
2034 2544 2136 2599 est,
2156 2536 2345 2590 Filium
2367 2541 2664 2607 generavit,
2682 2551 2902 2608 apparet
2919 2558 3075 2596 uuam
3098 2559 3218 2597 esse
3240 2546 3461 2613 gignen-

1884 2629 1952 2682 tis
1975 2628 2247 2699 genitique
2268 2640 2532 2684 naturam.
2559 2633 2693 2685 Ecce
2719 2633 2956 2687 breviter
2976 2635 3107 2688 solvi
3132 2638 3270 2703 quod
3289 2637 3423 2690 dixit
3446 2656 3457 2690 :

1882 2720 2301 2789 propositionem
2328 2737 2524 2784 meam,
2554 2724 2598 2777 si
2630 2725 2789 2787 valet,
2819 2725 2931 2793 ipse
2959 2726 3196 2794 qualibet
3218 2737 3333 2781 arte
3352 2728 3459 2782 dis.

1877 2814 2067 2867 solvat.
2122 2814 2279 2879 Dicit,
2327 2815 2594 2885 lngenitus
2642 2817 2800 2871 Pater
2840 2828 2950 2881 est,
3001 2834 3096 2887 pro
3128 2820 3227 2873 hoc
3258 2821 3372 2889 ipso
3403 2832 3457 2875 ut

1877 2905 2089 2959 Patrem
2133 2906 2427 2973 ingenitum
2464 2918 2702 2971 asserat;
2760 2910 2898 2977 quod
2943 2912 3157 2980 quidem
3193 2928 3452 2981 nusquam

1876 2999 2131 3067 seriptnm
2163 3000 2449 3054 ostendere
2482 3001 2708 3069 poterit;
2738 3017 2836 3071 ego
2866 3002 3074 3057 Patrem
3110 3004 3272 3058 Deum
3305 3007 3453 3072 geni-

1876 3100 2046 3143 torem
2075 3092 2347 3159 appellare
2377 3092 2532 3156 volo;
2576 3095 2715 3162 quod
2756 3096 3013 3163 scriptum
3053 3112 3172 3151 esse
3204 3097 3453 3153 facillime

176 3154 339 3253 ἐπὶ)τί
383 3154 631 3240 divinitas
670 3154 1110 3255 potuitiwquibus
1141 3154 1375 3245 indiciis,
1420 3182 1614 3251 quibus
1646 3182 1763 3235 exi.
1795 3154 1839 3216 C
1871 3154 2267 3235 demonstrabo.
2306 3154 2642 3253 Respondeat
2668 3202 2795 3255 ergo
2825 3154 2952 3248 mihi
2977 3199 3152 3242 utrum
3184 3190 3449 3258 ingenitus

177 3283 442 3335 stentium
474 3296 650 3335 rerum
681 3280 964 3348 exemplis,
992 3278 1371 3347 proprietatem
1403 3276 1765 3343 generationis

176 3372 669 3441 potuitintimare?
698 3389 858 3442 quam
890 3380 945 3424 ut
969 3385 1136 3439 usque
1158 3369 1226 3422 ab
1249 3367 1385 3422 uteri
1412 3368 1766 3434 appellatione

175 3467 531 3535 semetipsum
562 3464 928 3532 compararit?
956 3462 1071 3516 Non
1097 3461 1220 3531 quia
1251 3460 1524 3525 corporeis
1550 3473 1766 3526 compos

174 3562 319 3615 situs
347 3573 428 3616 est
455 3561 729 3633 membris,
761 3572 851 3612 aut
878 3557 1142 3626 aliquibus
1174 3554 1336 3625 535
1359 3563 1570 3609 artuum
1600 3553 1766 3607 linea-

174 3653 382 3706 mentis
425 3653 727 3716 distinctus,
772 3648 865 3704 sed
893 3648 1018 3718 quia
1051 3662 1149 3701 nos
1189 3646 1346 3699 aliter
1377 3645 1653 3698 veritatem
1684 3642 1764 3696 di-

170 3742 320 3797 vinas
342 3743 698 3812 generationis
722 3742 903 3796 auditu
928 3741 1124 3794 mentis
1148 3740 1423 3808 percipere
1447 3752 1552 3790 non
1581 3751 1762 3804 posse-

170 3850 325 3898 mus,
368 3838 466 3889 uisi
510 3838 723 3891 humani
763 3836 897 3890 uteri
929 3848 1343 3903 provocaremur
1383 3831 1667 3899 exemplo;
1705 3841 1759 3883 ut

171 3925 377 3994 ambigi
417 3926 552 3979 ultra
594 3943 699 3980 non
740 3936 942 3995 posset,
987 3926 1054 3979 de
1094 3924 1190 3978 Dei
1235 3924 1530 3978 substantia
1578 3932 1755 3975 natum

172 4032 327 4080 esse,
354 4034 509 4085 quem
537 4027 747 4072 constat
771 4018 835 4072 de
860 4019 1032 4072 Patris
1056 4027 1204 4071 utero
1226 4016 1574 4084 processisse.
1592 4013 1758 4067 Porro

170 4110 294 4171 isti.
337 4118 589 4179 quantum
632 4108 808 4171 video,
852 4124 1101 4177 magnum
1144 4108 1304 4161 rebus
1347 4106 1474 4159 dare
1505 4118 1758 4172 compen-

170 4200 329 4254 dium
373 4200 555 4253 volunt
581 4216 594 4252 :
620 4199 665 4254 si
702 4200 845 4254 enim
883 4200 1113 4251 fatentur
1143 4198 1309 4250 Deum
1352 4211 1456 4249 non
1484 4195 1755 4263 genuisse,

169 4307 282 4345 non
308 4300 389 4345 est
410 4307 513 4360 qua
540 4307 645 4345 non
672 4291 1025 4346 confiteantur
1070 4289 1265 4343 Filium
1298 4298 1475 4341 natum
1503 4302 1622 4342 esse
1650 4304 1663 4339 :
1695 4302 1755 4343 ac

169 4383 251 4435 sic
283 4382 461 4435 omnis
494 4383 647 4436 nobis
672 4382 773 4435 erit
805 4382 1082 4451 proﬂigata
1104 4382 1398 4435 contentio.

244 4473 382 4528 Dum
407 4482 591 4541 aperte
618 4484 835 4542 negant,
876 4473 1002 4525 dum
1049 4472 1203 4525 fateri
1250 4472 1523 4537 simulant,
1571 4486 1752 4524 rursu-a
1784 4499 1833 4558 Ι)

172 4562 438 4631 objiciunt
464 4580 476 4616 :
509 4563 642 4618 Cum
684 4572 847 4626 esset,
876 4573 1031 4616 natos
1061 4572 1165 4627 est,
1191 4578 1257 4615 an
1287 4578 1405 4615 cum
1439 4578 1544 4615 non
1575 4564 1755 4617 esset?

170 4655 340 4710 Recte
368 4655 687 4725 objicerent,
711 4655 755 4709 si
778 4655 1109 4709 nativitatem
1145 4655 1262 4709 Filii
1294 4656 1502 4723 penitus
1527 4670 1631 4709 non
1657 4671 1752 4710 ne-

168 4758 405 4816 garent:
464 4748 635 4803 solum
677 4747 745 4801 de
788 4747 1117 4816 temporibus
1159 4749 1384 4815 qureStio
1425 4760 1748 4813 remaneret,

168 4851 350 4894 utrum
377 4848 501 4893 ante
525 4848 757 4908 tempus,
773 4854 837 4892 an
862 4854 928 4893 ex
950 4846 1194 4903 tempore
1212 4839 1370 4892 fuerit
1393 4849 1570 4906 natus,
1591 4856 1748 4910 quem

170 4939 350 4984 tamen
381 4940 562 4984 natum
584 4944 704 4984 esse
727 4929 1023 4983 constabat.
1044 4929 1110 4984 At
1128 4943 1247 4982 cum
1270 4931 1487 4984 omnino
1513 4939 1748 4999 paterna:

167 5022 533 5088 generationis
562 5021 800 5075 adimant
832 5020 1138 5084 veritatem,
1167 5036 1263 5074 cur
1284 5019 1353 5074 de
1381 5036 1446 5074 eo
1473 5024 1751 5091 requirunt

167 5112 381 5177 quando
422 5111 714 5165 nativitatis
757 5111 1045 5181 sumpserit
1083 5120 1280 5175 ortum,
1326 5128 1484 5180 quem
1531 5116 1751 5169 omnino

168 5204 436 5274 denegant
458 5206 673 5260 natum?
693 5207 1071 5262 Verumtamen
1094 5221 1161 5259 ne
1186 5206 1550 5274 responsionis
1575 5206 1748 5275 inopia

170 5297 260 5352 ista
287 5298 588 5354 obtendere
619 5299 919 5367 videamur,
955 5298 1266 5367 qttatstiouis
1295 5299 1616 5353 solutionem
1649 5301 1749 5356 isw

171 5390 321 5444 initio
342 5390 566 5457 ordinis,
596 5391 675 5445 sic
718 5391 941 5444 similem
974 5398 1028 5442 et
1055 5404 1151 5443 nos
1177 5389 1475 5444 referentes
1506 5390 1747 5454 primitus

172 5484 545 5550 qurestionem,
574 5495 748 5538 utrum
778 5498 898 5537 cum
928 5482 1087 5536 Pater
1117 5493 1258 5536 esset
1284 5482 1419 5535 Deus
1445 5482 1630 5537 Filium
1660 5499 1750 5552 ge-

174 5579 398 5642 neravit,
429 5594 494 5631 an
522 5593 640 5631 cum
675 5577 830 5630 Pater
853 5592 961 5628 non
984 5585 1143 5629 esset.
1172 5575 1225 5629 Si
1249 5590 1367 5628 cum
1392 5574 1549 5629 Pater
1570 5585 1709 5629 esset
1732 5592 1744 5638 ;

175 5684 296 5740 ergo
328 5681 383 5726 et
417 5671 627 5734 Filium,
652 5684 771 5721 cum
802 5677 945 5721 esset
968 5662 1130 5721 Filios
1156 5667 1461 5735 generavit:
1483 5678 1536 5721 et
1558 5668 1599 5719 si
1625 5682 1743 5720 cum

176 5760 327 5824 I‘aler
373 5782 477 5821 non
520 5776 694 5829 esset,
746 5763 1039 5834 profectum
1088 5778 1213 5828 ergo
1260 5762 1475 5815 honoris
1521 5762 1743 5830 accepit,

1870 3285 1923 3328 et
1965 3279 2174 3344 genitus
2214 3276 2479 3331 diversam
2510 3290 2737 3347 possunt
2765 3281 2960 3335 habere
3000 3295 3266 3345 naturam,
3307 3288 3446 3352 quod

1870 3381 1968 3420 nec
1999 3369 2053 3420 in
2078 3368 2372 3438 Adam,qui
2397 3371 2610 3439 genitus
2640 3388 2744 3425 non
2774 3376 2976 3442 est,qui
3003 3390 3068 3427 ex
3096 3391 3163 3430 eo
3190 3387 3345 3429 natus
3367 3388 3447 3431 est

1871 3462 2066 3528 poterit
2084 3461 2474 3517 demonstrare.
2508 3464 2658 3530 Quod
2688 3465 2731 3518 si
2764 3467 2865 3518 hoc
2892 3468 3042 3520 fateri
3073 3468 3321 3525 voluerit.
3348 3472 3445 3522 mi-

1870 3566 1960 3605 ror
1985 3554 2029 3605 si
2056 3553 2216 3606 totius
2247 3563 2430 3608 contra
2462 3570 2520 3608 se
2544 3564 2745 3609 natura:
2776 3556 3117 3611 reclamantis
3141 3560 3445 3613 testimonio

1867 3659 1972 3699 non
2014 3645 2350 3710 succumbat,
2390 3662 2510 3715 qua:
2536 3647 2669 3701 nihil
2699 3648 2843 3702 aliud
2883 3664 3040 3718 quam
3073 3649 3123 3703 id
3150 3651 3290 3719 quod
3328 3652 3444 3719 ipsa

1863 3750 1941 3791 est
1976 3746 2211 3804 generat.
2259 3737 2365 3793 Sed
2396 3754 2493 3793 nec
2527 3739 2920 3795 calumnientur
2945 3756 3041 3795 nos
3071 3750 3296 3796 terreme
3330 3744 3439 3797 ori-

1862 3830 1999 3899 ginis
2026 3830 2261 3884 voluisse
2283 3831 2355 3885 uti
2386 3833 2635 3902 exemplo
2661 3850 2672 3884 :
2701 3832 2766 3887 ad
2802 3834 2965 3902 ipsius
2994 3833 3187 3889 divina:
3215 3837 3442 3890 auctori-

1865 3922 1986 3973 tatis
2015 3922 2379 3991 magisterium
2413 3938 2749 3977 recurramus
2776 3943 2787 3976 :
2824 3925 2947 3979 licet
2973 3927 3007 3991 ig
3028 3941 3087 3979 se
3118 3928 3282 3994 magis
3312 3929 3441 3982 inei-

1862 4011 2080 4067 faliilem
2124 4014 2510 4081 omnipotentis
2554 4014 2645 4067 Dei
2689 4014 3052 4077 nativitatem,
3093 4033 3159 4069 ex
3199 4019 3443 4073 humana:

1861 4104 2220 4171 generationis
2263 4104 2651 4157 consuetudine
2683 4106 2964 4168 metiatur;
2997 4105 3255 4174 objiciens
3284 4107 3439 4172 Filio,

1862 4197 1983 4263 quia
2007 4195 2052 4248 si
2084 4204 2239 4248 natus
2269 4206 2373 4257 est,
2399 4212 2503 4248 non
2534 4196 2632 4249 fuit
2669 4209 2953 4265 antequam
2983 4206 3310 4252 nasceretur.
3344 4200 3439 4267 lgi—

1863 4296 1978 4347 tur,
2013 4295 2068 4337 ut
2097 4285 2239 4350 dixi,
2288 4285 2486 4341 divinis
2529 4298 2613 4341 est
2652 4289 3055 4355 approbandum
3097 4291 3436 4357 testimoniis,

1862 4377 2073 4432 Patrem
2115 4389 2168 4432 et
2211 4379 2401 4434 Filium
2446 4381 2603 4433 unius
2631 4395 2749 4434 esse
2780 4391 3001 4435 naturze.
3052 4383 3127 4436 De
3156 4383 3265 4436 Deo
3292 4395 3440 4441 certe

1862 4471 2018 4525 Patre
2060 4472 2303 4540 legimus,
2349 4472 2555 4526 Joanne
2583 4476 2827 4541 apostolo
2870 4462 3202 4531 contestante
3232 4495 3245 4530 :
3278 4476 3436 4541 Deus,

1862 4564 2056 4631 inquit.
2086 4566 2176 4619 tua:
2206 4576 2299 4629 est,
2323 4577 2370 4619 et
2395 4567 2684 4620 tenebrtein
2704 4584 2764 4620 eo
2790 4586 2891 4621 non
2916 4581 3032 4623 sunt
3054 4572 3176 4623 ιιιρίιι
3206 4570 3256 4639 (Ι
3282 4570 3437 4625 Joau.

1861 4665 1898 4715 t,
1924 4651 2002 4716 5).
2035 4650 2198 4704 Filius
2230 4666 2357 4705 vero
2387 4653 2454 4705 de
2482 4666 2541 4706 se
2572 4654 2687 4721 ipso
2719 4655 2832 4707 ait:
2866 4652 2976 4725 Ego
3005 4672 3114 4707 sum
3144 4657 3233 4709 lux
3259 4656 3419 4724 (Joan

1858 4759 1973 4808 v1.1,
2004 4744 2113 4813 1‘2).
2145 4745 2198 4799 Si
2227 4746 2383 4813 igitur
2413 4746 2502 4799 lux
2533 4746 2711 4809 Pater,
2734 4748 2818 4801 lux
2846 4748 3265 4817 Filius,apparet
3288 4751 3439 4803 unius

1857 4850 1979 4889 esse
2010 4836 2484 4898 substantite,dum
2508 4837 2643 4891 lucis
2666 4849 2721 4891 et
2743 4838 2873 4892 locis
2896 4840 3104 4907 diversa
3134 4856 3239 4893 non
3266 4852 3441 4906 potrst

1858 4941 1978 4981 esse
2009 4936 2216 4989 natura,
2245 4927 2363 4995 ejus
2387 4928 2592 4981 scilicet
2613 4944 2730 4997 qua:
2754 4928 2822 4981 de
2852 4930 3119 5000 segignit,
3148 4941 3198 4983 et
3226 4945 3343 4997 qua:
3373 4931 3441 4983 de

1860 5019 2111 5088 gignente
2138 5019 2337 5073 existit.
2374 5018 2611 5086 Denique
2636 5035 2703 5074 ne
2730 5020 2960 5090 aliquam
2994 5020 3275 5075 temeraria
3306 5035 3438 5088 pra:-

1857 5116 2163 5182 sumptione
2195 5115 2333 5169 inter
2357 5116 2565 5170 Patrem
2596 5126 2651 5171 et
2681 5116 2870 5171 Filium
2901 5117 3259 5171 diversitatem
3287 5125 3438 5167 natu-

1859 5208 1987 5261 ralis
2026 5207 2244 5260 luminis
2288 5207 2609 5272 introducat,
2648 5219 2882 5276 paternae
2923 5209 3057 5262 lucis
3095 5207 3436 5275 splendorem

1859 5316 1977 5355 esse
2007 5301 2199 5354 Filium
2232 5300 2506 5367 Scriptura
2539 5300 2775 5364 tradidit,
2802 5301 2984 5354 dicens
3013 5318 3024 5352 :
3063 5298 3319 5365 Splendor
3347 5309 3436 5361 est,

1858 5393 2055 5462 inquit,
2086 5392 2214 5445 lucis
2243 5403 2460 5450 ceterum,
2488 5403 2535 5446 et
2562 5394 2825 5458 speculum
2852 5392 3176 5445 sinc'macula
3205 5390 3295 5443 Dei
3328 5406 3437 5442 nta-

1846 5484 2071 5554 jestatis,
2100 5493 2146 5537 ct
2173 5484 2337 5553 imago
2365 5486 2601 5538 bonitatis
2632 5486 2775 5537 illius
2799 5482 2954 5552 (δίῳ.
2982 5499 3074 5545 vn,
3094 5482 3186 5547 9.6)
3216 5498 3229 5534 :
3260 5482 3310 5535 in
3334 5500 3438 5545 quo

1857 5576 2154 5629 evidentius
2187 5586 2238 5629 et
2268 5586 2569 5630 comternns
2597 5575 2759 5638 Patri,
2794 5584 2845 5627 et
2879 5571 3248 5638 inseparabilis
3278 5588 3305 5625 a
3338 5573 3436 5625 Pa-

1857 5680 1956 5733 tre,
2010 5680 2063 5723 et
2105 5670 2258 5723 unius
2297 5684 2415 5723 eum
2448 5684 2512 5722 eo
2559 5680 2677 5722 esse
2722 5676 2921 5718 natura-
2964 5664 3204 5718 doct-tur.
3254 5666 3436 5721 Omnis

1856 5762 1994 5814 enim
2052 5763 2100 5812 in
2156 5762 2253 5813 hoc
2309 5760 2451 5813 brevi
2501 5758 2763 5812 versiculo
2814 5754 3089 5809 talliolica)
3141 5757 3264 5810 lidei
3320 5774 3434 5826 pro.
