3978 6380
587 337 692 390 ιῖὸ

1391 336 1479 390 AD
1515 334 1740 390 OPERA
1782 328 2008 391 VlGlI'Jl
2046 332 2414 389 TAPSENSIS
2453 332 2808 389 APPENDI'X.
3723 347 3801 393 4ῖά

584 438 774 502 additis
804 449 1130 518 novitatibus,
1158 448 1444 515 plenissime
1468 449 1521 501 iu
1551 450 1620 503 eis
1650 450 1791 503 libris
1814 464 1943 518 quos
1972 448 2151 500 adver-
2183 445 2230 505 Α
2255 446 2368 513 jam
2398 446 2583 518 (credo
2610 446 2626 513 )
2655 446 2741 501 ille
2781 458 2981 500 sanctus
3020 419 3255 501 Immanis
3285 450 3430 501 rebus
3461 449 3637 517 fuisset
3668 467 3804 504 erem-

583 536 671 573 sus
700 520 1009 582 Sabellium,‘
1030 517 1307 573 Pltotinum
1338 528 1380 571 et
1405 520 1612 583 Arium,
1642 519 1731 572 sub
1759 517 1963 573 nomine
1992 520 2152 571 Atha-

584 590 719 643 nasii
744 630 758 652 ,
793 600 1034 654 tanquam
1075 591 1119 642 si
1148 596 1417 658 pra-sentes
1446 606 1559 641 cunt
1599 592 1926 659 prasentibus
1948 599 2156 657 agerent

593 661 703 728 (ubi
738 661 891 713 etiam
925 660 1194 727 cognitoris
1217 675 1430 727 persona
1454 660 1653 712 videtur
1677 660 1908 729 inducta)
1935 660 2156 712 conscri-

584 730 801 796 psimus,
824 749 855 783 a
886 730 1027 781 nobis
1056 730 1207 795 fuerit
1237 745 1563 796 expressum;
1593 740 1759 783 tamen
1788 742 1831 783 et
1860 747 1995 783 nunc
2038 746 2155 795 per-

586 815 751 864 pauca
776 800 942 853 studio
969 799 1222 852 brevitatis
1250 798 1542 863 inserimus,
1588 816 1653 854 ex
1679 801 1857 868 quibus
1901 802 2021 854 istos
2049 804 2156 852 cla-

583 879 692 921 reat
712 872 924 923 nimium
949 871 1206 935 imperitos
1234 880 1279 923 et
1309 874 1606 924 temerarios
1631 888 1761 933 esse,
1790 873 1879 938 qui
1920 871 2153 923 nesciunt

584 940 769 992 inultus
812 940 928 1007 ﬁdei
970 940 1353 993 constitutiones
1405 952 1517 1005 post
1569 938 1836 994 Nictvnam
1878 942 2151 1010 synodum,

582 1021 759 1062 contra
797 1024 1039 1062 novorum
1085 1010 1440 1063 hereticorum
1476 1012 1687 1065 insanas
1717 1015 2022 1077 eruptiones.
2073 1013 2155 1064 di-

582 1080 734 1152 versis
763 1081 813 1152 in
844 1080 967 1131 locis
996 1090 1326 1152 congregatos
1356 1082 1616 1148 episcOpos
1655 1081 1893 1135 edidisse.
1940 1086 2054 1149 Quo
2086 1098 2151 1136 ex

582 1149 699 1200 lucu
719 1190 733 1213 ,
764 1150 832 1203 de
865 1149 1077 1211 inuenio
1098 1149 1293 1205 eodem
1328 1162 1626 1218 promptum
1657 1166 1780 1206 esse
1810 1152 1948 1205 hunc
1979 1154 2152 1205 dialo-

580 1234 701 1289 gum
721 1220 888 1273 tribus
908 1219 1058 1273 libris
1073 1230 1431 1283 constantem,
1451 1221 1559 1289 jam
1586 1222 1713 1275 olim
1740 1222 1969 1275 advertit
1989 1222 2154 1277 Geor-

580 1288 697 1362 gius
720 1289 1042 1362 Gassauder,
1074 1292 1164 1359 qui
1194 1306 1316 1344 eum
1367 1288 1513 1345 libris
1558 1292 1813 1346 adversus
1853 1293 2149 1362 Entyenem

581 1360 632 1430 iu
674 1358 913 1414 editione
954 1358 1259 1414 Coloniensi
1291 1362 1416 1414 anni
1460 1362 1597 1417 1555
1628 1363 1828 1427 primus
1852 1358 2146 1430 Cunjutixit.

579 1429 685 1504 Gur
710 1440 886 1483 autem
910 1430 1073 1504 hujus
1097 1432 1433 1504 dialogirqni
1459 1447 1488 1504 a
1520 1433 1708 1496 Vigilio
1734 1442 1816 1504 est
1841 1429 2016 1487 editus
2044 1434 2151 1504 32

579 1502 661 1564 (ut
688 1515 846 1567 supra
878 1502 1083 1570 monui)
1110 1516 1231 1555 cum
1262 1502 1390 1555 nihil
1425 1502 1473 1555 ei
1503 1518 1532 1555 a
1570 1503 1819 1555 Vandalis
1856 1502 2148 1556 timendum

579 1570 871 1640 videretur.
914 1572 1085 1640 stylus
1126 1582 1378 1640 appareat
1420 1574 1487 1625 ab
1531 1588 1595 1625 eo
1621 1588 1728 1640 quo
1764 1576 1999 1628 contexti
2031 1584 2154 1628 sunt.

579 1639 696 1719 libri
727 1650 914 1695 contra
956 1639 1250 1710 Eutychum
1290 1641 1429 1696 haud
1454 1644 1608 1712 paulo
1638 1639 1905 1709 diversus,
1934 1660 2149 1698 causam

578 1723 759 1777 accipe

830 1821 944 1879 111.
992 1824 1164 1896 Hujus
1192 1825 1534 1879 altercationis
1561 1828 1742 1895 [omne
1767 1825 1901 1879 duce.

648 1915 1025 1972 Altercationis
1048 1919 1323 1971 Athanasii
1344 1928 1503 1985 atque
1525 1920 1635 1972 Arii
1658 1934 1837 1973 coram
1870 1918 2047 1973 Probo
2067 1919 2153 1986 ju-

578 1985 699 2059 dice
744 1988 1006 2041 editiones
1051 1988 1186 2043 duas
1233 1990 1446 2043 codices
1491 1990 1692 2059 antiqui
1742 1985 2149 2056 repriesentant.

579 2056 729 2109 Prior
752 2068 860 2111 tres
883 2066 1107 2121 tantum,
1128 2075 1319 2121 nempe
1346 2056 1712 2119 Athanasium.
1739 2062 1923 2114 Arium
1945 2072 1997 2113 el
2023 2062 2151 2115 Prn-

580 2127 703 2180 bum
734 2129 1143 2183 interlocutores
1169 2128 1355 2193 habet;
1389 2131 1650 2194 posterior
1677 2129 1967 2185 Sabellium
2001 2132 2148 2185 insu-

583 2212 680 2269 per!
702 2210 755 2251 et
799 2198 1083 2269 l‘llolinum
1132 2201 1411 2263 loquentes
1443 2199 1646 2252 indic-it.
1682 2200 1877 2253 l’rinris
1908 2202 2149 2269 praelatio

582 2267 810 2338 incipit:
845 2268 975 2321 Cum
1019 2271 1161 2327 apud
1208 2270 1475 2336 Nil-team;
1513 2284 1672 2338 quam
1718 2267 1920 2338 excipit
1967 2272 2147 2326 ﬁctilia

579 2336 873 2409 Gonstanlii
904 2341 1065 2393 Sacra
1100 2358 1113 2394 :
1149 2341 1456 2408 anIerinris
1496 2336 1881 2408 prtelatxoneui,
1919 2358 2039 2409 qua:
2068 2344 2150 2396 in-

578 2407 706 2473 cipit
740 2426 752 2461 :
786 2408 919 2461 Dum
946 2407 1231 2463 mecuiu’de
1258 2411 1377 2476 [idei
1406 2407 1630 2473 veritate,
1660 2412 1883 2466 antehac
1905 2407 2008 2465 non
2033 2414 2148 2467 edi—

578 2485 863 2551 laui_unns
911 2480 1057 2551 dedit
1080 2482 1246 2535 codex
1276 2482 1528 2535 'l‘huauus
1552 2498 1566 2535 :
1594 2492 1711 2551 post
1748 2497 1904 2548 quam
1949 2485 2145 2537 omi~sa

580 2548 892 2621 praefatione
914 2550 1035 2604 Cum
1068 2553 1202 2621 apud
1233 2551 1485 2614 Nicteam.
1514 2561 1568 2606 et
1596 2548 1819 2620 epistola
1844 2553 2145 2609 Constantii

580 2618 936 2684 imperatoris,
972 2618 1174 2674 mitium
1202 2623 1254 2674 lit
1287 2623 1337 2674 lll
1369 2624 1553 2677 Codice
1581 2618 1804 2676 'I'ltuano
1829 2625 1895 2676 ab
1923 2623 2003 2676 bis
2028 2639 2148 2677 vero

578 2686 658 2739 bis
686 2705 701 2740 :
740 2688 938 2761 Probus
958 2694 1121 2761 judea:
1146 2693 1272 2745 dixit
1300 2732 1313 2754 ,
1346 2693 1652 2761 perspiciens
1677 2694 1729 2745 in
1753 2694 2006 2746 idolorum
2034 2695 2145 2747 culo

576 2768 709 2811 tura.
744 2759 895 2813 Prior
924 2759 1128 2817 duabus
1156 2772 1363 2816 constat
1384 2759 1698 2826 actionibus,
1734 2778 1827 2816 seu
1859 2765 2007 2817 libris
2042 2775 2145 2818 lot-

576 2829 737 2901 idem,
767 2841 821 2884 et
846 2834 1180 2887 cencluibtur
1224 2834 1580 2901 appellatione
1634 2835 1745 2887 Arii
1798 2834 1865 2886 ad
1914 2836 2142 2890 tribunal

577 2900 831 2968 principis
861 2918 876 2955 :
910 2905 1190 2965 posterior,
1220 2900 1412 2971 praeter
1440 2906 1570 2957 cluas
1595 2906 1860 2960 actiones.
1892 2905 2049 2961 habet
2075 2908 2141 2960 ad

582 2972 760 3045 tinem,
783 2972 898 3026 libri
919 2974 1059 3027 tertii
1080 2976 1243 3045 instar
1272 2977 1591 3045 sententiam
1612 2974 1766 3027 Probi
1789 2974 2002 3040 judicis.
2025 2992 2143 3045 qua:

575 3039 643 3091 ab
672 3044 993 3108 Athanasio,
1041 3044 1272 3099 Sabellio
1292 3086 1307 3107 ,
1342 3046 1468 3098 Ario
1493 3060 1555 3099 ac
1586 3039 1812 3098 Photino
1837 3046 1974 3099 dicta
1997 3039 2141 3100 sum-

575 3111 757 3164 malim
786 3114 1006 3182 colligit.
1034 3115 1186 3169 Prior
1214 3117 1368 3184 longe
1393 3124 1478 3168 est
1499 3116 1712 3170 brevior
1743 3117 2059 3184 posteriore,
2085 3120 2136 3172 in

2182 1808 2231 1869 Β

2258 526 2397 583 ptus,
2422 517 2795 588 iurefuta’ione
2811 519 3056 571 dictorum
3078 521 3186 588 ejus
3211 519 3442 585 qua'dani
3470 520 3684 570 credidit
3709 537 3803 573 cou-

2256 587 2541 659 scribenda.
2562 588 2632 659 _Si
2657 588 2777 653 quid
2799 604 2921 659 ergo
2949 587 3131 659 nuuca
3158 598 3205 641 te
3224 588 3376 659 objici
3401 589 3588 653 potuit,
3617 590 3802 658 illejum

2255 655 2361 707 suis
2387 657 2749 726 objectionibus
2780 655 3063 725 occupavit.
3083 656 3176 712 Cui
3220 655 3457 723 quoniam
3488 676 3589 711 uno
3607 655 3805 727 jum're-

2256 727 2441 797 spondi
2464 727 2667 789 libello,
2710 728 2888 781 melius
2922 744 3058 792 reor,
3103 731 3144 782 si
3173 745 3270 796 qua
3300 730 3379 781 hic
3392 734 3609 797 fortasse
3651 747 3806 784 omissa

2255 795 2511 869 vide-itur,
2538 798 2607 850 ibi
2639 798 2834 865 plenius
2863 800 3032 851 divina
3061 801 3338 868 opitulante
3355 795 3521 868 gratia
3548 802 3804 869 explicare,

2258 866 2385 938 ut
2413 868 2502 919 illo
2523 884 2584 938 se
2602 884 2798 936 quoque
2822 870 2971 921 Arius
2999 866 3287 932 superatum
3315 866 3579 938 agnoscat.

2329 936 2487 1009 Multa
2520 936 2605 991 hic
2654 953 2749 992 nos
2793 938 2948 993 docet
2988 938 3208 1002 Vigilius
3240 955 3253 991 :
3288 936 3605 1009 lv'rcopiose
3656 940 3809 1009 dispu.

2257 1013 2399 1059 lasse
2427 1006 2636 1077 beatum
2663 1009 2997 1062 Ambrosium
3020 1009 3271 1062 adversus
3291 1008 3521 1063 Arianos
3547 1025 3560 1060 :
3598 1006 3808 1077 quodvab

2259 1090 2324 1131 eo
2354 1074 2642 1144 perfectum
2685 1090 2879 1132 norunt
2905 1094 3116 1143 names,
3143 1090 3250 1131 tum
3295 1078 3421 1132 alibi
3465 1074 3687 1145 passim,
3722 1093 3805 1133 tutu

2259 1149 2551 1219 inaxiniein
2580 1148 2735 1219 libris,
2757 1150 2823 1201 de
2854 1147 2982 1202 Fide
2996 1148 3176 1219 θῆρά
3203 1148 3533 1207 Gratianum.
3556 1158 3615 1202 et
3633 1151 3699 1202 de
3715 1152 3809 1215 Spi-

2255 1216 2361 1268 ritu
2397 1227 2601 1271 sancto.
2634 1218 2691 1271 2“
2721 1216 3200 1272 Palladiunfhiisse
3230 1235 3323 1285 per
3350 1233 3410 1272 ea
3442 1230 3688 1286 tempora
3715 1226 3807 1288 epi-

2255 1300 2474 1353 sc0pmn
2516 1288 2807 1346 Ariauum:
2853 1290 2920 1344 de
2961 1304 3066 1358 quo
3095 1304 3190 1341 nos
3221 1305 3343 1342 mox
3382 1289 3555 1357 plura.
3601 1290 3663 1344 3°
3691 1291 3806 1344 Con-

2255 1358 2510 1424 scriptum
2551 1359 2619 1411 ab
2664 1362 2762 1413 hoc
2789 1358 3025 1412 Palladio
3065 1360 3258 1413 librum
3290 1360 3354 1412 ad
3400 1360 3684 1413 refutanda
3705 1362 3809 1413 Ant-

2257 1425 2417 1498 brnsii
2447 1426 2607 1498 dicta,
2634 1428 2742 1495 jam
2771 1428 2874 1481 vita
2903 1428 3082 1483 functo
3104 1428 3120 1498 (
3145 1438 3202 1482 ut
3232 1428 3453 1495 Vigilius
3482 1439 3637 1497 putat
3666 1431 3683 1496 )
3710 1436 3809 1484 Ant-

2258 1496 2457 1549 brns‘lo.
2488 1496 2545 1548 4°
2587 1499 2889 1568 Occupasse
2942 1496 3231 1553 Palladium
3284 1496 3686 1564 objectionibus
3722 1504 3809 1553 suis

2257 1581 2588 1634 quaecunque
2610 1569 2677 1621 ab
2708 1574 2855 1637 Arni,
2888 1570 2986 1623 hoc
3012 1581 3088 1623 est
3117 1570 3185 1623 ab
3207 1570 3422 1623 homine
3445 1570 3657 1622 Ariauo
3680 1572 3809 1637 ohj-ci

2258 1648 2520 1709 pelerant.
2550 1640 2605 1709 δέ
2634 1638 2876 1705 Vigilium
2916 1640 3127 1693 Palladii
3158 1640 3586 1708 argutatinnibus
3616 1655 3809 1709 respou-

2256 1706 2399 1777 disse
2427 1722 2533 1759 uno
2578 1708 2778 1762 libello.
2804 1709 2859 1762 6"
2887 1709 3072 1763 Melius
3093 1706 3259 1762 vismu
3292 1710 3499 1777 Vigilio,
3530 1711 3576 1762 si
3600 1706 3809 1777 qua—lunt

2259 1772 2486 1848 lortasse
2511 1789 2697 1832 contra
2726 1782 2951 1833 Arianos
2972 1788 3280 1846 argumenta
3302 1772 3407 1831 utin
3430 1772 3733 1848 colligeret.
3761 1796 3807 1833 ea

2259 1844 2311 1898 iu
2337 1856 2560 1901 tractatu
2590 1848 2846 1904 adversus
2868 1844 3155 1902 Palladium
3185 1851 3392 1914 plenius
3408 1844 3689 1915 explicare
3709 1852 3806 1917 (hoc

2254 1925 2358 1984 est,
2384 1918 2595 1983 opinor,
2626 1919 2850 1972 lectores
2867 1935 2993 1972 suos
3013 1921 3076 1972 ad
3105 1922 3329 1973 alterum
3354 1920 3488 1973 illud
3510 1935 3677 1973 suum
3701 1936 3808 1986 Opus

2256 1988 2571 2059 remittere).
2606 1998 2664 2042 ut
2689 1988 2740 2041 in
2772 1990 3003 2042 Palladio
3024 2005 3081 2044 se
3104 1993 3285 2054 Arius,
3309 1990 3423 2044 sive
3448 1991 3692 2043 Arianus
3710 2010 3802 2059 qut-

2256 2056 2386 2112 libet
2408 2059 2709 2113 convictum
2731 2074 2849 2113 esse
2875 2070 3207 2125 agnuseeret.

2324 2127 2720 2200 Fuit,_0pinor,
2738 2130 2822 2183 hic
2868 2130 3130 2184 Palladius
3168 2131 3482 2199 episc0pus.
3525 2130 3709 2200 hydrae
3731 2144 3803 2183 seu

2252 2195 2442 2269 Scylla:
2467 2198 2678 2252 Arianae
2706 2209 2865 2266 caput
2894 2216 3077 2263 unum,
3116 2202 3182 2255 de
3204 2195 3316 2269 'quo
3340 2195 3663 2253 Atttbrosius
3688 2202 3762 2254 lib.
3788 2220 3803 2254 ι

2250 2266 2319 2321 de
2350 2268 2479 2322 Fide
2503 2270 2566 2322 ad
2596 2270 2926 2333 Gratianum,
2957 2285 3072 2337 cap.
3112 2275 3165 2329 ιι.
3190 2266 3276 2324 υἰιί
3304 2272 3371 2324 de
3402 2271 3568 2323 Arian
3596 2286 3626 2322 s
3657 2273 3714 2322 ila
3740 2272 3799 2321 In-

2250 2338 2463 2409 quitur:
2492 2339 2668 2409 Itaque
2688 2356 2819 2393 nunc
2844 2343 2893 2393 in
2921 2341 3087 2407 plures
3109 2358 3214 2394 sese
3240 2343 3453 2394 divisere
3481 2342 3703 2409 formas.
3723 2343 3802 2392 Atii

2252 2405 2594 2471 Eunomium,
2613 2412 2688 2463 vel
2715 2405 2937 2475 Aetium,
2965 2413 3053 2464 alii
3084 2411 3406 2473 PALLAIHUII,
3437 2405 3518 2463 vel
3546 2410 3800 2478 Demophi-

2250 2478 2374 2550 lum,
2404 2490 2552 2548 atque
2574 2482 2899 2543 Auxentium,
2930 2483 3060 2533 velut
3081 2482 3307 2550 perﬁdia:
3329 2485 3440 2550 ejus
3466 2481 3681 2549 (nempe
3704 2483 3800 2543 Ariii

2248 2546 2475 2621 litcredes
2503 2561 2799 2621 sequuntur,
2831 2552 2923 2604 alii
2953 2546 3192 2605 diversos.
3220 2546 3485 2621 Nunquid
3506 2552 3713 2605 divisus
3748 2564 3797 2601 est

2248 2616 2522 2689 Christus?
2561 2616 2664 2675 Sed
2689 2623 2775 2689 qni
2801 2638 2914 2674 eum
2945 2639 2977 2674 a
3012 2621 3165 2675 Patre
3192 2616 3441 2681 dividunt,
3472 2622 3574 2687 ipsi
3605 2639 3667 2674 se
3696 2624 3799 2673 sciti-

2248 2688 2373 2759 dunt
2397 2705 2417 2743 .'
2445 2701 2491 2744 et
2518 2692 2633 2743 ideo
2653 2688 2890 2759 quoniam
2918 2693 3247 2745 communiter
3267 2693 3514 2745 adversus
3540 2692 3799 2745 Ecclesia

2247 2757 2365 2823 Dei,
2382 2761 2561 2825 quibus
2591 2757 2721 2813 inter
2735 2762 2806 2813 sei
2812 2779 2923 2825 psos
2938 2779 3036 2816 non
3050 2764 3273 2816 convenit
3286 2764 3676 2827 conspirarent.
3690 2779 3798 2814 ωιιιο

2247 2832 2388 2882 muni
2414 2833 2615 2885 nomine
2636 2832 2921 2897 haereticos,
2950 2834 3127 2901 quibus
3151 2836 3559 2899 respondendum
3582 2843 3679 2893 at.
3710 2847 3793 2883 uo-

2245 2901 2469 2973 minabo.
2500 2901 2550 2955 Η
2556 2906 2726 2956 teresis
2747 2906 2879 2956 enim
2904 2904 3035 2956 velut
3060 2905 3295 2973 qutedam
3313 2903 3479 2972 hydra
3502 2904 3797 2968 fabularum,

2243 2972 2533 3025 vulneribus
2563 2973 2667 3025 suis
2694 2975 2884 3037 crevit;
2917 2984 2964 3027 et
2986 2972 3106 3027 dum
3136 2989 3268 3041 sirpe
3291 2974 3561 3036 reciditur,
3601 2975 3795 3041 pullula-

2244 3041 2333 3103 vit,
2358 3044 2461 3111 igni
2482 3045 2670 3111 debita,
2690 3044 3015 3113 incendioque
3039 3045 3282 3112 peritura.
3312 3045 3409 3095 Aut
3430 3048 3566 3095 velut
3589 3046 3797 3110 qum

2245 3114 2550 3165 ntonstruosi
2578 3113 2757 3183 Scylla
2788 3117 3026 3180 portenti.
3066 3115 3117 3167 in
3154 3115 3319 3167 varias
3356 3116 3551 3183 formas
3579 3115 3799 3167 distincta

574 3195 673 3247 qua
717 3180 959 3255 magnam
1012 3195 1213 3255 partem
1261 3180 1581 3255 continetur,
1632 3180 1755 3240 non
1781 3194 1955 3239 tamen
1989 3180 2143 3253 plane
2172 3180 2217 3244 C
2250 3183 2495 3250 perﬁdia),
2529 3180 2668 3236 vetui
2702 3200 2935 3254 superate
2960 3202 3174 3238 vacuum
3202 3180 3509 3239 Christianae
3544 3198 3701 3237 sectr:
3724 3199 3798 3234 tte-

578 3252 979 3324 tota._Prioreui
1013 3252 1232 3324 scripsit
1265 3255 1482 3324 Vigilius
1520 3252 1638 3311 cum
1677 3257 1851 3310 adhuc
1882 3252 2143 3312 Vandalo—

574 3336 688 3397 rum
715 3322 843 3392 jugo
884 3322 1239 3393 premeretur,
1286 3322 1527 3396 adeoque
1563 3330 1678 3393 eius
1718 3337 1904 3381 auctor
1928 3330 2143 3397 agnosci

575 3391 765 3459 nollet;
786 3391 796 3392 ί
821 3391 1166 3463 posteriorem
1190 3439 1204 3464 ,
1261 3412 1380 3451 cum
1415 3391 1560 3452 extra
1591 3391 1774 3452 eorum
1825 3391 2141 3466 potestatem

574 3472 714 3538 esset
735 3481 747 3519 :
767 3467 963 3536 quippe
991 3470 1041 3521 in
1070 3482 1169 3536 qua
1196 3482 1254 3522 se
1272 3479 1326 3523 et
1351 3470 1618 3523 Athanasii
1647 3484 1929 3538 personam
1961 3486 2143 3523 emen-

576 3535 727 3585 titum
754 3535 980 3601 esse,et
1006 3535 1331 3593 Marihadum
1360 3554 1421 3593 ac
1444 3535 1732 3593 Palladium
1766 3540 1993 3595 Arianvs
2018 3542 2143 3595 scri-

579 3604 857 3678 pli_s_libris
897 3611 1197 3662 conlutasse
1243 3613 1415 3678 palam
1463 3612 1754 3674 proﬁtetur.
1800 3609 1934 3663 Cum
1984 3610 2143 3677 igitur

579 3674 743 3760 editio
770 3676 913 3754 prior
942 3679 1007 3730 ad
1046 3674 1410 3760 stylmu'velut
1437 3682 1708 3760 Athanasii
1738 3674 2138 3760 studitise_leui-

581 3745 877 3818 peralasil,
924 3760 986 3798 ac
1035 3745 1226 3818 deinde
1253 3759 1369 3815 post
1414 3765 1581 3801 annos
1611 3751 1810 3818 aliquot
1844 3751 2021 3817 paucis
2049 3767 2143 3805 ex-

577 3812 745 3890 ceptis
771 3812 823 3865 in
848 3812 1532 3890 posterioreminculcata;
1576 3812 1714 3873 nihil
1748 3812 1935 3873 mirum
1966 3822 2009 3873 si
2040 3837 2141 3890 po-

575 3883 771 3959 sterior
798 3882 983 3959 editio,
1031 3888 1323 3959 quamlibet
1359 3904 1423 3941 eo
1470 3898 1708 3956 tempore
1757 3882 2141 3959 instructaan

572 3952 805 4006 alienum
828 3956 1024 4023 stylnm
1051 3952 1253 4022 lingere
1282 3959 1411 4013 nihil
1442 3952 1660 4014 necesse
1687 3970 1849 4023 esset,
1886 3952 2136 4016 librorum

573 4032 749 4099 tatneti
778 4025 1033 4099 adversus
1065 4028 1355 4099 Eutychem
1394 4030 1607 4099 genium
1638 4046 1740 4083 non
1774 4032 2028 4086 redoleat.

639 4094 744 4164 33
772 4092 1032 4172 Caeterum
1060 4092 1320 4172 lnis'dnas
1349 4092 1612 4156 editiones
1643 4102 1866 4157 reddere
1906 4104 2138 4172 integras

569 4176 746 4233 opera:
786 4169 1011 4233 pretium
1040 4170 1186 4224 duxi.
1226 4171 1478 4239 Quamvis
1517 4174 1658 4227 enim
1689 4173 1918 4241 priorem
1949 4169 2136 4239 magna

568 4250 648 4311 ex_
666 4243 813 4311 parte
844 4240 1121 4311 complexa
1149 4242 1218 4295 sit
1258 4245 1539 4311 posterior,
1585 4240 1701 4298 non,
1728 4253 1904 4298 tamen
1947 4253 2132 4299 lotam.

570 4303 720 4359 Adde
748 4310 903 4379 quod
918 4303 983 4362 et'
1000 4303 1276 4379 principio,
1309 4322 1363 4367 et
1392 4303 1603 4378 Πυθέα
1630 4315 1880 4369 methodu
1908 4314 2136 4369 diversa:

569 4385 724 4454 sunt;
758 4383 855 4430 nec
890 4377 941 4430 iu
971 4394 1127 4454 unam
1154 4377 1426 4450 compilari
1459 4377 1658 4454 absque
1684 4386 1915 4439 auctoris
1944 4385 2136 4453 injuria

572 4452 874 4511 potuerunt,
921 4448 996 4503 uti
1024 4464 1117 4504 eas
1158 4448 1422 4523 compegit
1448 4448 1765 4509 Cass-under.
1797 4455 1904 4509 Nos
1935 4448 2134 4510 utram-

570 4528 673 4579 qne
693 4528 724 4593 e
746 4526 970 4582 quatuor
983 4524 1273 4593 praesertim
1299 4539 1424 4577 mss.
1446 4526 1719 4579 codicibus
1735 4528 2127 4593 recensuimus;

570 4583 1125 4665 utiolurensi,_altero
1164 4603 1216 4646 et
1245 4597 1400 4665 tertio
1425 4597 1681 4658 'l‘nuanis.
1709 4606 1899 4665 quarto
1937 4598 1992 4652 S.
2027 4583 2136 4651 Illa-'-

568 4654 661 4705 ria:
685 4654 997 4735 “Remensis.
1043 4663 1108 4735 Et
1151 4663 1429 4729 posteriori
1463 4654 1825 4733 praelationem
1868 4671 2132 4735 vulgatam

568 4722 910 4803 praebuimus,
942 4745 1058 4803 qua:
1098 4722 1318 4803 incipit:
1353 4722 1479 4788 Cum
1510 4738 1562 4789 in
1604 4753 1787 4789 manus
1827 4722 2017 4791 ιιι-ειιῖιὶ
2064 4740 2135 4792 le-

566 4795 741 4874 ctoris,
765 4794 1218 4876 beatitlsime‘paptt'
1236 4804 1489 4869 Materne,
1520 4816 1626 4861 etc.
1661 4808 1799 4876 quod
1830 4817 1884 4861 et
1914 4813 1967 4863 in
1995 4810 2134 4862 anti-

565 4872 686 4949 quis
703 4880 833 4946 mss.
856 4872 1588 4949 esea»plaribusreperialur,
1613 4872 1711 4931 nec
1731 4896 1758 4928 ει
1784 4876 1950 4946 Vigilii
1972 4894 2134 4949 sc0pu

570 4940 888 5019 ingenioque
913 4940 1082 5019 aliena
1114 4943 1203 4996 sit.
1245 4940 1394 5019 Nunc
1422 4948 1485 4999 ad
1517 4948 1619 5003 alia
1650 4949 1767 5017 ejus
1792 4940 1954 5019 opera
1987 4940 2136 5006 inve-

562 5008 803 5074 stiganda
835 5009 1058 5065 ulterius
1081 5016 1506 5083 progrediamur.

560 5119 667 5201 IV‘.
723 5122 901 5201 Yigilii
928 5124 1053 5201 liber
1082 5138 1257 5201 contra
1287 5126 1584 5184 Pallidiuin
1620 5172 1633 5185 .
1674 5133 1819 5200 cujus
1850 5150 1969 5197 pars
2000 5135 2139 5201 prior

632 5192 767 5275 haud
792 5192 864 5246 ita
892 5196 1087 5264 pridem
1116 5196 1290 5252 habita
1314 5216 1406 5270 pro
1437 5201 1597 5273 Actis!
1612 5192 1818 5257 concilii
1846 5192 2138 5272 Aquileien-

632 5280 728 5321 διε.

631 5355 675 5431 ls_
699 5355 890 5425 dialogi
917 5357 1230 5431 posterioris
1260 5360 1394 5415 libro
1419 5378 1475 5426 ιι,
1498 5379 1617 5431 cap.
1648 5364 1747 5429 50,
1785 5364 2132 5418 Athanasium

557 5426 629 5502 ita
663 5425 968 5502 loquentem
1008 5429 1150 5493 facit,
1183 5446 1366 5498 parum
1394 5425 1590 5488 curans
1620 5425 1744 5489 nuin
1774 5434 1887 5489 haec
1910 5451 2024 5489 tem
2050 5437 2132 5502 ip-

556 5498 781 5574 sinsmet
811 5500 1083 5554 Athanasii
1113 5515 1487 5574 congruerent,
1512 5504 1638 5557 dum
1681 5506 1732 5558 in
1756 5506 1869 5566 eius
1904 5498 2129 5574 persona

557 5566 913 5622 orthodoxum
955 5566 1244 5638 quemlibei
1283 5566 1687 5639 remansi-uiaret
1720 5593 1734 5630 :
1770 5566 1917 5628 Htec'
1941 5576 2135 5629 idcirco

558 5651 649 5702 ego
678 5638 887 5710 breuiter
910 5641 963 5693 in
986 5657 1141 5694 unum
1168 5638 1509 5710 responsionis
1528 5647 1785 5697 cumulum
1812 5656 1992 5699 cuncta
2015 5664 2137 5699 cou-

556 5707 708 5785 gessi,
747 5712 990 5785 quoniam
1031 5713 1096 5785 de
1138 5713 1215 5765 Itis
1251 5707 1483 5766 omnibus
1520 5715 1853 5781 qutestionum
1898 5718 2137 5785 capitulis

559 5777 712 5851 latius
752 5777 800 5832 et
842 5781 1039 5851 pleni-ts
1081 5783 1253 5836 beatus
1300 5797 1465 5837 noster
1503 5777 1772 5851 disputavit
1819 5777 2135 5841 Ambrosius.

558 5843 745 5901 Contra
767 5843 914 5917 quem
941 5849 1207 5906 Palladius
1232 5854 1433 5909 Ariana'
1451 5843 1685 5923 perfidia!
1704 5856 1988 5927 episcopus,
2016 5858 2135 5911 dum

2246 3267 2359 3303 men
2384 3254 2604 3306 obtendit
2636 3271 2654 3307 :
2685 3258 2773 3307 scd
2792 3272 2919 3323 quos
2940 3256 2991 3308 in
3016 3256 3109 3309 illo
3134 3256 3403 3322 impietatis
3431 3271 3545 3307 sua:
3572 3257 3706 3323 freto
3726 3256 3799 3305 lu-

2244 3338 2401 3395 seros,
2435 3326 2564 3378 inter
2588 3325 2858 3392 naufragia
2880 3326 2998 3395 ﬁdei
3022 3328 3261 3394 repererit
3284 3327 3616 3394 ﬂuctuantes.
3654 3325 3801 3377 bellul-

2246 3393 2324 3444 nis
2348 3395 2605 3467 succincta
2635 3393 2900 3465 prodigiis,
2932 3398 3042 3448 tetri
3071 3393 3321 3467 dogmatis
3347 3411 3478 3448 stcvo
3510 3396 3670 3449 dente
3693 3396 3800 3447 dits-

2244 3473 2402 3516 cerat.
2437 3465 2524 3519 Sic
2554 3466 2712 3519 habet
2743 3466 2825 3519 hic
2864 3465 3304 3520 Ambrosii—Iocus
3341 3468 3392 3517 in
3420 3468 3650 3532 Optimae
3688 3476 3801 3517 nuta-

2245 3535 2430 3588 codice
2461 3543 2642 3589 nostro
2674 3546 3001 3600 pervelusto.
3032 3537 3139 3591 Nec
3169 3538 3307 3590 alius
3330 3539 3397 3588 ah
3426 3537 3529 3588 hoe
3560 3537 3799 3591 Palladius

2243 3608 2526 3673 episcopus
2551 3607 2859 3674 designatur
2886 3608 2936 3660 in
2974 3608 3207 3673 Epistola
3242 3608 3644 3676 pseudosyuodi
3669 3608 3799 3659 Aria.

2244 3691 2434 3729 norum
2483 3678 2922 3745 Siugidunensis,
2972 3678 3225 3732 Gratiano
3261 3690 3315 3731 et
3362 3677 3640 3745 Dagalaifo

2244 3747 2368 3815 (hoc
2395 3756 2478 3800 est
2505 3763 2648 3800 anno
2673 3746 2867 3801 Christi
2898 3750 3047 3818 566),
3074 3749 3396 3818 transmissa,
3416 3764 3510 3815 per
3532 3750 3801 3802 Secundi:-

2244 3832 2369 3871 uum
2402 3818 2765 3886 presbyterum
2797 3837 2808 3871 :
2842 3827 2895 3873 et
2925 3820 2973 3871 in
3006 3817 3044 3872 ι’·
3067 3820 3352 3886 Sponsioue
3370 3817 3636 3873 Germinii
3661 3818 3801 3871 semi-

2244 3887 2442 3951 ariani;
2470 3889 2609 3956 apud
2638 3888 2891 3943 llilarium
2915 3890 2963 3942 in
2990 3892 3316 3949 fragmentis.
3341 3889 3516 3956 Cujus
3544 3900 3711 3941 autem
3730 3902 3803 3937 εει

2242 3958 2323 4010 dis
2340 3959 2621 4026 episcopus
2652 3959 2806 4013 fuerit
2832 3960 2915 4013 hic
2936 3959 3220 4021 Palladius,
3258 3962 3525 4013 hactenus
3564 3960 3681 4012 mihi
3709 3956 3800 4026 35

2243 4028 2630 4095 incompertum
2680 4031 2797 4083 luit.
2845 4032 3122 4083 Diversum
3152 4032 3293 4084 enim
3340 4031 3512 4084 fuisse
3550 4041 3751 4083 consul
3778 4050 3801 4077 λ

2243 4098 2478 4152 Palladio
2510 4100 2727 4153 natione
2768 4100 2971 4163 Galata,
3016 4104 3268 4169 episeopo
3303 4100 3702 4167 lleleuopoleos
3732 4100 3800 4150 Bi~

2242 4172 2297 4221 th
2304 4170 2463 4237 yniae,
2486 4172 2847 4225 ext-monacho
2862 4181 2917 4225 et
2934 4172 3140 4235 Evagrii
3165 4168 3368 4224 Pontici
3391 4173 3681 4239 discipulo.
3700 4172 3797 4222 Uri-

2238 4239 2442 4306 genista
2465 4280 2480 4303 ,
2508 4252 2565 4294 et
2595 4240 2876 4310 Pelagiana
2912 4242 3107 4295 servilis
3136 4241 3395 4309 nequitias,
3431 4251 3491 4294 ut
3529 4245 3605 4297 ait
3631 4242 3801 4294 Hiero-

2240 4325 2431 4379 nymus
2462 4312 2512 4364 in
2545 4314 2804 4379 prommio
2829 4312 3167 4380 Dialogorum
3184 4312 3445 4365 adversus
3468 4314 3801 4379 Pelagianos;

2237 4380 2434 4453 dequo
2462 4380 2624 4453 multa
2657 4381 2987 4453 Rosweydus
3023 4393 3226 4446 noster,
3257 4386 3563 4450 prmsertim
3597 4387 3646 4434 in
3672 4381 3802 4434 Pr:-

2239 4450 2395 4505 ludiis
2427 4452 2545 4506 libri
2577 4468 2669 4505 vut
2696 4455 2761 4507 de
2796 4450 2927 4508 Vilis
2956 4454 3193 4519 Patrum,
3225 4454 3319 4521 qui
3350 4464 3438 4507 est
3459 4453 3682 4508 Palladi
3712 4452 3805 4503 ιιιιο

2161 4552 2214 4612 D
2234 4522 2878 4612 ίυῗὲἶίθέίῖἷῖῗςὲλθνὶίέΨπξ

2309 4591 2402 4645 llis
2442 4594 2645 4660 positis,
2680 4594 2807 4647 mihi
2846 4594 3066 4649 omnino
3095 4594 3323 4655 videtur,
3364 4609 3474 4647 non
3516 4593 3657 4647 aliud
3699 4605 3815 4645 esse

2240 4662 2413 4732 Vigilii
2464 4678 2597 4725 OMIS
2645 4663 2783 4717 istud
2813 4665 3069 4718 adversus
3114 4665 3406 4717 Palladium
3433 4707 3449 4727 ,
3495 4660 3814 4731 quamun

2236 4733 2585 4787 conciliorum
2638 4734 2957 4788 collectores
3010 4750 3117 4788 non
3160 4750 3189 4787 a
3222 4739 3390 4787 multa
3439 4747 3684 4801 tempore
3722 4748 3812 4783 im-

2240 4802 2322 4856 bis
2367 4818 2464 4873 pro
2506 4804 2718 4857 concilii
2765 4805 3123 4874 Aquileiensis
3182 4804 3439 4873 legitimis
3483 4807 3614 4858 actis
3666 4803 3743 4853 ob
3764 4822 3819 4851 e-

2238 4888 2382 4945 cere,
2407 4877 2601 4935 juncus
2623 4874 2829 4927 duabus
2852 4875 3126 4945 synodieis
3145 4891 3276 4942 quas
3298 4877 3531 4945 vulgatae
3556 4874 3821 4928 editiones

2237 4943 2521 5007 exhibent;
2568 4945 2855 5011 iunctoque
2885 4943 2959 4998 ad
2994 4948 3152 4999 linem
3197 4946 3334 4999 libro
3361 4943 3455 5011 qui
3490 4947 3625 4997 inter
3659 4960 3821 5009 "pera

2242 5014 2509 5068 Ambrosii
2542 5017 2734 5084 legitur
2756 5016 3066 5083 inscriptus.
3099 5016 3174 5069 De
3198 5013 3323 5068 Filii
3346 5017 3611 5069 divinitate
3632 5029 3686 5067 et
3712 5032 3828 5067 eos-

2241 5086 2685 5151 substantialitate,
2711 5096 2887 5138 contra
2917 5088 3154 5141 Arianos.
3186 5087 3313 5140 Haec
3332 5101 3464 5141 vero
3487 5098 3542 5139 ul
3568 5088 3827 5139 sentiam.

2244 5157 2329 5225 his;
2344 5157 2581 5210 adducor
2599 5157 2947 5225 argumentis.

2314 5224 2361 5277 l.
2406 5225 2563 5280 Gesta
2611 5229 2723 5281 lia-c
2762 5226 2978 5279 Patrum
3022 5226 3234 5281 concilii
3265 5225 3626 5293 Aquileiensis
3657 5266 3676 5287 ,
3711 5242 3837 5279 cum

2243 5294 2448 5366 duabus
2476 5296 2716 5359 epistolis
2754 5298 3025 5366 synodicis
3046 5298 3064 5366 (
3088 5297 3257 5350 altera
3284 5298 3351 5349 ad
3382 5298 3678 5364 episcopos
3713 5312 3837 5361 pio-

2241 5364 2433 5419 vincia:
2466 5364 2868 5429 Viennensium,
2900 5379 2954 5422 et
2983 5364 3408 5421 Narbonensium
3438 5368 3626 5436 prima!
3654 5377 3723 5420 et
3752 5381 3844 5420 se-

2239 5436 2459 5499 cundae;
2493 5437 2659 5490 altera
2688 5438 2753 5490 ad
2797 5440 3166 5505 imperatores,
3207 5438 3544 5502 Gratianum,
3581 5437 3844 5491 Valenti-

2241 5507 2456 5560 nianum
2483 5517 2536 5559 et
2557 5506 2947 5573 Theodosium;
2972 5524 3088 5576 quze
3108 5507 3311 5574 incipit,
3334 5505 3645 5559 Benedictus
3672 5508 3845 5561 Densi

2241 5577 2383 5630 nulla
2416 5587 2674 5646 apparent
2717 5579 2768 5631 in
2801 5578 3125 5633 editionibus
3163 5578 3512 5630 conciliorum
3550 5579 3661 5631 Mei
3684 5580 3854 5632 lima-

2242 5648 2324 5701 nis
2369 5648 2492 5700 anui
2540 5647 2676 5702 1525
2714 5659 2770 5700 et
2820 5650 2959 5705 1555
2990 5664 3005 5702 :
3035 5663 3207 5716 neque
3252 5648 3303 5700 ill
3352 5648 3659 5700 Crabbiaua
3713 5654 3856 5703 anni

2244 5718 2414 5796 15§8;
2439 5716 2534 5771 sed
2570 5728 2689 5796 post
2711 5719 2827 5773 illas
2852 5719 3245 5796 prodieruqt_ex
3278 5732 3407 5796 mss.
3437 5718 3768 5796 codicibus,
3805 5725 3858 5772 iu

2240 5789 2435 5855 quibus
2478 5790 2816 5857 reperiuntur
2853 5790 3014 5845 variis
3063 5788 3327 5843 At'nhrosii
3368 5790 3651 5856 opusculis
3702 5812 3863 5844 cuii-

2237 5857 2439 5927 juncta.
2484 5857 2595 5915 Non
2623 5862 2768 5916 en'tn
2791 5870 3075 5917 occurrunt
3112 5860 3164 5913 in
3192 5857 3420 5928 antiquis
3461 5860 3862 5916 conciliorum
