3978 6380
187 315 300 372 505

182 513 330 552 novo
357 498 563 561 ordine,
586 514 719 552 nova
740 499 1009 551 nativitate
1032 496 1338 564 generatus.
1368 496 1514 552 Novo
1537 498 1749 560 ordine,

179 569 311 635 quia
340 568 622 621 invisibilis
651 570 702 620 in
728 568 861 628 suis.
886 567 1107 627 visibilis
1133 577 1214 621 est
1238 567 1405 620 factus
1435 567 1485 620 in
1516 566 1746 620 nostris:

179 637 743 705 incomprehensibilis
786 637 953 691 voluit
996 637 1376 704 comprehendi
1408 655 1419 688 :
1451 644 1576 689 ante
1618 648 1750 689 tem-

177 721 317 772 pora
361 721 600 768 manens,
629 721 747 762 esse
782 709 941 775 ccepit
979 722 1043 761 ex
1083 716 1357 774 tempore:
1391 705 1748 759 universitatis

175 775 444 829 Dominus
464 776 708 830 servilem
741 775 962 830 formam
990 775 1298 831 obumbrata
1325 775 1614 843 majestatis
1636 789 1747 827 sua:

168 845 541 899 immensitate
586 846 819 914 suscepit
851 863 863 898 :
899 847 1153 914 iiupassib
1178 846 1241 898 lis
1275 845 1447 906 Dens,
1498 860 1605 897 non
1652 844 1747 897 de-

167 914 430 981 dignatus
459 923 539 967 est
569 914 725 968 homo
745 912 864 971 esse
889 912 1173 983 pa’ssibiliS,
1195 925 1249 969 et
1270 914 1580 968 immortalis
1604 929 1745 967 inor-

166 983 246 1036 tis
268 984 469 1052 legibus
484 984 782 1051 subjacere.
799 984 940 1037 Nova
958 988 1133 1039 autem
1152 984 1422 1038 nativiiale
1440 993 1739 1050 generatus,

160 1052 302 1119 quia
354 1053 600 1123 inviolata
647 1055 920 1123 virginitas
962 1054 1445 1121 concupiscentiam
1497 1054 1738 1123 nescivit,

154 1123 355 1175 carnis
386 1122 657 1176 materiam
689 1122 999 1177 ministravit
1028 1141 1039 1175 :
1064 1124 1106 1155 ⁸⁷
1136 1132 1406 1190 assumpta
1436 1131 1517 1176 est
1543 1122 1610 1175 de
1633 1139 1744 1171 ina-

159 1200 258 1261 tre
310 1191 515 1261 Domini
554 1202 761 1255 natura,
793 1209 896 1247 non
927 1193 1081 1260 culpa
1115 1209 1129 1245 :
1165 1207 1260 1246 uec
1288 1194 1337 1245 in
1373 1192 1595 1246 Domitio
1631 1192 1742 1261 90

154 1258 300 1313 Jesn
332 1259 565 1325 Christo,
604 1276 674 1315 ex
706 1272 855 1315 utero
889 1258 1114 1331 Virginis
1140 1263 1317 1331 genito
1341 1263 1458 1331 quia
1492 1258 1739 1315 nativﬁas

152 1338 254 1383 est
283 1330 562 1394 mirabilis,
593 1331 638 1362 ¹⁸
667 1331 788 1386 ideo
814 1330 1085 1387 nesiriest
1108 1330 1289 1385 natura
1323 1330 1613 1384 dissimilis.
1637 1331 1736 1395 Qui

152 1400 318 1453 enim
344 1415 502 1455 verus
531 1410 613 1454 est
637 1400 799 1460 Deus.
828 1402 965 1455 idem
999 1417 1155 1455 verus
1184 1409 1263 1455 est
1303 1400 1460 1453 homo
1495 1417 1505 1450 :
1534 1411 1582 1453 et
1614 1402 1737 1455 nul-

150 1468 281 1522 lum
310 1480 392 1523 est
412 1469 463 1523 in
487 1469 584 1524 hac
605 1470 802 1525 unitate
818 1470 1175 1532 mendacium,
1199 1470 1323 1523 dum
1349 1468 1568 1522 invicem
1591 1480 1732 1535 sunt,

144 1548 213 1592 et
250 1539 522 1593 humilitas
549 1538 801 1605 hominis,
836 1550 889 1594 et
913 1540 1134 1594 altitudo
1155 1539 1389 1593 deitatis.
1417 1538 1564 1591 Sicut
1589 1540 1730 1593 enim

144 1606 312 1663 Deus
338 1623 440 1662 non
472 1619 707 1663 mutatur
736 1610 1096 1670 miseratione,
1129 1609 1199 1663 ita
1226 1611 1384 1663 homo
1405 1623 1507 1661 non
1539 1623 1732 1661 consu-

142 1678 329 1732 mitur
356 1679 633 1747 dignitate.
661 1679 783 1747 Agit
810 1680 951 1734 eiiim
993 1689 1212 1746 utraque
1240 1680 1403 1747 forma
1435 1692 1554 1731 cum
1591 1677 1727 1733 alte-

141 1748 279 1801 rius
308 1746 683 1802 conimunione
708 1746 846 1816 quod
878 1750 1142 1817 proprium
1171 1758 1253 1803 est
1281 1766 1295 1801 :
1326 1746 1500 1802 Verbo
1521 1748 1725 1802 scilicet

138 1829 419 1884 operante
447 1817 585 1887 quod
622 1818 772 1871 Verbi
801 1830 901 1881 est,
948 1827 1003 1871 et
1044 1834 1203 1873 carne
1231 1826 1554 1887 exsequente
1582 1817 1722 1886 quod

137 1886 341 1940 carnis
380 1898 479 1941 est.
531 1886 701 1941 Unum
736 1887 923 1941 lioriiin
972 1898 1215 1941 coruscat
1243 1886 1531 1952 miraculis,
1577 1888 1722 1943 aliud

135 1960 457 2010 succumbit
508 1956 749 2023 injuriis:
783 1967 836 2011 et
878 1961 1016 2011 sicut
1066 1958 1294 2011 Verbum
1328 1958 1395 2011 ab
1422 1956 1722 2024 aequalitate

134 2038 395 2091 paternas
422 2027 606 2091 gloriae
638 2026 677 2059 ¹⁹
709 2042 810 2079 non
843 2027 1061 2090 recedit,
1105 2029 1173 2081 ita
1203 2041 1329 2081 caro
1357 2037 1593 2080 naturam
1627 2042 1722 2080 no-

134 2098 249 2148 stri
290 2098 501 2165 generis
539 2112 641 2148 non
680 2095 911 2165 reliquit.
937 2097 980 2127 ¹⁰
1009 2096 1154 2152 Unus
1183 2097 1326 2151 enim
1357 2098 1600 2163 idemque
1636 2104 1721 2152 est

133 2180 284 2219 vere
317 2167 403 2220 Ilei
432 2165 611 2227 Filius,
646 2176 697 2219 et
725 2181 849 2221 vere
887 2167 1113 2220 hominis
1144 2166 1305 2220 Filius
1334 2182 1347 2218 :
1384 2166 1520 2219 Deus
1552 2180 1645 2233 per
1666 2166 1717 2221 id

132 2236 295 2304 quod
319 2236 367 2287 in
394 2235 650 2304 principio
672 2244 790 2290 erat
817 2235 1067 2302 Verbum,
1100 2246 1152 2291 et
1180 2235 1412 2291 Verbum
1441 2243 1555 2290 erat
1578 2237 1716 2304 apud

129 2303 344 2369 Deum,
372 2316 424 2358 et
454 2305 589 2359 Deus
611 2315 727 2359 erat
754 2306 1015 2367 Verbum;
1040 2305 1199 2359 homo
1226 2320 1317 2372 per
1347 2304 1397 2357 id
1426 2305 1564 2370 quod
1590 2303 1719 2357 Ver-

126 2372 277 2426 bum
303 2390 428 2427 caro
455 2374 644 2427 factum
668 2385 768 2438 est,
800 2385 853 2428 et
883 2375 1139 2428 habitavit
1165 2374 1218 2427 in
1244 2373 1396 2427 nobis
1420 2391 1432 2427 :
1462 2373 1602 2426 Deus
1624 2388 1719 2439 per

125 2443 190 2495 id
231 2443 374 2510 quod
402 2446 577 2495 omnia
613 2458 701 2509 per
742 2445 907 2510 ipsum
933 2445 1069 2497 facta
1097 2453 1239 2508 sunt,
1265 2454 1319 2497 et
1341 2444 1456 2496 sine
1487 2445 1601 2511 ipso
1639 2442 1715 2495 fa-

126 2522 297 2565 ctum
347 2522 430 2565 est
460 2512 586 2565 nihil
631 2512 807 2572 (lauri.
842 2513 914 2581 i);
956 2514 1115 2565 homo
1159 2527 1250 2581 per
1279 2511 1330 2565 id
1370 2513 1507 2581 quod
1553 2511 1717 2567 factus

123 2589 227 2634 est
260 2598 325 2634 ex
350 2583 589 2645 muliere,
624 2581 790 2635 factus
819 2580 918 2635 sub
946 2583 1057 2648 lege
1081 2580 1221 2649 (Gal.
1249 2596 1322 2645 iv,
1348 2580 1425 2649 ὁ).
1461 2581 1716 2637 NativiL-is

125 2651 348 2714 carnis,
376 2650 729 2704 manifestatio
749 2660 831 2705 est
862 2653 1104 2704 humana:
1133 2660 1369 2705 naturae:
1398 2659 1575 2717 partus
1602 2651 1717 2703 Vir-

124 2721 307 2787 ginis,
351 2721 542 2773 divinae
576 2729 656 2774 est
695 2723 899 2774 virtutis
939 2720 1189 2774 indicium
1218 2738 1230 2773 ε
1260 2720 1475 2773 infantia
1508 2720 1711 2789 parvuli

124 2790 445 2844 ostenditur
473 2791 766 2845 humilitate
803 2805 1080 2852 cunarum,
1122 2789 1425 2854 magnitudo
1456 2790 1710 2844 Altissiini

124 2860 447 2913 declaratur
472 2860 687 2913 vocibus
706 2860 1038 2925 angelorum.
1067 2859 1268 2914 Similis
1284 2868 1367 2913 est
1395 2859 1709 2913 rudimentis

128 2930 427 2982 hominum
457 2944 610 2998 quem
646 2929 881 2998 Herodes
904 2930 1063 2996 impie
1089 2930 1302 2983 molitur
1331 2930 1595 2992 occidere,
1614 2930 1707 2983 sed

124 3000 403 3051 Dominus
424 2997 504 3052 εει
529 2997 762 3052 omnium
786 3014 938 3068 quem
971 3002 1105 3068 magi
1137 3000 1363 3067 gaudent
1397 2998 1706 3066 suppliciter

123 3068 387 3123 adorare.
421 3068 534 3121 .Iam
561 3082 679 3121 cum
709 3070 773 3122 ad
804 3070 1145 3136 pra-cursoris
1171 3069 1252 3123 sui
1290 3068 1507 3123 Joannis
1538 3069 1705 3136 bapti-

122 3152 316 3191 smum
347 3137 509 3206 venit,
535 3154 601 3191 ne
632 3138 817 3209 lateret
846 3140 982 3209 quod
1013 3138 1189 3209 carnis
1215 3139 1477 3209 velamine
1509 3137 1704 3209 divitii-
1730 3146 1776 3208 ο
1808 3154 1904 3193 ne"
1930 3144 2241 3195 sententiam
2271 3137 2404 3195 beati
2437 3137 2539 3209 apo

123 3216 215 3262 tas
254 3220 541 3274 tegeretur,
563 3222 665 3263 vox
692 3208 860 3261 Patris
881 3208 948 3262 de
975 3208 1114 3262 caelo
1146 3209 1390 3262 intonaiis
1412 3208 1539 3261 dixit
1563 3224 1577 3260 :
1606 3206 1706 3260 Hic

120 3287 213 3348 est
240 3277 411 3330 Filius
450 3295 586 3333 nieus
625 3279 837 3331 dilectus
885 3279 937 3331 in
988 3294 1086 3348 quo
1116 3279 1239 3348 mihi
1271 3278 1391 3331 bene
1419 3278 1706 3348 complacui

121 3346 353 3417 (Martii.
385 3363 513 3412 xvn,
543 3348 621 3413 5).
646 3348 813 3413 Quem
844 3346 1022 3417 itaque
1052 3348 1191 3402 sicut
1222 3346 1490 3402 hominem
1520 3348 1561 3417 ’ξ
1587 3347 1707 3401 dia-

122 3416 312 3471 bolica
346 3425 512 3470 tentat
538 3419 753 3478 astutia,
786 3418 956 3472 eidem
980 3418 1118 3471 sicut
1140 3417 1248 3470 Deo
1275 3417 1513 3486 angelica
1542 3416 1707 3471 famu-

120 3487 321 3541 lantur
346 3487 542 3541 oflicia.
578 3488 808 3549 Esurire,
842 3488 1013 3551 sitire,
1039 3487 1357 3551 lassescere,
1385 3496 1544 3554 atque
1582 3487 1707 3539 dor-

119 3556 272 3610 mire
324 3556 506 3624 procul
555 3555 718 3610 dubio
767 3557 1051 3610 humanum
1118 3564 1237 3621 est;
1270 3557 1316 3587 ”
1339 3555 1430 3609 sed
1474 3556 1705 3623 quinque

120 3626 361 3696 panibus
402 3629 633 3696 quinque
659 3626 820 3679 millia
851 3626 1123 3680 hominum
1168 3628 1383 3687 satiare.
1431 3626 1702 3696 etiargiri

118 3694 173 3765 ’ξ
204 3694 561 3750 Samaritana!
595 3711 783 3765 aquam
825 3699 1017 3755 vii-ain,
1063 3696 1213 3762 cujus
1252 3696 1469 3749 haustus
1500 3694 1699 3749 bibenti

117 3763 170 3796 ”
207 3777 429 3831 prtestet
466 3782 533 3821 ne
568 3763 702 3820 ultra
738 3769 845 3833 jain
876 3769 1023 3820 sitiat
1054 3785 1066 3818 :
1104 3782 1260 3835 supra
1293 3768 1506 3818 durSum
1543 3766 1704 3819 maris

115 3836 329 3903 plantis
358 3852 461 3889 non
491 3836 849 3890 desidentibus
887 3837 1177 3899 ambulare,
1213 3846 1266 3889 et
1287 3836 1547 3889 elationes
1594 3835 1695 3888 flu-

112 3916 314 3957 ctuum
360 3906 623 3972 increpata
653 3916 965 3971 tempestate
996 3917 1359 3967 consternere,
1392 3906 1507 3957 siue
1536 3905 1704 3957 ambi-

112 3975 338 4039 guitate
366 3975 603 4026 divinum
627 3983 726 4026 est.
758 3975 905 4029 Sicut
930 3990 1057 4043 ergo
1075 3976 1155 4043 (ut
1176 3975 1340 4027 multa
1367 3977 1699 4043 praeteri-am)

116 4057 241 4094 non
290 4043 525 4109 ejusdem
576 4052 777 4097 natura:
820 4054 904 4098 est
942 4041 1465 4098 flere‘miserationis
1511 4041 1699 4097 amictu

113 4110 368 4162 amicum
404 4120 691 4174 mortuum,
731 4123 785 4167 et
805 4114 1047 4166 eumdem
1098 4121 1302 4166 remoto
1336 4111 1701 4180 quatriduana:

114 4181 232 4250 91
289 4195 479 4247 argere
518 4181 834 4247 sepulturae,
864 4182 928 4234 ad
965 4182 1111 4234 vocis
1148 4182 1423 4247 imperium
1460 4181 1702 4250 excitare

120 4249 472 4315 redivivum;
504 4261 595 4303 aut
624 4253 672 4302 in
705 4251 850 4319 ligno
896 4250 1146 4319 pendere,
1175 4259 1229 4303 et
1256 4251 1309 4303 in
1343 4258 1550 4303 noctein
1581 4249 1699 4304 luce

118 4333 415 4380 conversa,
470 4322 646 4373 omnia
699 4322 962 4375 elementa
994 4320 1374 4381 treniefacere;
1402 4328 1491 4372 aut
1534 4320 1699 4373 clavis

120 4390 446 4442 transfixum
470 4403 608 4449 e~se.
640 4398 695 4442 et
720 4391 947 4457 paradisi
974 4402 1152 4458 portas
1184 4388 1303 4442 fidei
1329 4387 1547 4458 latronis
1575 4403 1699 4458 ape-

124 4461 239 4513 rire
263 4474 281 4513 :
305 4459 373 4511 ita
401 4470 505 4511 n'un
534 4459 771 4527 ejusdem
801 4457 1001 4513 natura:
1029 4468 1111 4513 est
1130 4458 1308 4512 dicere
1338 4457 1496 4527 :WEgo
1522 4466 1569 4510 et
1594 4457 1699 4510 Pa-

1199 312 1261 368 ΙΝ
1296 311 1521 370 OPERA
1563 310 1787 369 VIGILII
1823 312 2187 373 TAPSENSIS
2222 315 2449 374 NOTE.

183 429 321 484 sede
347 426 700 493 descendens,
729 434 784 483 et
810 441 840 482 a
872 434 1086 495 paterna
1124 428 1292 497 gloria
1319 443 1422 499 non
1453 426 1703 499 recedens
1736 444 1747 479 :
1779 430 1825 488 Α
1857 430 2303 499 terrogationihiis
2341 431 2575 487 erudiret
2601 446 2615 484 :

1754 1786 1802 1848 B

3318 320 3423 376 506

2656 429 2816 497 Quem
2858 443 2958 491 nte,
3012 426 3210 497 inquit,
3243 429 3420 482 dicunt

1854 496 2081 554 homines
2102 517 2207 553 esse
2218 498 2416 554 Filium
2437 501 2650 553 hominis
2676 498 2892 569 (Matth.
2911 512 3015 569 xvi,
3042 496 3419 569 tangamque

1854 572 1926 625 illi
1954 573 2190 623 diversas
2211 570 2438 625 aliorum
2469 564 2748 638 Opinion'es
2766 564 3159 638 retexuissent:
3202 564 3305 638 Vos
3328 564 3416 618 qua

1852 650 1971 704 tem,
2002 642 2094 703 ait,
2140 655 2283 705 quem
2322 656 2399 693 me
2429 635 2531 694 me
2559 640 2721 693 dicitis
2753 637 2936 706 (fbid.,
2970 636 3094 705 ιδῃ
3120 650 3205 690 me
3235 635 3415 706 utique

1848 710 1935 777 qni
1966 724 2083 763 sum
2118 707 2284 762 Filius
2324 712 2573 772 hominis,
2598 720 2651 763 et
2681 704 2834 777 quem
2865 708 2914 760 in
2946 704 3111 760 forma
3165 704 3303 777 servi
3333 714 3413 777 _at_-

1848 773 1950 842 que
1969 780 2017 829 in
2045 778 2264 829 veritate
2288 780 2465 832 carnis
2489 773 2744 846 aspicitis,
2775 792 2932 847 quem
2957 790 3041 829 me
3061 773 3409 847 essedicitis?

1851 850 1947 903 l'lii
1978 849 2161 899 beatus
2191 846 2373 901 Petrus
2395 843 2642 903 dit-initus
2662 843 2964 915 inspiratus,
2996 854 3053 915 et
3077 843 3410 915 confessione

1846 933 1942 973 sua
1998 916 2243 985 omnibus
2301 918 2545 985 gentibus
2601 912 3159 985 profu'turus:1:ues,
3208 912 3405 985 inquit.

1844 986 2080 1040 Christus
2123 983 2422 1039 Filius/ei
2470 989 2567 1040 vivi
2604 983 2933 1055 (Ibid.,16).
2991 983 3098 1055 Nec
3141 983 3406 1055 immerito

1844 1057 2029 1109 beatus
2060 1064 2144 1108 est
2172 1058 2539 1120 pronuntiatus
2562 1073 2588 1109 a
2612 1050 2867 1119 Domino,
2891 1050 2940 1109 et
2962 1068 2990 1106 a
3014 1050 3285 1119 principali
3314 1066 3404 1118 pe-

1844 1135 1920 1179 tra
1951 1126 2269 1183 Stilhlitatein
2312 1137 2365 1179 et
2395 1127 2601 1180 virtutis
2629 1126 2786 1180 traxit
2812 1136 2866 1180 et
2902 1124 3153 1185 nominis,
3193 1121 3279 1188 qui
3310 1134 3404 1188 per

1840 1194 2215 1249 revelationein
2250 1193 2422 1249 Patris
2456 1195 2700 1249 eumdem
2732 1202 2785 1248 et
2811 1195 2902 1248 Dei
2936 1192 3123 1247 Filium
3149 1200 3231 1244 est
3268 1204 3401 1243 con-

1839 1263 2013 1319 fessus
2035 1273 2088 1318 ει
2123 1264 2386 1317 Christum
2422 1282 2433 1315 :
2466 1265 2586 1334 quia
2627 1280 2785 1318 unum
2823 1264 3011 1317 horum
3039 1263 3155 1315 sine
3183 1259 3286 1334 alio
3316 1272 3402 1313 res

1836 1348 2070 1402 cepioni,
2111 1349 2213 1386 non
2260 1329 2508 1389 iroderat
2547 1334 2611 1387 ad
2649 1334 2911 1387 salutem:
2942 1341 3009 1402 ει
3030 1329 3249 1399 :equalis
3284 1336 3401 1383 erat

1837 1398 2078 1471 periculi,
2100 1402 2373 1456 Dominum
2392 1402 2569 1457 Jesiim
2587 1402 2854 1456 Christum
2873 1410 2962 1455 aut
2981 1398 3145 1471 Deum
3170 1407 3399 1452 tantum-

1837 1469 1995 1526 modo
2017 1473 2131 1525 sine
2159 1472 2393 1536 homine,
2420 1472 2644 1526 autsine
2668 1473 2773 1527 Deo
2796 1472 2965 1525 solum
2989 1469 3258 1523 hominem
3279 1481 3397 1521 cre-

1834 1542 2049 1595 didisse.
2104 1540 2228 1595 Post
2267 1543 2711 1597 resurrectionem
2755 1556 2884 1595 vero
2934 1538 3139 1594 Domini
3172 1536 3219 1569 “
3255 1536 3395 1606 (qua

1834 1612 2013 1674 uli'tue
2032 1612 2138 1663 veri
2166 1611 2403 1681 corporis
2423 1611 2536 1675 fuit,
2555 1613 2676 1681 quia
2700 1612 2743 1642 ”
2773 1627 2876 1665 non
2907 1607 3041 1663 alter
3062 1614 3143 1661 est
3165 1608 3389 1681 resusci:

1833 1689 1971 1734 tatus
2017 1696 2173 1746 quam
2218 1676 2305 1746 qui
2350 1680 2519 1735 fuerat
2554 1676 2837 1734 crucifixus
2873 1687 2926 1733 et
2970 1676 3232 1745 mortuus)
3265 1676 3391 1744 quid

1833 1751 1972 1803 aliud
1990 1749 2331 1817 quadraginta
2356 1751 2463 1821 92
2485 1751 2689 1821 dierum
2710 1766 2854 1821 mora
2870 1758 3075 1821 gestum
3097 1756 3199 1808 est,
3229 1759 3388 1821 quam

1830 1830 1884 1875 ut
1910 1820 2025 1873 lidei
2061 1829 2256 1873 nostris
2282 1818 2555 1887 inte'gFitas
2584 1820 2649 1873 ab
2678 1820 2821 1873 omni
2847 1818 3071 1887 caligine
3098 1818 3385 1868 mundare-

1827 1890 1950 1942 tiir?
1991 1889 2312 1954 Colloijucns
2343 1889 2482 1942 enim
2513 1905 2631 1942 cum
2661 1888 2935 1956 discipulis
2964 1888 3097 1952 suis,
3134 1887 3386 1956 elucebat

1823 1959 1999 2013 biiaus
2038 1952 2196 2027 atque
2245 1973 2601 2020 couvescrns;
2638 1968 2690 2012 et
2723 1952 3032 2028 pertractari
3064 1970 3122 2010 se
3149 1952 3386 2028 diligenti

1820 2024 2137 2103 gummis
2164 2037 2410 2103 contactu
2439 2030 2504 2082 ab
2527 2028 2605 2103 eis
2631 2024 2773 2103 quiis
2793 2028 3038 2103 dubietas
3064 2024 3385 2103 perstringe-

1821 2098 1907 2152 bat
1938 2095 2255 2161 adiii'ittens;
2286 2100 2403 2153 ide‘o
2422 2112 2473 2153 et
2496 2098 2688 2153 clausis
2711 2100 2774 2151 ad
2803 2097 3089 2167 discipulos
3108 2095 3281 2162 januis
3300 2095 3384 2167 in-

1821 2168 2037 2228 lroibal,
2070 2178 2121 2220 et
2148 2169 2269 2220 flatu
2297 2184 2394 2221 suo
2422 2168 2582 2222 dabat
2626 2169 2879 2235 Spiritum
2910 2160 3174 2227 sanctum,
3202 2174 3252 2216 et
3280 2160 3380 2215 do-

1821 2250 1944 2291 nato
1992 2238 2353 2305 intelligentia:
2394 2239 2591 2290 lumine
2635 2247 2936 2292 sanctarum
2988 2236 3379 2304 Scripturarum

1819 2306 2024 2360 occulta
2061 2307 2322 2373 pandebat
2351 2324 2364 2360 :
2397 2316 2452 2361 et
2482 2322 2690 2360 rursum
2722 2310 2913 2361 vulnus
2945 2306 3147 2367 lateris,
3186 2305 3379 2358 lixuras

1820 2378 1897 2429 cla
1908 2390 1989 2428 voi
2004 2391 2113 2439 uin,
2132 2386 2185 2429 et
2199 2377 2373 2428 Omnia
2393 2376 2772 2429 recentissima:
2791 2375 3049 2444 passionis
3064 2375 3373 2444 signanion-

1818 2446 2042 2514 SIrahat,
2064 2446 2242 2498 dzcens
2270 2463 2280 2497 :
2316 2444 2493 2498 Videte
2510 2462 2689 2498 manus
2710 2442 2865 2509 meas,
2896 2455 2941 2498 et
2957 2444 3129 2514 pedes,
3148 2442 3265 2509 quia
3285 2457 3376 2510 ego

1816 2528 1952 2566 sum.
1983 2513 2201 2579 Palpate
2221 2524 2265 2565 et
2292 2515 2472 2577 videte,
2499 2515 2617 2583 quia
2629 2516 2837 2576 spiritus
2855 2513 3055 2583 carnem
3083 2520 3128 2565 et
3145 2528 3258 2564 ossa
3276 2517 3376 2563 non

1816 2584 2098 2637 habetsicut
2127 2600 2204 2636 me
2218 2585 2392 2637 videtis
2406 2582 2586 2636 habere
2609 2583 2758 2651 (Luc.
2782 2600 2926 2643 xxiv,
2954 2582 3075 2650 39);
3108 2592 3162 2634 ut
3188 2595 3376 2648 cogno~

1814 2664 2053 2705 sceretur
2069 2656 2117 2706 in
2131 2668 2195 2707 eo
2209 2654 2500 2720 proprietas
2512 2653 2701 2707 divina:
2732 2654 3078 2716 humanaeque
3093 2661 3292 2706 naturze
3308 2652 3373 2703 in-

1813 2721 2021 2775 dividua
2048 2738 2391 2788 permanere:
2423 2733 2477 2777 et
2497 2722 2567 2776 ita
2589 2724 2846 2779 sciemus
2892 2722 3117 2776 Verbum
3148 2736 3250 2773 non
3276 2722 3375 2774 hoc

1811 2794 2079 2861 essequod
2110 2794 2157 2825 ²⁸
2185 2804 2664 2858 carnem,utuniim
2703 2793 2794 2846 Dei
2822 2792 3043 2857 Filium,
3070 2802 3123 2846 et
3147 2789 3373 2861 Verbum

1810 2862 2202 2921 confiteremur.
2235 2871 2290 2915 et
2317 2878 2552 2917 carnem.
2597 2864 2712 2927 Quo
2742 2862 2862 2916 fldei
2893 2872 3226 2915 sacramento
3269 2860 3372 2913 En-

1811 2934 1994 2999 lyches
2025 2934 2122 2986 iste
2164 2933 2381 2986 nimium
2418 2932 2760 2985 mstiinandiis
2791 2943 2873 2987 est
2910 2946 3125 2993 vacuus,
3159 2930 3245 2995 qui
3283 2946 3372 2980 na-

1809 3007 1977 3053 turain
2004 3012 2234 3055 nostrain
2267 3004 2317 3055 in
2347 3001 2615 3071 unigenito
2639 3002 2753 3064 Dei,
2778 3016 2876 3055 nec
2906 3015 2999 3071 per
3020 2999 3368 3054 humilitatem

1807 3073 2164 3136 mortalitatis,
2202 3087 2299 3125 nec
2323 3086 2413 3139 per
2441 3070 2663 3141 gloriam
2692 3070 3099 3126 resurrectionis
3124 3070 3368 3141 agnovit:

2541 3142 2661 3195 stoli
2701 3151 2754 3197 et
2787 3141 3128 3210 evangelista!
3151 3138 3368 3210 Joannis

1807 3214 2038 3277 expavit,
2061 3211 2317 3265 dicentis:
2343 3206 2520 3265 Omnis
2549 3212 2759 3277 spiritus
2786 3212 2873 3274 qui
2900 3206 3167 3277 conﬁtetur
3189 3206 3367 3260 Iesum

1807 3278 2061 3335 Christum
2089 3283 2138 3332 in
2171 3297 2322 3333 carne
2354 3283 2565 3344 venisse,
2594 3297 2658 3334 ea:
2689 3281 2793 3333 Deo
2816 3292 2887 3334 est
2911 3296 2925 3335 :
2954 3290 2998 3333 et
3028 3280 3190 3347 omnis
3214 3277 3367 3340 spiri-

1806 3358 1883 3402 tus
1909 3352 1996 3418 qui
2024 3351 2169 3403 solvit
2206 3349 2406 3413 Iesum,
2447 3366 2511 3403 ex
2539 3351 2643 3403 ι)εο
2680 3366 2780 3403 non
2805 3359 2895 3413 est,
2925 3358 2970 3402 et
2997 3350 3078 3402 hic
3107 3358 3179 3401 est
3216 3348 3365 3418 Arin-

1806 3415 2028 3501 christus
2056 3418 2108 3501 (1
2122 3417 2287 3501 _Ioaii.
2332 3434 2404 3482 iv,
2434 3419 2515 3501 2).
2546 3420 2678 3483 Quid
2706 3430 2882 3472 autem
2911 3415 3365 3501 εειῃεοιιξειεᾷιετ⁵

1805 3501 1943 3554 sum,
1978 3486 2078 3542 nisi
2121 3491 2401 3541 humanam
2431 3486 2499 3541 ab
2544 3502 2610 3542 eo
2640 3502 2889 3556 separare
2936 3496 3209 3556 naturam.
3240 3486 3286 3517 ”
3310 3492 3365 3539 et

1804 3568 2191 3626 sacramentum
2223 3573 2315 3626 per
2342 3558 2478 3625 quod
2513 3573 2674 3610 unum
2707 3555 2907 3626 isalvati
2954 3569 3158 3617 sumus,
3188 3555 3364 3626 impu-

1805 3625 2130 3680 dentissimis
2157 3624 2416 3697 evacuare
2451 3626 2751 3697 figmentis?
2786 3625 3032 3694 Caligans
3052 3639 3187 3697 vero
3220 3624 3361 3677 circa

1805 3708 2043 3749 naturain
2067 3697 2304 3765 corporis
2326 3694 2543 3762 Christi,
2570 3710 2787 3751 necesse
2812 3706 2968 3751 estut
2993 3694 3219 3765 etiamin
3245 3707 3362 3760 pas-

1801 3768 1952 3821 sione
1978 3767 2092 3835 i-jus
2119 3763 2303 3821 eadem
2331 3768 2689 3822 obciecatinne
2726 3766 2970 3835 desipiat.
3012 3764 3142 3818 Nam
3167 3763 3212 3818 si
3242 3777 3361 3817 crn-

1801 3851 1915 3891 cem
1961 3838 2166 3891 Domini
2216 3853 2321 3891 non
2368 3846 2514 3903 putat
2560 3838 2777 3899 falsam,
2820 3846 2874 3891 et
2915 3844 3217 3904 susceptum
3265 3848 3363 3900 pro

1803 3906 1983 3960 mundi
2026 3907 2197 3962 salute
2224 3908 2539 3975 supplicium
2573 3922 2751 3961 verum
2791 3906 2952 3960 fuisse
2987 3922 3089 3958 non
3118 3903 3322 3975 dubitat
3343 3942 3360 3967 ν

1800 3976 1949 4043 cujus
1978 3977 2148 4030 credit
2172 3972 2414 4036 mortem.
2447 3986 2698 4045 agnoscat
2727 3984 2779 4029 et
2806 3989 3019 4028 carnem
3045 3990 3061 4035 ;
3094 3972 3357 4045 necdifli-

1802 4039 1975 4098 Ieatur
1992 4047 2153 4098 nostri
2171 4047 2407 4112 corporis
2432 4039 2720 4106 hominem,
2739 4058 2891 4109 quem
2907 4041 3178 4110 cognoscit
3198 4039 3361 4112 fuisse

1801 4112 2108 4181 passibilem
2147 4131 2159 4165 :
2199 4108 2446 4181 quoniam
2487 4114 2697 4180 negatio
2733 4108 2871 4181 verte
2910 4108 3125 4181 carnis,_
3150 4108 3362 4181 negatio

1801 4178 1881 4236 est
1916 4183 2072 4236 etiam
2118 4178 2390 4251 corporeae
2430 4178 2708 4251 passionis.
2743 4180 2967 4251 Sigergo
3003 4178 3358 4251 Christianam

1802 4252 2023 4319 suscipit
2049 4249 2228 4315 fidem,
2258 4261 2313 4305 et
2339 4266 2368 4303 a
2399 4249 2769 4318 praedicatione
2792 4249 3056 4317 Evangelii
3078 4262 3360 4319 suum‘non

1800 4317 1992 4375 avertit
2030 4321 2289 4385 auditum,
2339 4317 2514 4374 videat
2541 4336 2658 4389 quae
2688 4330 2872 4373 natura
2911 4317 3361 4389 translixaclavis

1800 4391 2111 4459 pependerit
2140 4390 2191 4444 in
2227 4392 2400 4444 crucis
2431 4386 2601 4459 ligno;
2628 4401 2681 4443 et
2706 4399 2892 4454 aperto
2915 4405 3004 4457 per
3036 4387 3216 4442 militis
3244 4386 3358 4441 lan-

1797 4475 1946 4513 ceam
1989 4461 2154 4513 latere
2193 4461 2461 4525 crucifixi,
2503 4461 2759 4529 intelligat
2795 4459 2840 4491 ⁸⁶
2875 4460 3017 4514 unde
3052 4462 3265 4526 sanguis
3304 4466 3358 4512 ει

126 4538 201 4580 ter
232 4543 390 4599 animi
413 4507 586 4581 εαηιιιξ
608 4526 785 4599 (Ioan.
811 4544 860 4592 x,
890 4530 1000 4597 30).
1026 4542 1079 4582 et
1106 4529 1323 4599 dicere:
1356 4507 1509 4581 Ραῖσν
1527 4530 1698 4599 major
1722 4507 1775 4570 D
1798 4544 1930 4599 aqua
1959 4530 2206 4594 fluxerit;
2235 4540 2292 4584 ut
2322 4507 2559 4586 Ecclesia
2585 4507 2700 4593 Dei:
2732 4542 2784 4583 et
2813 4531 3024 4583 lavacro
3055 4507 3315 4597 rigauretnr
3340 4568 3355 4591 ,

127 4614 207 4650 me
237 4607 312 4651 est
335 4596 510 4662 (Ioan.
532 4596 637 4661 xiv,
657 4598 773 4665 28).
801 4596 1053 4663 Quamvis
1074 4600 1214 4652 enini
1238 4598 1289 4652 in
1317 4599 1543 4653 Domino
1566 4596 1692 4653 Jesu

126 4668 343 4719 Christo
368 4668 456 4720 Dei
487 4677 542 4720 et
574 4668 803 4720 hominis
835 4684 934 4721 una
967 4683 1192 4736 persona
1223 4671 1322 4729 sit;
1350 4668 1490 4721 aliud
1514 4679 1689 4724 tamen

128 4744 211 4789 est
232 4737 375 4789 unde
396 4741 712 4790 contumelia
733 4739 782 4790 in
811 4749 1031 4807 utroque
1049 4739 1365 4802 Communis,
1390 4738 1530 4791 aliud
1548 4739 1691 4793 unde

126 4808 428 4875 communis
470 4817 551 4859 est
575 4807 737 4875 gloria
764 4823 779 4859 :
811 4808 879 4860 de
916 4820 1099 4862 nostro
1124 4810 1263 4862 enim
1296 4808 1367 4860 illi
1398 4817 1480 4861 est
1517 4809 1692 4863 minor

128 4874 286 4929 Patre
321 4874 640 4937 humanitas,
673 4877 739 4930 de
769 4877 921 4930 Patre
944 4876 1017 4929 illi
1038 4884 1124 4931 est
1151 4877 1368 4944 mqualis
1390 4892 1509 4929 cum
1537 4876 1691 4932 Patre

129 4946 399 4998 divinitas.
445 4947 668 5012 Propter
720 4948 858 5015 hanc
902 4960 1029 5015 ergo
1072 4948 1325 4999 unitatem
1368 4960 1606 5010 persenti:
1637 4948 1689 5001 in

129 5024 352 5082 utraque
395 5024 575 5068 natura
606 5014 1027 5083 intelligendam,
1055 5026 1110 5069 et
1141 5016 1306 5069 Filius
1350 5015 1582 5069 hominis
1611 5017 1688 5070 le-

126 5084 267 5143 gitur
299 5085 634 5139 descendisse
661 5084 728 5138 de
767 5086 925 5151 cado,
955 5099 1073 5139 cum
1106 5084 1268 5138 Filius
1309 5084 1432 5146 Dei,
1476 5099 1688 5139 carnem

129 5152 191 5204 de
218 5168 280 5206 ea
315 5154 527 5220 Virgine
563 5153 630 5208 de
655 5170 757 5222 qua
786 5164 866 5209 est
893 5164 1047 5209 natus
1075 5154 1441 5219 assiimpserit.
1480 5154 1545 5208 Et
1572 5170 1689 5207 rur-

131 5237 241 5291 sum
278 5223 445 5276 Filius
479 5223 571 5276 Dei
614 5224 898 5279 cruciﬁxus
939 5224 1132 5277 dicitur
1157 5238 1219 5276 ac
1257 5226 1514 5291 sepultus,
1568 5237 1688 5278 cum

134 5288 241 5369 haec
272 5308 377 5345 nun
418 5292 471 5345 in
507 5293 780 5375 divinitate
820 5294 954 5375 ipsa,
984 5288 1419 5375 qua'tinigenitus
1447 5307 1691 5349 consem-

136 5360 368 5423 ρίιειιιιιέ
395 5373 449 5416 ει
474 5360 940 5417 ιιοηειιιιειειιιιίιιΙιε
967 5360 1048 5417 εει
1091 5360 1253 5425 Patri,
1281 5364 1376 5417 sed
1405 5365 1456 5417 in
1485 5373 1687 5417 natura:

138 5428 377 5503 humanm
420 5433 489 5503 sit
518 5431 820 5503 infirmitate
851 5448 1151 5501 perpessus.
1184 5433 1332 5488 Unde
1363 5431 1685 5503 unigenitum

137 5496 317 5553 Filium
354 5501 442 5553 Dei
473 5502 786 5556 crucifixum
840 5496 894 5555 et
930 5496 1192 5570 sepultum
1220 5518 1408 5557 omnes
1443 5496 1601 5558 etiam
1634 5503 1685 5556 in

137 5570 372 5641 symbolo
422 5574 759 5637 ciinlitemiir,
814 5572 1101 5641 secundum
1142 5573 1268 5625 illud
1300 5573 1579 5641 Apostoli:
1627 5572 1689 5626 Si

136 5638 267 5713 εςιξηιΔ
285 5642 649 5713 cognovissent,
675 5656 923 5713 nunquam
954 5639 1230 5709 Dominum
1260 5638 1537 5713 maiestatis
1557 5658 1687 5713 cru-

140 5708 405 5769 ti/ixissent
433 5708 484 5779 (l
527 5709 644 5763 Car.
680 5726 735 5775 ii,
761 5711 837 5768 8).
877 5708 1229 5764 Ciiin'auteni
1276 5708 1388 5778 ipse
1435 5712 1686 5765 Dominus

143 5786 313 5834 ii03ter
337 5788 495 5850 atque
521 5780 767 5837 Salvaor
794 5781 841 5812 "
871 5781 1022 5837 fidem
1044 5781 1419 5853 discipulorum
1457 5783 1566 5839 suis
1605 5783 1685 5837 iii-

1798 4611 1850 4653 et
1877 4604 2083 4665 poculo.
2115 4601 2306 4655 Audiat
2332 4610 2385 4654 et
2406 4601 2616 4656 beatum
2647 4600 2856 4654 Peirnin
2890 4599 3188 4665 apostolum
3215 4612 3355 4664 pra:-

1796 4669 2085 4734 dicantem,
2113 4669 2250 4739 quod
2278 4671 2385 4741 93
2414 4670 2758 4741 sanctificatio
2786 4669 3011 4737 Spiritus
3049 4684 3141 4741 per
3168 4681 3354 4741 asper-

1795 4741 1912 4792 sion
1950 4755 1999 4792 ιιι
2040 4737 2143 4793 ιίει
2166 4737 2436 4809 sanguinis
2472 4738 2710 4794 Christi:
2744 4756 2839 4793 nec
2871 4738 3173 4792 transitorie
3219 4737 3353 4809 legat

1794 4810 2032 4876 ejusdem
2063 4808 2287 4877 apostoli
2323 4810 2505 4871 verba,
2543 4809 2805 4863 dicentis:
2838 4809 3064 4863 Srienles
3091 4808 3227 4875 quod
3252 4825 3352 4861 non

1795 4880 2201 4948 corruptibilibus
2229 4889 2441 4949 argento
2475 4888 2522 4932 et
2552 4894 2680 4931 auro
2708 4880 2948 4947 redempti
2976 4881 3093 4949 estis
3128 4880 3190 4931 de
3222 4894 3352 4929 varia

1793 4960 1974 5028 vestra.
1997 4947 2367 5029 conversatione
2399 4960 2621 5030 paterna
2652 4950 2963 5030 traditionis,
3003 4947 3092 5001 sed
3115 4948 3351 5030 .pret-ioso

1791 5017 2207 5086 sanguinequasi
2238 5018 2357 5086 agni
2394 5014 2777 5071 incontaminati
2813 5029 2857 5071 et
2887 5014 3197 5070 immaculati
3225 5014 3349 5086 Iesu

1794 5084 1985 5138 Christi
2005 5084 2057 5147 (Ι
2091 5085 2233 5139 Pctr.
2263 5084 2301 5152 ι,
2334 5085 2442 5154 18).
2472 5088 2612 5141 lieaii
2636 5102 2845 5155 quoque
2871 5087 3089 5139 Joannis
3120 5085 3345 5155 apostoli

1792 5164 1897 5224 test
1920 5157 2097 5208 monio
2141 5172 2241 5209 nou
2287 5152 2525 5219 resistat,
2574 5152 2795 5211 dicentis
2825 5175 2836 5209 :
2870 5156 2933 5209 Et
2978 5152 3347 5224 sanguisjesu

1792 5222 1980 5295 Christi
2010 5222 2129 5277 Filii
2156 5225 2251 5279 Dei
2275 5230 2514 5280 emundat
2535 5243 2626 5280 nos
2646 5227 2709 5280 ab
2729 5228 2863 5279 omni
2892 5220 3093 5295 νεα-αιό
3113 5220 3164 5293 (1
3184 5221 3344 5276 Ioan.

1791 5308 1829 5351 ι.
1859 5294 1933 5355 7).
1964 5294 2028 5347 Et
2046 5296 2235 5349 iterum
2263 5312 2277 5348 :
2307 5295 2429 5349 Iltec
2454 5309 2524 5349 est
2545 5298 2748 5349 victoria
2768 5294 3050 5364 Mt‘iﬂt‘fl
3078 5294 3342 5364 mundum,

1791 5364 1920 5431 fides
1940 5376 2129 5416 nostra.
2158 5366 2282 5428 Quis
2297 5375 2368 5420 est
2398 5367 2487 5431 qui
2506 5369 2655 5420 vincit
2683 5362 2943 5426 mundum,
2966 5380 2999 5415 n
3022 5364 3064 5414 si
3084 5362 3165 5429 qui
3185 5364 3343 5415 credit

1791 5382 1920 5431 μασι
1940 5382 2129 5416 nostra.
2158 5382 2282 5428 uuis
2297 5382 2368 5420 est
2434 5383 2486 5419 ui
2506 5382 2655 5420 vincit
2683 5382 2943 5426 niunaiiui,
2966 5382 2999 5415 n
3022 5382 3063 5414 si
3084 5382 3165 5429 qui
3185 5382 3334 5415 creari

1788 5434 2027 5501 quoniam
2063 5433 2214 5488 Iesus
2257 5446 2330 5488 est
2372 5382 2537 5489 lgibus
2566 5434 2700 5489 Dei?
2733 5436 2831 5486 llic
2856 5443 2927 5487 est
2956 5433 3043 5502 qui
3086 5431 3217 5484 venit
3255 5449 3334 5501 per

1788 5518 1972 5566 aquam
1996 5514 2044 5556 et
2070 5506 2365 5573 sanguinem
2390 5503 2538 5559 Iesus
2573 5504 2802 5573 Christus
2832 5518 2851 5557 :
2877 5518 2977 5555 non
3012 5502 3063 5553 in
3089 5517 3222 5570 aqua
3260 5517 3343 5554 so-

1788 5573 1912 5632 lum,
1946 5573 2035 5643 sed
2064 5576 2116 5625 in
2140 5572 2271 5643 aqua
2292 5586 2339 5627 et
2360 5576 2624 5642 sanguine.
2652 5572 2719 5626 Et
2740 5572 2974 5643 Spiritus
2998 5573 3174 5643 estqui
3204 5572 3343 5623 testi-

1786 5644 1994 5707 ﬁcatur,
2019 5642 2064 5674 “
2092 5640 2329 5712 quoniam
2357 5640 2584 5711 Spiritus
2609 5652 2677 5695 est
2699 5642 2899 5695 veritas.
2938 5640 3069 5706 Quia
3095 5651 3193 5712 tres
3224 5650 3341 5694 sunt

1785 5714 1869 5779 qui
1896 5711 2229 5766 testimonium
2257 5718 2396 5778 dant,
2423 5714 2666 5781 Spiritus,
2697 5720 2741 5762 rt
2759 5728 2911 5781 aqua,
2936 5720 2983 5764 et
3005 5711 3208 5779 sanguis
3231 5712 3276 5742 ³⁸
3293 5721 3340 5764 et

1786 5794 1885 5837 tres
1915 5799 2067 5837 unum
2097 5795 2213 5837 sunt
2246 5784 2295 5855 (ι
2326 5783 2474 5837 Ioan.
2507 5800 2560 5849 v,
2591 5782 2666 5853 4).
2688 5782 2913 5853 Spiritus
2944 5781 3121 5851 utique
3141 5784 3336 5838 sancti-
