3978 6380
221 348 323 403 6ιὸ

290 683 573 740 Sulticeret
633 685 847 754 quidem
899 690 963 742 ad

218 754 428 827 plenam
463 756 816 827 cognitionem
851 762 934 827 pe

218 824 362 885 tatis,
394 831 449 877 et
485 824 964 889 COHIifmaiiOIIi‘lll,

216 894 430 961 sapiens
452 893 602 962 105
620 894 718 948 lioc
737 906 802 949 et
823 902 966 950 sa'ti-

220 974 332 1034 tare
361 963 763 1034 divinaegratic
814 982 955 1034 syinr

219 1033 414 1085 bolum.
451 1032 521 1085 De
554 1032 706 1088 Patre
731 1032 894 1098 enim,
914 1049 967 1089 et

220 1102 376 1159 Filio.
420 1111 475 1154 et
529 1101 727 1166 Spiritu
783 1119 966 1159 saneto

218 1172 599 1237 pert'ectionrm
664 1172 821 1227 docet
847 1192 862 1229 :
913 1188 966 1229 i-t

217 1239 428 1292 Domini
482 1239 965 1298 inhumanationem

214 1309 445 1363 ﬁdeliter
472 1312 855 1377 accipientibus
886 1332 968 1368 re-

216 1388 524 1451 przesentat.
558 1380 663 1434 Sed
715 1386 965 1451 quoniam

214 1450 253 1501 ii
283 1450 372 1517 qui
401 1449 639 1503 veritatis
678 1449 963 1519 reprobai-e

213 1518 650 1586 praedicationem
678 1533 957 1586 conantur,

215 1604 317 1655 per
344 1588 850 1656 propriashiereses,
874 1609 965 1645 no-

211 1672 312 1712 vas
343 1671 498 1711 voces
552 1671 878 1727 genuerunt:
912 1674 965 1715 et

209 1729 270 1781 lii
287 1727 512 1799 quidem,
526 1731 834 1799 mysterium
853 1733 963 1785 dis-

213 1796 546 1865 pensitionis
576 1796 802 1871 :Domini
845 1816 964 1871 quin

212 1876 437 1936 propter
450 1881 548 1920 nos
571 1868 701 1923 facta
721 1880 820 1936 est,
843 1868 963 1926 cor-

212 1952 466 2005 rumpere
494 1950 889 2003 praesumentes,
910 1952 964 1995 et

210 2009 643 2080 γοοριιιοεοτὸκος
663 2009 734 2080 de
756 2012 963 2080 Virgine

203 2077 540 2144 denegantes
556 2094 568 2129 :
584 2079 670 2132 alii
698 2094 823 2132 vero
835 2077 961 2134 con-

201 2148 475 2202 fusionetn
532 2148 963 2215 permixtionem-

201 2232 320 2284 que
384 2217 830 2283 introduceiites,
908 2235 961 2274 et

201 2301 374 2338 unum
424 2300 663 2342 naturain
694 2303 813 2341 esse
840 2305 958 2343 car-

204 2358 299 2408 nis
363 2366 416 2409 et
460 2358 754 2411 divinitatis
802 2364 963 2413 stulte

204 2425 615 2493 contingentes:
649 2437 702 2479 et
738 2427 963 2494 passibi-

207 2495 321 2545 lem
353 2495 605 2563 unigeiiiti
622 2495 855 2549 divinam
883 2513 967 2551 na-

208 2573 390 2633 turan
451 2581 547 2633 per
601 2565 966 2619 confusionem

209 2632 520 2701 prodigiose
549 2635 805 2688 dicentes.
850 2636 969 2689 Pro-

208 2712 337 2759 irter
365 2705 464 2757 hoc
487 2705 589 2757 illis
619 2720 828 2757 onmem
856 2722 967 2758 ma-

176 2770 578 2826 tbinatiouem
608 2784 790 2827 contra
828 2777 965 2828 veri-

207 2850 377 2892 tatem
457 2845 643 2897 volens
716 2844 962 2915 claudere

203 2924 449 2977 prtesetts
481 2926 619 2966 nunc
665 2922 868 2979 sancta,
906 2924 961 2968 et

204 2995 423 3053 magna,
447 2992 501 3036 et
528 2984 841 3053 universalis
872 2998 960 3053 sy-

178 3050 385 3104 rnodus
417 3098 429 3115 ,
532 3050 957 3121 priedicationein

201 3121 351 3173 lianc
373 3123 438 3175 ab
456 3123 601 3176 initio
631 3122 956 3176 immobilem

202 3192 434 3257 dncens,
448 3193 682 3246 decrevit
706 3200 830 3244 ante
847 3208 959 3246 om-

201 3260 299 3312 nia
320 3300 334 3321 ,
353 3263 505 3315 Iidem
533 3264 585 3315 in
610 3262 956 3317 recusabilem

202 3344 525 3397 permanere
546 3347 660 3386 ccc.
697 3347 752 3384 Χ.
784 3342 837 3387 et
868 3348 957 3386 VIII

203 3406 515 3455 sanctorum
587 3401 819 3455 Palmm.
897 3404 961 3456 Et

203 3470 508 3541 doctrinam
525 3472 822 3541 confirmat,
845 3488 963 3541 qua:

203 3540 278 3591 de
300 3541 589 3610 substantia
602 3540 831 3610 Spiritus
844 3556 966 3594 san-

203 3610 283 3659 eti
302 3623 367 3662 c1.
386 3608 630 3664 Patribus
647 3608 830 3679 postea
843 3626 964 3664 con-

200 3681 443 3750 gregatis
471 3680 525 3733 in
568 3679 712 3750 regia
750 3681 964 3735 civitate

203 3749 406 3821 tradita
427 3757 527 3821 est,
561 3760 776 3819 propter
810 3751 964 3821 106

196 3816 334 3870 illos
363 3821 450 3887 qui
502 3816 719 3887 Spiritui
771 3816 956 3873 sﬁicti'i

201 3888 576 3955 repugnabant
618 3907 629 3941 :
690 3905 847 3955 quam
882 3892 953 3944 illi

196 3956 461 4009 omnibus
490 3968 667 4011 notam
695 3956 954 4024 fecerunt,

201 4038 322 4077 non
351 4028 498 4093 quasi
522 4028 718 4094 aliquid
746 4027 960 4082 deesset

198 4094 650 4149 antecedentibus
724 4096 958 4149 inferen-

202 4171 333 4224 tes;
361 4163 451 4213 seil
474 4163 538 4215 de
553 4161 750 4230 Spiritu
778 4176 962 4222 sancto

202 4230 542 4284 intellectum
569 4246 751 4286 eorum
778 4243 961 4288 contra

196 4298 335 4353 illos
400 4301 487 4367 qui
544 4302 961 4358 dominationem

193 4369 327 4436 ejus
340 4381 957 4438 respueretentaverunt,

193 4438 604 4503 Scripturarum
644 4443 962 4497 testimoniis

194 4508 568 4564 declarantes.
593 4510 817 4579 Propter
842 4512 960 4567 iltos

196 4589 386 4631 autem
413 4579 499 4647 qui
516 4582 823 4649 mysterium
851 4581 959 4635 dis-

198 4649 543 4719 pensationis
615 4664 959 4719 corrumpere

195 4717 522 4782 moliuntur,
556 4728 610 4772 et
633 4717 953 4786 purum’lio-

192 4787 407 4841 minem
426 4801 558 4857 esse
586 4788 734 4841 illum
774 4790 862 4857 qui
893 4806 953 4844 ex

190 4864 393 4911 sancta
425 4854 636 4925 Virgine
685 4854 840 4912 Maria
868 4875 959 4912 na-

192 4936 289 4979 tus
308 4933 415 4986 est,
464 4926 801 4993 imprudenter
828 4927 961 4981 deli-

194 5003 350 5058 rant,
384 4997 635 5066 epistolas
676 4996 959 5066 synodicas

191 5066 346 5119 beati
422 5064 608 5134 Cyrilli
691 5064 956 5134 quondam

192 5137 374 5188 Alexa
384 5133 587 5188 ndrinte
705 5135 958 5191 Ecclesia:

194 5204 455 5273 praesulis
470 5244 485 5265 ,
535 5204 598 5258 ad
653 5201 954 5259 Nestorium

190 5272 246 5328 et
273 5272 345 5325 ad
376 5274 509 5327 alios
554 5288 648 5342 per
686 5274 956 5329 Orientem

189 5357 469 5410 congruas
480 5343 773 5397 existentes
786 5359 961 5399 susce-

192 5416 306 5481 pit,
338 5410 408 5463 ad
429 5413 823 5467 convincendas
852 5414 957 5467 Ne-

190 5483 355 5536 swrii
372 5485 633 5547 ve~ani.is;
649 5482 959 5550 interpreta-

191 5554 419 5621 tionem
459 5564 585 5605 vero
634 5566 817 5606 eorum
870 5554 957 5621 qui

188 5620 454 5677 salutaris
474 5621 700 5689 symboli
724 5620 955 5676 mentem

191 5694 285 5759 pio
316 5688 438 5742 zelo
455 5688 612 5744 nosse
628 5691 953 5747 desiderant.

189 5764 238 5828 υ
264 5761 411 5816 .ibus
454 5760 613 5816 etiam
676 5761 955 5818 epistolam

1205 344 1266 399 ΙΝ
1306 344 1532 401 OPERA
1574 346 1797 403 VIGILII
1841 348 2205 408 TAPSENSIS
2241 351 2465 409 ΝΟΤΑΞ.

219 457 571 529 apostolicam
618 456 933 529 Ecclesiam.
1000 455 1333 514 Confitentur
1394 476 1553 513 unum
1608 462 1779 529 bapti-
1810 466 1855 525 Α
1888 466 2127 521 maximze
2161 476 2212 522 et
2244 468 2470 521 senioris
2493 467 2636 522 urbis

216 542 332 580 snia
360 529 411 579 in
443 526 807 580 remissionem
825 539 1185 593 peccatorum:
1218 526 1782 596 exspectamusresur-

218 598 509 651 rectionem
538 605 886 663 mortuorum,
913 609 966 652 et
986 600 1142 651 vitam
1169 599 1327 652 futuri
1358 600 1560 653 sreculi.
1595 603 1785 655 Amen.

1056 685 1392 769 "Sufficeret
1431 689 1661 769 quidem
1714 691 1783 769 ad

1040 758 1247 829 plenam
1289 758 1645 829 cognitionem
1679 760 1787 829 pie-

1042 827 1165 879 tatis
1202 838 1257 882 et
1303 827 1782 895 confirmationem,

1039 899 1254 962 sapiens
1296 898 1395 949 hoc
1449 907 1504 951 et
1554 900 1785 955 salutare

1040 980 1131 1035 per
1164 968 1253 1019 Dei
1298 967 1520 1033 gratiam
1572 970 1786 1035 symbo-

1038 1034 1169 1088 lum.
1202 1037 1273 1087 De
1312 1036 1466 1089 Patre
1512 1034 1676 1102 enim,
1732 1049 1787 1093 et

1040 1104 1201 1169 Filio,
1243 1115 1296 1158 et
1341 1116 1525 1160 sancto
1586 1106 1783 1171 Spiritu

1077 1175 1416 1227 lenitudinem
1481 1176 1670 1239 docet,
1732 1189 1784 1232 et

1084 1245 1247 1297 omini
1298 1244 1781 1301 inhumanationein

1041 1311 1273 1367 ﬁdeliter
1296 1313 1678 1381 accipientibus
1698 1333 1782 1371 re-

1042 1392 1344 1448 prii-sentat.
1385 1384 1487 1436 Sed
1534 1386 1781 1452 quoniam

1037 1452 1229 1505 ltedere
1244 1453 1671 1520 praedicationem
1690 1472 1783 1511 ve-

1039 1522 1511 1593 ritatisgconaiites.
1555 1527 1784 1593 preprii's

1039 1590 1332 1645 limresibus
1396 1590 1565 1645 novas
1627 1590 1783 1651 voces

1038 1661 1333 1733 proferunt;
1364 1660 1416 1715 lii
1432 1662 1646 1733 quidem
1668 1681 1783 1733 my-

1034 1736 1251 1785 sterium
1301 1732 1508 1784 Domini
1568 1732 1782 1800 propter

1037 1814 1134 1879 nos
1157 1801 1349 1855 divinae
1367 1802 1779 1869 dispensationis
1813 1820 1856 1879 Β

1035 1869 1291 1924 audentes
1327 1886 1690 1939 corrumpere,
1725 1885 1780 1927 et

1036 1939 1214 2010 Matns
1240 1940 1329 1994 Dei
1349 1939 1572 2007 Virginis
1593 1946 1773 2010 appel-

1038 2009 1286 2064 lationem
1350 2009 1636 2064 reciisant.’
1678 2014 1779 2068 Alii

1036 2093 1161 2151 vero
1205 2079 1603 2151 confusionem,
1661 2099 1782 2151 per-

1034 2149 1451 2215 mixtionemque
1542 2149 1782 2208 introdu-

1032 2228 1187 2281 cunt,
1220 2228 1275 2273 et
1320 2234 1475 2273 unam
1538 2230 1779 2277 naturain

1034 2290 1209 2339 carnis
1251 2297 1306 2342 et
1357 2288 1569 2343 deitatis
1624 2296 1783 2348 stulte

1035 2358 1388 2423 contingunt;
1476 2361 1779 2423 passibilem

1038 2426 1291 2490 uiiigeuiti
1353 2427 1587 2480 divinam
1664 2445 1783 2485 esse

1040 2504 1299 2559 naturam,
1328 2497 1641 2550 confusione
1665 2514 1785 2566 por-

1041 2572 1245 2617 tentosa
1288 2566 1547 2618 dicentes.
1580 2568 1659 2620 0b
1686 2570 1784 2625 hoc

1042 2631 1146 2687 illis
1176 2648 1387 2688 omnem
1438 2636 1786 2694 machinatio-

1040 2718 1156 2756 nem
1189 2714 1370 2757 contra
1414 2704 1571 2759 ﬁdem
1602 2710 1784 2763 volens

1036 2773 1283 2827 claudere
1342 2789 1579 2841 praesiins
1646 2794 1785 2833 nunc

1033 2850 1236 2915 sancta,
1264 2852 1317 2915 et
1360 2858 1578 2911 magna,
1626 2858 1784 2915 atque

1035 2912 1346 2983 universalis
1377 2916 1634 2981 synodus,
1658 2912 1777 2983 prie

1031 2981 1115 3033 dic
1134 2981 1345 3035 itinnem
1379 2983 1512 3036 hanc
1542 2984 1610 3037 ab
1633 2981 1783 3042 initio

1032 3053 1397 3105 inconcussam
1414 3054 1630 3116 duci-iis,
1658 3072 1780 3111 ciin-

1030 3123 1198 3173 stitnt
1248 3137 1353 3189 ρι’-υ
1401 3126 1639 3186 οςηιριὶε,
1677 3140 1779 3181 tre-

1030 3202 1303 3243 centorum
1348 3192 1531 3246 decem
1563 3208 1612 3247 et
1660 3208 1780 3253 octo

1031 3272 1332 3314 sanctorum
1376 3263 1587 3315 l‘atrntn
1622 3266 1777 3321 fidem

1033 3346 1245 3383 manere
1274 3332 1529 3385 inlirsam.
1560 3334 1622 3386 Et
1664 3352 1758 3402 pro

1034 3410 1150 3465 pter
1178 3402 1297 3453 illos
1346 3403 1431 3467 qui
1497 3404 1778 3461 ailveismn

1033 3482 1277 3523 sanetum
1350 3470 1607 3539 Spiritum
1685 3493 1781 3541 pii-

1033 3552 1195 3610 gnant
1220 3542 1592 3610 (μαχομένους)
1610 3556 1786 3608 postc-

1036 3609 1265 3661 rioribus
1280 3609 1605 3675 temporibus
1623 3628 1649 3662 a
1680 3613 1781 3666 Pa-

1039 3678 1207 3732 tribus
1229 3680 1367 3744 apud
1413 3680 1787 3739 Constantino-

1036 3749 1195 3821 polim
1254 3760 1467 3802 centum
1502 3752 1785 3821 quinqua-

1031 3818 1175 3883 ginta
1206 3820 1564 3886 congregatis,
1596 3818 1785 3877 ile'es-

1029 3890 1197 3941 sentia
1250 3889 1478 3957 Spiritus
1513 3896 1779 3946 conrobo-

1031 3968 1115 4010 rat
1141 3958 1388 4029 traditam
1418 3960 1779 4029 disciplinain,

1030 4042 1188 4093 quam
1221 4028 1292 4080 illi
1315 4028 1567 4082 omnibus
1605 4042 1780 4084 iiotaiii

1034 4094 1308 4150 fecerunt:
1335 4113 1439 4149 non
1455 4099 1600 4165 quasi
1625 4102 1782 4153 dees-

1034 4174 1116 4234 set
1147 4166 1341 4228 aliquid
1363 4168 1785 4234 prmcedentibus

1036 4233 1346 4296 inferentes,
1367 4233 1468 4288 sed
1499 4235 1565 4287 de
1600 4247 1786 4291 sancto

1035 4302 1233 4368 Spiritu
1262 4319 1412 4356 suam
1463 4306 1781 4360 sententiain

1038 4374 1432 4441 promulgantes
1456 4388 1470 4434 ;
1503 4376 1783 4430 adversum

1034 4454 1127 4494 eos
1158 4444 1244 4509 qui
1296 4446 1567 4496 veritatem
1616 4446 1784 4509 ipsius

1032 4510 1228 4563 lit-dere
1261 4521 1613 4573 tentaverunt.
1638 4515 1779 4567 Scri-

1034 4586 1307 4643 pturarum
1350 4582 1670 4635 testimoniis
1700 4598 1783 4637 ro-

1032 4648 1301 4721 borantes.
1328 4654 1389 4703 At
1410 4666 1535 4721 vero
1568 4664 1785 4721 propter

1032 4717 1150 4771 illos
1188 4720 1277 4786 qui
1318 4720 1627 4789 mysterium
1662 4717 1775 4774 dis-

1031 4789 1359 4851 pensationis
1440 4791 1638 4845 violare
1695 4804 1784 4845 co-

1032 4869 1241 4921 nantur,
1281 4874 1467 4926 purum
1512 4860 1781 4915 hominem

1032 4939 1250 4995 essequi
1279 4943 1341 4980 ex
1359 4940 1540 4982 sancta
1568 4929 1786 4995 Virgine

1030 4993 1189 5065 Maria
1207 5007 1361 5049 natus
1388 5008 1488 5063 est,
1505 4993 1783 5065 impuden-

1034 5064 1134 5138 tius
1163 5065 1474 5138 delirantes,
1520 5064 1658 5121 beati
1681 5066 1786 5138 Cy-

1033 5133 1132 5186 rilli
1183 5136 1557 5188 Alexandrina:
1614 5133 1786 5190 eccle-

1030 5201 1122 5255 sia:
1179 5204 1420 5270 praesulis
1497 5205 1785 5273 synodicas

1031 5272 1234 5327 litteras
1259 5274 1323 5327 ad
1367 5272 1698 5337 Nestorium,
1731 5284 1786 5329 et

1030 5341 1094 5394 ad
1151 5344 1285 5395 alios
1333 5357 1427 5410 per
1474 5343 1783 5404 Orientem,

1030 5412 1430 5479 acceptissimas
1482 5412 1663 5475 habet,
1720 5413 1787 5467 ad

1031 5483 1423 5536 convincendas
1552 5482 1785 5536 Nestorii

1032 5551 1411 5619 blaspliemias,
1441 5560 1495 5606 et
1521 5552 1586 5604 ad
1619 5553 1787 5605 inter-

1032 5621 1379 5689 pretationem
1534 5624 1706 5675 saluta
1716 5624 1788 5674 ris

1030 5690 1254 5761 sytnboli
1282 5692 1363 5743 his
1383 5691 1475 5759 qui
1510 5707 1671 5745 nosse
1696 5693 1786 5744 de-

1030 5762 1280 5815 suleraiit.
1342 5762 1550 5827 Quibus
1625 5762 1786 5816 etiam

1892 533 2072 603 Romae
2103 540 2358 603 pra-stilis,
2387 538 2633 592 beatissi'

1888 602 1957 655 nii
1990 616 2042 657 et
2069 602 2389 660 sanctissimi
2432 609 2639 661 art-hie-

1890 671 1941 739 pi
1975 674 2093 739 copi
2127 673 2475 745 Leoiiis,qu:e
2505 679 2637 731 scri-

1889 751 1975 807 pta
2019 752 2101 796 est
2129 744 2193 795 ad
2222 744 2633 801 sanet-mmemo-

1887 810 1979 863 riie
2009 812 2467 882 archiepiscopum
2515 818 2633 872 Fla-

1886 881 2098 935 vianum
2124 925 2139 949 ,
2172 883 2236 935 ad
2269 886 2630 949 perimendam

1889 949 2141 1040 Eiitycbis
2193 956 2383 1007 malam
2424 956 2662 1040 intelle:

1883 1022 2116 1087 gentiam
2180 1028 2632 1093 consequentissi-

1884 1106 1971 1143 me
1999 1093 2300 1162 coaptavit:
2336 1102 2394 1146 ut
2435 1107 2557 1162 pote
2578 1107 2633 1151 et

1886 1159 2059 1227 magni
2093 1160 2234 1214 illius
2257 1161 2396 1215 Petri
2423 1159 2633 1219 confes-

1883 1228 2017 1281 sioni
2031 1240 2409 1298 congruentem
2423 1247 2472 1286 et
2487 1248 2633 1289 com-

1885 1313 2098 1370 munem
2156 1301 2305 1369 107
2347 1304 2630 1370 quamdam

1882 1368 2195 1422 columnaiti
2226 1368 2379 1424 nobis
2436 1373 2633 1427 adver-

1882 1449 1997 1489 sum
2031 1452 2187 1503 prava
2227 1441 2471 1509 dogmata
2513 1445 2631 1496 exi-

1882 1518 2134 1573 seeiitem,
2158 1509 2224 1563 ad
2268 1534 2280 1558 ι
2298 1514 2629 1566 ontirmatio-

1880 1592 2004 1649 item
2025 1591 2288 1632 rectorum
2305 1583 2630 1649 ilogmatuin.

1886 1647 1976 1718 liis
2011 1662 2237 1716 namque
2282 1647 2454 1718 qui—in
2498 1656 2632 1705 duos

1886 1715 2047 1768 Filios
2072 1715 2483 1784 dispensationis
2499 1722 2635 1775 divi-

1887 1801 1967 1859 lite
2000 1790 2304 1855 mysterium
2326 1791 2634 1859 discerpere

1887 1856 2125 1909 nituntur
2154 1859 2392 1911 obsistit:
2435 1872 2487 1911 et
2509 1856 2635 1916 illos

1885 1926 1973 1991 qui
2027 1927 2330 1994 passibilem
2383 1930 2634 1985 deitatem

1886 1996 2274 2063 unigenitisuut
2296 2004 2407 2052 ausi
2432 2000 2631 2062 dicere,

1885 2079 2043 2136 sacro
2090 2075 2229 2121 etetu
2289 2069 2538 2136 expellit:
2580 2082 2634 2125 et

1884 2134 1966 2187 bis
1996 2137 2083 2202 qui
2113 2141 2163 2191 in
2192 2134 2399 2192 duabus
2430 2142 2632 2195 naturis

1883 2204 2080 2258 Cbristi
2112 2247 2127 2270 ,
2156 2217 2630 2272 temperamentum

1884 2282 1975 2326 aut
2027 2278 2392 2349 confusionem
2450 2282 2634 2349 exqui-

1887 2352 2008 2415 runt
2047 2345 2283 2402 resistit:
2322 2358 2376 2399 et
2405 2364 2497 2401 eos
2536 2345 2630 2415 qui

1885 2412 2180 2477 C(Bii‘SlClll,
2198 2430 2279 2467 aut
2304 2419 2524 2469 alterius
2537 2412 2636 2470 ali-

1886 2483 2038 2548 cujus
2064 2497 2183 2536 esse
2217 2488 2524 2539 substantiae
2553 2490 2632 2541 di-

1886 2563 2011 2603 Cttiit
2064 2568 2218 2620 quam
2256 2570 2317 2606 ex
2353 2557 2503 2607 nobis
2534 2557 2629 2609 ad—

1886 2634 2109 2686 Sumpsn
2138 2637 2179 2675 si
2199 2626 2274 2677 rvi
2298 2624 2541 2687 formam,
2577 2639 2631 2678 ut

1886 2691 2162 2764 dementes
2191 2694 2352 2761 abigit
2384 2712 2396 2746 :
2454 2706 2507 2749 et
2538 2698 2627 2764 qui

1886 2763 2018 2814 duas
2047 2765 2257 2831 qiiidain
2291 2776 2411 2818 ante
2442 2763 2635 2819 uiiitio-

1880 2845 2007 2883 ncm
2040 2843 2255 2887 naturas
2305 2834 2509 2887 υοιιοίιιί
2558 2836 2632 2889 fa-

1888 2901 2156 2973 bulantur,
2184 2920 2338 2957 uiiaiii
2368 2920 2494 2957 vero
2520 2917 2635 2973 post

1885 2972 2174 3025 utiitioiiem
2276 2972 2631 3040 ciiiiliiigniit,

1885 3043 2310 3111 auatltemalizat.
2342 3044 2588 3111 Sequenti
2610 3060 2636 3099 s

1886 3110 2043 3177 igitur
2068 3125 2281 3166 sanctos
2331 3110 2541 3178 Patres,
2572 3132 2633 3167 II-

1809 3178 1853 3239 C
1887 3194 2010 3251 num
2042 3184 2391 3251 eamdemque
2414 3189 2633 3238 conlite-

1887 3251 1929 3302 ri
1956 3250 2174 3316 Filium,
2208 3250 2487 3305 Dominum
2534 3271 2629 3306 no-

1885 3330 2055 3373 strum
2113 3322 2292 3375 .lcsani
2345 3323 2633 3390 Christum,

1884 3402 2238 3445 consonanter
2264 3407 2447 3447 omni-5
2478 3397 2634 3447 doce-

1887 3474 2039 3531 mus:
2073 3464 2315 3514 eumdem
2348 3463 2634 3531 perfectum

1886 3529 1936 3580 in
1981 3532 2201 3592 deitate,
2272 3542 2325 3597 et
2350 3529 2361 3531 “
2390 3537 2633 3586 eumdem

1891 3600 2182 3665 perfectum
2199 3602 2250 3652 iii
2280 3602 2633 3655 humanitate:

1888 3669 2052 3722 Deum
2100 3685 2245 3731 vere.
2279 3679 2331 3724 et
2372 3671 2637 3725 hominem

1887 3754 2011 3793 vere
2052 3741 2299 3794 eumdem
2351 3756 2413 3794 ex
2462 3742 2636 3795 anima

1886 3810 2129 3863 rationali
2169 3820 2224 3863 et
2264 3824 2489 3877 corpore
2526 3828 2537 3863 :
2584 3822 2636 3865 et

1885 3882 2393 3934 consubstantialem
2492 3881 2633 3936 Patri

1883 3952 2173 4003 secundum
2238 3951 2524 4015 deitatem,
2581 3966 2633 4004 et

1884 4021 2390 4072 consubstantialem
2480 4023 2632 4072 nobis

1885 4092 2127 4140 eumdem
2182 4089 2472 4142 secundum
2531 4090 2632 4139 hu-

1888 4159 2215 4223 manitatem,
2238 4159 2391 4225 108
2409 4171 2501 4223 per
2522 4171 2636 4208 om-

1886 4225 1973 4277 Iiia
2006 4230 2156 4280 nobis
2186 4228 2411 4279 similem
2435 4228 2636 4293 absque

1888 4305 2108 4362 peccan
2128 4310 2143 4349 :
2168 4306 2292 4349 ante
2309 4296 2503 4348 sarcula
2523 4296 2639 4364 qui-

1886 4365 2007 4417 dem
2039 4366 2102 4417 de
2135 4365 2288 4417 Patre
2309 4367 2541 4433 genitum
2557 4381 2639 4418 se-

1886 4434 2116 4487 cundum
2156 4434 2426 4497 deititem;
2464 4434 2514 4486 in
2543 4450 2637 4487 no-

1894 4504 2129 4557 vissimis
2201 4512 2381 4557 autem
2455 4503 2639 4556 diebus

1889 4574 2131 4626 eumdem
2165 4584 2383 4643 propter
2434 4587 2550 4636 nos,
2584 4582 2638 4627 et

1889 4652 2104 4711 propter
2120 4654 2355 4695 nostrain
2380 4643 2630 4710 salutem,

1886 4727 1950 4765 ex
1982 4713 2144 4765 Maria
2175 4711 2384 4780 Virgine
2419 4712 2509 4765 Dei
2540 4728 2634 4779 ge-

1888 4783 2098 4845 nitrice,
2127 4782 2416 4835 secundum
2447 4781 2633 4834 buma-

1889 4852 2128 4905 nitatem.
2152 4852 2345 4916 Unuin,
2363 4851 2634 4905 eumdein-

1924 4936 1988 4974 ue
2040 4921 2346 4983 Christum,
2409 4920 2637 4985 Filium,

1940 4992 2174 5043 ominum
2202 5031 2215 5055 ,
2273 4991 2600 5054 unigenitum
2620 5031 2635 5055 ,

1887 5060 1939 5112 in
1971 5060 2175 5112 duilius
2219 5060 2420 5112 naturis
2460 5062 2641 5113 incon-

1889 5130 2024 5190 fuse,
2060 5129 2479 5193 inimutabiliter,
2507 5129 2643 5182 indi-

1889 5200 2038 5259 vise,
2090 5212 2140 5252 et
2211 5200 2634 5266 inseparabiliter

1890 5267 2282 5334 agnoscinduai
2316 5285 2329 5319 :
2376 5284 2633 5336 nusquam

1892 5339 2100 5392 sublata
2150 5336 2446 5391 differentia
2485 5346 2637 5391 natu-

1861 5424 1869 5429 '
1890 5424 1944 5461 ra
1980 5423 2065 5460 um
2084 5409 2634 5476 pr0pteruuitiouein;

1890 5478 2161 5546 magisque
2212 5477 2353 5529 salva
2393 5480 2635 5545 proprie-

1891 5557 1997 5600 tate
2023 5550 2299 5614 utriusqiie
2341 5558 2563 5609 iiatiirie,
2585 5557 2639 5597 et

1892 5618 1943 5669 in
1973 5631 2127 5669 unam
2162 5631 2443 5686 persimam
2482 5627 2638 5683 atque

1891 5687 2291 5741 subsistentiain
2318 5699 2642 5740 concurren-

1894 5768 1968 5813 te.
1996 5758 2107 5812 Nou
2133 5758 2185 5812 in
2211 5758 2341 5812 duas
2386 5767 2641 5826 personas

3359 366 3460 422 5M

2706 468 2985 543 (Epistulam
3035 489 3238 543 irrigua:
3283 489 3337 534 et
3375 500 3461 539 se-

2708 538 2872 611 nioris
2888 540 3043 595 Urbis
3071 538 3315 611 praesulis
3335 550 3455 605 bea-

2712 609 2899 689 tissimi
2926 622 2977 665 et
3003 609 3171 689 sancti
3202 620 3457 689 archiepi-

2709 682 2855 758 δα)ρί
2878 680 3094 758 _Leonis,
3113 700 3229 751 qua:
3260 680 3457 758 scripta

2705 756 2789 802 est
2826 749 2889 803 ad
2936 749 3141 807 sanctae
3186 749 3456 813 meinoi-iai

2706 818 3156 887 archiepiscopum
3248 826 3454 883 Flavia-

2705 902 2829 962 num
2846 932 2861 954 ,
2883 890 2949 962 ad
2977 904 3165 962 sensus
3194 899 3451 962 pessimos

2706 950 2959 1040 Eutycbis
2975 950 3313 1040 aiifereiiilos,
3328 950 3454 1021 con;

2704 1038 3107 1095 sequentissiine
3128 1038 3329 1099 aptavit
3355 1054 3368 1089 :
3401 1050 3455 1092 ut

2705 1108 2827 1162 pote
2884 1100 3055 1163 magni
3116 1102 3253 1156 illius
3311 1105 3454 1161 Petri

2703 1166 3025 1221 confessioni
3048 1184 3452 1239 congruentem,

2704 1242 2757 1287 et
2806 1238 3089 1303 quamdam
3152 1238 3453 1299 columnam

2706 1303 2860 1380 nobis
2932 1308 2997 1359 ad
3006 1323 3215 1380 versum
3291 1329 3449 1380 prava

2702 1371 2860 1449 dogm
2880 1383 2948 1427 ita
2990 1371 3308 1449 existenteui
3325 1423 3341 1449 ,
3389 1385 3455 1439 ad

2706 1445 3163 1502 coiilirmationem
3198 1445 3335 1505 recti
3362 1457 3457 1506 do-

2705 1516 2929 1590 giiiatis,_
2956 1515 3225 1590 llis_eniiu
3262 1524 3351 1590 qui
3406 1526 3457 1579 iu

2706 1582 2840 1654 duos
2859 1582 3016 1649 filios,
3041 1582 3456 1654 dispensationis

2704 1649 2899 1705 divinae
2918 1649 3226 1723 mysterium
3248 1660 3455 1717 discer-

2709 1734 2835 1787 pere
2919 1723 3157 1778 nituntur
3207 1729 3414 1784 obsistit
3435 1749 3450 1787 :

2710 1799 2761 1841 et
2791 1790 2907 1844 illos
2923 1795 3010 1857 qui
3028 1794 3328 1860 passibilein
3343 1801 3458 1854 dei-

2712 1867 2871 1913 tatem
2906 1863 3157 1927 unigeniti
3190 1870 3302 1921 ausi
3332 1884 3456 1925 sunt

2707 1928 2917 1994 dicere,
2937 1946 2963 1983 a
3010 1947 3164 1988 sai-ro
3191 1948 3329 1991 cuitu
3359 1958 3456 1993 cx-

2713 1999 2901 2074 pellit:
2934 2010 2988 2055 et
3008 2003 3213 2074 bisqui
3249 2008 3299 2059 in
3327 2010 3458 2062 dua-

2708 2068 2803 2144 bus
2842 2073 3048 2144 naturis
3078 2068 3298 2141 Cliristi,
3334 2094 3455 2144 per-

2705 2141 3009 2196 mixtionem
3051 2156 3137 2197 aut
3189 2141 3457 2201 (‘uiiftisio-

2707 2223 2824 2262 iiem
2876 2214 3161 2279 exquirunt
3215 2219 3446 2271 resistit:

2706 2288 2758 2330 et
2786 2294 2879 2332 eos
2897 2284 2983 2347 qui
3032 2284 3330 2346 caelestem,
3359 2300 3450 2341 aut

2705 2350 2924 2400 alterius
2944 2352 3167 2418 alicujus
3186 2369 3306 2408 esse
3325 2357 3449 2409 sub.

2706 2420 2915 2489 stadia:
2958 2420 3141 2473 dicunt
3187 2440 3340 2489 quam
3380 2442 3445 2480 ex

2711 2485 2863 2539 nobis
2886 2492 3168 2557 assumpsit
3190 2485 3326 2546 servi
3351 2497 3453 2547 lor-

2704 2570 2867 2631 inani,
2882 2570 2935 2631 Iit
2954 2558 3225 2613 deineutes
3249 2564 3443 2631 abigit:

2705 2632 2759 2677 et
2785 2627 2871 2697 qui
2900 2627 3030 2679 duas
3062 2634 3273 2697 quidem
3326 2627 3449 2685 ante

2708 2696 2999 2749 unitionem
3016 2713 3226 2753 naturas
3247 2700 3449 2756 Domini

2709 2763 3035 2828 fabulantur,
3094 2783 3249 2822 unam
3327 2788 3452 2825 vi-io

2710 2844 2827 2902 post
2900 2838 3185 2892 uiiitiouem
3258 2843 3451 2895 c-inlin-

2708 2916 2856 2970 guut,
2889 2910 3317 2965 anatbeniatizat.
3357 2912 3452 2966 Se-

2708 2986 2928 3039 quentes
2947 2976 3105 3042 igitur
3119 2990 3330 3034 sanctos
3354 2982 3452 3035 Pa-

2710 3055 2846 3120 tres‘,
2891 3061 3049 3120 uiiu_iii
3104 3050 3451 3120 eamdemque

2706 3114 2945 3168 confiteri
2976 3116 3252 3182 Filium,et
3273 3114 3449 3174 Domi-

2707 3198 2829 3235 num
2847 3187 3272 3242 nosmimJesum
3295 3193 3444 3244 12Ιηί-

2708 3262 2867 3320 stum,
2884 3269 3113 3309 consona
3127 3272 3255 3312 voce
3266 3277 3451 3315 omnes

2710 3324 3003 3398 docemus:
3051 3330 3295 3398 eumdem
3330 3347 3449 3398 pi-r-

2711 3392 2899 3445 fretum
2938 3394 2987 3447 in
3030 3397 3253 3462 deitate,
3297 3392 3449 3453 eiun-

2709 3462 2933 3530 deinque
2962 3471 3249 3530 μετιὶτιυω
3275 3468 3324 3519 in
3356 3469 3452 3521 hu-

2710 3535 2960 3603 manitate
2989 3551 2999 3583 :
3037 3533 3197 3587 Deum
3230 3552 3370 3603 vi-re,
3402 3552 3454 3592 et

2713 3601 2975 3655 hominem
2991 3618 3114 3656 vere
3129 3601 3371 3659 eunidi-in
3388 3622 3451 3660 et

2711 3669 2882 3723 anima
2908 3675 3146 3726 rationali
3173 3698 3183 3723 i
3207 3683 3226 3727 t
3268 3689 3454 3744 Carpi.-

2719 3756 2811 3793 re:
2868 3745 3270 3797 ciuessentialem
3304 3748 3455 3798 nobis

2708 3812 2951 3864 eumdem
2968 3814 3254 3867 si-ciinduiii
3274 3814 3455 3867 buma-

2710 3882 2949 3945 iiitatem,
2983 3898 3074 3949 per
3104 3885 3275 3937 omnia
3302 3886 3454 3937 nobis

2708 3951 2933 4020 similem
2968 3955 3166 4020 absque
3199 3970 3451 4020 peccato:

2705 4018 2825 4089 ante
2873 4018 3093 4071 εξιιευιίι⁷
3121 4018 3329 4089 quidem
3388 4026 3453 4075 de

2708 4086 2861 4139 l'aIre
2890 4090 3122 4153 genitum
3138 4086 3451 4143 secundum

2706 4156 2989 4219 deitatem,
3044 4155 3095 4209 in
3152 4160 3456 4211 novissimis

2707 4234 2881 4276 autem
2953 4225 3138 4279 diebus
3210 4228 3455 4283 eumdem

2710 4303 2924 4365 propter
2972 4309 3089 4361 nos,
3135 4304 3191 4348 et
3243 4310 3457 4365 propter

2710 4364 2933 4416 salutem
2966 4373 3202 4417 nostrain
3221 4364 3322 4430 ,er
3352 4368 3457 4421 Ila-

2711 4431 2784 4485 ria
2819 4433 3028 4502 Virgine
3055 4434 3323 4488 Tlieotoco
3367 4452 3455 4491 se-

2708 4502 2938 4555 cundum
3051 4503 3452 4561 humanitatem.

2712 4570 2881 4625 Unum
2923 4573 3273 4642 eiimdemqiie
3301 4577 3454 4630 Chri-

2707 4649 2863 4705 stum,
2901 4644 3117 4709 Filittm,
3151 4645 3449 4709 Dominum,

2709 4710 3070 4779 unigenitum.
3140 4714 3191 4766 iu
3252 4715 3456 4770 diiabiis

2709 4784 2911 4836 naturis
2940 4782 3239 4847 inconfuse,
3268 4786 3457 4838 immu-

2713 4851 2973 4915 tabiliter,
3017 4853 3268 4916 iisdivise,
3308 4854 3453 4908 inse-

2711 4922 3019 4987 paiabiliter
3042 4926 3455 4989 agnos::endtiiii.

2716 4990 2980 5057 Nusquam
3001 4992 3202 5043 sublata
3229 4994 3458 5045 essentia

2716 5069 3026 5112 naturarum
3065 5071 3279 5128 propti-r
3310 5077 3458 5111 uiiiu-

2713 5143 2851 5192 Item,
2886 5132 3155 5197 magisque
3176 5130 3314 5180 salva
3332 5145 3453 5196 prn-

2713 5198 2931 5266 prietate
2946 5213 3216 5263 utriusque
3234 5212 3451 5263 tiatiirte,

2708 5276 2764 5321 et
2788 5270 2837 5319 in
2867 5282 3021 5319 unam
3067 5280 3343 5333 personam
3373 5278 3457 5319 at-

2708 5353 2812 5405 que
2824 5337 3224 5389 subsistentiam
3237 5350 3458 5388 ciincur-

2710 5419 2882 5460 rente.
2917 5405 3029 5474 Non
3078 5406 3130 5458 in
3170 5407 3302 5457 duas
3330 5419 3454 5474 per-

2710 5486 2868 5529 sonas
2887 5473 3133 5542 partitum
3156 5473 3458 5542 atquedivi-

2710 5558 2850 5606 sum,
2884 5558 3056 5610 neque
3111 5542 3452 5609 disjunctum;

2709 5614 2801 5666 sed
2826 5628 2983 5665 unum
3007 5624 3062 5665 et
3081 5616 3323 5666 eumdem
3374 5615 3459 5669 Fi-

2715 5683 2840 5735 liutn
2898 5682 3251 5750 unigenitum,
3292 5684 3453 5738 Deum

2717 5752 2969 5816 Verbum,
2985 5751 3259 5808 hominum
3275 5751 3457 5809 Jesuiii
