3978 6380
689 346 793 417 547
1856 344 2125 414 ausum
2165 356 2459 416 HELPIDII
2495 354 2823 417 canum.
3716 374 3773 437 δη

696 470 849 541 Quod
879 466 1012 526 mihi
1032 466 1115 526 vel
1138 468 1381 540 cuiquam
1405 472 1627 538 noceat,
1651 465 1792 542 quod
1815 470 2052 529 moribus
2076 473 2273 545 obstet,
2298 475 2357 541 Α
2379 474 2587 532 iussisti
2615 476 2797 531 lucere
2835 472 2983 529 sinus
3007 515 3020 542 ,
3048 471 3305 545 ruptisque
3328 473 3518 534 latebris

689 564 982 633 Vinclaque
1007 563 1276 634 perpetuis
1304 560 1541 632 captivet
1564 569 1782 634 pectora
1813 564 1985 634 ptenis
2372 564 2675 639 Conceptos
2711 566 2944 639 gaudere
2971 565 3084 622 dies
3106 607 3121 633 ,
3153 582 3214 623 ac
3239 578 3381 624 nocte
3400 564 3545 638 fugata

689 656 946 729 Lapsibus
972 655 1249 727 indulgens
1273 658 1426 713 venia
1446 697 1460 726 ,
1490 672 1623 728 quos
1649 657 1849 728 primus
1872 659 1923 713 in
1951 672 2162 714 omnem
2372 659 2684 715 Monstrilici
2713 659 2891 715 vultus
2910 699 2927 726 ,
2963 654 3131 713 fecisti
3160 657 3347 713 lumina
3374 675 3515 715 caeco.

690 745 948 805 Servandi
979 744 1127 817 leges
1146 788 1162 815 ,
1191 756 1249 803 et
1276 749 1398 803 vitae
1425 744 1680 819 providus
1707 760 1913 816 auctor,
2443 752 2543 808 Per
2566 762 2636 823 te,
2667 768 2874 809 summe
2903 749 3081 819 Pater,
3110 747 3270 805 vulsis
3298 750 3587 821 compagibus
3604 770 3700 825 ceger-

690 841 898 897 iudicio
923 840 1211 896 miserante
1242 839 1386 897 leves
1406 881 1421 906 ,
1450 849 1509 895 ut
1537 840 1716 896 mitius
1745 855 1910 911 angar
1941 858 1955 894 :
2372 842 2473 897 Vix
2506 842 2683 897 anima
2710 841 2983 899 residente
3006 841 3174 909 redit,
3202 840 3321 911 quin
3346 852 3525 896 mortua
3550 843 3665 900 funus

691 932 954 990 Pmniteat
982 947 1232 1003 peccasse
1261 930 1379 1003 tibi,
1413 941 1467 988 et
1493 932 1587 988 tibi
1616 930 1852 1003 corrigar
1877 932 2054 988 obses.
2371 934 2503 990 Ossa
2537 935 2757 992 trahens
2779 934 2930 992 verbi
2959 950 3145 991 sanum
3178 933 3391 1004 virtute,
3422 937 3607 1006 receptis

688 1024 945 1080 Parcendi
971 1024 1203 1080 vindicta
1230 1038 1347 1080 reos
1372 1038 1502 1095 cape
1517 1038 1759 1092 munera,
1782 1038 1985 1095 quaeso,
2372 1026 2590 1082 Viribus
2611 1026 2798 1083 exiluit
2826 1045 2839 1082 :
2871 1043 2990 1081 nam
3011 1025 3119 1097 jam
3146 1020 3263 1097 quia
3286 1026 3419 1095 lapsa
3447 1040 3618 1082 manere

686 1118 808 1173 Oris
835 1132 1002 1187 egena
1030 1117 1167 1188 mei,
1201 1108 1276 1174 nil
1306 1118 1523 1191 dignum
1552 1106 1708 1174 laude
1733 1117 2025 1187 canentis,
2371 1116 2488 1172 Non
2518 1126 2759 1187 poterat,
2782 1117 2919 1173 duro
2940 1116 3167 1187 subjecit
3191 1114 3320 1172 colla
3349 1115 3555 1186 grabato.

690 1208 821 1264 Vota
850 1208 1018 1280 magis
1044 1224 1201 1279 quam
1234 1206 1371 1265 dona
1402 1211 1594 1281 probes
1613 1251 1628 1278 ,
1662 1224 1761 1266 nec
1786 1209 1992 1264 vatibus
2018 1194 2146 1267 istas
2371 1207 2451 1262 Tu
2480 1209 2697 1265 morbos
2727 1209 2983 1265 cohibere
3014 1218 3201 1280 potens
3219 1249 3234 1277 ,
3266 1207 3508 1280 pulsisque
3536 1210 3696 1280 sepulcri

688 1299 1057 1365 Annumeres,
1092 1294 1235 1354 fandi
1265 1296 1448 1354 doctas
1478 1298 1753 1356 erroribus
1784 1308 1925 1355 artes
1944 1340 1959 1365 ,
2371 1299 2656 1369 Luctibus,
2685 1310 2844 1372 atque
2874 1301 3066 1356 animis
3093 1300 3213 1357 vita:
3242 1316 3471 1357 revocare
3493 1301 3673 1375 cadaver,

687 1392 832 1461 Quas
860 1393 1184 1465 Aganippeae
1213 1388 1546 1450 Pcrmessius
1576 1392 1755 1447 accola
1786 1386 2049 1463 lympha,
2164 1465 2171 1473 .
2371 1389 2749 1461 Confractique
2776 1390 2940 1446 trucis
2966 1391 3177 1447 calcare
3217 1386 3446 1462 repagula
3475 1392 3598 1463 lethi,

688 1486 891 1542 Hausto
918 1484 1068 1542 fonte
1094 1484 1273 1554 ciens,
1306 1501 1440 1541 vana
1463 1484 1745 1541 dulcedine
1771 1492 1940 1554 captas
2372 1480 2541 1538 Unius
2571 1489 2630 1537 ut
2655 1484 2798 1538 vultu
2830 1483 3119 1553 redeunte,
3162 1493 3447 1554 capesseret
3470 1484 3607 1553 orbis,

687 1578 887 1635 Pabula
909 1576 1103 1636 mentis
1127 1570 1283 1637 habet
1309 1592 1533 1650 seseque
1563 1577 1794 1633 oblectat
1824 1571 1966 1632 inani
2372 1573 2510 1643 Quid
2540 1575 2745 1630 cunctis
2771 1575 3014 1633 conferre
3038 1576 3150 1632 suis
3180 1583 3264 1633 tua
3299 1576 3466 1631 dextra
3493 1580 3654 1647 pararit.

687 1670 987 1739 Murmure,
1027 1686 1132 1742 quo
1161 1670 1341 1727 blandi
1370 1666 1441 1727 sit
1466 1668 1674 1743 pollens
1701 1667 1954 1726 carminis
1980 1683 2096 1725 ore.
2371 1663 2483 1720 Nec
2510 1664 2663 1722 nobis
2689 1665 2943 1723 fundasse
2970 1668 3145 1723 solum
3174 1667 3434 1740 gravidare
3457 1668 3641 1735 novales,

760 1762 897 1819 Hinc
923 1763 1082 1819 etiam
1115 1771 1299 1819 nostro
1328 1774 1520 1835 nugata
1545 1772 1629 1820 est
1653 1764 1869 1820 schema
1900 1761 2107 1830 dolori,
2377 1757 2638 1813 Eﬂudisse
2663 1772 2846 1816 comas
2870 1759 3017 1815 silvis
3034 1800 3050 1829 ,
3078 1765 3135 1816 et
3156 1759 3382 1830 gramina
3405 1759 3555 1830 pratis.

691 1850 914 1909 Garrula
942 1853 1212 1910 mendosis
1243 1854 1447 1927 fingens
1475 1866 1798 1930 satyromata
1826 1856 2009 1913 Musis.
2297 1846 2350 1924 Β
2377 1848 2685 1921 Subjecisse
2713 1850 2856 1907 feras
2888 1854 3061 1908 varios
3091 1867 3345 1909 renovare
3377 1852 3589 1923 liquores,

689 1945 923 2003 Falleret
950 1955 1006 2001 ut
1038 1948 1271 2018 trepidos
1301 1949 1562 2005 cantatrix
1593 1951 1782 2022 pagnia
1810 1958 2060 2022 questus,
2375 1942 2611 1998 Alitibus
2638 1957 2882 1999 reserare
2912 1957 3098 2010 auras,
3132 1953 3187 2021 et
3214 1943 3432 2014 piscibus
3456 1943 3584 1998 undas

689 2037 759 2092 At
780 2037 875 2094 tibi
894 2053 1046 2094 mens
1073 2039 1317 2095 confessa
1342 2050 1517 2111 patet,
1546 2042 1642 2096 tibi
1671 2036 1843 2097 fundit
1872 2040 2131 2098 anhelans
2375 2036 2671 2092 Contentus
2698 2045 3049 2106 nostrumque
3071 2050 3242 2108 genus
3264 2035 3458 2093 ratione
3480 2036 3606 2106 sagaci

688 2128 842 2185 Seria
872 2129 1049 2201 lingua
1081 2145 1301 2200 preces,
1333 2140 1387 2187 et
1414 2129 1591 2187 sobria
1618 2132 1779 2188 verba
1809 2134 2021 2203 fatigat,
2377 2129 2447 2185 Et
2470 2129 2593 2184 forti
2624 2129 2861 2185 munisse
2888 2144 3049 2184 manu
3069 2171 3083 2197 ,
3113 2144 3313 2201 perque
3339 2141 3467 2184 astra
3493 2128 3644 2183 levatum

688 2218 768 2277 Tu
799 2218 1093 2290 Dominus,
1127 2233 1181 2278 tu
1213 2239 1372 2280 verus
1405 2225 1574 2281 honos
1608 2241 1671 2282 ac
1698 2224 1866 2297 gloria
1898 2238 2121 2297 perpes,
2377 2221 2624 2278 Erexisse
2644 2230 2804 2295 caput
2825 2264 2839 2287 ,
2870 2231 3047 2277 motus
3075 2222 3407 2277 manantibus
3431 2220 3538 2276 oliui

688 2314 865 2384 Atque
899 2313 1072 2385 opifex
1103 2331 1280 2371 rerum
1302 2358 1315 2382 ,
1351 2326 1407 2372 tu
1434 2332 1556 2387 spes
1585 2318 1863 2374 manifesta
1894 2318 2127 2374 reducta:
2381 2316 2651 2373 Subvenis
2672 2358 2685 2385 ,
2714 2326 2771 2372 et
2799 2314 2954 2388 primi
2986 2314 3247 2371 medicata
3279 2314 3390 2370 labe
3415 2322 3578 2378 reatus,

689 2400 1116 2476 Exemplumque
1140 2422 1304 2478 capax
1333 2409 1525 2463 animae
1552 2426 1570 2464 :
1607 2420 1658 2465 tu
1686 2413 1857 2466 victor
1882 2418 1937 2466 et
1966 2406 2141 2466 haeres
2378 2404 2685 2464 Exstinctas
2715 2408 2947 2475 animas,
2980 2418 3034 2463 et
3062 2422 3290 2477 corpora
3320 2407 3480 2461 functa
3504 2399 3649 2458 reducit

689 2493 944 2566 Corporis
966 2496 1204 2567 occidui,
1239 2510 1359 2570 post
1382 2499 1520 2556 idem
1548 2510 1604 2557 et
1634 2501 1873 2557 membra
1895 2511 2167 2573 superstes
2188 2543 2205 2571 ,
2379 2502 2437 2557 ln
2461 2502 2677 2570 caelum,
2704 2502 2952 2572 legesque
2974 2499 3086 2571 pias
3116 2516 3133 2555 :
3166 2516 3273 2555 non
3297 2497 3518 2554 suavibus
3538 2491 3656 2549 herbis

692 2587 823 2644 Post
848 2587 1056 2645 inferna
1088 2586 1227 2646 Deus
1247 2633 1261 2660 ,
1302 2600 1357 2648 et
1400 2603 1517 2662 post
1548 2592 1791 2648 mortalia
1822 2594 1995 2648 vivus.
2384 2590 2575 2650 Messis
2598 2602 2653 2651 et
2674 2595 2912 2649 emerita:
2929 2634 2944 2661 ,
2969 2607 3068 2648 nec
3090 2584 3269 2647 mollis
3294 2590 3443 2647 vestis
3468 2588 3638 2649 honore,

693 2683 777 2744 Tu
805 2684 984 2742 divina
1014 2688 1186 2757 salus,
1218 2688 1472 2759 strepitus
1501 2690 1784 2746 miseratus
1814 2701 2027 2745 amaros
2386 2685 2605 2757 Fulgida
2631 2685 2835 2741 Sidonii
2863 2700 3021 2755 quam
3052 2684 3245 2755 polluit
3265 2684 3396 2739 unda
3425 2678 3602 2748 veneni,

697 2780 777 2834 Ac
803 2779 1019 2836 morbos
1049 2779 1318 2853 furiasque
1344 2778 1566 2850 dolens,
1596 2792 1651 2839 et
1677 2780 1899 2838 crimina
1928 2780 2042 2838 lassi
2389 2779 2629 2834 Pellibus
2657 2789 2748 2834 aut
2773 2777 2990 2850 Libycis
3025 2776 3301 2835 redimens
3321 2820 3336 2847 ,
3366 2788 3447 2832 aut
3469 2768 3657 2831 mercibus
3675 2764 3747 2821 ludis

697 2870 1013 2943 Sanguinis,
1048 2873 1101 2929 in
1134 2884 1346 2931 nostros
1378 2892 1567 2946 passus
1598 2872 1925 2932 descendere
1956 2876 2100 2931 visus
2120 2915 2137 2943 ,
2382 2870 2705 2941 Progeniem
2730 2870 3058 2941 stirpemque
3090 2878 3237 2926 tuam
3257 2913 3270 2934 ,
3299 2868 3387 2926 sed
3412 2864 3612 2937 sanguine
3633 2872 3712 2916 sacro

697 2962 871 3033 Atque
900 2964 1170 3021 hominem
1198 2966 1425 3022 miscere
1456 2962 1597 3033 Deo,
1627 2983 1751 3022 mox
1780 2966 1997 3023 conscia
2022 2960 2137 3022 veri
2386 2962 2451 3018 Et
2476 2964 2646 3033 pretio
2674 2972 2867 3034 magno
2897 2959 3095 3029 donas,
3128 2964 3220 3033 qui
3243 2958 3432 3017 lubrica
3456 2966 3593 3014 mores

697 3052 951 3111 Exhibuit
978 3056 1296 3112 documenta
1329 3057 1462 3111 fides
1482 3099 1499 3126 ,
1525 3058 1885 3128 praedictaque
1916 3057 2105 3129 priscis
2390 3058 2537 3114 Inter
2561 3060 2799 3113 membra
2822 3056 3048 3123 docens,
3074 3065 3137 3112 ut
3162 3056 3319 3111 vitam
3341 3048 3534 3111 reddere
3558 3058 3689 3120 posse”.

699 3148 1056 3217 Temporibus
1073 3190 1086 3213 ,
1119 3152 1320 3219 stupuit
1346 3148 1602 3205 miracula
1633 3152 1876 3207 subditus
1901 3152 2066 3207 orbis.
2383 3146 2572 3205 Vicisti
2597 3149 2783 3219 culpas
2810 3148 3011 3204 merita:
3041 3161 3142 3218 pro
3166 3146 3379 3203 crimine
3404 3143 3572 3208 carnis,

700 3239 769 3295 Et
796 3240 880 3294 cui
912 3248 1055 3294 terra
1083 3235 1225 3307 jacet
1255 3240 1474 3311 pelagus
1503 3242 1654 3309 silet,
1686 3251 1842 3311 atque
1869 3243 2105 3299 coruscis
2308 3247 2356 3315 ο
2384 3240 2619 3297 Laudem
2647 3242 2823 3295 carnis
2849 3252 3041 3310 agens,
3078 3254 3178 3309 per
3205 3248 3283 3295 tot
3307 3238 3523 3307 cantagia
3547 3240 3667 3301 pitius.

702 3328 988 3398 Obsequiis
1012 3331 1216 3386 servire
1247 3328 1420 3385 minor
1438 3325 1522 3385 vix
1552 3330 1749 3387 sufﬁcit
1775 3330 1965 3399 aether,
2386 3332 2611 3402 Praeque
2640 3332 2857 3388 homine
2884 3332 3191 3399 exsultans,
3222 3330 3441 3388 hominis
3469 3326 3643 3399 perferre
3661 3316 3765 3372 dolores

701 3422 1039 3494 Calcatisque
1063 3422 1207 3480 celer
1236 3418 1519 3480 famulatur
1548 3424 1778 3481 nubibus
1806 3424 1920 3480 axis
1945 3442 1959 3479 :
2385 3421 2452 3478 Et
2476 3431 2701 3478 mortem
2731 3437 2826 3492 pro
2850 3434 3024 3479 morte
3054 3426 3202 3495 pati,
3237 3425 3511 3494 persolvere
3531 3419 3672 3487 signant

702 3515 856 3571 Hunc
878 3515 1194 3586 gravidante
1228 3518 1334 3571 Deo
1366 3518 1607 3572 mortalis
1636 3518 1815 3573 nescia
1843 3516 2002 3583 fetus,
2385 3515 2646 3571 Culminis
2671 3516 2893 3573 aetherei
2919 3558 2934 3585 ,
2963 3533 3060 3589 pro
3089 3521 3262 3575 nostri
3292 3519 3462 3573 funere
3485 3513 3595 3585 ligni.

703 3610 992 3680 Virginitas
1017 3611 1244 3668 fecunda
1270 3612 1424 3678 tulit,
1447 3621 1708 3682 partuque
1738 3611 1929 3682 pudico
2387 3611 2467 3665 Ex
2499 3626 2605 3682 quo
2635 3624 2789 3682 poena
2819 3614 2965 3684 prior
2994 3622 3203 3669 natura:
3226 3614 3342 3685 jura
3370 3608 3620 3669 momordit.

706 3703 988 3772 Expletum
1020 3712 1103 3760 est
1130 3704 1341 3773 pietatis
1372 3720 1504 3774 opus
1522 3747 1536 3771 ,
1565 3720 1663 3759 nec
1691 3705 1834 3758 enim
1862 3702 2047 3758 ederet
2075 3708 2248 3757 ortum
2394 3702 2714 3774 Rumpentis
2740 3706 2976 3761 monitus
2995 3747 3010 3773 ,
3040 3716 3091 3761 et
3117 3707 3275 3776 jussu
3302 3702 3511 3760 verenda
3535 3692 3685 3769 parvulis

707 3795 954 3865 Vulgaris
981 3805 1167 3851 natura
1198 3812 1387 3852 novum
1409 3837 1426 3864 ,
1456 3811 1744 3867 coramque
1768 3804 1977 3866 pateret
2388 3798 2728 3869 Artiﬁcisque
2756 3800 2837 3855 sui
2858 3838 2875 3867 ,
2902 3799 2988 3856 cui
3005 3800 3208 3871 iugiter
3228 3813 3346 3856 esse
3365 3792 3627 3868 precandam

708 3885 1001 3955 Maiestatis
1027 3902 1162 3957 apex
1186 3929 1199 3954 ,
1232 3888 1273 3942 si
1303 3890 1370 3942 nil
1402 3888 1648 3943 mirabile
1679 3888 1864 3953 terris,
2389 3891 2636 3947 Extensis
2662 3893 2903 3947 manibus
2924 3936 2938 3962 ,
2972 3893 3202 3948 merenti
3232 3894 3283 3947 in
3317 3892 3481 3946 funere
3506 3897 3625 3941 tense

705 3975 1057 4049 Ignotumque
1088 3974 1267 4047 daret,
1294 3994 1394 4033 nec
1422 3977 1553 4033 tanti
1580 3978 1800 4049 pignora
1835 3971 1972 4032 fetus
2389 3982 2751 4039 Monstravere
2777 3999 2965 4039 manus
2985 4024 3000 4049 ,
3035 3994 3091 4039 ut
3116 3986 3278 4040 vivax
3309 3983 3462 4055 gloria
3491 3976 3609 4033 terris

704 4072 961 4128 Enituere
987 4072 1183 4138 simul,
1214 4086 1335 4127 nam
1365 4072 1509 4127 claro
1537 4072 1713 4128 sidere
1738 4072 1987 4128 mundus.
2390 4077 2700 4143 Assereret,
2735 4086 3000 4133 tormenta
3029 4062 3205 4133 crucis
3232 4093 3329 4133 nec
3354 4076 3548 4147 quisque
3564 4070 3698 4122 recuset

704 4164 970 4223 irradians
1004 4166 1181 4222 rutilae
1221 4166 1356 4221 lucis
1394 4164 1645 4235 cognovit
1672 4160 1931 4220 honorem
2390 4162 2495 4224 Pro
2524 4168 2748 4224 Domino
2773 4170 3003 4227 tolerare
3034 4170 3236 4238 libens,
3268 4164 3593 4229 cunctantibus
3615 4152 3714 4211 ulnis,

708 4256 997 4311 Auctorem
1029 4257 1234 4323 perisse
1262 4270 1417 4312 suum
1435 4298 1448 4321 ,
1480 4258 1568 4327 qui
1603 4258 1796 4312 nobilis
1830 4257 1930 4311 aevi
2391 4260 2543 4327 Quod
2572 4263 2825 4319 Dominus
2851 4279 2947 4334 pro
2972 4264 3129 4334 plebe
3158 4263 3279 4319 tulit
3307 4278 3323 4317 :
3353 4276 3442 4317 nec
3469 4258 3607 4312 dicere
3628 4247 3734 4300 inest

709 4342 1088 4397 lnchoamenta
1108 4358 1323 4411 gerens,
1352 4345 1569 4415 fragiles
1599 4347 1940 4416 processitjn
1966 4356 2131 4418 artus.
2225 4404 2231 4411 ,
2391 4357 2649 4411 Sensibus
2676 4357 2884 4428 exiguis
2902 4397 2916 4425 ,
2948 4366 3149 4428 quanto
3176 4352 3465 4413 celebratur
3499 4351 3645 4403 honore

784 4433 1034 4488 Protinus
1052 4437 1338 4503 assumptis
1360 4436 1595 4490 tolerans
1618 4437 1736 4490 data
1756 4446 1991 4505 tempora
2017 4436 2265 4492 membris
2393 4450 2572 4505 Gratia
2592 4493 2605 4516 ν
2629 4467 2748 4522 ηυδε
2772 4453 2910 4506 sacri
2939 4467 3184 4507 reserans
3212 4447 3485 4521 penetralia
3507 4439 3644 4497 fontis,
3698 4518 3703 4523 ‘

714 4525 881 4593 Quem
914 4526 986 4580 nil
1016 4535 1138 4581 ante
1168 4526 1295 4595 fuit,
1324 4541 1423 4582 nec
1453 4528 1595 4582 enim
1628 4537 1801 4583 exstat
1830 4529 1975 4598 origo
2001 4530 2163 4586 creati
2393 4539 2650 4595 Provocat
2672 4541 2737 4595 ad
2766 4542 2972 4596 veniam
3004 4551 3222 4597 cunctos
3251 4558 3265 4596 ;
3300 4539 3560 4605 meliuSque
3584 4533 3707 4584 renisu

713 4618 964 4689 Principii
990 4663 1003 4688 ,
1032 4618 1176 4676 nasci
1206 4620 1344 4692 quod
1378 4628 1497 4691 post
1528 4620 1667 4676 Deus
1699 4622 1871 4674 omnia
1906 4635 2075 4690 posset
2105 4665 2118 4688 ,
2316 4624 2365 4685 D
2392 4630 2556 4687 posse
2585 4631 2758 4698 dedit,
2791 4647 3117 4702 superasque
3141 4632 3283 4687 fores
3305 4644 3355 4686 ει
3383 4628 3542 4683 nmina
3561 4612 3703 4691 pandit

713 4712 843 4777 Quae
873 4712 1051 4780 genuit
1081 4729 1197 4767 cum
1236 4723 1417 4780 patre,
1450 4721 1503 4767 et
1533 4727 1651 4767 cum
1684 4711 1972 4782 spiramine
2004 4730 2215 4785 magno.
2395 4725 2475 4799 Ad
2506 4726 2684 4781 mundi
2718 4727 2937 4797 potioris
2964 4729 3083 4794 iter,
3114 4740 3434 4798 regnumque
3462 4726 3641 4791 perenne

714 4801 784 4856 Ει
811 4801 999 4871 triplex
1031 4803 1082 4856 i“
1112 4798 1265 4859 laude
1302 4804 1440 4873 Vige‘
1460 4846 1474 4870 ν
1504 4820 1821 4874 semperque
1851 4804 2074 4876 Vigebi‘s
2396 4798 2638 4873 Ctnlestis
2664 4821 2846 4889 patria:
2876 4838 2885 4871 :
2909 4819 3016 4890 jam
3045 4836 3147 4873 non
3177 4820 3261 4874 hic
3285 4818 3427 4872 arida
3447 4812 3603 4869 febris,
3752 4874 3755 4881 η

716 4894 961 4953 Εκοοιυίῑ
998 4894 1169 4951 (“Vina
1196 4896 1297 4967 Diis
1326 4898 1583 4952 cunabllla
1614 4906 1828 4965 Sancta.
2396 4908 2509 4964 Non
2539 4886 2685 4979 sitis,
2715 4920 2804 4965 aut
2834 4886 3062 4966 violenta
3096 4912 3296 4977 fames,
3330 4924 3429 4963 non
3461 4904 3628 4958 flamina
3657 4886 3787 4979 timore?

716 4984 1027 5056 Fulgentem
1059 5000 1220 5057 super
1249 5000 1390 5043 astra
1420 4989 1609 5045 videns
1628 5032 1643 5057 ,
1676 5006 1829 5061 quem
1861 5000 1999 5046 terra
2039 4990 2251 5047 levavit.
2398 5002 2505 5056 Nec
2535 4978 2730 5056 bellum
2750 5045 2764 5068 ,
2794 5019 2890 5058 nec
2921 5003 3138 5057 morbus
3162 5004 3293 5068 erit,
3326 5015 3419 5055 nec
3448 4998 3591 5061 iniqua
3618 4978 3759 5053 potest!i

716 5078 858 5135 Gens
885 5079 1131 5134 Clialdaza
1166 5076 1331 5135 Deum
1358 5095 1480 5136 cum
1510 5091 1705 5137 sanctae
1734 5083 1953 5153 praedita
1987 5080 2212 5138 flamma-1
2398 5092 2624 5161 δωνίει,
2655 5104 2746 5148 θυι
2773 5094 2913 5149 [ει-το
2943 5096 3218 5164 quisquam
3247 5090 3502 5148 εχθιηεοωι
3526 5082 3704 5161 adempti

717 5172 969 5239 Lumine,
999 5182 1459 5244 monstratumque
1492 5174 1626 5244 polis
1652 5184 1927 5245 prosecuta
1960 5178 2185 5231 nitorem
2211 5217 2225 5243 ,
2394 5186 2489 5242 Jus
2518 5188 2766 5254 sceleris,
2792 5198 3040 5257 ηριοννθ
3071 5202 3267 5242 nocens
3293 5178 3606 5239 dominabitur
3626 5165 3716 5220 ullus

718 5265 1019 5321 Promeruit
1048 5274 1098 5321 te
1124 5282 1280 5323 nosse
1310 5269 1451 5335 prior
1477 5275 1698 5324 ventura
1726 5269 1940 5335 dicatis,
2395 5281 2586 5337 sancta
2616 5281 2772 5350 sede,
2806 5282 2874 5349 pii
2908 5280 3186 5350 portabunt
3216 5277 3423 5348 prmmia
3462 5280 3632 5326 mores.

714 5354 818 5413 Per
840 5360 1071 5425 Speciem
1102 5358 1419 5416 documenta
1463 5362 1640 5417 ferens
1660 5403 1674 5428 ,
1707 5362 1796 5416 dat
1830 5375 2048 5417 munera
2069 5405 2079 5425 ,
2110 5364 2223 5432 regi
2397 5366 2463 5425 Et
2481 5371 2615 5425 ﬁdus
2644 5371 2945 5441 splendebit
2975 5386 3144 5437 amor.
3175 5368 3451 5437 νίείάίεφιθ
3474 5364 3682 5432 Ῑυγεηιυε.

715 5447 991 5518 Divinitas,
1010 5452 1101 5507 dat
1131 5450 1284 5509 thura
1316 5454 1445 5517 Deo,
1472 5455 1847 5526 myrrhamqne
1878 5453 2146 5526 sepulcro,
2396 5463 2514 5519 Non
2544 5474 2758 5535 reptans
2789 5466 2977 5521 tacitos
3003 5463 3218 5520 infantia
3244 5467 3475 5517 conteret
3496 5461 3657 5507 annos.

717 5538 827 5596 illic
849 5545 1138 5614 omniparis
1168 5547 1429 5601 succrevit
1454 5545 1621 5617 gloria
1652 5547 1831 5613 verbi,
2397 5556 2565 5611 Curva
2593 5572 2691 5612 nec
2717 5567 2902 5613 exusto
2930 5555 3219 5613 sulcabimr
3248 5568 3340 5609 ore
3368 5555 3617 5605 senectus:

717 5633 966 5705 Lzetaque
996 5637 1115 5690 vina
1149 5632 1345 5708 litoris,
1380 5646 1432 5693 et
1463 5637 1667 5693 fercula
1696 5639 1900 5694 reddita
1932 5638 2129 5693 mensis
2169 5654 2181 5692 :
2398 5650 2523 5705 Sola
2553 5651 2703 5719 quies
2734 5650 2851 5704 13,13
2885 5649 3119 5705 instabili
3153 5645 3408 5701 lambitur
3435 5652 3554 5695 mro.

720 5722 1002 5813 9bstupuit
1031 5729 1254 5796 populus
1278 5729 1560 5785 cumulatis
1590 5729 1830 5784 lancibus
1857 5728 2078 5797 hospes,
2398 5743 2677 5799 credimus
2702 5754 2753 5799 οι
2782 5742 2986 5813 placida
3016 5741 3220 5797 Domini
3249 5742 3434 5809 pietate
3458 5732 3649 5787 fruemur

720 5809 973 5909 Pronuba
990 5816 1259 5887 congestis
1284 5816 1508 5890 dapibus
1530 5822 1769 5877 convivia
1803 5822 2021 5877 ducens.
2401 5836 2501 5894 Hic
2529 5854 2739 5909 quoque
2766 5809 3009 5908 j-ustiliaa,
3043 5846 3097 5892 ei
3124 5842 3390 5905 ερενπηιες
3425 5836 3607 5886 munera
3634 5815 3730 5865 vita.

726 5896 807 5956 'l'u
833 5902 976 5959 tenui
1006 5915 1146 5962 tactu
1178 5909 1469 5967 tenebrosae
1499 5911 1687 5970 frontis
1715 5914 1901 5971 inanes
