3978 6380
179 332 276 401 55's
1180 321 1211 367 ·’
1246 319 1275 369 '3
1545 333 1750 397 mou

1852 317 2074 396 MEN'A.
2237 359 2266 370 --
2313 323 2365 370 τ’
3324 325 3423 386 snt

175 453 384 524 probari
426 453 637 526 possit,
685 453 842 510 mitto
881 451 1333 525 magnificentiam
1378 451 1523 507 illam
1567 467 1670 523 qua
1715 453 1976 508 hactenus
2004 448 2168 505 divini
2221 447 2455 504 numinis
2478 445 2682 511 cultum
2710 443 3091 518 profusissimis
3139 443 3427 512 impendiis

175 546 348 602 ditasti
372 587 391 615 ,
438 546 612 602 solum
644 547 872 619 ingenue
899 549 1085 603 .ilicain
1110 590 1124 608 ,
1158 547 1422 617 ingratum
1467 553 1520 600 te
1569 545 1675 598 Deo
1718 546 1842 616 Opt.
1875 545 2012 599 Max.
2048 559 2154 598 nuii
2184 557 2342 598 esse:
2377 549 2434 595 ut
2458 542 2618 597 audio
2643 540 2807 608 enim,
2840 537 3098 610 quidquid
3128 537 3195 592 ad
3226 537 3428 594 Christi

177 642 394 712 gloriam
423 641 694 711 pertinere
743 643 1060 711 arbitraris,
1111 643 1161 696 id
1201 641 1392 697 sedulo
1443 654 1757 708 promovere
1787 654 1848 692 ac
1877 637 2130 706 adjuvare
2169 638 2365 708 pergis.
2409 637 2464 692 lii
2497 647 2746 704 parentes
2773 651 2836 691 ac
2865 635 3192 704 propinquus
3216 649 3332 701 qua:
3359 631 3431 688 sit

178 741 263 787 tua
293 734 464 802 pietas
487 775 506 800 ,
558 733 761 788 utinam
810 733 1023 804 quidam
1074 734 1306 798 experiri
1353 733 1574 786 mallent
1593 771 1609 796 ,
1638 746 1797 799 quam
1825 729 2101 800 invigilare
2127 731 2395 800 quomodo
2448 730 2902 796 longanimitateni
2933 736 3076 782 tuam
3104 725 3432 781 exacerbare

176 825 381 895 possint
413 827 426 879 ε
468 825 597 893 Quis
647 827 789 881 enim
838 842 994 896 quem
1043 842 1071 880 a
1115 841 1279 895 puero
1310 825 1375 878 ad
1402 839 1563 880 omne
1618 824 1739 877 vitae
1769 823 2070 876 institutum
2103 830 2384 889 parentum
2420 821 2676 876 voluntati
2705 820 2958 878 cessisse.
2985 833 3050 873 ac
3073 819 3282 872 caeteris
3310 831 3434 885 pro-

177 920 386 990 pinquis
413 931 520 976 tam
550 922 887 979 obedientem
921 924 1062 978 norit
1082 963 1100 989 ,
1144 920 1256 992 jam
1284 923 1353 977 de
1383 932 1434 976 te
1465 920 1612 986 viro,
1644 934 1708 973 ac
1743 918 1935 974 ferocia
1963 916 2188 986 juvenili
2217 917 2486 986 deposita,
2511 931 2613 970 non
2644 930 2908 970 summam
2932 913 3270 969 clementiam
3301 924 3434 965 eon-

176 1013 352 1083 cipere
379 1016 590 1083 potest?
617 1016 1050 1087 quandoquidem
1082 1016 1225 1068 enim
1253 1013 1306 1066 in
1339 1022 1585 1081 parentes
1610 1009 1842 1066 crudelis
1882 1009 2133 1064 omnibus
2179 1008 2502 1062 inhumanus
2549 1017 2790 1076 apparet,
2847 1013 3058 1075 oportet
3087 1015 3214 1072 erga
3263 1001 3433 1069 majo-

177 1121 263 1162 res
293 1110 594 1164 reverentia
635 1109 1020 1163 humanitatem
1069 1106 1346 1175 promittat
1400 1119 1464 1159 ac
1516 1105 1897 1160 amabilitatein
1950 1102 2088 1157 haud
2124 1101 2424 1156 minimam.
2481 1101 2537 1154 In
2569 1106 2793 1171 patriam
2821 1114 2977 1167 quam
3005 1099 3081 1154 sis
3112 1110 3436 1167 propensus,

180 1199 324 1254 cives
353 1200 452 1269 tui,
485 1214 606 1255 cum
649 1214 747 1255 ceu
790 1215 989 1255 numen
1017 1199 1284 1270 quoddam
1329 1206 1382 1253 te
1419 1197 1735 1268 suspiciunt,
1759 1197 1892 1252 satis
1919 1196 2197 1252 declarant
2223 1212 2236 1247 :
2265 1203 2320 1249 et
2348 1208 2507 1264 quam
2543 1195 2790 1262 princeps
2819 1193 2985 1261 utilis,
3017 1207 3170 1248 amor
3195 1192 3440 1247 omnium

177 1289 265 1362 qui
295 1293 398 1346 tuis
439 1293 693 1360 auspiciis
721 1294 922 1364 absque
968 1292 1146 1347 servili
1198 1296 1392 1346 timore
1418 1289 1528 1344 ullo
1548 1289 1948 1360 gubernantur,
1980 1296 2057 1342 tot
2085 1288 2376 1342 instaurata
2415 1301 2480 1342 ac
2517 1302 2549 1342 e
2579 1286 2942 1343 fundamentis
2965 1295 3235 1343 exstructa
3267 1285 3441 1341 ferme

177 1383 361 1436 insana
385 1382 609 1436 aedificia
638 1381 874 1437 indicant
899 1397 916 1447 ;
948 1382 1251 1452 Augustum
1281 1381 1424 1436 enim
1450 1394 1573 1435 cum
1602 1379 1874 1435 ziuularis
1899 1421 1914 1446 ,
1947 1394 2243 1434 marmorea
2275 1382 2455 1434 omnia
2483 1393 2604 1450 quae
2635 1379 2862 1434 lateritla
2911 1380 3182 1443 invenisti,
3212 1378 3443 1433 reddere

173 1473 326 1544 cupis
357 1489 371 1525 :
401 1487 466 1529 ac
493 1473 574 1528 sic
604 1472 850 1543 Spartam
885 1485 1092 1528 nactam
1124 1475 1416 1537 adoriians,
1459 1471 1711 1542 principis
1737 1471 1863 1526 boni
1893 1481 1947 1526 et
1977 1471 2255 1541 prudentis
2284 1480 2464 1540 partes
2491 1474 2708 1541 egregie
2734 1469 2827 1524 tibi
2856 1470 3114 1524 vindicas.
3160 1467 3444 1523 Fortitudo

174 1577 353 1622 autem
381 1607 398 1634 ,
443 1567 609 1623 altera
641 1565 964 1638 frugalitatis
993 1582 1116 1636 pars
1138 1607 1153 1632 ,
1185 1583 1306 1622 cuni
1340 1570 1390 1621 in
1426 1577 1477 1622 te
1503 1581 1727 1636 regnum
1756 1563 1953 1620 habeat
1979 1563 2321 1630 latissimum,
2351 1563 2518 1618 animi
2549 1561 3005 1632 magnanimitate,
3031 1576 3192 1632 quam
3224 1561 3446 1630 sangui-

175 1662 397 1714 nolenta
425 1659 678 1728 iactantia
711 1661 763 1714 in
793 1669 844 1714 te
870 1659 1196 1726 splendescit
1225 1660 1393 1730 magis
1427 1661 1593 1714 multo
1620 1676 1634 1712 ε
1663 1673 1786 1714 nam
1816 1669 1870 1712 ut
1894 1659 2019 1715 belli
2049 1674 2214 1713 onera
2235 1673 2304 1714 ex
2334 1656 2665 1728 professione
2691 1655 2786 1712 tibi
2814 1665 3130 1726 repugnant,
3162 1656 3242 1712 sic
3269 1656 3440 1711 hostis

173 1749 523 1805 infensissiiiii
549 1750 754 1806 insidiae
775 1750 827 1805 in
846 1750 960 1806 dies
979 1764 1144 1805 novos
1171 1749 1264 1803 tibi
1282 1749 1554 1805 concitant
1580 1751 1856 1806 tumultus.
1883 1751 2000 1806 Jam
2025 1764 2341 1820 prosperum
2370 1747 2456 1819 [Γ.
2478 1746 2711 1819 prosper]
2727 1762 3007 1802 successus
3028 1747 3118 1803 tibi
3150 1749 3439 1803 calcandos

172 1845 348 1908 venit,
368 1842 490 1895 dein
512 1841 800 1897 multorum
822 1841 1002 1895 odium
1028 1840 1278 1910 patientia
1300 1840 1663 1896 sufferenduin
1690 1859 1705 1894 ε
1727 1842 1965 1908 demum,
1985 1840 2040 1895 in
2058 1855 2164 1912 quo
2184 1851 2239 1896 et
2262 1841 2598 1910 imperatoris
2613 1850 2669 1896 et
2689 1839 2875 1896 militis
2895 1840 3098 1908 strenui
3125 1836 3364 1895 officium
3381 1849 3437 1896 te

173 1932 364 1988 dicunt
389 1943 648 2004 praestare
678 1933 908 1998 fortiter,
942 1942 1000 1988 ut
1027 1935 1275 2003 exemplo
1301 1934 1380 1990 sis
1410 1937 1535 1989 viris
1567 1935 1672 1990 illis
1700 1936 1896 2005 quibus
1925 1954 2093 2008 praes
2123 1936 2648 2009 integerriinis,quot
2672 1937 2838 1990 animi
2863 1935 3088 1990 affectus
3119 1935 3216 1990 tibi
3250 1934 3435 1990 interi-

175 2025 394 2081 mendil
426 2026 691 2082 Cazteriim
731 2041 891 2096 quam
935 2026 1164 2081 infracto
1189 2028 1264 2081 sis
1318 2026 1450 2082 alias
1491 2026 1672 2082 animo
1693 2068 1708 2093 ,
1748 2037 1807 2083 et
1831 2028 1918 2100 qui
1969 2030 2214 2085 habitum
2243 2029 2408 2084 animi
2441 2029 2515 2085 tui
2540 2036 2758 2091 norunt,
2789 2025 3122 2096 praedicant:
3153 2025 3263 2080 iino
3295 2039 3444 2079 sum-

175 2131 322 2172 mam
345 2117 700 2172 constantiam
745 2127 950 2172 natura:
981 2118 1310 2188 benignitate
1338 2117 1587 2173 sortitum
1623 2129 1690 2174 te
1717 2133 1838 2176 esse
1867 2120 2209 2178 confitentur.
2246 2121 2414 2178 Venio
2437 2122 2502 2175 ad
2529 2119 2863 2190 prudentiam
2891 2133 2994 2188 qua
3020 2121 3137 2174 sine
3169 2117 3303 2189 frugi
3333 2118 3449 2176 dici

172 2209 269 2261 vix
297 2218 470 2278 potest
495 2209 712 2279 al.quis.
745 2211 840 2265 Jus
867 2209 1186 2265 canonicum
1219 2213 1372 2278 (utar
1400 2208 1673 2264 vocabulis
1699 2214 2014 2281 consuetis)
2063 2213 2299 2282 praelatis
2323 2212 2462 2267 hanc
2488 2227 2648 2268 unam
2679 2226 2790 2281 pra:
2819 2209 2938 2266 aliis
2963 2211 3249 2266 virtutibus
3272 2211 3450 2266 omni-

171 2301 282 2357 bus
305 2303 728 2372 ampectendam
777 2305 1039 2373 praecipit,
1089 2312 1148 2357 ut
1175 2318 1327 2372 mque
1357 2303 1662 2359 litterarum
1691 2305 1743 2359 in
1763 2304 1970 2376 judicio
1996 2305 2209 2360 valeant
2235 2321 2297 2360 ac
2328 2305 2492 2360 rebus
2513 2303 2876 2375 gubernandis
2901 2304 3131 2360 solertes
3157 2304 3288 2359 sint.
3332 2305 3452 2375 Ipse

173 2398 415 2467 denique
457 2397 702 2453 mristus
747 2400 1080 2468 simplicitati
1126 2413 1246 2454 eam
1296 2399 1662 2469 conjungere,
1710 2398 1972 2469 nobisque
2023 2399 2169 2453 illam
2219 2398 2475 2467 adaptare
2528 2399 2701 2466 jubet.
2745 2396 2874 2466 Quis
2895 2407 3075 2454 autem
3110 2397 3246 2454 tein
3276 2412 3336 2451 re
3362 2397 3450 2454 vel

174 2493 395 2562 privata
422 2492 509 2546 vel
545 2494 754 2562 publica
785 2493 1205 2548 administranda
1233 2493 1535 2548 uculatior?
1560 2491 1692 2558 Quis
1711 2489 1766 2546 in
1787 2489 2142 2547 observandis
2173 2489 2535 2559 temporibus,
2563 2489 2694 2545 locis
2713 2529 2727 2553 ,
2759 2489 3040 2557 personis,
3073 2489 3254 2559 rebus,
3285 2504 3456 2562 nego-

178 2587 280 2641 tiis
308 2585 478 2655 magis
510 2585 786 2641 intentus?
825 2586 978 2652 Quod
1028 2600 1133 2640 non
1185 2594 1477 2652 maturum,
1523 2584 1614 2638 diu
1647 2584 1979 2654 multumque
2013 2597 2118 2638 non
2149 2582 2546 2640 consideratum
2579 2581 2798 2637 verbum
2825 2581 2919 2636 tibi
2945 2595 3178 2652 unquam
3209 2581 3455 2639 excidit!

175 2685 247 2731 ut
277 2675 491 2730 interim
523 2685 730 2731 taceam
760 2693 920 2748 quam
953 2686 1006 2731 te
1035 2679 1400 2747 perspicacem
1428 2676 1683 2731 osiendas
1709 2675 1764 2731 in
1818 2676 1884 2730 iis
1927 2675 2164 2730 moribus
2187 2675 2384 2746 quibus
2412 2689 2610 2730 nomen
2643 2675 2958 2744 praclarum
2983 2674 3251 2731 demereri
3290 2675 3457 2730 solet.

172 2766 247 2823 Si
279 2766 651 2823 liberalitatem
681 2777 824 2823 tuam
863 2778 1087 2823 attentat
1138 2769 1394 2837 temporis
1437 2768 1607 2838 ratio,
1630 2769 1751 2838 quis
1795 2768 1882 2824 cui
1911 2768 2040 2838 quid
2068 2777 2162 2823 aut
2189 2778 2446 2838 quantum
2475 2768 2707 2824 dandum
2766 2768 2838 2824 sit
2889 2769 3059 2838 magis
3104 2768 3462 2826 considerat?

174 2859 245 2917 Si
275 2858 724 2928 magnificentiam
749 2902 766 2929 ,
813 2869 1072 2930 quantum
1095 2859 1162 2914 de
1193 2861 1420 2914 utilitate
1443 2868 1606 2930 atque
1647 2867 1839 2914 ornatu
1869 2858 2083 2929 publico
2106 2859 2369 2932 sollicitus
2397 2859 2497 2914 es?
2553 2859 2659 2916 Sed
2687 2873 2793 2930 quo
2821 2873 2908 2914 me
2933 2859 3208 2916 deduxere
3234 2862 3464 2917 virtutes

175 2958 298 3005 tua:
327 2959 434 3002 tam
458 2948 738 3014 amabiles,
775 2955 885 3002 tam
914 2948 1187 3016 jucunde,
1221 2949 1470 3020 princeps
1508 2949 1910 3005 illustrissime?
1935 2965 2126 3005 vereor
2152 2964 2222 3006 ne
2245 2949 2479 3022 Scyllam
2507 2951 2743 3006 devitarc
2765 2951 3009 3022 cupiens,
3026 2949 3311 3024 Carybdim
3329 2953 3465 3008 inci-

176 3041 315 3098 dam
351 3055 513 3105 ;cum
540 3045 684 3096 enim
714 3054 820 3095 non
853 3041 1034 3103 inepte
1061 3041 1153 3094 tibi
1187 3039 1288 3096 hoc
1314 3056 1450 3110 opus
1481 3041 1816 3107 inscripsisse
1843 3040 2142 3106 contendo,
2175 3057 2361 3111 parum
2390 3042 2540 3097 abest
2574 3044 2704 3114 quin
2731 3041 2964 3111 plurium
2989 3041 3211 3112 judicio,
3242 3042 3332 3112 qui
3363 3057 3464 3099 suo

179 3133 410 3204 ingenio
435 3134 706 3189 aestimant
734 3147 993 3205 quosque,
1027 3134 1480 3190 assentatiuncula
1512 3134 1741 3206 quadam
1767 3137 2021 3204 aucupari
2051 3146 2194 3188 tuam
2220 3137 2454 3206 gratiam
2490 3134 2694 3202 videar,
2736 3135 2878 3206 quod
2905 3136 3090 3190 vitium
3126 3150 3156 3189 a
3183 3139 3341 3208 genio
3365 3149 3465 3193 no-

181 3237 331 3292 stro,
361 3235 405 3283 si
437 3226 565 3297 quid
609 3226 785 3293 aliud,
821 3228 1075 3282 abhorret
1116 3227 1374 3283 maxime.
1417 3227 1495 3282 Tu
1521 3244 1650 3284 vero
1683 3243 1781 3300 pro
1809 3229 1974 3284 animi
2002 3229 2075 3282 tui
2105 3227 2389 3284 clementia
2415 3244 2479 3284 ac
2505 3231 2825 3284 auctoritate
2851 3237 2938 3284 tua
2971 3237 3154 3285 tueare
3183 3229 3463 3296 volumen,

181 3319 301 3373 hoc
328 3317 580 3384 defende,
610 3326 666 3372 et
693 3318 837 3372 hunc
867 3329 1109 3374 nostrum
1142 3320 1194 3373 iii
1238 3329 1290 3375 te
1317 3323 1552 3375 animum
1599 3320 2132 3376 observantissimum
2157 3321 2280 3376 boni
2310 3321 2570 3377 consule:
2601 3336 2726 3378 nim
2758 3323 2858 3377 etsi
2885 3333 3072 3377 auctor
3101 3322 3190 3378 hic
3215 3323 3469 3394 dignissi-

190 3425 326 3467 mus
379 3412 450 3466 sit
494 3411 582 3481 qui
618 3412 722 3466 tuis
745 3413 997 3482 auspicns
1029 3413 1345 3468 diutissimis
1391 3428 1455 3467 ac
1501 3412 1845 3482 deplorandis
1877 3413 2113 3468 tenebris
2143 3422 2382 3480 eruatur,
2420 3427 2526 3468 non
2556 3428 2741 3482 parum
2769 3412 2970 3468 laboris
2999 3411 3055 3468 in
3080 3427 3148 3468 eo
3175 3429 3274 3468 nos
3301 3413 3469 3469 devo-

186 3516 352 3559 rasse
381 3502 473 3557 tibi
502 3505 828 3573 persuadeas
851 3506 994 3558 volo.
1038 3505 1230 3575 Augeae
1260 3507 1525 3560 stabulum
1559 3511 1812 3576 repurgat
1856 3506 2096 3575 quisquis
2145 3515 2327 3558 vetera
2371 3504 2697 3574 exemplaria
2726 3503 3013 3560 emendare
3039 3505 3204 3572 cupit,
3238 3505 3342 3560 huc
3367 3519 3470 3568 pro

187 3603 351 3649 certo
371 3595 641 3649 affirmare
667 3609 906 3666 possum.
949 3595 1207 3666 Equidem
1242 3604 1435 3665 pra-ter
1465 3597 1628 3650 multa
1651 3610 1776 3665 quae
1806 3594 1959 3650 Delio
1991 3602 2232 3648 natatore
2257 3608 2390 3664 opus
2419 3593 2637 3661 habent,
2655 3609 2774 3662 qua:
2799 3593 2977 3649 blattis
2997 3603 3054 3649 et
3075 3594 3233 3649 tineis
3258 3608 3469 3665 arrosa,

189 3701 325 3757 quoe
356 3688 690 3743 librariorum
723 3685 918 3756 injuria
946 3701 1041 3741 seu
1074 3686 1285 3740 inscitia
1314 3687 1600 3755 depravata
1629 3728 1646 3754 ,
1677 3686 1779 3740 hoc
1806 3683 2069 3741 molestia:
2093 3688 2257 3740 etiam
2283 3685 2511 3748 accedit.
2542 3695 2598 3739 ut
2621 3686 2952 3742 cliaracteris
2978 3687 3213 3743 inusitati
3243 3685 3470 3755 formas,

191 3795 306 3837 ceti
332 3779 731 3849 alpliabetarius
760 3793 910 3849 puer,
942 3779 1152 3835 discere
1198 3779 1412 3850 cogeris
1455 3791 1874 3848 nonnunquam:
1910 3777 2018 3832 imo
2063 3791 2346 3846 operarum
2385 3770 2820 3850 ceu'pedagogns
2852 3778 3238 3834 indocilitatem
3265 3821 3281 3843 ,
3325 3793 3474 3849 saepe

189 3888 327 3930 cum
359 3871 610 3942 patieiiiia
635 3874 718 3943 (ut
742 3885 866 3927 sunt
897 3871 1135 3943 morosa)
1162 3871 1388 3926 sufferre
1416 3880 1473 3926 et
1498 3871 1714 3925 docere.
1755 3868 1856 3937 Qui
1887 3880 2066 3923 autem
2109 3870 2271 3924 animi
2305 3867 2377 3922 iui
2408 3872 2748 3924 clementiam
2777 3884 2840 3923 ae
2873 3884 3193 3938 prepensatii
3214 3885 3342 3940 erga
3373 3885 3476 3927 nos

195 3965 558 4022 humanitatis
588 3977 693 4019 tua:
724 3966 1052 4022 voluntatem
1095 3967 1372 4036 praedicat,
1405 3975 1488 4021 est
1517 3966 1766 4022 omnibus
1799 3964 2059 4020 virtutum
2095 3964 2260 4017 titulis
2287 3974 2508 4018 ornatus
2537 3964 2624 4018 ille
2650 3963 2885 4018 Joannes
2926 3964 3202 4028 ﬂuberus,
3233 3975 3288 4019 et
3311 3967 3480 4024 animi

199 4057 540 4115 annbiLiiate
564 4071 612 4108 ei
643 4056 972 4125 professione
996 4074 1152 4114 verus
1184 4061 1423 4115 medicus
1445 4101 1462 4127 ,
1513 4061 1642 4115 nulli
1694 4063 1842 4128 (cum
1894 4058 2075 4112 multis
2103 4056 2439 4126 praeferatur)
2470 4054 2872 4125 postponendus
2899 4054 2952 4109 in
2980 4070 3043 4110 ea
3089 4065 3208 4109 arte
3237 4072 3340 4125 qua
3374 4059 3481 4113 hu-

201 4147 361 4202 mani
389 4148 600 4216 generis
642 4148 1048 4203 necessitatibus
1096 4164 1126 4204 a
1165 4151 1441 4205 clementia
1487 4152 1665 4204 div.na
1711 4161 1817 4205 tam
1850 4151 2016 4220 probe
2063 4150 2364 4204 consultum
2393 4159 2498 4204 est.
2542 4148 2621 4204 De
2648 4162 2757 4218 quo
2801 4146 2964 4202 etiam
2991 4161 3152 4218 quam
3181 4148 3377 4206 Nestor
3410 4150 3482 4211 de

201 4250 329 4299 tota
367 4239 696 4298 medicorum
724 4242 877 4298 turba
906 4242 1045 4298 haud
1066 4244 1233 4314 magis
1262 4245 1440 4314 inepte
1464 4245 1582 4314 quis
1609 4243 1769 4311 dicat,

1363 4379 1493 4442 ἰατρὸς
1508 4392 1575 4443 γὰρ
1592 4392 1680 4442 ἀνὴρ
1701 4390 1843 4430 «nu
1863 4389 2029 4438 «nam
2051 4391 2198 4438 ωινε

202 4545 343 4588 nam
368 4529 416 4584 is
439 4537 694 4597 quantum
723 4526 778 4582 in
807 4528 1069 4584 medicina
1099 4529 1266 4598 possit
1292 4529 1409 4598 quis
1440 4531 1682 4602 ignorat?
1713 4529 1795 4586 Tu
1823 4529 1960 4600 ipse,
1991 4530 2240 4600 princeps
2271 4529 2652 4600 illustrissime,
2689 4529 2877 4597 testis,
2919 4535 3086 4584 testes
3118 4542 3238 4584 esse
3264 4539 3490 4600 possunt

197 4635 275 4682 et
305 4622 623 4679 Gnillelmus
650 4637 714 4675 ac
759 4623 1022 4689 Georgius
1053 4623 1434 4693 Rapoltzsteini
1469 4626 1636 4696 reguli
1661 4625 1984 4696 magnanimi
2009 4671 2022 4693 ,
2056 4638 2218 4682 testes
2247 4629 2549 4699 quicunque
2579 4628 2716 4682 inter
2736 4628 3013 4697 Sequanos
3038 4626 3335 4683 Tribocbos
3365 4629 3488 4701 plus

204 4720 439 4788 ingenui
470 4717 749 4784 habentur,
780 4719 868 4788 qui
899 4732 1112 4773 omnem
1139 4718 1460 4774 valetudinis
1490 4721 1754 4776 ratiosiem
1785 4720 1854 4776 ad
1881 4720 2160 4776 arbitrium
2203 4719 2360 4792 hujus
2391 4722 2557 4777 ferme
2586 4720 2780 4789 singuli
2809 4718 3089 4788 deferunt,
3131 4723 3200 4776 ab
3235 4736 3303 4778 eo
3331 4737 3490 4791 opem

205 4811 499 4886 pustulant
539 4822 595 4866 et
634 4815 860 4867 salutem
891 4826 1240 4884 exspectant:
1295 4832 1403 4889 quo
1443 4819 1560 4872 sine
1601 4819 1873 4874 insuavius
1903 4820 1997 4874 tibi
2023 4861 2044 4892 ,
2068 4835 2176 4890 quo
2204 4821 2452 4888 praesenti
2499 4818 2818 4874 suavissime
2847 4818 2963 4874 dies
2987 4820 3164 4874 omnis
3196 4822 3490 4890 peragitur.

202 4906 337 4963 Nec
373 4919 564 4958 mirum
599 4920 720 4958 cum
762 4905 1003 4961 doctrina
1043 4909 1340 4966 admirabili
1381 4914 1594 4968 familiai
1633 4929 1743 4967 sua:
1775 4912 2070 4968 illustratur
2103 4911 2318 4977 existat,
2352 4925 2415 4965 ac
2446 4913 2498 4964 in
2524 4911 2622 4966 huc
2653 4911 2845 4980 inclyta
2879 4910 3021 4966 Urbe
3050 4910 3299 4968 omnibus
3329 4927 3490 4981 quam

207 5012 329 5070 pro
361 5003 517 5050 a-tate
547 4995 910 5050 ub~ervaiidns
938 4999 1106 5068 magis
1138 4999 1367 5064 videtur,
1412 5017 1532 5057 cum
1577 5003 1828 5058 omnibus
1856 5005 2143 5064 humanus,
2179 5003 2248 5057 ab
2282 5002 2534 5057 omnibus
2563 5002 2717 5056 bonis
2741 5003 2972 5069 colatur,
3003 5014 3236 5070 ametur,
3268 5003 3408 5058 adeo
3435 5012 3496 5059 ut

204 5095 274 5152 in
311 5091 582 5162 republica
610 5091 709 5147 hac
741 5090 820 5146 iir
853 5092 943 5148 ille
981 5094 1430 5164 consultissimus,
1455 5099 1728 5155 senatorio
1756 5099 1948 5155 ordine
1976 5098 2286 5168 praeclarus,
2317 5097 2552 5153 Jacobus
2582 5097 2788 5166 Ruede,
2818 5101 3112 5170 repudiatis
3139 5100 3319 5169 procis
3347 5099 3492 5155 mul-

207 5188 324 5250 tis,
357 5183 498 5238 hunc
525 5197 685 5235 unum
719 5182 770 5236 in
798 5197 1054 5251 generum
1081 5185 1341 5248 adscivit.
1388 5189 1472 5244 cui
1521 5190 1680 5243 tiliam
1711 5193 1885 5245 aetatis
1925 5189 2080 5260 hujus
2107 5189 2248 5245 inter
2279 5187 2504 5245 feminas
2530 5191 2694 5261 (quod
2723 5194 2941 5260 quidem
2979 5192 3254 5247 minimum
3286 5193 3492 5250 donum

207 5280 471 5341 cmlestis
499 5281 683 5348 gratias
711 5279 850 5333 haud
877 5291 980 5346 est,
1010 5283 1126 5350 ipso
1154 5283 1441 5340 Salomone
1471 5286 1626 5356 teste)
1659 5288 1874 5340 unicum
1910 5286 2195 5354 pudicitiae,
2221 5287 2513 5340 venustatis
2550 5288 3000 5357 ainahilititisqiie
3031 5288 3305 5355 exemplar
3356 5301 3495 5342 con-

204 5382 501 5452 jiiiigeret,
539 5375 727 5442 dignus
753 5389 901 5428 visus
955 5385 1039 5432 est
1084 5381 1272 5434 unicus
1313 5387 1369 5433 et
1413 5381 1560 5435 solus
1604 5378 1690 5435 hic
1721 5381 1964 5435 fluberus
1995 5380 2069 5434 tui
2114 5379 2619 5457 observantissimus
2662 5389 2718 5436 et
2746 5389 2933 5435 noster
2959 5379 3498 5451 patronusnptimus.

212 5472 491 5530 Gratulor
518 5472 674 5541 igitur
701 5471 829 5525 etin
862 5471 961 5528 hac
991 5489 1049 5528 re
1080 5474 1176 5529 tibi
1203 5491 1363 5546 quam
1393 5479 1624 5531 maxime
1653 5477 1742 5546 qui
1776 5475 1829 5530 in
1858 5475 2162 5530 clientelam
2192 5476 2352 5531 talem
2380 5479 2551 5530 virum
2575 5475 2884 5545 suscepisti,
2917 5475 3072 5544 cujus
3103 5489 3288 5543 opera,
3319 5474 3424 5530 fide
3449 5483 3507 5533 et

211 5585 342 5641 ονε
369 5579 560 5625 utare:
590 5567 718 5623 mihi
739 5579 917 5624 autem
943 5571 1149 5641 gaudeo
1176 5573 1264 5644 qui
1291 5585 1478 5629 nactus
1505 5574 1604 5628 sim
1637 5572 1998 5628 institutorem
2029 5585 2136 5626 tam
2168 5573 2482 5641 praeclarum
2501 5613 2517 5638 ,
2556 5573 2712 5640 cujus
2742 5569 2967 5625 consilio
2993 5581 3045 5626 te
3075 5582 3355 5640 patronum
3391 5588 3497 5630 no-

215 5669 321 5723 bis
351 5664 546 5718 factum
583 5663 727 5723 scio,
771 5671 824 5715 et
864 5661 1206 5719 Haecenatem
1248 5665 1545 5720 studiorum
1584 5673 1888 5720 nostrorum
1940 5663 2394 5718 liberalissimum.
2457 5664 2648 5718 Parum
2693 5675 2873 5716 autem
2922 5662 3148 5730 ingenue
3177 5677 3263 5716 me
3307 5663 3505 5724 fecisse

213 5754 522 5815 crederem
569 5753 612 5806 si
656 5752 894 5821 cujusvis
934 5753 1172 5808 animum
1219 5771 1541 5826 propensum
1590 5757 1642 5810 in
1695 5767 1748 5811 te
1774 5754 2134 5810 taciturnitate
2174 5771 2295 5812 mea
2337 5753 2737 5824 deprimerem:
2770 5751 3028 5808 Joannem
3056 5751 3510 5828 Hoﬂmeysternm

216 5845 456 5919 collegii
477 5843 850 5915 Augustiniani
897 5844 948 5900 in
984 5844 1201 5906 Colmar
1236 5847 1633 5907 moderatorem
1660 5847 1856 5908 litteris
1880 5847 2245 5920 amicissimis,
2275 5863 2399 5905 cum
2430 5845 2808 5905 honestissima
2836 5847 2913 5904 tui
2945 5847 3175 5906 nominis
3202 5852 3505 5926 mentione,

526 5959 802 6022 Panos.
847 5955 1044 6020 LXII.
2993 5962 3068 6025 18
