3978 6380
224 342 333 415 3.57

1570 308 2096 405 PROLEGDMENA.

3381 342 3499 418 δεῖ

222 468 369 539 legio
397 466 590 523 horum
622 478 681 521 se
707 462 951 537 adjunxit
978 464 1205 533 socium,
1230 461 1378 519 brevi
1401 461 1673 520 sodalibus
1691 478 1809 518 am-
1836 467 1891 528 Α
1914 463 2126 517 tandem
2175 461 2319 533 sibi,
2365 458 2579 517 Christo
2626 466 2802 515 autem
2853 461 3135 539 perplures
3165 463 3485 529 lucraretur.

228 559 387 615 nibus
415 569 521 613 tam
549 558 764 626 charus,
815 568 869 613 ut
912 573 1011 613 ceu
1040 557 1368 631 exemplum,
1407 565 1527 627 post
1554 555 1811 611 Marinum

229 654 469 721 unicum,
501 668 621 707 eum
646 667 836 707 omnes
866 652 1128 718 colerent,
1157 652 1517 723 suspicerent,
1550 658 1812 717 amarent,

228 753 544 834 mortumque
575 742 650 795 illi
680 741 996 809 tribuerent,
1028 750 1085 795 ut
1116 754 1221 797 tam
1244 756 1425 812 grave,
1453 752 1557 795 tam
1586 740 1817 795 laborio-

228 831 349 895 suin
406 832 535 885 nihil
588 831 827 886 existere
879 832 1018 900 quod
1050 834 1193 885 hunc
1238 840 1292 885 et
1321 831 1495 884 Solum
1544 831 1816 903 suscipere

231 932 325 979 aut
352 924 623 977 conficere
658 938 813 991 posse
840 922 1167 977 dubitarent.
1197 923 1504 994 Eugyppius
1554 938 1622 977 ne
1667 937 1815 997 spem

229 1016 458 1073 fratrum
492 1018 792 1084 l'rustraret,
819 1031 942 1071 cum
967 1016 1152 1072 divino
1182 1032 1243 1071 ac
1273 1017 1486 1071 occulto
1532 1015 1627 1071 Dei
1672 1014 1817 1087 judi—

228 1108 316 1173 cio
373 1110 424 1163 in
480 1104 715 1163 Ecclesia
744 1123 774 1162 a
803 1108 1124 1181 quibusdam
1173 1107 1343 1177 magis
1367 1109 1599 1162 haereses
1625 1108 1819 1162 tumul-

230 1203 419 1258 tuariae
453 1203 829 1271 probarentur,
879 1219 959 1271 ac,
993 1218 1109 1275 qua:
1136 1202 1613 1277 pestilentissimae,
1642 1201 1817 1256 homi-

228 1309 358 1351 num
414 1304 623 1349 mentes
673 1303 1002 1363 occuparant
1053 1301 1215 1362 atque
1274 1293 1632 1363 exagitabant.
1686 1290 1818 1345 Nam

229 1389 387 1449 multi
419 1387 657 1452 Ai‘ianis,
690 1387 1000 1443 Manichazis
1028 1396 1083 1442 et
1125 1384 1565 1455 Priscillianistis,
1594 1400 1820 1456 quorum

235 1495 445 1535 venena
479 1480 791 1544 hauserant,
818 1480 1213 1551 impensissime
1242 1478 1507 1547 favebant,
1535 1494 1562 1537 β
1592 1493 1819 1549 quorum

231 1572 397 1629 sectis
434 1575 602 1625 sancti
628 1571 729 1624 viri
758 1578 813 1625 et
844 1570 1226 1637 abhorrebant,
1252 1578 1307 1625 et
1336 1569 1497 1637 alios,
1530 1583 1598 1623 ne
1639 1569 1823 1623 inﬁce-

232 1670 443 1731 rentur,
475 1661 665 1716 sedulo
693 1660 1076 1717 admonebant.
1129 1660 1278 1715 Licet
1322 1660 1434 1717 DD.
1469 1660 1820 1731 Augustinus,

232 1753 525 1823 Eugeniae,
588 1754 923 1825 Fulgentius,
981 1754 1243 1810 Maximus
1291 1762 1347 1810 et
1402 1752 1823 1809 innumerabiles

1916 556 2227 629 Eugyppius
2267 555 2572 611 dilectionis
2614 556 2805 610 ardore
2834 555 3095 633 flagrans,
3128 566 3236 612 tam
3266 558 3488 623 honesta

1916 650 2175 721 petitione
2202 648 2393 703 mirum
2423 648 2476 709 in
2508 648 2719 702 modum
2761 663 3082 723 succensus,
3118 648 3313 711 litteris
3334 664 3492 721 quam

1916 750 2073 803 antea
2098 743 2407 797 incumbere
2437 743 2601 815 magis
2630 782 2645 806 ,
2687 743 2991 801 imminenti
3018 758 3226 805 venena
3254 743 3493 805 antidota

1916 848 2244 913 pra'parare,
2270 834 2508 889 remedia
2542 836 2788 907 prmsenti
2814 835 3000 895 morbo
3020 836 3256 901 conflare
3288 834 3492 913 pergit:

1916 926 2120 981 nullum
2152 942 2214 979 ex
2247 926 2399 980 bonis
2426 929 2766 993 auctoribus,
2794 931 2919 997 quin
2949 928 3273 989 adaniussim
3305 942 3496 991 excus-

1917 1031 2000 1081 so,
2029 1016 2358 1089 praeteribat.
2410 1016 2527 1079 Jam
2556 1027 2731 1075 autem
2764 1018 3019 1087 praedicta
3045 1032 3074 1073 a
3102 1016 3305 1081 Marino
3332 1018 3497 1073 insta-

1917 1106 2010 1165 bat
2037 1108 2172 1177 dies,
2206 1123 2403 1163 corona
2435 1120 2766 1183 prceparata,
2797 1110 2863 1165 ad
2894 1110 3069 1165 throni
3102 1109 3497 1179 possessionem

1917 1210 2138 1254 vocatur
2182 1201 2520 1255 venerandus
2558 1217 2761 1263 senex;
2796 1201 3143 1265 saevientibus
3180 1215 3307 1271 ergo
3340 1200 3499 1263 Aria-

1918 1292 2033 1363 nis,
2083 1292 2342 1348 Catholici
2391 1300 2484 1347 aut
2527 1293 2713 1350 bestiis
2764 1292 3032 1359 lacerandi
3066 1292 3497 1365 projiciebantur,

1919 1394 2013 1449 aut
2052 1386 2198 1441 fumo
2234 1397 2285 1441 et
2329 1388 2467 1461 igne.
2491 1386 2861 1451 necabantur:
2892 1388 2983 1465 qui
3013 1395 3189 1445 autem
3220 1401 3251 1441 a
3277 1387 3381 1443 fide
3407 1400 3498 1445 ca-

1923 1478 2119 1532 tholica
2149 1478 2438 1541 deficerent
2479 1492 2691 1531 summa
2727 1478 2933 1539 honore
2958 1477 3346 1535 afticiebantur.
3391 1475 3499 1539 Ma-

1922 1570 2071 1631 rinus
2103 1569 2219 1624 zelo
2259 1567 2351 1624 Dei
2376 1582 2632 1625 accensus
2664 1567 2864 1637 instat,
2896 1570 3171 1632 accurrit:
3202 1568 3331 1636 Quze
3361 1567 3504 1629 insa-

1922 1658 2032 1729 nia,
2050 1676 2083 1714 ο
2110 1660 2322 1728 fratres,
2343 1660 2629 1727 exclamat,
2654 1668 2710 1723 ut
2738 1659 3013 1737 repudiata
3039 1674 3164 1719 vera
3188 1668 3351 1730 atque
3375 1673 3506 1713 sana

1922 1750 2105 1823 regula
2131 1791 2146 1819 ,
2176 1751 2346 1806 insani
2378 1750 2610 1811 hominis
2650 1751 2997 1820 persuasione
3024 1749 3359 1817 demeatatus
3386 1766 3503 1815 rex,

232 1847 321 1901 alii
346 1861 467 1901 cum
494 1847 565 1919 pii
598 1847 719 1916 viri,
754 1858 863 1904 tum
906 1848 1071 1917 docti,
1103 1849 1171 1903 ad
1220 1846 1601 1903 confutandam
1633 1864 1823 1904 eorum
1854 1844 1903 1905 B
1930 1861 2081 1901 more
2111 1845 2375 1915 ferarum,
2407 1847 2648 1903 insonles
2687 1844 2945 1905 dilaniat?
2985 1844 3115 1919 Quis
3155 1845 3332 1915 furor.
3364 1844 3506 1925 quod

234 1941 641 2011 persuasionem
691 1940 745 1995 in
794 1940 973 1996 Africa
1023 1955 1211 1996 onmes
1239 1954 1434 1995 nervos
1460 1939 1820 2007 intenderant,

233 2034 602 2103 nihilominus,
634 2034 833 2089 Satana
865 2051 973 2090 non
1017 2037 1354 2111 quiescente,
1392 2034 1608 2106 quidam
1649 2050 1825 2092 emer-

234 2124 432 2194 gebant
480 2125 676 2180 Proteo
723 2125 1118 2195 mutabiliores,
1151 2127 1238 2203 qui
1274 2128 1326 2181 in
1357 2142 1570 2180 omnem
1600 2126 1820 2181 formam

234 2230 297 2269 se
328 2215 630 2286 mutabant,
660 2231 765 2287 quo
790 2216 836 2270 si
866 2232 971 2270 non
1003 2232 1210 2280 omnes,
1239 2217 1427 2271 saltem
1473 2218 1683 2293 aliquos
1727 2233 1824 2272 sua

234 2305 291 2361 in
341 2308 533 2362 haeresi
571 2318 871 2364 servarent.
906 2308 1019 2365 Hoc
1050 2309 1110 2365 D.
1146 2309 1456 2382 Eugyppius
1473 2311 1651 2364 animo
1674 2311 1824 2364 eval-

234 2416 370 2457 vens
423 2403 585 2471 tristi,
641 2402 845 2457 nullum
872 2388 1012 2457 aliud
1036 2402 1405 2457 machinarum
1438 2418 1607 2475 genus
1637 2403 1699 2456 iis
1732 2403 1829 2457 ha-

236 2494 412 2549 stibus
470 2494 836 2563 objiciendum
887 2494 1114 2565 putavit,
1164 2509 1325 2567 quam
1350 2495 1518 2562 ipsius
1549 2494 1829 2569 Augustini

240 2587 443 2667 scripta
476 2596 530 2641 et
555 2588 928 2649 sanctissimas
954 2588 1327 2659 cogitationes.
1360 2586 1492 2653 Cum
1525 2597 1701 2653 autem
1724 2588 1830 2649 Gu-

239 2678 571 2734 thamundus
622 2680 762 2735 diem
818 2690 1118 2736 extremum
1168 2681 1457 2750 clauserat,
1512 2682 1678 2741 frater
1716 2682 1831 2761 ejus

239 2770 675 2837 Thrasimundus
702 2774 755 2837 in
788 2789 953 2844 regno
972 2774 1309 2841 succedens,
1355 2787 1479 2832 tunc
1502 2776 1693 2837 iterum
1724 2793 1826 2832 sae-

237 2864 409 2918 vitum
443 2866 600 2921 estin
629 2867 924 2922 catholicos
952 2882 966 2921 :
999 2868 1406 2936 prascribuntur
1433 2870 1578 2935 boni,
1614 2869 1665 2927 in
1693 2887 1829 2943 quo-

234 2970 358 3013 rum
388 2972 613 3012 numero
634 2966 791 3013 erant
811 2957 1028 3013 ducenti
1059 2967 1111 3015 et
1142 2959 1325 3030 viginti
1373 2959 1671 3025 doctissimi
1718 2961 1832 3031 epi-

235 3049 413 3119 sc0pi,
462 3050 731 3125 praecipue
768 3050 1104 3123 Fulgentius,
1151 3066 1289 3122 quos
1319 3067 1507 3107 omnes
1539 3052 1829 3108 familiares

234 3141 520 3214 Eugyppio
542 3144 815 3199 exstitisse
843 3142 984 3199 haud
1013 3143 1231 3198 dubium
1256 3152 1373 3211 est;
1407 3159 1529 3201 nam
1563 3145 1613 3199 in
1646 3144 1826 3200 Sardi-

1926 1937 2118 1994 iisdem
2143 1939 2433 1994 innitentes
2459 1938 2719 2009 vestigiis,
2754 1937 3007 1993 haeretica
3033 1936 3253 2002 addicti,
3287 1950 3508 2007 perver-

1927 2034 1972 2088 si
2031 2042 2085 2089 et
2126 2032 2323 2105 perditi
2366 2032 2599 2087 hominis
2620 2030 2789 2103 jussa,
2824 2031 2965 2097 veris
2992 2029 3084 2085 Dei
3108 2029 3390 2103 praeceptis
3420 2044 3513 2099 pa-

1928 2128 2064 2181 tiora
2120 2125 2366 2181 habetis?
2393 2125 2543 2195 Quod
2577 2125 2797 2191 malum,
2831 2123 2971 2195 quod
3005 2133 3081 2178 tot
3110 2137 3373 2177 annorum
3401 2137 3513 2176 me-
3574 2150 3577 2151 ν

1928 2219 2029 2271 rita
2064 2220 2262 2271 sanctis
2300 2222 2692 2273 tormentorum
2724 2224 2778 2271 et
2830 2214 3071 2286 martyrii
3100 2214 3291 2282 minae,
3336 2213 3514 2269 subri-

1929 2306 2006 2385 pit
2032 2307 2045 2360 !
2076 2305 2276 2369 Fateor
2298 2322 2380 2358 tne
2409 2306 2461 2358 in
2491 2307 2712 2360 nomine
2746 2305 3038 2363 individua:
3064 2304 3340 2361 Trinitatis
3376 2319 3515 2377 aqua

1930 2393 2141 2449 lustrali
2164 2406 2535 2465 regeneratum
2560 2412 2575 2448 :
2605 2411 2710 2450 non
2734 2404 2925 2465 tortor,
2953 2410 3061 2450 non
3087 2395 3295 2469 gladius
3315 2436 3333 2464 ,
3366 2397 3511 2454 nulla

1932 2484 2241 2539 carnificina
2291 2484 2619 2541 indumentis
2660 2501 2800 2540 vera:
2843 2486 3031 2542 salutis
3075 2470 3163 2543 me
3210 2497 3369 2543 exuet
3416 2503 3515 2551 nn-

1933 2592 2119 2657 quam.
2162 2576 2270 2637 Nec
2290 2592 2465 2653 mora,
2492 2577 2643 2632 adest
2671 2577 2918 2641 lictorum
2947 2592 3166 2645 manus,
3197 2578 3402 2651 rapitur
3432 2580 3515 2635 vir

1934 2681 2181 2745 sanctus,
2222 2671 2420 2726 misere
2462 2670 2730 2729 laceratur
2770 2670 3005 2726 tandem.
3056 2669 3213 2727 Necis
3248 2670 3383 2728 fama
3418 2685 3516 2755 per

1935 2764 2119 2819 urbem
2159 2764 2451 2839 dissipata,
2493 2765 2673 2819 statim
2727 2762 2939 2847 collegii
2990 2778 3286 2820 concursus
3344 2764 3514 2820 factus

1934 2855 2199 2927 Eugyppii
2226 2856 2731 2927 museumirrutnpit
2755 2873 2767 2911 :
2802 2855 3137 2913 Perdidimus
3162 2864 3390 2929 patrem,
3410 2857 3517 2912 Eu-

1931 2948 2119 3018 gyppi,
2146 2947 2532 3015 vociferantur,
2559 2948 2799 3031 martyrii
2831 2948 2997 3033 gloria
3020 2950 3174 3015 nobis
3194 2951 3387 3021 eripuit
3409 2949 3515 3005 fra-

1934 3046 2068 3094 trem
2094 3040 2486 3108 dulcissimum,
2520 3042 2745 3121 posthac
2775 3050 3139 3121 propugnator
3165 3056 3227 3097 ac
3254 3042 3390 3098 fidus
3420 3058 3516 3099 no-

1932 3140 2047 3185 ster
2071 3141 2250 3187 custos
2278 3142 2423 3188 esto:
2442 3141 2660 3187 manent
2689 3147 2787 3188 nos
2817 3141 3079 3191 tormenta
3110 3133 3476 3191 crudelissima
3495 3176 3514 3203 ,

237 3230 330 3285 nia
356 3231 663 3287 exsulantes
695 3232 759 3285 ad
792 3231 1100 3302 Symmachi
1131 3234 1505 3289 liberalitatem
1555 3249 1657 3303 qua
1690 3234 1828 3291 victu
1853 3242 1901 3311 ο
1933 3226 2033 3281 nisi
2065 3226 2129 3281 ad
2161 3227 2317 3283 unius
2352 3225 2562 3305 tyranni
2598 3227 2876 3281 arbitrium
2914 3242 3013 3283 nos
3049 3230 3516 3285 accommodemus

235 3329 296 3377 et
338 3323 531 3377 vestitu
585 3324 1020 3379 sustentabantur
1045 3367 1062 3394 ,
1096 3323 1228 3383 nihil
1255 3324 1633 3383 consolationis
1664 3326 1829 3383 habe-

236 3410 393 3477 bant,
455 3414 557 3473 nisi
607 3414 870 3486 Eugyppii
899 3417 1122 3485 scripta,
1172 3432 1291 3489 qua:
1342 3432 1551 3471 summa
1581 3418 1832 3475 aviditate

234 3504 490 3562 evolvere
518 3515 679 3577 atque
702 3508 979 3577 perlegere
1001 3506 1247 3569 solebant
1282 3525 1294 3559 2
1331 3508 1561 3580 denique
1590 3524 1685 3565 ore
1709 3510 1833 3564 Ful-

235 3598 432 3669 gentii,
474 3599 748 3651 communi
791 3611 1082 3665 consensu,
1118 3604 1174 3655 ut
1202 3598 1254 3649 in
1285 3598 1403 3651 aliis
1431 3599 1591 3653 rebus
1621 3614 1831 3671 quoque

236 3689 385 3745 soliti
430 3698 606 3758 erant,
659 3689 725 3745 de
754 3688 1020 3744 charitate
1047 3689 1111 3745 ad
1141 3690 1314 3765 ipsum
1343 3692 1697 3759 scripserunt.
1740 3694 1833 3749 His

239 3781 298 3840 in
346 3783 569 3839 exilium
616 3784 872 3851 detrusis,
916 3782 1089 3855 plebis
1120 3780 1269 3838 furor
1297 3784 1545 3855 exemplo
1574 3785 1831 3857 principis

239 3876 625 3931 recrutlescere
671 3876 855 3945 cmpit,
905 3890 1029 3929 nam
1077 3874 1169 3955 qui
1200 3874 1253 3928 in
1275 3875 1635 3949 suspicionem
1667 3893 1831 3937 vene-

240 3976 388 4034 rant,
439 3966 581 4037 quod
631 3972 808 4023 minus
868 3970 1023 4023 malis
1071 3969 1393 4023 Christianis
1435 3972 1825 4037 consentirent,

244 4058 624 4113 lacerabantur
646 4058 1161 4127 miserezdeplorat
1214 4060 1531 4128 vaporiferis
1580 4060 1830 4131 lacryntis

247 4148 437 4202 funera
463 4156 739 4218 parentum
769 4148 997 4218 pueritia
1056 4149 1346 4204 tenerrima
1375 4168 1389 4215 ;
1438 4151 1696 4206 sollicitus
1740 4168 1831 4220 pa-

244 4257 374 4300 rens
429 4244 672 4300 infirmos
718 4245 1094 4300 adolescentia:
1127 4245 1356 4310 animos,
1380 4246 1719 4301 vacillantem
1746 4245 1832 4314 ju-

244 4345 549 4400 ventutem,
574 4337 850 4401 insubiles
870 4336 1081 4401 animos
1109 4337 1474 4409 unusquisque
1498 4336 1603 4393 fide
1621 4335 1829 4411 ﬁrmus,

241 4443 317 4483 ne
344 4441 523 4482 veram
552 4427 711 4482 fidem
755 4442 819 4481 ac
846 4428 1108 4497 majorum
1137 4428 1190 4480 in
1220 4426 1495 4481 Christum
1547 4425 1830 4480 credulita-

238 4532 355 4577 tem
386 4521 686 4591 repudiare,
721 4536 789 4575 ne
809 4530 898 4574 aut
941 4519 1241 4589 promissis,
1275 4527 1369 4573 aut
1397 4519 1569 4574 fallaci
1613 4534 1832 4589 persua-

1936 3324 2101 3395 (quod
2150 3326 2573 3399 praasentissima
2618 3326 2809 3389 animae
2836 3334 2975 3393 esset
3004 3325 3192 3401 pestis)
3222 3336 3314 3393 aut
3336 3326 3517 3395 divino

1932 3415 2100 3484 adjuti
2130 3414 2360 3479 Numine
2382 3456 2398 3487 ,
2448 3416 2647 3487 ingenii
2692 3416 2767 3471 tui
2816 3416 3061 3481 acumine
3092 3418 3259 3479 hastis
3282 3417 3516 3487 rationes

1931 3508 2351 3571 confutahimus.
2407 3509 2718 3583 Eugyppius
2744 3509 2797 3564 in
2835 3510 2935 3565 hac
2958 3508 3183 3575 fratrum
3216 3511 3516 3591 dejectione

1933 3600 2259 3655 necessitate
2284 3611 2529 3671 coactus,
2562 3601 2792 3681 proximi
2816 3616 2953 3665 anus
2978 3602 3220 3683 excepit,
3250 3618 3313 3669 ac
3339 3604 3514 3676 quoad

1934 3707 2037 3765 pax
2065 3693 2319 3748 Ecclesia:
2348 3704 2681 3763 sequeretur,
2710 3691 2983 3764 dignitatis
3009 3694 3231 3773 gradum
3257 3697 3515 3777 suscipit;

1932 3797 2241 3859 quantaque
2264 3786 2525 3851 honorum
2550 3786 2810 3859 dignitate
2839 3802 2898 3845 se
2919 3797 3167 3857 evectum
3190 3791 3374 3861 sentit,
3401 3800 3514 3849 tan-

1933 3886 1990 3935 to
2020 3880 2219 3937 Christi
2271 3880 2485 3947 famulis
2529 3880 2792 3943 inservire
2830 3896 2892 3939 se
2919 3882 3116 3947 debere
3142 3899 3372 3961 gnarus,
3400 3901 3515 3943 om-

1932 3989 2030 4032 nes
2073 3985 2253 4045 captat
2298 3977 2611 4033 occasiones
2665 3991 2771 4047 quo
2814 3975 2914 4049 piis
2968 3979 3235 4035 consulet.
3275 3980 3513 4041 Tandem

1934 4070 2217 4123 commode
2240 4083 2303 4122 ex
2334 4068 2705 4123 Valentiniana
2754 4076 2925 4122 matre
2961 4077 3117 4122 natus
3154 4068 3413 4136 Romana,
3459 4072 3513 4125 in

1933 4160 2083 4228 regni
2126 4173 2311 4213 curam
2340 4157 2721 4212 Thrasimundi
2765 4156 2931 4212 Filius
2960 4168 3294 4228 susceperat,
3322 4158 3513 4217 Hilde-

1930 4251 2077 4308 ricus
2108 4250 2364 4315 nomine,
2411 4249 2497 4305 cui
2542 4249 2850 4319 Eugyppius
2890 4249 3280 4319 perfamiliaris,
3310 4252 3509 4307 aditum

1932 4341 2125 4407 habuit
2154 4342 2367 4401 facilem
2390 4382 2406 4408 .
2458 4351 2510 4398 et
2560 4341 2854 4412 principem
2879 4341 2991 4413 jam
3022 4344 3273 4398 convenit
3296 4384 3311 4411 ,
3343 4354 3399 4399 ut
3428 4346 3512 4415 pia

1934 4434 2128 4489 cohors
2176 4433 2228 4487 in
2256 4432 2503 4488 Sardinia
2546 4433 2797 4487 exsulans
2828 4442 3128 4501 revocetur,
3158 4434 3511 4493 adhortatur:

1934 4526 2085 4597 regni
2129 4528 2328 4582 etenim
2371 4538 2533 4597 atque
2579 4527 2878 4596 principum
2927 4535 3123 4582 statum
3170 4529 3337 4585 Deum
3370 4532 3512 4587 mul-

234 4618 399 4674 sione
424 4613 803 4669 confidentiam
831 4613 1147 4679 adhibeant,
1202 4627 1270 4668 ne
1322 4628 1516 4681 paucos
1564 4613 1831 4668 cruciatus
1858 4622 1911 4685 ι)
1938 4627 2047 4674 tum
2088 4620 2285 4675 habere
2316 4619 2603 4673 sollicitum
2650 4618 2945 4687 praedicat,
2979 4620 3073 4674 sed
3102 4621 3313 4677 interim
3347 4626 3514 4680 multa

238 4707 555 4773 devitanda,
586 4717 783 4760 aeterna
806 4718 998 4774 capere
1025 4720 1131 4759 non
1160 4704 1328 4760 velint
1353 4722 1365 4758 :
1390 4705 1497 4759 itar
1515 4721 1545 4758 a
1588 4706 1828 4774 pluribus

230 4803 305 4863 in
334 4798 720 4866 carnificinam,
751 4798 994 4867 plerique
1032 4797 1099 4852 ad
1130 4812 1344 4868 pinnam
1392 4799 1691 4867 rapiuntur.
1721 4796 1832 4857 Ha-

232 4897 400 4957 rinus
428 4912 590 4953 senex
618 4894 959 4952 venerandus
979 4894 1193 4950 sodales
1217 4896 1550 4963 cohortatur,
1582 4895 1748 4955 fortes
1770 4906 1829 4952 ut

232 4993 361 5051 sint
405 4992 458 5047 in
506 4990 772 5046 Domino:
802 5003 861 5043 se
909 5000 1008 5057 pro
1052 4995 1247 5054 atate,
1278 4997 1535 5056 quantum
1573 4990 1829 5057 temporis

231 5085 443 5155 injuria
474 5082 827 5153 permisisset,
854 5090 1111 5151 quantum
1144 5080 1386 5149 corporis
1415 5090 1467 5135 et
1495 5080 1659 5136 animi
1689 5082 1829 5136 vires

230 5176 597 5237 indulsissent
642 5171 948 5244 invigilasse
972 5212 988 5238 ,
1029 5186 1094 5227 ac
1130 5186 1227 5242 pro
1268 5170 1505 5226 omnium
1543 5172 1827 5227 commoda

227 5270 483 5328 obivisse
519 5268 752 5336 pericula
792 5266 959 5321 multa
978 5304 994 5332 ,
1020 5265 1294 5334 paululum
1318 5263 1422 5319 sibi
1449 5273 1653 5319 restare
1680 5264 1829 5320 labo-

229 5365 324 5421 ris
350 5379 364 5428 ;
396 5360 654 5432 sanguine
670 5372 772 5413 suo
791 5358 1005 5413 duum
1024 5354 1268 5427 requietis
1292 5354 1635 5426 quaerendam
1663 5369 1783 5411 esse
1807 5372 1821 5411 :

230 5456 583 5526 Eugyppium
632 5468 794 5509 manu
844 5467 1141 5522 prensans,
1184 5452 1508 5519 obtestatur,
1554 5452 1824 5520 obsecrat,

228 5546 524 5607 sodalibus
572 5544 793 5616 posthac
846 5545 1132 5611 doctrina,
1200 5544 1461 5603 industria
1526 5559 1590 5601 ac
1636 5545 1829 5614 vigiliis

232 5648 472 5716 prmeat,
502 5653 615 5695 rem
642 5638 884 5699 omnium
908 5637 1097 5693 sedqu
1124 5647 1276 5693 curet
1301 5657 1315 5691 :
1346 5638 1590 5694 ultimum
1619 5637 1720 5693 sibi
1740 5635 1832 5692 in-

233 5742 395 5793 stare
428 5731 601 5797 diem,
648 5744 1016 5785 successorem
1047 5743 1109 5784 se
1143 5730 1448 5785 habiturum
1474 5728 1637 5785 alium
1669 5744 1829 5800 quam

238 5830 426 5898 ipsum
469 5826 739 5882 neminem
767 5841 781 5878 :
834 5823 1067 5880 futuram
1098 5824 1146 5879 si
1176 5825 1447 5895 inceptum
1478 5826 1580 5881 iter
1610 5834 1830 5881 strenue

238 5927 533 5992 perageret
559 5958 574 5981 ,
616 5928 674 5976 ut
718 5934 841 5976 cum
874 5918 1106 5976 nominis
1136 5918 1365 5978 honesta
1390 5919 1531 5978 fama
1555 5920 1826 5979 Christum

1931 4712 2197 4780 exempla,
2221 4725 2381 4780 quam
2411 4710 2554 4765 idem
2585 4710 2702 4778 ipse
2733 4710 2849 4779 pios
2874 4713 3099 4778 evehat,
3128 4716 3367 4771 veritatis
3409 4732 3508 4771 au-

1932 4814 2041 4861 tem
2072 4817 2447 4875 persecutores
2477 4803 2675 4863 misere
2704 4804 3023 4874 precipitet,
3048 4819 3351 4873 enumerat,
3399 4809 3514 4864 un.

1932 4900 2148 4956 dericus
2191 4913 2478 4967 persuasus
2528 4898 2845 4967 pientissimi
2893 4900 2993 4961 viri
3037 4902 3288 4969 consilio,
3317 4918 3511 4971 quam-

1931 5007 2092 5065 quam
2121 5002 2462 5047 sacramenta
2506 4988 2915 5059 religiosissima
2954 4992 3248 5059 astrictus,
3312 4991 3512 5048 furenti

1936 5083 2075 5157 patri
2106 5084 2375 5153 pollicitus
2395 5091 2515 5139 erat
2541 5097 2773 5151 unquam
2803 5084 2855 5140 in
2899 5100 3066 5154 regno
3093 5100 3191 5141 suo
3220 5083 3512 5142 Catholicis

1935 5176 2237 5232 consultum
2262 5176 2346 5243 iri,
2365 5183 2543 5233 tamen
2569 5176 2760 5233 edictis
2790 5178 2999 5249 tyranni
3024 5176 3266 5243 cassatis,
3293 5176 3511 5232 exsules

1935 5267 2209 5326 restituit:
2243 5269 2475 5324 virorum
2512 5268 2707 5327 deinde
2747 5268 2955 5339 piorum
2988 5283 3174 5337 opera,
3230 5268 3507 5337 octennio,

1935 5375 2055 5430 quae
2086 5376 2182 5430 per
2217 5367 2424 5429 septem
2453 5374 2615 5431 super
2641 5362 2994 5431 quadraginta
3026 5374 3199 5423 annos
3227 5359 3513 5423 incrudue-

1935 5459 2058 5516 rat,
2109 5450 2598 5520 pestilentissimam
2649 5460 2851 5509 sectam
2900 5450 3081 5511 Africa
3132 5460 3241 5507 tota
3282 5450 3513 5519 expulit.

1934 5541 2102 5599 Nacta
2126 5542 2237 5612 jam
2266 5543 2410 5611 otio,
2443 5542 2754 5613 Eugyppins
2786 5540 3066 5599 thesauros
3105 5556 3238 5611 quos
3274 5540 3407 5601 alim
3441 5558 3506 5599 ex

1933 5637 1998 5693 D.
2022 5635 2306 5707 Augustini
2333 5636 2586 5707 operibus
2608 5632 3016 5703 compilaverat,
3034 5635 3144 5704 jam
3174 5636 3276 5699 sub
3310 5636 3385 5692 tui
3407 5652 3513 5699 no-

1932 5731 2094 5787 minis
2121 5731 2383 5800 auspicio,
2413 5718 2665 5800 princeps
2695 5729 3075 5796 illustrissims.
3100 5730 3160 5787 in
3190 5731 3363 5787 lucem
3392 5747 3515 5801 pro—

1930 5833 2132 5881 tractos
2157 5868 2172 5891 ,
2204 5822 2398 5894 digerit
2440 5838 2506 5879 ac
2553 5822 2608 5876 in
2654 5821 2898 5881 ordinem
2922 5839 3080 5894 quem
3108 5824 3257 5885 vides
3282 5823 3509 5895 redegit.

1932 5916 2078 5977 Odor
2104 5916 2266 5988 igitur
2291 5916 2467 5974 bonus
2488 5912 2752 5989 Eugyppii
2779 5914 2944 5977 etiam
2979 5916 3250 5988 Europam
3279 5930 3511 5989 occupa-
