3978 6380
596 323 701 395 559

1671 339 1736 395 ι).
1779 336 2093 397 EUGYPPII
2133 295 2423 396 ABBATIS
2462 337 2780 396 AFRICANI

2154 295 2423 396 tuearis
2462 337 2780 396 AFRICANI
3648 366 3725 430 δα,

591 460 710 515 rat,
754 463 817 506 ac
848 448 1035 505 Roma
1065 458 1257 522 magno
1281 495 1296 518 ,
1348 449 1400 506 in
1448 455 1707 508 bonorum
1736 456 2170 517 conversatione,
2203 460 2246 515 Α
2284 453 2479 508 habere
2517 453 2871 510 delectatione
2915 462 3110 512 sanctae
3152 464 3393 523 servitutis
3429 471 3614 534 aﬂectat.
3643 481 3724 538 Scit

593 548 712 615 ejus
758 546 1081 600 censebatur
1135 547 1459 601 existimatio
1503 567 1514 602 :
1579 550 1874 615 prmsertim
1931 550 2176 602 Anitiana

595 635 820 702 familia,
842 637 1042 691 alumni
1065 637 1154 704 dig
1182 638 1323 690 itote
1349 639 1669 705 exbilarata,
1697 643 1949 694 oinnibus
1973 641 2179 692 viribus

593 743 793 785 nomen
830 730 959 783 tanti
993 729 1090 782 viii
1135 729 1400 784 illustrare
1450 732 1771 800 satagebat,
1825 747 1922 786 nec
1973 731 2182 798 Eugyp-

595 820 719 888 pius
761 821 998 888 ingratus
1034 821 1241 875 labores
1289 837 1413 875 suos
1457 822 1578 876 huic
1626 824 1837 876 familiae
1889 824 2181 876 inscribere

593 925 806 981 :equum
837 911 1215 966 rebatur.Erat
1245 923 1370 966 natu
1405 915 1678 981 grandior,
1713 917 2058 984 moribusque
2088 931 2182 969 ve-

598 1004 857 1059 nerandis
889 1003 1083 1069 Proba,
1116 1005 1276 1058 Anitii
1303 1006 1508 1060 Paulini
1535 1007 1674 1061 Rulli
1707 1008 1848 1077 (ejus
1874 1010 1958 1075 qui
1984 1023 2181 1062 annum

600 1093 670 1151 ab
709 1095 856 1151 Urbe
915 1096 1128 1150 condita
1170 1098 1586 1167 octuagesimum
1638 1115 1796 1166 supra
1839 1100 2180 1154 millesimum

596 1199 720 1240 cum
769 1185 998 1240 Publilio
1037 1187 1251 1255 Optatio
1293 1203 1344 1240 v.
1383 1204 1434 1243 c.
1463 1203 1525 1242 ac
1562 1202 1716 1258 poeta
1752 1190 2182 1257 ingeniosissitno

592 1277 929 1331 consulatum
973 1289 1253 1348 gesserat,
1299 1281 1628 1350 pronepotis)
1661 1282 1924 1336 demortui
1957 1282 2179 1351 cnnjux,

593 1368 684 1438 qui
714 1369 976 1425 viduitate
1009 1384 1070 1424 ac
1100 1371 1388 1426 solitudine
1411 1372 1573 1426 vitam
1606 1376 1836 1427 maxima
1869 1391 1991 1443 erga
2025 1373 2181 1428 Chri-

593 1468 736 1515 stum
796 1462 1097 1517 reverentia
1153 1463 1517 1518 traducebat:
1553 1465 1675 1519 huic
1722 1466 1897 1534 neptis
1939 1467 2178 1534 ejusdem

594 1552 828 1606 nominis
849 1563 987 1620 erat,
1012 1567 1078 1609 ex
1106 1553 1312 1610 Juliana
1341 1555 1444 1609 lilia
1460 1558 1634 1625 etipsa
1658 1571 1771 1612 cos.
1790 1557 2019 1628 conjuge
2038 1577 2050 1611 :
2067 1559 2178 1612 vir-

590 1659 660 1715 go
691 1647 1046 1701 veroCbristo
1072 1647 1247 1702 dicata
1278 1646 1581 1704 Corneliam
1615 1649 1981 1704 Gram-horum
2009 1661 2065 1704 et
2099 1664 2180 1704 vc-

596 1745 742 1792 teres
768 1739 1095 1792 celebriores
1149 1742 1371 1794 feminas
1410 1741 1590 1795 studio
1624 1741 1914 1796 litterarum
1948 1743 2181 1796 maxime

2287 555 2429 601 enim
2473 564 2498 598 a
2548 548 2773 602 Domino
2817 549 2924 618 (cui
2959 551 3294 615 virginitatem
3322 566 3447 617 vovit
3471 577 3515 620 et
3541 573 3724 630 cordiset

2286 642 2550 709 corporis)
2594 658 2690 710 pro
2729 643 3045 699 liberatione
3087 661 3254 702 nostra
3287 655 3575 715 humilitatem
3598 665 3723 723 form

2286 735 2495 787 servilis
2541 745 2835 803 acceptam.
2905 737 2969 791 Et
3017 740 3084 792 ob
3121 740 3216 796 hoc
3248 743 3724 819 (ἱεΙι-οιθιυτειιοιιιθί

2293 827 2451 897 hujus
2501 831 2778 882 servitutis
2828 830 3124 886 humilitate
3178 838 3401 903 placere,
3443 852 3490 895 ut
3534 851 3726 903 οοηςοηεο

2285 921 2522 988 quinque
2567 924 2868 988 sapientum
2903 923 3159 993 virginum
3188 926 3439 996 deputata,
3475 948 3572 986 cum
3593 953 3726 1003 sponso

2288 1015 2451 1078 possit
2483 1012 2532 1065 itt
2560 1024 2758 1066 aaterna
2788 1013 3027 1068 claritate
3050 1030 3281 1085 regnare.
3322 1019 3514 1078 Delicias
3533 1041 3626 1080 vero
3645 1045 3724 1084 cor-

2289 1101 2469 1169 poris,
2527 1113 2724 1172 quanta
2781 1106 2975 1162 virtute
3029 1115 3412 1180 contempserit,
3456 1126 3501 1170 et
3540 1121 3726 1187 quomodo

2287 1212 2437 1251 suam
2481 1197 2673 1251 famem
2719 1200 2976 1254 satiandis
3015 1202 3171 1256 faciat
3211 1204 3454 1260 deservire
3478 1211 3724 1276 pauperibnt,

2287 1302 2384 1342 nec
2414 1288 2484 1342 ob
2512 1290 2562 1342 id
2603 1291 2744 1343 aliud
2777 1292 2888 1359 ipsa
2923 1293 3117 1347 vilibus
3152 1305 3343 1364 tegatur
3367 1297 3643 1364 indumentis,
3663 1301 3725 1355 nisi

2284 1388 2341 1433 ut
2385 1381 2702 1434 humilitatis
2763 1384 3092 1450 propositum
3159 1385 3395 1454 impleat,
3449 1397 3494 1441 et
3531 1389 3725 1444 vestiendis

2283 1474 2605 1544 pauperibus
2629 1475 2809 1544 jugem
2847 1490 3031 1531 curam
3073 1489 3265 1533 sancta
3308 1481 3491 1549 pietatis
3523 1482 3723 1548 impendit,

2284 1568 2494 1635 plenius
2531 1567 2643 1635 ipsa
2675 1567 2908 1622 videndo
2948 1572 3255 1638 cognoscis,
3281 1586 3420 1638 quam
3457 1572 3497 1624 id
3521 1586 3543 1624 a
3565 1589 3624 1625 nte
3644 1573 3724 1625 velit

2283 1657 2500 1720 audire,
2539 1657 2680 1726 quod
2721 1658 2896 1711 minus
2934 1673 3150 1727 possum
3196 1661 3496 1714 sermonibus
3526 1661 3720 1726 explicare.

2284 1747 2430 1803 Hanc
2452 1765 2579 1818 ergo
2610 1750 2700 1804 tibi
2732 1760 2980 1820 tanquam
3007 1753 3280 1820 speculum
3306 1769 3445 1822 pone,
3473 1763 3517 1807 et
3538 1769 3584 1806 ex
3616 1753 3719 1820 ipsius

589 1833 1271 1896 amulabaturzcorruptos
1300 1834 2002 1901 moressanctisdisciplinis
2035 1844 2172 1903 pust-
2212 1845 2259 1904 B
2289 1842 2722 1896 consideratione
2752 1844 2876 1912 quid
2931 1843 3022 1896 tibi
3076 1844 3184 1913 jam
3223 1845 3372 1908 insit,
3399 1845 3470 1898 vel
3494 1843 3588 1912 quid
3616 1846 3722 1896 adhuc

595 1925 835 1993 habens,
867 1940 970 1980 non
1025 1927 1354 1995 margaritis,
1394 1928 1641 1996 gemmis,
1673 1940 1760 1982 aut
1791 1929 2001 1982 caeteris
2024 1933 2184 1984 rebus

595 2018 878 2074 vilioribus
901 2021 1132 2085 inhians,
1152 2020 1525 2076 bibliothecam
1555 2039 1684 2077 vero
1715 2023 2180 2078 innumerabilium

555 2115 924 2169 -voluminnm
971 2115 1314 2171 instruxerat.
1378 2117 1451 2168 Ea
1499 2125 1556 2170 ut
1594 2117 1968 2171 ardentissimo
2029 2117 2185 2172 Chri-

596 2204 788 2260 stianae
830 2205 1134 2260 dilectionis
1163 2220 1348 2260 amore
1391 2205 1564 2260 bonos
1600 2216 1652 2261 et
1682 2207 1800 2275 pios
1824 2209 2184 2276 prosequeba-

596 2309 702 2361 tur,
750 2299 820 2352 ita
845 2299 1092 2354 omnibus
1120 2299 1294 2354 doctis
1324 2310 1379 2354 et
1423 2299 1523 2368 piis
1554 2304 1774 2369 probata
1806 2301 1921 2354 fuit.
1966 2301 2180 2357 Etenim

593 2390 659 2446 D.
684 2390 1013 2460 Augustinus
1055 2392 1187 2447 avia:
1215 2401 1269 2447 et
1300 2392 1453 2446 matri
1487 2392 1652 2461 ipsius
1684 2393 1928 2447 scribens
1950 2433 1964 2456 ,
1993 2408 2180 2450 omnes

591 2483 912 2555 eloquentia:
942 2486 1084 2540 vires
1125 2486 1179 2538 in
1229 2485 1450 2551 virginis
1491 2485 1647 2554 hujus
1697 2485 1883 2539 laudes
1912 2484 2176 2539 effundit:

592 2577 735 2648 quod
767 2577 983 2647 quidem
1010 2592 1108 2632 nec
1140 2575 1452 2646 Fulgentius
1480 2580 1663 2631 omisit
1687 2594 1704 2644 ;
1734 2577 1898 2633 Gallae
1927 2579 2068 2632 enim
2093 2592 2181 2632 so-

589 2670 702 2727 rori
746 2673 863 2740 ejus
892 2671 1157 2735 scribens,
1191 2672 1408 2740 quantis
1445 2672 1730 2741 praeconiis
1775 2687 1892 2727 eam
1920 2672 2175 2728 extollit!

590 2782 694 2822 nec
718 2767 996 2821 c0ntinere
1021 2781 1108 2821 me
1137 2781 1377 2833 possum,
1404 2767 1568 2844 ptiam
1598 2767 1705 2820 alio
1737 2765 2016 2833 festinans,
2049 2767 2178 2834 quin

590 2861 754 2914 verba
805 2859 974 2930 ipsius
1042 2859 1306 2914 ascribam
1356 2859 1491 2929 ipsa.
1554 2878 1574 2912 ι
1607 2859 1948 2930 Disponimus
1989 2861 2130 2915 enim
2159 2903 2177 2927 ,

591 2954 802 3020 inquit,
836 2955 878 3009 si
910 2953 1169 3008 Dominus
1199 2954 1458 3018 voluerit,
1488 2963 1543 3009 et
1571 2957 1614 3008 si
1647 2953 1969 3023 vixeiimus,
2000 2955 2065 3008 ad
2091 2969 2179 3009 so-

589 3058 770 3098 rorem
823 3053 966 3097 tnam
990 3082 1006 3108 ,
1058 3054 1295 3098 sanctam
1334 3043 1534 3098 Christi
1583 3047 1841 3113 virginem
1869 3086 1885 3110 ,
1923 3045 2171 3111 Probam,

589 3147 750 3202 quam
777 3133 1038 3187 Dominus
1074 3134 1174 3188 hoc
1206 3144 1450 3205 tempore
1472 3136 1795 3204 praecipuum
1830 3135 1881 3189 in
1912 3139 2041 3190 urbe
2071 3137 2176 3191 Ro-

2287 1936 2456 2004 desit,
2490 1949 2792 1990 sanctorum
2833 1937 3133 1991 studiorum
3170 1954 3471 2006 operumque
3507 1953 3717 2003 cognoscet

2287 2028 2557 2084 Hactenus
2582 2031 2649 2083 de
2676 2030 2851 2084 Proba
2909 2031 3218 2102 Fulgentius
3246 2049 3258 2085 :
3290 2034 3368 2086 cui
3399 2033 3628 2103 Engyppius
3649 2045 3719 2100 qua

2284 2131 2630 2188 excerp~erat
2665 2125 3020 2178 consecravit.
3067 2124 3243 2179 Primo
3274 2134 3407 2177 tomo
3447 2140 3539 2192 quae
3561 2140 3625 2176 suo
3640 2133 3719 2174 lein-

2286 2228 2413 2280 pore
2456 2215 2717 2268 maximas
2762 2215 3063 2270 excitarant
3111 2217 3452 2284 quastiones,
3492 2225 3715 2284 praterpeb

2284 2308 2450 2359 multa
2481 2307 2594 2359 loca
2625 2307 2935 2360 obscuriora
2967 2307 3256 2373 Scriptura:
3285 2299 3713 2373 explicata.0echtri-

2284 2404 2428 2461 tate,
2481 2397 2692 2461 anima,
2739 2398 2987 2452 sensibus
3037 2397 3303 2463 b0minis,
3347 2394 3716 2449 Mediatorissacrt-

2283 2496 2496 2553 mento,
2543 2488 2806 2556 religione
2859 2487 3200 2554 Christiana,
3229 2480 3718 2555 sabbato,judicioiliti-

2281 2595 2373 2642 no,
2403 2581 2818 2643 resurrectione,
2845 2585 2952 2635 vita
2977 2596 3041 2637 ac
3065 2593 3236 2636 morte
3262 2591 3464 2644 aeterna,
3505 2585 3718 2647 quaecunque

2282 2675 2610 2743 Augustinus
2645 2674 2918 2737 ediderat,
2967 2675 3296 2740 eruditiora,
3322 2670 3531 2726 inseruit.
3568 2663 3719 2720 Secundo

2284 2775 2430 2819 torno
2453 2769 2713 2830 Arianos,
2757 2765 3083 2820 Manicbaaos
3104 2807 3120 2831 ,
3153 2765 3471 2827 Donatistas,
3499 2759 3711 2824 Pelagianos,

2281 2860 2472 2929 quibus
2503 2859 2799 2913 rationibus
2829 2858 3025 2913 devicit
3052 2859 3402 2928 Hipponensis
3430 2855 3507 2910 ille
3527 2855 3714 2919 episcopus

2281 2952 2478 3008 docet:
2524 2961 2578 3006 et
2611 2961 2666 3005 ut
2697 2953 2880 3020 paucis
2911 2951 3223 3012 absolvam,
3251 2951 3433 3013 habes,
3457 2946 3633 3014 princeps
3651 2935 3720 2988 illl-

2280 3045 2546 3098 strissime
2569 3085 2584 3108 ,
2634 3058 2738 3096 non
2769 3043 3050 3112 Augustini
3083 3058 3278 3110 corpus
3301 3081 3316 3106 ,
3356 3038 3441 3094 sed
3469 3036 3664 3090 animum,
3685 3038 3722 3078 et

2282 3144 2389 3190 tam
2434 3135 2910 3189 innumerabilibus
2964 3135 3330 3188 voluminibus
3376 3135 3421 3184 in
3463 3129 3573 3182 hunc
3609 3122 3718 3174 librum

589 3240 680 3282 ma
699 3227 829 3279 dare
848 3224 1098 3296 dignatus
1121 3228 1541 3296 estvirginitatis
1568 3236 1620 3280 et
1645 3227 1958 3282 humilitatis
1988 3245 2172 3282 exem-
2201 3231 2248 3296 ο
2280 3227 2564 3281 inclusum.
2613 3225 2886 3295 Evulgatis
2924 3237 3106 3278 autem
3151 3225 3373 3295 vigiliis,
3404 3235 3495 3274 non
3520 3217 3588 3270 diu
3611 3221 3722 3296 ευμεν

589 3315 732 3386 plar.
763 3317 831 3372 de
854 3318 1062 3386 jejunio
1091 3329 1144 3372 et
1165 3320 1408 3372 oratiOne
1433 3319 1633 3388 aliquid
1666 3318 1924 3380 scribere,
1956 3319 2096 3374 sicut
2122 3320 2176 3376 in

588 3410 822 3480 epistola
862 3425 1020 3481 quam
1063 3410 1132 3464 ad
1174 3425 1292 3465 eam
1346 3425 1513 3480 nuper
1567 3410 1687 3465 dedi
1719 3427 1835 3466 mea
1869 3412 2179 3481 pollicitatio

589 3503 916 3566 continetur,
967 3506 1122 3570 cujus
1178 3504 1272 3557 tibi
1318 3505 1587 3573 praecipue
1623 3513 1805 3558 sancta
1841 3505 2178 3558 conversatio

597 3604 680 3648 est
707 3596 758 3649 in
790 3595 1042 3648 omnibus
1095 3594 1370 3648 imitanda.
1409 3599 1538 3661 Quae
1568 3611 1690 3649 cum
1725 3595 1794 3648 sit
1834 3595 1947 3648 avis
1981 3595 2180 3649 atavis-

592 3700 698 3755 que
729 3698 851 3739 nota
901 3689 1215 3740 consulibus
1239 3729 1253 3751 ,
1285 3700 1337 3741 et
1379 3690 1586 3743 deliciis
1627 3690 1891 3760 regalibus
1921 3691 2174 3757 enutrita,

597 3784 744 3826 tanta
771 3775 850 3826 illi
881 3785 964 3829 e~t
1007 3777 1277 3830 humilitas
1304 3779 1443 3830 dOtto
1484 3778 1666 3847 gratiae
1711 3779 1946 3832 caelestis
1979 3781 2174 3847 infusa,

599 3873 658 3918 ut
684 3880 868 3919 amore
914 3867 1261 3935 subjectionis
1302 3879 1353 3922 et
1393 3883 1488 3922 usu
1528 3869 1798 3923 serviendi
1824 3870 2091 3923 dominam
2119 3884 2179 3926 se

593 3957 882 4025 aliquando
929 3958 1092 4012 fui~se
1131 3959 1240 4028 jam
1286 3960 1528 4026 nesciat,
1559 3977 1680 4016 cum
1705 3977 1894 4017 omnes
1921 3961 2175 4018 dominos

2283 3319 2415 3372 vixit
2452 3334 2531 3372 vir
2571 3316 2718 3387 pius,
2757 3317 2851 3370 sed
2903 3315 3245 3386 Fulgentium
3285 3295 3722 3380 εεερυὶιυειιςίεδμιιίο

2285 3413 2610 3481 insequens,
2661 3412 2900 3464 omnium
2946 3411 3095 3464 luctu
3143 3407 3386 3464 discessit
3426 3405 3601 3472 patriam
3633 3387 3725 3486 cels-

2284 3513 2418 3558 stem
2469 3503 2756 3572 repetiens.
2800 3501 2923 3556 llaec
2965 3501 3129 3556 habui
3173 3515 3290 3571 quae
3328 3499 3392 3552 de
3432 3492 3560 3562 hujus
3586 3490 3725 3538 aut-Ioni

2284 3599 2390 3650 vita
2433 3595 2739 3649 summatim
2785 3595 2999 3663 praefari
3044 3594 3178 3647 utile
3203 3595 3372 3646 visum
3406 3587 3512 3649 fuit,
3543 3582 3726 3639 lectorqu

2280 3686 2573 3757 jucundum
2617 3687 2820 3740 auditu.
2867 3685 3026 3749 Vale,
3077 3685 3328 3754 princeps
3359 3670 3726 3734 illustrissiine,pl-

2286 3787 2437 3834 trone
2465 3778 2972 3832 observanitissime.
3017 3777 3243 3830 Basileze
3271 3774 3612 3828 Rauracorum,
3631 3765 3727 3810 "0'

2283 3872 2428 3928 lend.
2463 3871 2801 3943 septembris,
2837 3885 2979 3926 anno
3005 3884 3036 3925 a
3071 3881 3203 3925 nato
3231 3867 3435 3923 Christo
3463 3870 3615 3916 IDXLII.

593 4062 3732 4124 _________________________________._...

1610 4209 1943 4270 DOMINIE
1988 4207 2297 4270 MERITO
2350 4202 2861 4276 VENERABILI,

1033 4350 1113 4392 ΕΤ
1155 4349 1405 4395 FRUCTU
1451 4348 1662 4393 SACRE
1707 4348 2138 4393 VIRGINITATIS
2181 4346 2245 4388 IN
2288 4344 2543 4388 ΟΗΚΙΒΤι
2587 4342 2823 4385 GRATIA
2868 4339 3122 4385 SEMPER
3174 4332 3459 4381 ILLUSTRI

1959 4466 2018 4498 AC
2051 4463 2139 4497 PER
2173 4461 2322 4497 OINIA
2354 4459 2520 4496 PBOBB

1212 4553 1573 4608 EUGYPPIUS
1607 4553 1860 4606 OMNIUM
1895 4552 2238 4605 SERVORUM
2275 4553 2382 4602 DEI
2418 4551 2716 4604 FAMULUS
2750 4553 2818 4604 IN
2851 4552 3096 4604 DOMINO
3135 4553 3187 4603 S.
3227 4551 3290 4602 D.

671 4776 1063 4845 Excerptorum
1087 4772 1328 4829 codicem
1353 4786 1510 4841 quem
1534 4771 1601 4824 de
1623 4771 1895 4824 nonnullis
1916 4771 2173 4838 operibus
2203 4776 2253 4836 Ι)
2281 4787 2472 4826 omnes
2517 4771 2802 4826 orthodoxi
2853 4781 2965 4826 toto
3023 4781 3297 4827 terrarum
3352 4769 3475 4824 Orbe
3515 4760 3746 4845 venerentur,

595 4871 766 4926 sancti
800 4868 1096 4938 Augustini,
1121 4865 1433 4920 cohoi-tante
1460 4864 1679 4917 domino
1705 4877 1825 4916 meo
1849 4862 2051 4916 Marino
2082 4863 2174 4916 ab-

597 4966 739 5026 bate,
775 4965 858 5020 vel
890 4968 1102 5017 caeteris
1134 4963 1334 5016 sanctis
1362 4961 1650 5024 fratribus,
1693 4960 2175 5028 quomodocunque

597 5073 993 5127 compegeram,
1022 5058 1277 5108 continuo
1309 5053 1586 5106 transferri
1638 5053 1808 5115 vobis,
1843 5064 2028 5105 sancto
2069 5065 2177 5119 quo

598 5150 810 5216 polletis
839 5149 1037 5210 studio,
1069 5147 1310 5200 voluistis
1335 5161 1350 5198 :
1379 5154 1570 5199 etcum
1607 5145 1940 5198 bibliothecae
1983 5154 2177 5199 vestrae

598 5245 748 5309 Copia
776 5242 1076 5307 multiplex,
1110 5240 1335 5305 integra.
1365 5237 1430 5290 de
1459 5238 1650 5304 quibus
1693 5252 1857 5303 pauca
1907 5238 2174 5307 decerpsi,

595 5336 870 5387 contineat
899 5347 1082 5398 opera,
1115 5329 1308 5399 placuit
1340 5337 1518 5381 tamen
1551 5329 1746 5381 habere
1789 5330 2061 5395 decerpta.
2112 5329 2181 5383 At

596 5439 698 5493 ego
729 5423 1084 5493 prospiciens,
1119 5437 1184 5474 ne
1216 5418 1436 5473 forsitan
1473 5437 1498 5471 a
1538 5421 1830 5488 legentibus
1863 5421 2179 5476 terni-ritatis

2285 4863 2548 4932 praecipue
2581 4877 2754 4915 tamen
2799 4863 3110 4931 apn~tolicaa
3153 4864 3299 4917 sedis
3347 4859 3595 4914 antistites,
3618 4841 3744 4905 scrip“

2285 4956 2419 5022 ejus,
2464 4971 2554 5008 sua
2609 4955 2957 5021 probabiliter
3003 4958 3332 5008 auctoritate
3382 4951 3630 5004 firmantes.

2285 5043 2474 5114 majori
2507 5044 2686 5098 studio
2711 5059 2927 5109 semper
2957 5045 3196 5113 amplexi
3231 5053 3378 5108 sunt,
3399 5046 3571 5109 quanto
3595 5022 3754 5094 amillio"

2284 5137 2480 5191 solatio
2515 5137 2596 5188 his
2627 5152 2751 5189 usos
2783 5138 2944 5189 fuisse
2991 5145 3288 5191 testantur.
3318 5135 3441 5189 Nam
3466 5135 3619 5184 contra
3640 5114 3758 5203 mu"?tl

2284 5229 2469 5282 hostes
2501 5228 2751 5281 Ecclesia:
2781 5229 3123 5291 dimicantes,
3154 5240 3209 5281 et
3235 5227 3459 5280 maxime
3484 5226 3636 5275 contra
3658 5213 3756 5298 rem:

2292 5322 2464 5392 pelles
2497 5320 2744 5374 inimicos
2771 5323 2957 5389 gratiae
2988 5321 3102 5384 Dei,
3146 5321 3397 5375 doctrina
3442 5316 3545 5383 ejus
3584 5303 3763 5398 instrucl’:

2285 5414 2369 5469 vel
2414 5414 2592 5483 potius
2633 5413 2820 5466 eadem
2853 5413 3103 5466 illustrati
3136 5415 3338 5481 gratia,
3368 5417 3560 5475 semper
3597 5392 3762 5452 exstitert

2285 5507 2517 5559 victores
2545 5527 2554 5556 :
2589 5505 2743 5572 cujus
2773 5505 3009 5558 victoria;
3041 5506 3272 5572 prmmia
3318 5505 3371 5558 in
3411 5509 3588 5554 tantum
3614 5485 3766 5540 domn“

2287 5600 2396 5653 Deo
2422 5599 2647 5664 posteris
2671 5609 2914 5664 prosunt,
2938 5605 3070 5649 utet
3093 5596 3319 5665 jt-junos
3335 5588 3582 5663 copiosius
3606 5572 3767 5662 pascanl,

2286 5702 2338 5744 et
2371 5692 2533 5743 fortes
2575 5689 2739 5741 armis
2789 5687 3122 5754 spiritalibus
3173 5688 3436 5742 muniant.
3481 5670 3769 5761 CMIIOIIU'SI

2286 5781 2500 5850 quidem
2527 5779 2717 5832 divinae
2744 5779 2875 5849 legis
2903 5778 3242 5846 explanatio,
3278 5793 3384 5832 non
3411 5772 3567 5829 solum
3609 5762 3770 5816 Csltl’lﬂi’

2289 5876 2428 5932 tibus
2456 5873 2732 5938 alimonia,
2763 5872 2858 5931 sed
2897 5882 2952 5930 et
2995 5872 3387 5931 dimicantibus
3426 5862 3628 5925 efﬁcitur
3665 5853 3765 5904 πίω

596 5530 892 5584 argue-rer,
945 5529 1164 5570 necesse
1217 5513 1373 5567 habui
1426 5528 1638 5567 causam
1693 5515 1812 5568 facti
1866 5515 2179 5582 praefatione

595 5610 776 5675 fateri,
803 5627 921 5678 qnze
968 5613 1038 5662 ita
1073 5625 1131 5663 se
1175 5609 1350 5663 habet.
1384 5607 1524 5662 Inter
1569 5623 1790 5676 magnos
1834 5617 1887 5660 et
1933 5611 2176 5675 egregios

594 5704 872 5756 catholica:
905 5704 1151 5756 doctores
1203 5702 1492 5760 Ecclesizc,
1541 5701 1852 5765 praeclarum
1906 5699 2068 5752 fuisse
2125 5708 2178 5752 et

599 5806 722 5846 esse
745 5793 952 5846 beatum
982 5793 1326 5859 Augustinum
1356 5794 1474 5859 quis
1506 5793 1709 5860 igno'et
1743 5801 1796 5840 et
1826 5787 2179 5855 episcopum?

600 5899 764 5956 quem
792 5899 912 5942 cum
937 5884 1119 5941 divina
1147 5891 1204 5940 et
1243 5885 1473 5940 humana
1525 5881 1826 5938 eruditione
1857 5879 2176 5946 mirabilem,
