3978 6380
159 392 256 450 381

1461 378 1889 438 THESAURUS.
1929 382 2079 438 CAP.
2110 385 2148 438 l.

3297 389 3403 446 562

159 519 296 564 tnra.
329 505 437 562 Nec
463 503 734 562 immerito
754 503 937 559 vicarii
969 502 1112 559 illius
1156 502 1239 557 cui
1271 500 1565 566 pascendos
1607 512 1733 551 oves
1763 500 1815 560 Α
1840 515 2149 567 magnorum
2183 500 2233 554 id
2264 499 2345 554 vel
2378 500 2550 556 lacere
2570 498 2653 554 vel
2685 497 2881 554 habere
2908 499 3180 572 dignatur,
3215 505 3408 562 saltem

160 600 417 656 Dominus
439 614 530 652 ore
557 599 770 666 pmprio
815 595 1206 652 commendavit
1233 593 1632 661 compastoralis
1655 590 1731 644 oi-

159 691 262 746 ﬁcii
291 703 520 754 secum,
551 691 768 757 copiosa
821 687 967 756 gregi
995 688 1265 740 dominico
1313 688 1379 738 de
1411 684 1572 751 pratis
1597 683 1736 736 Scri-

161 791 457 850 pturarum,
504 780 692 848 pabula
739 789 1134 848 procurantem,
1170 775 1490 846 pernmplius
1529 775 1733 828 dilexe-

154 881 319 929 runt:
369 887 524 925 suum
556 873 834 925 veri~sime
886 883 1134 937 putantes
1188 870 1404 933 bonum,
1451 872 1593 937 quod
1643 884 1737 936 per

153 964 443 1027 fraternam
473 965 750 1018 scientiam
779 964 1180 1034 gratulabantur
1213 963 1511 1016 inventum.
1554 960 1737 1015 Scien-

153 1066 235 1112 tes
270 1057 409 1110 hunc
442 1057 832 1126 intelligibilem
871 1060 934 1111 ad
963 1053 1289 1112 condiendos
1318 1057 1525 1109 animos
1570 1057 1733 1109 salem

148 1147 313 1204 etiam
369 1148 650 1215 pecoribus
695 1149 1066 1217 objectissimis
1107 1151 1461 1218 proluturum,
1511 1163 1735 1217 quorum

147 1241 388 1297 Omnium
417 1255 515 1309 ego
539 1257 758 1310 prorsus
788 1243 1065 1310 abjectinr,
1095 1259 1164 1297 ex
1189 1243 1477 1312 aliquantis
1498 1242 1735 1310 ejusdem

150 1329 290 1385 beati
341 1331 438 1384 viri
483 1333 756 1399 praeclaris
802 1335 1055 1402 Operibus
1108 1350 1369 1403 perpauca
1424 1335 1739 1389 ruminando

145 1421 548 1492 quodammodo
574 1425 968 1494 lambendoque
1005 1426 1274 1495 decerpsi,
1329 1443 1447 1494 qua:
1475 1427 1738 1480 stantibus

145 1514 338 1568 amicis
363 1513 565 1584 integra
596 1516 850 1586 legeram.
879 1519 1009 1572 Nam
1037 1519 1215 1572 omnia
1245 1519 1386 1572 illius
1410 1518 1609 1573 habere
1658 1517 1742 1572 vel

149 1606 397 1660 invenire
420 1609 539 1676 quis
572 1610 776 1676 possit?
822 1611 1083 1665 Nonnulla
1114 1627 1240 1679 ergo
1268 1613 1463 1682 legenti
1494 1613 1624 1666 mihi
1654 1624 1737 1666 at-

149 1709 255 1764 que
282 1697 480 1752 habere
498 1701 731 1768 cupienti
761 1702 880 1768 quia
913 1699 1139 1757 facultas
1162 1704 1377 1758 minime
1397 1707 1735 1773 suppetebat,

155 1788 362 1844 idcirco
424 1793 695 1860 quazdam,
729 1795 877 1849 velut
929 1811 995 1850 ex
1047 1796 1248 1866 ingenti
1312 1809 1464 1866 prato
1519 1799 1740 1854 ﬂoribus

1848 592 1920 644 illi
1955 593 2148 658 quibus
2181 593 2415 661 plenaria
2445 595 2574 648 tanti
2605 593 2796 648 desunt
2829 596 3028 660 Operis,
3064 595 3146 650 liis
3188 597 3410 654 fortasse

1839 682 2254 738 delectabuntnr
2299 685 2599 750 Excerptis,
2651 687 2774 754 quia
2818 687 3024 742 facilius
3064 706 3223 744 unum
3263 692 3414 746 endi-

1835 792 1954 832 cem
1988 781 2106 845 quis
2157 780 2346 844 poterit
2373 781 2472 833 sibi
2505 795 2690 848 parare
2719 796 2875 848 quam
2909 782 3120 838 multos.
3155 789 3191 837 A
3231 784 3412 852 singu-

1838 870 1902 924 lis
1928 886 2059 923 sane
2083 870 2330 937 capitulis
2360 873 2582 925 diversa.
2616 888 2722 936 res,
2755 873 2837 925 vel
2882 873 3040 928 etiam
3088 877 3412 943 quaestiones

1837 976 1996 1036 atque
2036 968 2337 1032 sententiae,
2368 968 2434 1021 de
2455 984 2560 1036 quo
2606 985 2767 1035 opt-re
2809 970 2890 1024 vel
2934 971 3070 1023 libro
3107 971 3232 1038 sint,
3277 970 3414 1026 indi-

1835 1072 2046 1116 cantur.
2079 1069 2138 1112 ut
2165 1061 2208 1114 si
2236 1061 2354 1126 quis
2385 1060 2608 1126 ignorat,
2641 1059 2726 1113 ubi
2758 1075 2848 1115 eas
2872 1064 3027 1128 plene
3070 1061 3236 1130 possit
3265 1063 3413 1116 inve-

1839 1151 1954 1205 nire
2001 1145 2306 1219 cognoscat.
2361 1148 2623 1217 Integrnm
2667 1165 2793 1203 vero
2860 1149 3054 1204 librum
3105 1149 3277 1204 visum
3327 1159 3411 1206 est

1841 1242 2226 1311 Excerptornm
2258 1240 2450 1294 debere
2481 1255 2599 1294 esse
2632 1240 2972 1308 principium,
2993 1249 3048 1294 et
3079 1240 3167 1295 ille
3196 1241 3412 1309 p0tissi-

1839 1350 1983 1390 mum
2012 1334 2142 1387 mihi
2195 1334 2582 1401 praeponendus
2605 1337 2855 1397 econrrit,
2881 1349 3035 1401 quem
3063 1334 3202 1388 idem
3230 1334 3414 1388 beatus

1839 1426 2165 1494 Augustinus
2209 1425 2431 1478 antistes
2471 1423 2537 1476 ad
2569 1434 2807 1477 sanctum
2858 1424 3258 1495 Hieroiiymum,
3292 1433 3410 1492 post

1842 1519 2065 1586 primam
2112 1518 2178 1570 de
2223 1518 2411 1570 anima:
2460 1516 2774 1584 qumstione,
2830 1516 3067 1570 noscitur
3131 1517 3415 1585 scripsisse

1842 1611 2236 1682 presbyterum,
2289 1614 2500 1664 solvens
2532 1610 2672 1662 illam
2705 1624 2769 1663 ex
2807 1608 3036 1677 Epistola
3065 1609 3250 1664 Jacobi
3281 1623 3412 1674 apo-

1841 1703 1987 1766 stoli,
2015 1719 2174 1772 quam
2217 1703 2268 1755 in
2316 1702 2484 1768 primo
2518 1699 2811 1768 praenotavi
2858 1699 3111 1765 capitulo,
3161 1700 3416 1769 quaestio-

1843 1810 1962 1850 nem
2004 1813 2015 1848 :
2063 1796 2114 1848 in
2147 1810 2253 1860 quo
2285 1793 2442 1859 libro,
2474 1802 2700 1860 quatuor
2745 1791 2863 1845 illas
2912 1791 3154 1855 virtutes,
3213 1790 3263 1845 id
3311 1800 3416 1857 est,

148 1897 374 1952 asperso
398 1886 737 1954 talesttbns,
771 1904 836 1943 ex
892 1889 1146 1943 librorum
1190 1894 1308 1959 ejus
1335 1907 1454 1960 qua:
1492 1893 1616 1945 data
1657 1903 1740 1948 est
1772 1879 1816 1937 Β
1847 1889 2208 1959 prudentiam,
2241 1888 2665 1956 temperantiam,
2702 1884 3088 1949 fortitudinem,
3120 1895 3279 1950 atque
3304 1886 3421 1954 jus-

155 1975 316 2045 copia
361 1979 512 2047 inops
540 1996 788 2050 aegerque
815 1981 1006 2054 collegi
1034 2000 1046 2035 :
1080 1984 1234 2052 ineps
1265 1984 1473 2039 scilicet
1527 1985 1734 2051 peritia,

146 2079 302 2135 aeger
335 2068 561 2138 offensa,
614 2071 698 2124 vel
727 2070 1001 2126 informari
1028 2082 1167 2127 tanta
1199 2073 1440 2128 doctrina
1491 2075 1732 2143 cupiens,

146 2158 238 2212 vel
271 2160 470 2215 sanari.
507 2160 794 2218 Veritatem
827 2179 1054 2236 namque
1103 2165 1384 2221 sententia:
1435 2165 1738 2222 Salomonis

154 2249 250 2320 qui
283 2251 394 2304 ait:
429 2251 602 2308 Favus
629 2256 796 2309 mellis
829 2259 977 2310 verba
1005 2259 1312 2328 prudentiae,
1357 2258 1577 2314 dulcedo
1623 2259 1740 2313 ani-

141 2361 273 2407 ηοω,
298 2351 492 2402 sanitas
519 2351 710 2403 ossium
730 2391 746 2415 ,
780 2351 834 2404 in
864 2352 1154 2420 supradicti
1191 2353 1289 2405 viri
1335 2351 1643 2406 dulcissima
1689 2361 1744 2407 et

138 2435 438 2491 uitiasima
484 2440 786 2495 eruditione
823 2445 1084 2509 persensi.
1137 2443 1310 2496 Pauca
1361 2443 1583 2510 proinde
1625 2459 1744 2512 qua:

137 2529 424 2594 conge~si,
459 2545 563 2584 non
594 2535 764 2585 solum
797 2533 926 2586 mihi
966 2533 1058 2600 qui
1097 2547 1256 2587 sensu
1304 2548 1576 2602 censuque
1626 2547 1742 2588 sum

143 2630 382 2686 pauper,
415 2620 510 2674 sed
534 2620 699 2674 etiam
726 2622 808 2675 his
843 2622 935 2692 qui
979 2635 1206 2691 utroque
1233 2624 1440 2692 praediti
1475 2631 1599 2676 sunt
1624 2639 1742 2677 mu-

142 2721 315 2773 nere,
350 2710 624 2776 profutura
653 2713 888 2766 c0ntido.
920 2713 1052 2768 Nam
1082 2730 1202 2768 cum
1243 2717 1295 2768 in
1337 2731 1528 2769 manus
1559 2730 1742 2769 eorum

147 2798 276 2852 haec
303 2802 493 2855 eadem
516 2814 768 2868 excerpta
807 2809 1165 2874 pervenerint,
1195 2819 1282 2861 aut
1313 2809 1507 2861 atdore
1534 2807 1743 2861 tuendi-

141 2891 330 2944 cantls
355 2894 588 2957 aceensi,
615 2904 706 2948 aut
732 2893 1059 2961 inordinata,
1083 2911 1136 2950 ut
1159 2899 1380 2962 assolet,
1398 2901 1745 2966 congestione

144 2985 412 3050 permoti,
460 2985 662 3040 dabunt
711 3004 951 3057 operam,
995 2993 1074 3044 vel
1110 2993 1257 3061 plura
1309 2994 1603 3048 studiosius
1653 2996 1746 3047 ha-

143 3073 312 3138 bere,
347 3075 430 3130 vel
456 3091 517 3130 ex
551 3078 637 3131 his
660 3080 866 3148 aptiora
897 3082 1222 3151 decerpere,
1266 3093 1426 3154 atque
1479 3085 1531 3138 in
1582 3101 1742 3137 unum

144 3179 358 3233 corpus
390 3167 602 3220 redacta
635 3173 834 3240 saepius
887 3174 1147 3228 lectitare.
1188 3175 1261 3229 Ita
1311 3176 1530 3230 fur-itan
1578 3175 1744 3245 impe-

1843 1983 2037 2048 titiam,
2085 1979 2148 2034 ad
2182 1979 2312 2034 illud
2343 1979 2568 2049 gemina:
2605 1976 2905 2031 dilectionis
2945 1976 3036 2030 Dei
3087 1985 3142 2030 et
3187 1975 3417 2044 proximi

1841 2073 2003 2130 latum
2047 2073 2349 2128 mandatum
2397 2071 2576 2135 nimis,
2611 2071 2788 2140 inquo
2841 2079 2946 2123 tota
2995 2069 3080 2124 lex
3126 2069 3320 2137 pendet
3361 2076 3418 2123 et

1842 2168 2136 2237 prophetae,
2178 2164 2404 2219 miriﬁce
2433 2163 2635 2218 retulit.
2669 2164 2748 2218 0b
2791 2162 2891 2216 hoc
2922 2163 3098 2231 itaque
3123 2173 3418 2230 congruum

1843 2262 2022 2327 putavi
2046 2267 2205 2325 atque
2233 2257 2582 2319 conveniens,
2631 2265 2686 2308 ut
2732 2253 2814 2308 bis
2849 2254 3127 2322 Etcerptis
3154 2253 3414 2318 Charitas,

1844 2364 1946 2418 qua
1971 2349 2210 2416 dispersa
2254 2347 2428 2400 solent
2467 2347 2689 2399 adunari
2740 2345 3068 2412 integritate,
3116 2344 3237 2398 libri
3266 2344 3422 2398 daret

1845 2440 2152 2502 exordium,
2197 2453 2315 2506 qua:
2353 2447 2406 2492 et
2455 2438 2706 2490 virtutum
2753 2436 2991 2489 omnium
3050 2433 3328 2503 perfectio,
3371 2441 3426 2488 et

1849 2547 2098 2601 superna:
2124 2530 2255 2599 legis
2284 2538 2367 2584 est
2387 2528 2693 2598 plenitudo:
2719 2528 2832 2593 ipsa
2853 2541 3064 2595 queque
3093 2527 3249 2579 tinem
3278 2524 3426 2579 dedit

1847 2625 2018 2694 Operi,
2049 2638 2169 2692 qua:
2193 2639 2299 2676 non
2347 2622 2506 2675 habet
2569 2624 2748 2674 tinem.
2773 2619 2920 2688 ,Nam
2968 2617 3292 2686 penultimus
3316 2631 3418 2668 nu-

1848 2718 1982 2772 meri
2025 2716 2229 2778 titulus,
2276 2713 2515 2767 ordinem
2569 2709 2883 2774 nutriendis,
2917 2709 3132 2763 ultimus
3178 2707 3425 2762 enutritae

1848 2812 2056 2866 laudem
2087 2809 2325 2863 continet
2353 2807 2648 2861 charntatis.
2686 2806 2786 2859 Per
2814 2820 2969 2864 quam
3017 2801 3205 2872 adjuro
3254 2804 3424 2854 lectu-

1849 2920 1959 2971 ros,
1989 2913 2047 2956 ut
2079 2903 2205 2956 mihi
2238 2903 2453 2972 indigno
2513 2900 2718 2954 veniam
2760 2899 3038 2968 dignanter
3087 2897 3340 2956 tribuant,
3371 2899 3427 2947 et

1849 2997 2152 3051 orationum
2199 2994 2444 3064 praisidia
2495 2995 2784 3046 clementer
2830 2989 3158 3058 impendant.
3201 2985 3258 3042 Si
3305 2985 3428 3055 quis

1849 3105 1980 3144 sane
2023 3087 2352 3142 transferens
2382 3086 2484 3138 hoc
2513 3100 2669 3152 Opus,
2716 3083 2798 3137 liis
2845 3097 2963 3152 qua
3008 3088 3256 3149 congesta
3303 3086 3430 3132 sunt

1849 3185 1950 3238 alia
1984 3183 2184 3236 addere
2209 3180 2348 3235 forte
2391 3179 2642 3243 voluerit,
2673 3178 2922 3245 cotigrnis
2950 3175 3165 3244 adjiciat
3195 3175 3348 3238 locis,
3373 3179 3432 3226 ut

142 3256 241 3310 riti
285 3250 608 3312 desiderium
656 3263 988 3331 compendiis
1040 3269 1233 3334 poterit
1284 3268 1513 3323 militare
1555 3268 1738 3322 docto-
1769 3256 1817 3320 C
1849 3278 2085 3348 ρι-κάῇειί
2127 3276 2230 3328 duo
2271 3274 2338 3328 de
2381 3273 2641 3328 charitate
2686 3269 2822 3325 tituli
2877 3268 3034 3324 ﬁnem
3083 3281 3298 3337 semper
3345 3274 3429 3321 ιε’

144 3363 300 3450 rem.
337 3348 658 3420 Plerumque
686 3355 831 3408 enim
861 3358 1004 3424 quod
1037 3357 1270 3427 ineptius
1317 3375 1345 3413 a
1376 3361 1558 3429 parvis
1608 3361 1742 3414 arri-

145 3447 334 3509 pitur,
366 3455 395 3493 a
425 3447 631 3512 magnis
669 3449 843 3514 aptius
890 3451 1235 3521 adimpletur.
1275 3453 1433 3509 Certe
1479 3456 1524 3508 si
1571 3454 1750 3509 nullus

1849 3378 2011 3424 neant
2043 3367 2450 3434 Excerptorum.

144 3553 3431 3600 Μ

1197 3664 1376 3774 ID.
1455 3659 2350 3776 EUGYPPII

975 3827 1702 3937 ABBATIS
1825 3822 2657 3934 AFRICANI

1325 4024 2262 4130 THESAURUS

942 4198 1136 4304 Ea:
1213 4199 1328 4307 S.
1414 4199 2046 4336 Augustini
2117 4195 2674 4336 operibus.”

658 4455 701 4523 ι
732 4451 958 4508 CAPUT
988 4451 1271 4506 Panum.

148 4539 522 4613 Degsententia
547 4538 728 4595 Jacobi
756 4547 1003 4608 apostoli,
1031 4561 1130 4613 qua
1168 4544 1292 4595 dicit
1325 4559 1342 4598 :
1374 4541 1433 4594 Si
1464 4549 1618 4593 totam
1650 4542 1761 4608 quis

232 4609 405 4680 legem
434 4614 726 4674 servaverit,
762 4612 975 4679 o/fendit
1005 4609 1173 4665 autem
1206 4613 1257 4665 in
1308 4630 1432 4674 uno,
1486 4616 1648 4679 factus
1685 4619 1759 4662 est

238 4685 474 4735 omnium
503 4699 639 4747 rens,
670 4701 784 4736 cum
815 4685 946 4736 idem
971 4689 1141 4737 dicat:
1167 4682 1229 4735 In
1257 4685 1426 4735 multis
1460 4682 1765 4746 offendimus

236 4769 440 4806 onmes.
479 4752 543 4804 Et
573 4754 635 4804 de
682 4756 928 4806 chariiate
955 4772 1016 4807 ac
1061 4764 1281 4823 quatuor
1308 4755 1574 4823 virtutibus
1604 4769 1618 4803 .'
1645 4769 1767 4819 pru-

235 4824 441 4894 dentia.
476 4834 822 4887 teniperantia,
871 4826 1170 4892 fortitudine
1198 4837 1243 4878 et
1262 4825 1484 4894 justitis.
1521 4822 1670 4876 Liber
1700 4823 1766 4875 ad

241 4892 621 4967 Hieronymum
653 4895 999 4964 presbylerum
1025 4901 1235 4964 integer.

243 5004 402 5069 Quod
431 5003 495 5057 ad
531 5013 580 5058 te
602 5006 817 5072 scripsi,
847 5005 1155 5060 honorande
1179 5006 1307 5060 mihi
1350 5007 1400 5060 in
1424 5006 1636 5059 Christo
1664 5005 1768 5059 fra-

150 5108 260 5152 ter
293 5095 630 5165 lliernnyme,
657 5113 906 5165 qua-reus
926 5100 994 5152 de
1014 5099 1190 5151 anima
1215 5098 1524 5161 liumana,si
1550 5112 1768 5152 nascen-

1864 4450 2006 4516 rigas
2063 4446 2216 4500 nobis
2293 4443 2560 4512 quomodo
2636 4441 3004 4510 accipiendum
3059 4444 3128 4520 sit
3183 4439 3324 4510 quod
3389 4441 3442 4496 in

1872 4543 2106 4611 Epistula
2165 4540 2345 4595 Jacobi
2392 4538 2616 4607 apostoli
2659 4538 2913 4604 scriptum
2962 4547 3042 4592 est
3088 4538 3445 4607 :Quicutique

1869 4642 2044 4687 autem
2092 4642 2252 4685 totam
2303 4632 2468 4699 legem
2518 4628 2854 4694 servaverit,
2885 4626 3118 4680 otl‘endat
3162 4637 3336 4684 autem
3393 4629 3442 4683 in

1868 4740 2004 4785 uno,
2035 4724 2099 4776 fat
2122 4735 2205 4777 tus
2230 4735 2308 4777 εει
2339 4722 2574 4775 «ιιυηίυηι
2607 4735 2753 4774 reus.
2785 4719 2914 4784 Quae
2945 4735 3029 4774 res
3052 4721 3168 4773 talis
3198 4735 3261 4775 ac
3301 4730 3445 4775 tanta

1865 4827 1969 4879 est.
2020 4827 2078 4870 ut
2120 4816 2260 4885 quod
2324 4815 2447 4868 hinc
2506 4814 2598 4866 tibi
2654 4815 2762 4880 jam
2803 4829 2908 4866 non
2942 4813 3067 4866 olim
3097 4814 3315 4878 srripsi,
3361 4828 3449 4868 mc

1868 4913 2091 4967 multum
2125 4911 2376 4979 pteniteat
2409 4925 2423 4960 :
2456 4909 2522 4962 de
2549 4908 2753 4975 agenda
2782 4922 3008 4976 namque
3038 4907 3286 4974 praesenti
3310 4907 3445 4971 vita,

1869 5005 2138 5075 quomodo
2185 5003 2249 5054 ad
2283 5006 2441 5053 vitam
2485 5001 2861 5068 perveniamus
2890 5007 3171 5065 aitertiam,
3223 5013 3327 5052 non
3380 4997 3450 5052 de

1870 5095 2139 5166 praeterita
2173 5093 2571 5161 perscrutanda,
2592 5109 2749 5162 quam
2783 5092 2993 5162 penitus
3021 5088 3280 5148 demersit
3308 5087 3447 5142 obli-

158 5191 328 5245 tibus
357 5187 605 5258 singulis,
640 5205 790 5243 nova:
839 5191 1060 5260 singula:
1111 5205 1253 5243 nunc
1281 5205 1448 5258 usque
1483 5188 1643 5253 liunt,
1682 5190 1770 5244 nbi

159 5278 390 5352 peccati
416 5280 683 5333 vinculum
713 5281 1052 5345 contrahant,
1086 5281 1228 5351 quod
1256 5295 1349 5349 per
1381 5288 1771 5334 sacramentum

158 5372 369 5442 gratiae
396 5371 616 5435 Christi,
646 5373 806 5426 etiam
852 5374 903 5426 in
941 5373 1228 5426 infantibus
1272 5387 1462 5426 recens
1483 5373 1623 5425 natis
1665 5385 1770 5424 non

160 5461 490 5518 dubitamus
518 5477 636 5515 esse
664 5464 1001 5528 Solvendum,
1055 5480 1175 5519 cum
1206 5465 1258 5518 in
1288 5480 1392 5518 non
1437 5479 1656 5532 parvum
1688 5477 1774 5517 vo-

162 5555 367 5609 lumen
400 5553 732 5619 procederet,
768 5555 912 5609 nolui
944 5556 1047 5609 ulla
1074 5557 1176 5609 alia
1208 5571 1432 5612 onerare
1455 5555 1770 5623 qumstione;

162 5643 284 5703 sed
315 5645 457 5713 quod
483 5655 632 5715 urget
657 5645 852 5713 acrius,
879 5647 1048 5701 multo
1070 5649 1244 5702 minus
1264 5656 1349 5703 est
1375 5647 1768 5716 negligendum.

167 5737 423 5796 Proinde
453 5753 634 5806 quaeso
677 5746 732 5793 et
753 5754 847 5809 per
877 5740 1157 5794 Dominum
1204 5743 1428 5797 obsecro
1458 5752 1514 5795 ut
1537 5753 1774 5810 exponas

169 5830 349 5896 mihi,
381 5828 519 5898 quod
551 5829 732 5884 multis
769 5831 1020 5886 existimo
1048 5833 1404 5902 profuturum,
1455 5841 1546 5888 aut
1576 5833 1620 5886 si
1662 5831 1772 5900 jam

171 5923 281 5986 vel
319 5922 414 5978 abs
435 5930 509 5990 te,
533 5920 619 5977 vel
648 5919 717 5976 ab
744 5921 846 5978 alio
877 5923 1057 5995 aliquo
1096 5925 1393 5996 expositum
1434 5925 1610 6004 lliabcs
1632 5965 1644 5990 ,
1668 5923 1771 5998 _di-

1873 5189 1980 5249 vio,
2023 5186 2176 5239 sicuti
2217 5195 2298 5239 est
2344 5185 2469 5237 illud
2502 5185 2640 5253 quod
2673 5187 2740 5239 de
2781 5185 2952 5238 anima
2977 5181 3322 5253 querendum
3354 5194 3451 5247 pu-

1874 5280 2004 5344 tavi,
2039 5279 2151 5333 haec
2178 5277 2404 5331 vertitur
2435 5279 2679 5347 qumstio.
2727 5278 3011 5345 Eleganter
3039 5282 3216 5326 autem
3248 5272 3450 5324 dictum

1874 5385 1995 5425 esse
2015 5381 2282 5431 narratur,
2304 5370 2448 5439 quod
2476 5369 2597 5424 huic
2621 5370 2697 5423 rei
2729 5371 2861 5422 satis
2878 5377 3000 5435 apte
3019 5363 3266 5418 convenit
3286 5379 3299 5414 :
3317 5360 3449 5414 Cum

1875 5465 2090 5533 quidam
2121 5464 2318 5516 ruisset
2349 5464 2401 5516 in
2432 5472 2669 5530 puteum,
2703 5458 2792 5512 ubi
2829 5473 2960 5527 aqua
3020 5465 3160 5509 tanta
3208 5462 3351 5518 erat,
3395 5462 3452 5506 ut

1875 5571 1998 5612 eum
2022 5556 2189 5623 magis
2205 5555 2478 5621 exciperet
2518 5571 2584 5607 ne
2615 5559 2937 5614 moreretur,
2981 5562 3139 5616 quam
3169 5545 3455 5598 suliocaret

1877 5665 1944 5703 ne
1975 5649 2300 5716 loqueretur,
2333 5646 2558 5700 accessit
2595 5643 2753 5706 alius,
2787 5654 2957 5708 eoque
3013 5641 3149 5702 viso,
3191 5639 3454 5692 miserans

1878 5741 1953 5795 ait
1981 5757 1994 5792 :
2028 5738 2306 5808 Quomodo
2330 5739 2436 5791 huc
2462 5733 2737 5791 cecidisti?
2760 5735 2831 5787 At
2854 5733 2942 5787 ille
2967 5730 3454 5801 :Obsccro,inquit,

1877 5832 2052 5903 cogita
2082 5832 2353 5903 quomodo
2382 5832 2505 5884 hinc
2536 5843 2620 5882 mc
2651 5828 2867 5892 liberes,
2900 5843 3007 5882 non
3053 5825 3320 5896 quomodo
3350 5824 3452 5878 huc

1879 5925 2161 5984 ceciderim
2185 5936 2416 5996 quazras.
2449 5920 2521 5978 Ita
2552 5919 2801 5992 quoniam
2830 5919 3058 5979 fatemur
3080 5917 3256 5976 etfide
3276 5917 3436 5974 catho
