3978 6380
2430 258 2815 279 WA

515 356 628 419 δοῦ
1592 346 1656 402 D.
1702 336 2021 399 EUGYPPII
2060 334 2354 393 ABBATIS
2388 335 2715 395 AFRICAN!
3700 333 3813 390 $36.5

516 482 620 537 lica
648 483 919 537 tenemus,
966 468 1038 525 de
1070 474 1225 524 reatu
1270 465 1476 535 peccati
1509 469 1760 532 tanquam
1791 458 1859 513 de
1888 464 2053 527 puteo
2075 494 2098 523 ,
2125 452 2179 516 Δ
2204 453 2367 523 pellet
2394 452 2482 524 qui
2521 453 2706 509 dicunt
2746 451 2922 521 diviti,
2976 453 3119 513 Sede
3160 457 3289 529 hic,
3332 464 3389 514 et
3420 455 3688 528 pauperi,
3719 454 3819 512 Sta

518 575 681 631 etiam
715 566 926 640 parvuli
958 562 1176 619 infantis
1196 560 1429 613 animam
1459 554 1659 611 Christi
1690 554 1858 626 gratia
1880 552 2104 607 liberan-
2204 545 2335 602 illic.
2373 545 2548 613 Unde,
2592 560 2661 602 ne
2700 552 2950 616 putarent
2993 549 3391 617 contemptibile
3435 565 3559 605 esse
3615 563 3819 618 pecca-

519 668 667 731 dam,
699 638 832 719 satis
881 670 964 715 est
1018 658 1067 711 ei
1100 653 1241 725 quod
1285 651 1501 707 modum
1531 648 1802 719 quomodo
1840 648 1983 703 salva
2010 646 2105 701 fiat
2206 650 2314 695 tum
2353 638 2404 695 in
2435 640 2535 694 hac
2565 653 2669 693 una
2717 653 2774 694 re
2827 638 2998 710 legem
3050 640 3376 710 transgredi,
3428 652 3664 695 secutus
3716 642 3816 697 ad-

521 730 1025 825 novimus,etiamsi
1050 763 1322 819 nunquam
1345 744 1613 817 quomodo
1646 744 1700 797 in
1724 743 1922 797 malum
1972 739 2105 797 illud
2198 730 2415 801 junxit:
2447 730 2763 801 Quicunque
2809 744 2991 788 autem
3036 738 3201 786 totam
3245 732 3421 803 legem
3468 732 3811 802 servaverit,

518 822 797 911 devenerit
818 845 1148 917 noverimus.
1177 841 1285 899 Sed
1320 840 1441 895 ideo
1486 837 1666 909 putavi
1695 850 1816 891 esse
1851 848 2101 906 quaeren-
2203 822 2439 880 oii'endat
2466 826 2644 879 autem
2674 824 2730 879 in
2762 839 2890 890 uno,
2918 826 3091 881 factus
3110 833 3198 882 est
3237 829 3483 883 omnium
3512 841 3678 881 reus.
3712 826 3816 893 Qui

519 948 671 1012 dum,
701 959 769 999 ne
791 942 930 997 forte
955 954 1020 995 ex
1048 938 1157 994 illis
1185 932 1530 1005 Opinionihus
1574 929 1961 987 incarnationis
1987 927 2103 982 auio
2203 916 2349 972 enim
2373 916 2526 981 δίκην
2553 916 2669 972 Non
2700 916 3093 983 mmehabel‘iﬁ.
3120 916 3258 973 dixit
3285 927 3358 983 ei,
3412 917 3530 973 Non
3560 916 3809 973 occides.

2204 1009 2355 1076 Quod
2401 1008 2447 1062 si
2493 1025 2597 1063 non
2630 1008 2941 1073 mmcheris,
2988 1008 3207 1064 occides
3255 1018 3468 1072 autem,
3510 1007 3707 1063 factus
3754 1021 3810 1062 es

2207 1111 2575 1169 trausgressor
2597 1102 2753 1174 legis,
2779 1111 3003 1172 propter
3028 1101 3159 1157 illud
3182 1102 3323 1173 quod
3346 1102 3594 1167 dixerat,
3625 1101 3811 1156 redar-

2205 1194 2318 1265 guti
2346 1210 2376 1248 a
2402 1197 2543 1266 lege,
2570 1196 2722 1267 quasi
2765 1203 3216 1265 transgressores.
3258 1194 3394 1264 Quae
3419 1209 3543 1251 cum
3575 1196 3659 1249 ita
3685 1194 3811 1259 sint,

2205 1302 2543 1358 consequens
2584 1286 2821 1352 videtur,
2881 1285 2983 1340 nisi
3022 1286 3130 1340 alio
3172 1286 3333 1340 modo
3380 1284 3802 1354 intelligendum

2206 1379 2539 1444 ostendatur,
2593 1387 2651 1432 ut
2678 1377 2769 1447 qui
2797 1376 2994 1432 dixerit
3021 1376 3202 1442 diviti,
3232 1375 3374 1432 Sede
3412 1377 3537 1441 hic,
3596 1385 3659 1431 et
3689 1391 3809 1447 pau-

2207 1489 2323 1545 per,
2354 1472 2448 1529 Sta
2473 1472 2605 1539 illic,
2633 1471 2759 1537 huic
2781 1471 3044 1526 honorem
3067 1469 3385 1540 ampliorem
3411 1482 3584 1540 quam
3615 1466 3695 1522 illi
3722 1467 3807 1521 de-

2209 1568 2409 1636 ferens,
2443 1577 2500 1625 et
2540 1568 2844 1635 idololatra,
2886 1578 2943 1624 et
2982 1567 3351 1637 blasphemus,
3390 1574 3446 1621 et
3475 1564 3727 1632 adulter,
3759 1572 3806 1620 et

2209 1663 2497 1726 homicida,
2520 1672 2575 1717 et
2605 1677 2693 1727 ne,
2711 1662 2853 1732 quod
2877 1662 3092 1732 longum
3120 1671 3226 1728 est,
3250 1667 3441 1716 cuncta
3464 1671 3807 1715 commemo-

521 1058 647 1111 me,
672 1039 904 1109 aliquam
951 1042 1233 1089 teneamus
1277 1027 1563 1091 incautius,
1606 1040 1729 1095 quae
1775 1021 2103 1078 liberandam

519 1145 741 1205 prorsus
787 1129 1022 1184 animam
1068 1121 1272 1195 parvuli
1318 1118 1692 1186 contradicat,
1743 1129 1947 1186 negans
1982 1129 2102 1169 eam

518 1241 642 1284 esse
662 1225 717 1281 in
737 1224 843 1278 isto
867 1219 1035 1275 malo.
1061 1218 1172 1271 iioe
1192 1215 1353 1285 igitur
1374 1209 1683 1266 firmissime
1703 1216 1938 1273 retento,
1959 1206 2104 1276 quod

520 1322 697 1377 anima
740 1315 954 1388 parvuli
995 1311 1067 1368 de
1111 1322 1260 1366 reatu
1304 1305 1511 1378 peccati
1550 1301 1825 1359 liberanda
1849 1308 1972 1365 est,
2005 1314 2105 1357 nec

520 1418 627 1473 alio
654 1413 813 1470 modo
842 1407 1140 1471 liberanda,
1173 1406 1272 1460 nisi
1295 1403 1464 1475 gratia
1492 1400 1585 1456 Dei
1614 1412 1709 1469 per
1734 1397 1917 1454 Jesum
1941 1393 2103 1450 Chri-

522 1519 662 1565 stum
691 1505 978 1562 Dominum
1009 1508 1289 1564 nostrum;
1330 1499 1375 1553 si
1422 1508 1705 1564 possumus
1744 1491 1905 1545 etiam
1937 1488 2105 1558 ipsius

523 1601 650 1658 mali
677 1602 895 1655 cauum
924 1603 981 1651 et
1009 1594 1273 1662 originem
1302 1584 1800 1655 nosse,'vaniloquis
1819 1627 1834 1652 ,
1860 1597 1966 1637 non
1993 1580 2106 1634 dis-

524 1691 883 1765 putatoribus,
910 1686 1009 1742 sed
1063 1682 1451 1753 litigatoribus,
1492 1680 1728 1749 paratius
1768 1675 2107 1731 instructius-

2207 1770 2345 1820 rem,
2361 1769 2484 1810 reus
2500 1754 2742 1808 omnium
2757 1753 3040 1808 criminum
3056 1752 3379 1822 iudicandus
3403 1752 3497 1807 sit.
3513 1749 3805 1805 Oﬂ'endenl

522 1798 632 1864 que
672 1787 1009 1849 resistimus;
1056 1781 1102 1835 si
1134 1787 1310 1834 autem
1342 1790 1449 1831 non
1494 1782 1811 1846 possumus,
1840 1786 1946 1826 non
1976 1769 2102 1839 quia
2134 1780 2144 1847 ς

524 1836 659 1940 latet
684 1878 921 1935 miseriae
949 1836 1290 1945 principium,
1320 1869 1443 1925 ideo
1467 1836 1776 1938 pigrescere
1797 1836 2112 1919 vmiserieor-
2140 1836 2191 1899 Β
2214 1850 2413 1921 quippe
2438 1849 2491 1903 in
2524 1862 2651 1916 una,
2684 1849 2861 1945 factus
2891 1856 2976 1903 est
2996 1845 3236 1945 omnium
3269 1858 3414 1917 reus.
3444 1845 3520 1900 At
3544 1844 3700 1898 enim
3724 1839 3803 1911 qui

526 1935 819 2035 iisdem
845 1935 1103 2027 umerum.
1127 1935 1406 2022 'Advers'tts
1433 1935 1737 2018 eos—autem
1783 1959 1872 2028 qui
1902 1957 2007 2013 sibi
2028 1956 2111 2011 vi-
2216 1958 2374 1997 unam
2398 1942 2652 1996 virtutem
2686 1938 2866 2005 habet.
2889 1952 3077 2035 ριιιιιεε
3108 1936 3291 2003 habet.
3319 1943 3377 1992 et
3396 1935 3490 2006 qui
3512 1949 3686 1989 unam
3707 1947 3801 1989 non

527 2033 725 2127 dentur
764 2065 907 2122 scire
945 2060 1085 2133 quod
1135 2057 1417 2124 nesciunt,
1470 2057 1575 2110 hoc
1620 2052 1847 2108 tutiores
1902 2064 2111 2119 sumus,
2142 2064 2177 2093 κ
2214 2040 2395 2106 habet.
2420 2039 2620 2095 nullam
2650 2037 2813 2092 habet
2841 2034 3091 2107 (Cicero)?
3119 2034 3235 2090 Ηοο
3262 2033 3517 2089 sivetu“)
3547 2038 3661 2095 εει,
3683 2044 3799 2086 θου-

528 2163 673 2237 quod
721 2162 862 2217 hanc
909 2154 1265 2229 ignorantiam
1322 2154 1561 2207 nostram
1614 2164 1723 2204 nou
1754 2149 2110 2219 ignoramus:

529 2252 673 2313 aliud
704 2260 786 2310 est
820 2252 967 2309 enim
995 2245 1137 2320 quod
1175 2245 1373 2302 nesciri
1420 2243 1620 2298 malum
1648 2250 1768 2308 est,
1796 2240 1941 2296 aliud
1969 2238 2116 2310 quod

530 2347 657 2405 sciri
683 2344 771 2401 Vel
797 2356 905 2399 non
934 2346 1134 2412 pateat.
1162 2336 1247 2392 vel
1296 2350 1403 2391 non
1432 2349 1568 2406 opus
1595 2341 1699 2400 est,
1729 2333 1814 2388 vel
1840 2332 1907 2387 ad
1950 2331 2116 2386 vitam

531 2453 693 2508 quam
733 2434 1028 2507 (interimus
1068 2428 1382 2486 iudiiferens
1407 2429 1513 2483 est.
1544 2427 1659 2483 Hoc
1679 2441 1843 2494 vero,
1874 2424 2016 2494 quod
2049 2424 2117 2479 de

531 2528 726 2587 litteris
752 2524 982 2598 apostoli
1008 2522 1191 2579 Jacobi
1214 2533 1359 2577 nunc
1387 2521 1625 2591 requiro,
1658 2522 1710 2574 in
1744 2519 1843 2572 hac
1874 2517 1989 2586 ipsa
2012 2530 2118 2586 qua

529 2625 783 2687 vivimus,
809 2628 884 2685 et,
910 2625 970 2674 ut
998 2622 1213 2686 semper
1236 2614 1500 2676 vivamus,
1525 2611 1639 2667 Deo
1677 2610 1889 2681 placere
1929 2607 2116 2664 stude-

529 2732 673 2785 mus,
706 2716 918 2773 actione
944 2721 1209 2769 versatur.
1240 2707 1525 2776 Quomodo
1551 2716 1681 2774 ergo
1709 2702 2115 2771 intelligendum

532 2818 637 2879 est,
670 2810 898 2866 obsecro
924 2814 977 2861 te
1012 2820 1027 2859 :
1056 2804 1372 2872 Quicunque
1398 2806 1562 2855 totam
1592 2797 1763 2867 legem
1800 2794 2117 2861 servaverit,

532 2898 768 2964 oﬂendat
791 2904 968 2957 autem
1005 2897 1062 2954 in
1089 2908 1217 2961 uno,
1249 2895 1420 2951 factus
1438 2903 1520 2949 est
1541 2890 1780 2947 omnium
1814 2903 1937 2943 reus
1961 2886 1984 2941 2
2015 2886 2119 2943 ita-

535 3013 603 3053 ne
629 2996 721 3068 qui
749 2992 953 3049 furtum
983 2989 1318 3053 fecerit,imo
1339 2999 1470 3042 vero
1489 2984 1580 3053 qui
1606 2982 1803 3038 dixerit
1826 2980 2001 3043 diviti,
2021 2978 2119 3035 Hic

533 3088 684 3154 sede,
727 3083 949 3155 pauperi
988 3089 1191 3146 autem,
1223 3076 1305 3134 Tu
1334 3084 1417 3132 sta
1455 3076 1581 3138 illic,
1630 3080 1688 3128 et
1731 3069 2029 3135 homicidii.
2060 3078 2119 3125 et

532 3176 807 3242 adulterii,
832 3184 891 3232 et
934 3171 1206 3241 sacrilegii
1253 3182 1380 3225 reus
1424 3170 1544 3223 est?
1584 3164 1739 3234 Quod
1778 3163 1962 3219 sinon
2010 3170 2114 3228 est,

535 3271 809 3345 quomodo
852 3269 942 3339 qui
990 3267 1047 3323 in
1091 3276 1200 3321 uno
1245 3261 1488 3319 offendat
1540 3262 1713 3315 factus
1753 3268 1838 3315 est
1876 3257 2115 3313 omnium

531 3368 698 3423 reus?
723 3368 806 3419 An
852 3360 1010 3427 illud,
1041 3357 1185 3430 quod
1210 3355 1345 3411 dixit
1368 3355 1436 3410 de
1478 3353 1646 3409 divite
1675 3359 1731 3408 et
1771 3364 2029 3422 paupere,
2052 3347 2121 3405 ad

531 3458 634 3516 ista
686 3471 794 3512 non
834 3456 1107 3525 pertinet,
1164 3464 1390 3521 quorum
1423 3446 1467 3503 si
1495 3448 1618 3517 quis
1664 3447 1717 3500 in
1749 3461 1858 3500 uno
1884 3442 2124 3498 offende-

532 3552 626 3618 rit,
651 3550 744 3606 fiet
773 3548 1012 3604 omnium
1035 3544 1200 3601 reus?
1225 3542 1334 3599 Sed
1364 3539 1714 3597 recoleudum
1746 3537 1888 3593 unde
1915 3536 2125 3590 venerit

532 3644 635 3699 ista
662 3639 949 3705 sententia,
978 3648 1168 3707 etque!
1186 3635 1330 3689 illam
1359 3634 1635 3702 superiora
1654 3630 1985 3701 pepererint,
2003 3626 2124 3697 qui-

533 3736 636 3791 bus
665 3745 909 3787 connexa
938 3728 1262 3797 dependeat.
1296 3727 1513 3780 Fratres
1562 3723 1701 3789 mei,
1732 3722 1926 3790 inquit,
1954 3720 2125 3775 nolite

534 3826 588 3883 in
619 3835 972 3896 personarum
1001 3818 1312 3885 acceptione
1363 3815 1561 3869 habere
1600 3813 1759 3868 iidem
1788 3812 1995 3866 Domini
2028 3825 2125 3866 nm

535 3918 632 3975 stri
664 3917 793 3974 Jesu
826 3912 1026 3969 Christi
1052 3910 1260 3980 gloriae.
1304 3908 1511 3963 Etenim
1544 3906 1588 3960 si
1629 3904 1893 3961 introierit
1922 3906 1976 3959 in
2007 3919 2130 3959 cou-

534 4020 755 4067 ventum
802 4014 1041 4061 vestrum
1085 4002 1171 4057 vir
1212 4014 1434 4055 aureum
1480 4000 1737 4053 annulum
1784 3998 2010 4065 habens,
2070 3999 2125 4054 in

532 4110 682 4159 veste
708 4097 956 4164 candida,
1011 4091 1282 4151 introierit
1312 4100 1489 4147 autem
1518 4099 1575 4147 et
1596 4102 1801 4161 pauper
1825 4078 1879 4144 in
1908 4089 2125 4145 sordido

532 4196 742 4261 habitu,
772 4201 829 4249 et
857 4187 1154 4247 intendatis
1184 4187 1237 4241 in
1287 4199 1412 4240 eum
1454 4183 1547 4255 qui
1598 4183 1821 4239 indutus
1847 4189 1930 4237 est
1974 4191 2126 4238 veste

532 4289 795 4359 praeclara
820 4324 836 4349 ,
867 4294 924 4339 et
959 4281 1153 4337 dicatis
1184 4296 1200 4334 :
1228 4278 1311 4333 Tu
1364 4274 1497 4333 sede
1546 4264 1636 4331 hic
1686 4274 1823 4331 bene
1839 4272 1861 4342 ;‘
1903 4275 2126 4345 pauperi

533 4385 714 4434 autem
764 4374 955 4428 dicatis
988 4412 1006 4439 ,
1065 4371 1147 4425 'l'u
1192 4378 1273 4424 sta
1316 4368 1444 4435 illic,
1500 4377 1627 4432 aut,
1658 4366 1799 4422 Sede
1848 4367 1951 4421 sub
2001 4381 2125 4421 sca-

534 4469 679 4525 bello
707 4462 904 4536 pedum
933 4468 1172 4517 meorum
1191 4500 1207 4527 ,
1234 4458 1413 4516 noiine
1433 4458 1685 4528 iudicatis
1721 4458 1859 4528 apud
1889 4462 2128 4515 vosmet-

535 4565 706 4636 ipsos,
740 4560 795 4616 et
816 4550 939 4615 facti
972 4560 1101 4614 estis
1127 4546 1339 4627 iudices
1370 4553 1751 4623 cogitationum
1781 4540 2126 4624 iniquarum?

537 4656 757 4721 Audite,
801 4646 992 4707 fratres
1023 4650 1127 4705 mei
1157 4645 1525 4723 dilectissimi,
1569 4659 1747 4699 nonne
1792 4642 1931 4700 Deus
1959 4645 2126 4716 elegit

537 4761 802 4821 pauperes
833 4747 885 4800 in
912 4744 1015 4799 hoc
1044 4736 1264 4809 mundo,
1300 4738 1495 4796 divites
1536 4738 1590 4793 in
1620 4737 1724 4793 fide
1744 4783 1758 4807 ,
1789 4740 1844 4793 et
1880 4740 2127 4795 haeretica

538 4842 695 4912 regni
726 4832 869 4909 quod
901 4837 1210 4907 repromisit
1240 4830 1382 4889 Deus
1409 4828 1755 4903 diligentibus
1785 4831 1878 4887 se?
1899 4831 2007 4888 Vos
2036 4844 2130 4887 au.

2152 4605 2207 4668 D

2216 2136 2461 2190 firmatur
2483 2133 2583 2189 ista
2604 2133 2892 2189 sententia.
2916 2130 3023 2187 Sed
3048 2146 3150 2202 ego
3167 2142 3290 2185 eam
3310 2127 3504 2197 exponi
3527 2128 3677 2193 volo,
3700 2140 3796 2181 nos

2214 2226 2543 2292 confirmari,
2571 2241 2693 2296 quae
2719 2240 2814 2295 per
2836 2240 2897 2281 se
2927 2225 3098 2294 ipsam
3137 2231 3223 2279 est
3246 2220 3392 2292 apud
3416 2234 3511 2277 nos
3545 2219 3791 2275 omnibus

2219 2319 2667 2389 philosophorum
2730 2316 3145 2373 auctoritatibus
3212 2314 3421 2370 ﬁrmior
3472 2331 3489 2369 :
3544 2320 3596 2368 et
3657 2308 3782 2369 illud

2217 2414 2435 2485 quidem
2479 2411 2549 2469 de
2602 2410 2889 2468 virtutibus
2951 2418 3011 2467 et
3045 2409 3117 2467 de
3160 2407 3309 2464 vitiis
3335 2407 3381 2463 si
3418 2405 3676 2464 veraciter
3714 2403 3787 2461 tli-

2218 2508 2391 2574 citur,
2445 2520 2552 2562 non
2605 2514 2689 2560 est
2734 2516 3073 2574 consequens
3123 2512 3182 2556 ut
3219 2509 3434 2571 prepter
3472 2498 3577 2553 hoc
3623 2496 3790 2553 omnis

2220 2609 2438 2672 peccata
2467 2600 2577 2657 sint
2600 2600 2768 2667 paria.
2796 2598 2931 2655 Nam
2961 2599 3093 2654 illud
3126 2598 3196 2653 de
3220 2595 3677 2670 inseparabilitate
3702 2594 3787 2650 vir-

2220 2703 2424 2760 tutum,
2470 2693 2573 2749 etsi
2619 2692 2843 2748 forsitan
2895 2690 3073 2757 fallor,
3126 2700 3346 2757 tamen,
3376 2689 3425 2744 si
3464 2703 3651 2743 verum
3688 2701 3787 2741 tae-

2220 2786 2375 2857 mini,
2405 2783 2551 2856 quod
2604 2784 2696 2840 vix
2738 2782 2997 2849 memini,
3023 2782 3274 2839 omnibus
3312 2778 3642 2850 philosophis
3682 2777 3781 2846 pla-

2220 2882 2351 2947 cuit,
2386 2881 2477 2950 qui
2514 2878 2731 2934 easdem
2779 2878 2998 2932 virtutes
3034 2876 3271 2949 ‘agendaa
3300 2875 3427 2931 vitae
3480 2871 3779 2930 accusatis!

2219 2988 2341 3029 esse
2378 2973 2650 3028 dixerunt.
2685 2970 2799 3027 Hoc
2825 2979 3007 3025 autem
3041 2970 3111 3025 de
3164 2968 3436 3039 parilitate
3466 2975 3783 3036 peccatoru-

2223 3069 2275 3138 2
2298 3065 2398 3121 soli
2419 3065 2585 3120 Stoici
2615 3063 2733 3119 ausi
2762 3072 2887 3118 sunt
2905 3061 3207 3132 disputare,
3232 3067 3424 3115 contra
3442 3072 3655 3113 omnem
3678 3070 3787 3112 seua

2220 3173 2340 3213 sum
2383 3156 2599 3228 generis
2622 3156 2864 3210 humani.
2891 3154 3064 3223 Quam
3089 3168 3279 3210 eorum
3308 3150 3603 3207 vanitatem
3635 3151 3685 3203 in
3707 3148 3787 3203 «Ιοσ

2222 3249 2438 3305 viniauo
2467 3249 2583 3315 illo,
2610 3250 2701 3319 qui
2747 3247 2801 3302 in
2844 3247 2943 3301 hac
2981 3246 3251 3303 sententia
3311 3245 3527 3301 Stoicus
3579 3252 3705 3305 erat,
3742 3240 3787 3295 in

2223 3342 2554 3412 aucupandis
2582 3351 2765 3397 autem
2795 3350 2851 3397 et
2895 3338 3243 3397 defensandis
3286 3337 3653 3409 voluptatibus
3680 3333 3789 3403 Epi-

2224 3450 2438 3501 cureus,
2491 3436 2560 3491 de
2607 3434 2902 3504 Scripturis
2943 3434 3145 3489 sanctis
3191 3432 3585 3489 dilucidiuime
3623 3425 3784 3485 muti.

2222 3534 2368 3589 eisti.
2401 3531 2458 3587 In
2488 3546 2593 3601 qua
2625 3539 2715 3585 tua
2741 3531 3062 3587 suavissima
3089 3538 3147 3585 et
3170 3527 3587 3599 ψεκάδι-ἰαύει
3622 3524 3790 3591 ὤιμσ

2227 3626 2433 3681 talione
2501 3622 2634 3678 satis
2705 3622 2988 3678 evidenter
3069 3620 3320 3692 apparuit
3379 3633 3486 3673 non
3547 3616 3786 3687 placuisse

2225 3716 2537 3774 auctoribus
2583 3714 2782 3771 nostris
2810 3756 2827 3783 ,
2851 3715 2933 3769 vel
2982 3713 3085 3784 ipsi
3154 3714 3337 3784 potius
3363 3750 3381 3777 ,
3412 3724 3534 3781 quas
3578 3724 3669 3779 per
3708 3718 3786 3762 eos

2225 3813 2404 3868 locuta
2424 3818 2531 3877 est,
2568 3808 2813 3876 Veritati,
2842 3808 3022 3863 omnia
3052 3807 3196 3877 paria
3237 3820 3363 3861 esse
3393 3814 3621 3874 peccata.
3654 3800 3789 3868 Quo-

2227 3898 2390 3962 modo
2420 3910 2597 3961 autem
2620 3902 2738 3958 fieri
2764 3903 2934 3973 possit
2961 3910 3039 3967 ut,
3064 3900 3276 3956 etiamsi
3324 3900 3428 3954 hoc
3448 3900 3516 3954 de
3535 3895 3789 3951 virtutibus

2227 4014 2418 4056 verum
2444 4007 2526 4055 est
2559 4037 2575 4066 ,
2605 4011 2713 4052 non
2756 4005 2933 4050 tamen
2964 3994 3086 4049 ideo
3119 4006 3377 4069 cogamur
3406 3990 3560 4045 fateri
3586 3986 3787 4056 aequali-

2229 4100 2393 4147 tatem
2420 4090 2660 4146 omnium
2689 4096 3061 4159 peccatorum,
3091 4092 3353 4155 quantum
3400 4096 3633 4151 possum,
3660 4078 3792 4147 adju-

2230 4190 2391 4237 vante
2448 4181 2699 4247 Domino,
2731 4179 2946 4251 aperire
2990 4177 3247 4234 conabor.
3296 4175 3452 4243 Quod
3490 4174 3535 4230 si
3565 4172 3789 4237 eti’ecero,

2229 4266 2553 4344 approbabis
2588 4288 2603 4339 ;
2636 4271 2728 4325 ubi
2758 4278 2937 4324 causa!
2974 4264 3215 4332 defuere,
3243 4274 3300 4320 tu
3335 4264 3627 4335 supplebis.
3654 4261 3792 4317 Certe

2232 4369 2360 4423 hinc
2379 4367 2711 4436 persuadent
2748 4363 2841 4436 qui
2873 4378 3033 4418 unam
3057 4364 3313 4418 virtutem
3340 4361 3601 4423 habuerit,
3619 4358 3793 4413 habere

2229 4476 2440 4528 omnes,
2495 4468 2550 4514 et
2599 4471 2787 4514 omnes
2834 4456 3025 4511 deesse
3079 4456 3166 4510 cui
3206 4466 3313 4509 una
3356 4452 3629 4517 defuerit,
3669 4448 3793 4519 quod

2232 4553 2541 4625 prudentia,
2571 4567 2670 4608 nec
2701 4552 2911 4623 ignava,
2948 4564 3049 4605 nec
3076 4548 3297 4619 iniusta,
3334 4561 3435 4603 nec
3464 4549 3793 4614 intemperans

2234 4656 2411 4720 potest
2431 4660 2583 4713 esse;
2610 4660 2732 4700 nam
2756 4645 2800 4699 si
2820 4642 3020 4712 aliquid
3045 4642 3235 4697 borum
3260 4638 3515 4707 defuerit,
3544 4635 3795 4709 prudentia

2226 4758 2337 4797 non
2368 4740 2493 4796 erit.
2526 4738 2697 4794 Porro
2727 4736 2775 4791 si
2805 4735 3089 4806 prudentia
3117 4743 3246 4791 tunc
3276 4736 3403 4799 erit,
3433 4735 3481 4788 si
3510 4744 3564 4788 et
3590 4732 3728 4787 fortis
3747 4736 3794 4784 et

2226 4834 2371 4904 justa
2400 4841 2456 4888 et
2486 4840 2797 4901 temperans
2840 4830 2930 4896 sit,
2981 4828 3227 4899 profecto
3278 4826 3369 4881 ubi
3408 4823 3589 4889 fuerit,
3637 4836 3795 4879 secuta

538 4939 650 4994 tem
679 4930 1061 4990 exhonoraslis
1100 4943 1428 5001 pauperem:
1472 4932 1693 4997 propter
1723 4925 1874 4980 illum
1927 4923 2133 4979 scilicet
2232 4925 2397 4980 habet
2422 4932 2478 4979 et
2506 4932 2756 4979 caeteras.
2796 4921 2889 4978 Sic
2941 4930 2995 4976 et
3052 4918 3311 4974 fortitudo
3355 4917 3665 4987 imprudens
3696 4929 3797 4972 esse

536 5030 621 5086 cui
644 5026 844 5082 dictum
874 5026 977 5092 est,
996 5016 1075 5077 Tu
1100 5022 1180 5077 sta
1204 5020 1334 5082 illic.
1364 5033 1483 5075 cum
1517 5018 1732 5073 habenti
1761 5015 2017 5072 annulum
2048 5030 2137 5071 au-

538 5139 691 5180 reum
721 5122 923 5179 dictum
954 5123 1118 5182 esset,
1138 5108 1217 5171 'i‘u
1240 5113 1368 5171 sede
1393 5112 1483 5167 hic
1510 5112 1669 5168 bene.
1703 5110 1778 5166 Ae
1809 5110 2009 5167 deinde
2037 5125 2125 5167 se-

538 5218 742 5288 quitur,
775 5214 1019 5270 eamdem
1047 5210 1219 5281 ipsam
1261 5206 1582 5263 sentcntiam
1614 5204 1775 5261 latius
1822 5218 2045 5259 versans
2071 5211 2128 5259 et

540 5310 817 5378 explicans
851 5325 864 5362 :
898 5304 1108 5370 Nonne,
1134 5300 1329 5371 inquit,
1356 5299 1547 5355 divites
1577 5312 1672 5369 per
1712 5296 2003 5368 potentiam
2032 5311 2132 5365 op-

541 5404 782 5471 primunt
806 5416 920 5466 vos,
951 5405 1005 5454 et
1025 5396 1129 5467 ipsi
1170 5392 1446 5449 attrahunt
1475 5406 1572 5446 vos
1598 5386 1661 5447 ad
1678 5388 1915 5471 judicia?
1939 5387 2129 5443 Nonne

543 5470 645 5561 ipsi
676 5492 1047 5563 iilasphemant
1074 5486 1272 5543 bonum
1300 5500 1518 5552 nomen,
1550 5470 1690 5553 quod
1718 5485 2023 5537 invocatum
2047 5489 2130 5535 est

541 5600 702 5653 super
728 5600 825 5638 vos
845 5580 869 5634 Ἰ
891 5580 1152 5651 siquidem
1182 5580 1353 5649 legem
1387 5575 1640 5647 perﬁcitis
1672 5575 2131 5646 regalem,secun-

542 5674 668 5730 dum
697 5676 1004 5747 Scripturas
1036 5692 1048 5727 :
1087 5672 1285 5743 Diliges
1315 5669 1622 5739 proximum
1670 5675 1816 5720 tuum
1865 5667 2003 5720 sicut
2034 5663 2132 5720 tei-

546 5782 717 5836 psum,
748 5768 887 5821 bene
916 5765 1127 5823 facitis:
1156 5767 1199 5817 sl
1224 5773 1403 5817 autem
1434 5773 1691 5831 personas
1723 5758 1983 5827 accipitis,
2007 5772 2132 5826 pec-

548 5866 726 5916 catum
750 5858 1067 5931 operamini,
1090 5855 1360 5926 redarguti
1383 5870 1414 5910 a
1436 5855 1575 5925 iege,
1598 5853 1749 5924 quasi
1770 5860 2131 5921 transgresso-

553 5963 663 6011 res.
716 5948 851 6008 Vide
900 5942 1350 6019 quemadmodum
1390 5954 1819 6019 transgressores
1857 5942 1988 6014 legis
2032 5957 2130 6013 ap-

2238 5033 2346 5074 non
2377 5022 2575 5088 potest,
2601 5014 2683 5069 vel
2714 5014 3103 5083 intemperans,
3128 5010 3211 5066 vel
3255 5010 3490 5080 iniusta;
3513 5012 3594 5066 sic
3614 5018 3797 5077 tempe-

2233 5110 2409 5167 rantia
2440 5120 2664 5163 necesse
2692 5113 2849 5162 estut
2878 5105 3136 5175 prudens,
3168 5103 3322 5159 fortis
3351 5111 3405 5159 et
3425 5102 3571 5173 just:
3599 5103 3668 5157 sit
3697 5119 3711 5165 ;
3736 5100 3798 5154 sic

2228 5202 2438 5275 justitia
2460 5214 2566 5256 non
2591 5207 2694 5265 est,
2727 5198 2773 5253 si
2801 5211 2907 5253 non
2939 5198 3009 5251 sit
3038 5197 3295 5266 prudens,
3356 5194 3513 5251 fortis
3540 5205 3601 5252 et
3625 5206 3803 5263 tempe-

2234 5308 2381 5350 rans.
2416 5292 2496 5348 lta
2527 5290 2621 5347 ubi
2652 5303 2779 5347 vera
2810 5297 2895 5345 est
2924 5289 3098 5359 aliqua
3123 5303 3331 5353 earum,
3354 5296 3411 5343 et
3430 5288 3551 5343 alite
3579 5288 3805 5344 similiter

2236 5398 2360 5443 sunt
2392 5404 2405 5454 ;
2438 5385 2533 5442 ubi
2572 5394 2752 5442 autem
2802 5384 2921 5440 alia
2970 5383 3188 5450 desunt,
3244 5398 3372 5439 vera
3421 5383 3517 5440 illa
3566 5400 3677 5440 non
3720 5390 3807 5445 est,

2237 5479 2449 5537 etiamsi
2497 5480 2682 5550 aliquo
2729 5477 2893 5533 modo
2944 5475 3139 5532 similis
3193 5486 3314 5532 esse
3370 5472 3642 5532 videatur.
3691 5476 3808 5532 Sunt

2235 5573 2402 5641 enim,
2435 5579 2492 5627 ut
2518 5571 2649 5637 scis,
2681 5568 2927 5639 quaedam
2956 5567 3088 5624 vitia
3138 5567 3427 5623 virtutibus
3473 5576 3661 5637 aperta
3713 5566 3809 5620 dis-

2234 5667 2474 5723 cretione
2505 5664 2798 5730 contraria,
2832 5670 2892 5717 ut
2933 5661 3292 5729 imprudentia
3333 5658 3660 5731 prudentiae.
3692 5659 3812 5716 Sunt

2234 5767 2411 5813 autem
2436 5755 2681 5827 quaedam
2709 5761 2919 5809 tantum
2950 5752 3074 5824 quia
3099 5752 3225 5806 vitia
3258 5758 3404 5816 sunt,
3458 5751 3587 5806 ideo
3615 5761 3813 5805 contra-

2234 5852 2333 5917 ria,
2359 5848 2593 5921 quadam
2642 5858 2823 5903 tamen
2877 5846 3057 5917 specie
3095 5842 3269 5897 fallaci
3312 5842 3531 5908 similia,
3560 5853 3621 5897 ut
3652 5841 3813 5898 eidem

2236 5943 2556 6016 prudentiae,
2587 5957 2696 6000 non
2717 5938 3102 6012 imprudentia,
3130 5934 3227 5993 sed
3256 5936 3475 5992 astutia.
3502 5932 3658 5993 Nunc
3680 5934 3815 5991 enim
