3978 6380
175 383 271 443 565

1445 367 1880 428 TBESAURUS.
1919 369 2073 426 CAP.
2113 369 2155 428 1.

3328 370 3438 427 566

173 503 410 563 eamdem
451 501 574 556 dico
625 497 898 561 astutiam,
944 505 1064 564 quo
1101 488 1355 546 usitatius
1379 489 1435 544 in
1464 486 1748 544 mlitiosis
1771 483 2097 554 A-profecto
2118 483 2246 539 vitia
2274 485 2467 542 cedent
2483 484 2692 548 omnia,
2708 496 3039 555 quacunque
3064 485 3448 551 inerant;non

173 599 390 667 intelligi
439 605 494 652 et
522 592 704 650 vocari
749 591 910 653 solet,
952 597 1006 644 et
1035 602 1168 652 non,
1201 586 1340 640 sicut
1374 583 1518 654 loqui
1561 591 1744 664 nostra

173 693 442 757 Scriptura
497 683 796 750 consuevit,
844 699 966 753 qua!
1006 683 1152 750 stupe
1197 679 1446 734 astutiam
1495 677 1551 732 in
1604 675 1748 730 bono

170 789 334 856 ponit,
365 792 423 838 ut
443 791 525 838 est
556 798 572 836 :
603 780 1238 846 Astutiutserpentes,et
1264 774 1417 839 illud,
1451 772 1518 828 llt
1544 771 1638 828 det
1663 771 1747 826 in-

170 876 480 933 nocentibus
507 872 1104 941 astutiam.Qnanquam
1118 868 1324 938 etapud
1345 867 1466 921 illos
1489 865 1749 922 Romana

170 971 357 1037 linguae
411 966 800 1022 disertissimus
839 964 1036 1019 dixerit
1066 981 1080 1016 :
1113 963 1294 1032 Neque
1343 962 1423 1016 illi
1469 969 1649 1014 tamen
1678 959 1747 1014 ad

168 1059 458 1119 cavendum
482 1061 636 1114 dolus
666 1069 756 1114 aut
784 1057 976 1110 astutia
1010 1056 1218 1119 deerat,
1259 1052 1514 1108 astutiam
1543 1064 1750 1120 ponens

165 1157 214 1210 in
261 1154 400 1207 bono
427 1169 441 1217 ;
473 1152 569 1206 sed
615 1154 753 1221 apud
807 1150 930 1205 illos
958 1149 1316 1211 rarissimum,
1357 1145 1495 1215 apud
1529 1152 1748 1199 nostros

165 1252 340 1297 autem
361 1240 854 1310 frequentissimum
879 1245 983 1294 est.
1013 1240 1253 1307 itemque
1277 1239 1328 1291 in
1353 1237 1590 1304 partibus
1612 1245 1756 1290 tem-

165 1337 441 1407 perantim,
470 1336 808 1401 apertissime
829 1332 1097 1388 contraria
1144 1340 1228 1386 est
1258 1331 1448 1386 effusio
1477 1329 1750 1400 parcimo-

162 1432 285 1495 nias,
317 1443 378 1484 ea
411 1419 544 1482 ἦρτο
587 1442 707 1498 quae
737 1427 998 1482 tenacitas
1047 1424 1209 1479 etiam
1240 1424 1399 1491 vulgo
1437 1422 1546 1476 dici
1583 1420 1744 1488 solet,

161 1521 349 1576 vitium
378 1531 460 1576 est
489 1522 728 1591 quidem,
782 1529 964 1574 tamen
1011 1517 1355 1586 parcimonia!
1408 1517 1606 1578 simile,
1637 1529 1752 1571 non

160 1625 370 1677 natura,
398 1611 490 1667 sed
523 1612 869 1667 fallacissima
897 1612 1098 1679 specie.
1149 1610 1284 1665 Item
1316 1609 1752 1664 dissimilitudine

161 1705 465 1769 manifesta,
490 1706 759 1758 contraria
790 1714 873 1759 est
914 1703 1414 1770 injustitiajustitiaa
1441 1717 1456 1755 :
1487 1703 1627 1756 solet
1645 1719 1746 1755 au-

159 1806 264 1850 tem
295 1798 446 1865 quasi
485 1797 681 1850 imitari
717 1797 974 1864 iustitiam
996 1795 1305 1850 vindicandi
1333 1809 1395 1849 se
1418 1794 1604 1859 libido,
1645 1792 1742 1848 sed

1849 580 1994 634 enim
2022 580 2202 634 omnia
2229 579 2462 643 inerant,
2482 577 2577 634 sed
2600 577 2888 647 aliquando
2917 576 3162 642 totidem,
3189 577 3436 648 aliquan-

1849 672 1920 724 do
1952 672 2102 739 plura
2129 673 2492 740 paucioribus,
2521 671 2604 726 vel
2630 671 2884 740 pauciora
2915 670 3154 740 pluribus
3178 671 3438 728 succede-

1851 762 1999 817 bant.
2044 763 2168 818 Harc
2199 773 2380 819 utrum
2409 764 2482 818 ita
2508 777 2568 820 se
2606 763 2866 829 habeant,
2904 763 3216 834 diligentius
3254 765 3434 836 inqui-

1851 854 2074 910 rendum
2105 865 2192 910 est
2220 872 2234 920 ;
2271 872 2378 911 non
2407 858 2558 911 enim
2580 866 2642 913 et
2685 857 2783 912 ista
2827 856 3008 912 divina
3032 857 3298 914 sententia
3327 868 3440 926 est,

1849 962 1956 1018 qua
1985 949 2227 1004 dicitur:
2265 949 2370 1016 Qui
2417 965 2578 1005 unam
2628 951 2884 1008 virtutem
2938 953 3212 1017 habuerit,
3245 964 3445 1010 omnes

1850 1038 2012 1094 habet
2043 1057 2058 1105 ;
2087 1039 2245 1110 eique
2273 1041 2422 1095 nulla
2446 1050 2552 1110 est,
2581 1043 2668 1096 cui
2706 1057 2811 1098 una
2841 1043 3070 1100 defuerit
3094 1062 3112 1110 ;
3140 1045 3238 1102 sed
3263 1047 3444 1104 homi-

1851 1131 2010 1188 nibus
2052 1132 2156 1187 hoc
2204 1133 2382 1188 visum
2437 1143 2547 1200 est,
2584 1135 2811 1190 multum
2859 1139 3078 1207 quidem
3118 1139 3444 1210 ingeniosis,

1850 1225 2126 1289 studiosis,
2179 1226 2273 1281 sed
2313 1235 2500 1281 tamen
2545 1227 2880 1283 hominibus.
2930 1232 3040 1300 Ego
3085 1246 3216 1288 vero
3255 1232 3442 1288 nescio

1850 1319 2304 1385 quemadmodum
2335 1319 2537 1384 dicam,
2564 1336 2671 1376 non
2689 1322 2814 1378 dico
2843 1323 3042 1392 virum,
3066 1341 3095 1380 a
3118 1341 3224 1396 quo
3265 1326 3445 1388 denos

1852 1410 2051 1464 mina‘la
2082 1411 2279 1466 dicitur
2305 1413 2502 1478 virtus,
2531 1413 2627 1467 sed
2661 1415 2828 1469 etiam
2851 1418 3138 1473 mulierem
3179 1435 3299 1490 qua
3323 1421 3445 1480 viro

1851 1515 1949 1556 suo
1971 1514 2146 1556 servat
2166 1503 2268 1556 tori
2295 1503 2537 1572 fldem,si
2561 1506 2663 1561 hoe
2682 1506 2838 1561 faciat
2864 1521 3087 1577 propter
3111 1522 3444 1583 praeceptum

1851 1602 1906 1646 et
1947 1597 2270 1660 promissum
2313 1595 2434 1665 Dei,
2481 1598 2638 1666 eique
2693 1599 2942 1667 primitus
2996 1603 3063 1656 sit
3103 1602 3301 1671 fidelis,
3330 1620 3444 1665 non

1851 1685 2050 1742 habere
2080 1689 2420 1756 pudicitiam,
2466 1699 2558 1745 aut
2605 1690 2914 1759 pudicitiam
2959 1695 3160 1755 nullam
3190 1698 3274 1753 vel
3318 1715 3444 1768 par-

1849 1795 1968 1834 vam
2015 1797 2138 1836 esse
2165 1783 2418 1838 virtutem
2451 1802 2463 1836 :
2497 1785 2578 1838 sic
2616 1794 2671 1839 et
2717 1786 2968 1841 maritum
3019 1788 3112 1857 qui
3150 1789 3252 1845 hoc
3297 1791 3443 1856 idem

157 1891 343 1945 vitium
389 1899 492 1944 est.
549 1889 764 1958 ignavia
817 1888 1118 1942 fortitudini
1161 1888 1442 1958 perspicue
1471 1889 1738 1942 contraria
1769 1877 1820 1940 Β
1845 1885 2025 1930 servat
2047 1879 2229 1943 Mori;
2253 1888 2305 1932 ει
2328 1888 2504 1933 "me"
2520 1885 2646 1933 θυαε
2666 1879 2878 1948 Ριιπίηιί
2898 1881 3298 1950 taleMuorum
3317 1887 3440 1944 sine

155 1993 257 2051 est,
294 1984 491 2037 duritia
536 1997 668 2036 vero
718 1981 882 2036 distat
935 1991 1146 2045 natura,
1197 1979 1334 2034 fallit
1372 1980 1748 2035 similitudine.

154 2074 463 2129 Constantia
515 2087 641 2142 pars
667 2073 915 2142 quazdam
953 2072 1168 2126 virtutis
1195 2080 1300 2137 est,
1329 2072 1397 2125 ab
1427 2073 1524 2125 hac
1554 2072 1746 2126 incon-

152 2168 349 2221 stantia
391 2167 549 2234 longe
577 2167 856 2232 abhorret,
884 2176 938 2220 et
961 2166 1186 2220 induhie
1206 2173 1397 2220 contra
1428 2166 1593 2230 sistit,
1622 2180 1750 2236 per-

151 2259 348 2312 tinacia
380 2272 510 2312 vero
537 2260 836 2312 constantia
859 2257 965 2312 dici
984 2256 1226 2321 affectat,
1254 2266 1311 2310 et
1339 2271 1446 2310 on
1477 2265 1584 2321 est,
1622 2255 1748 2323 quia

150 2349 244 2402 illa
268 2358 350 2403 est
372 2352 564 2413 virtus,
585 2351 684 2402 hoc
712 2349 924 2404 vitium.
950 2349 1021 2404 Ut
1049 2361 1178 2416 ergo
1205 2365 1309 2402 non
1344 2349 1534 2401 iterum
1555 2346 1746 2401 eadem

149 2455 588 2496 commemorare
618 2457 841 2496 necesse
871 2442 964 2506 sit,
997 2441 1234 2508 exetupli
1269 2442 1440 2508 gratia
1483 2455 1749 2508 ponamus

154 2533 365 2602 aliquid
420 2533 563 2586 unde
594 2535 801 2600 possint
827 2541 1023 2587 caetera
1043 2533 1288 2599 intelligi.
1317 2533 1568 2595 Catilina,
1598 2543 1656 2586 ut
1681 2533 1748 2588 de

147 2627 276 2692 ipso
302 2625 636 2692 scripserunt
667 2625 754 2692 qui
785 2637 944 2678 nosse
997 2631 1308 2691 pulueruut,
1358 2622 1542 2691 frigus,
1576 2625 1747 2691 sitim,

146 2714 374 2778 famem,
406 2714 553 2770 ferre
577 2725 808 2784 poterat,
838 2725 1062 2783 eratque
1109 2717 1317 2783 patiens
1351 2715 1568 2778 inediae,
1593 2719 1747 2786 algo-

146 2807 248 2871 ris,
279 2809 500 2876 vigliz,
522 2823 682 2874 supra
709 2823 870 2876 quam
917 2809 1176 2863 credibile
1203 2819 1308 2875 est,
1365 2824 1427 2863 ac
1452 2825 1547 2878 per
1571 2811 1672 2866 hoc
1693 2822 1747 2866 et

146 2899 254 2954 sibi
282 2900 470 2954 etsuis
523 2915 715 2968 magna
768 2901 1024 2969 praeditus
1072 2901 1388 2957 fortitudine
1436 2903 1740 2960 videbatur.

147 2990 257 3044 Sed
291 2991 406 3046 haec
433 2989 696 3046 fortitudo
723 2993 958 3061 prudens
987 3009 1094 3047 non
1124 3002 1263 3057 erat,
1300 2994 1437 3047 mala
1471 2995 1614 3048 enim
1647 3011 1744 3063 pro

148 3083 313 3139 bonis
342 3083 606 3154 eligebat;
629 3095 935 3154 temperans
962 3102 1069 3141 non
1094 3095 1232 3151 erat,
1255 3088 1579 3156 corruptelis
1597 3089 1742 3143 enim

147 3177 484 3246 turpissimis
538 3177 875 3243 fmdabatur;
921 3179 1064 3248 justo
1096 3195 1202 3234 non
1233 3193 1368 3244 erat,
1408 3191 1528 3233 nam
1553 3191 1738 3235 contra
1781 3191 1785 3196 λ

1850 1970 2028 2040 aliquo
2052 1981 2280 2040 peccato
2299 1985 2418 2025 esse
2448 1971 2718 2026 neminem
2735 1973 2962 2028 dixerim
2993 1992 3004 2027 :
3028 1983 3086 2029 et
3109 1975 3288 2045 utique
3308 1975 3442 2038 illud

1847 2065 2220 2134 qualecunque
2253 2072 2528 2133 peccatum
2571 2079 2639 2121 ex
2684 2065 2868 2136 aliquo
2901 2066 3035 2121 vitio
3064 2068 3250 2123 venit:
3295 2069 3443 2125 unde

1849 2161 2102 2228 pudicitia
2144 2160 2442 2227 coniugalis
2488 2159 2540 2214 in
2599 2160 2729 2214 viris
2789 2160 3112 2230 feminisque
3147 2159 3442 2230 religiosis,

1847 2265 1970 2306 eum
1995 2251 2346 2319 proculdubio
2386 2253 2562 2307 virtus
2581 2252 2653 2307 sit
2681 2252 2828 2322 (non
2865 2251 3006 2307 enim
3049 2263 3138 2306 aut
3178 2253 3311 2307 nihil
3352 2262 3444 2309 aut

1847 2345 2034 2398 vitium
2059 2344 2185 2412 est),
2217 2358 2322 2397 non
2357 2354 2534 2398 tamen
2555 2358 2739 2399 secum
2763 2345 2920 2399 habet
2953 2360 3146 2400 omitas
3174 2346 3437 2409 virtutes;

1849 2445 1969 2487 nam
2005 2435 2050 2488 si
2081 2450 2272 2488 omnes
2303 2435 2373 2489 ibi
2415 2444 2620 2498 essent,
2664 2436 2870 2490 nullum
2923 2445 3069 2490 esset
3120 2436 3308 2490 vitium
3344 2454 3362 2504 ;
3393 2438 3442 2493 si

1850 2529 2056 2580 nullum
2082 2527 2290 2586 vitium,
2320 2529 2523 2582 nullam
2539 2528 2760 2583 omnino
2795 2530 3244 2598 peccawm.Quis
3259 2539 3442 2586 autem

1851 2619 1969 2671 sine
1999 2617 2180 2686 aliquo
2203 2617 2458 2683 pret-ato?
2497 2619 2619 2688 quis
2659 2633 2794 2690 ergo
2829 2619 2949 2674 sine
2984 2620 3165 2690 aliquo
3191 2620 3346 2685 vitio,
3388 2619 3443 2678 id

1849 2719 1933 2765 est
1961 2711 2150 2764 fomite
2200 2712 2431 2781 quodam
2477 2713 2562 2767 vel
2609 2715 2764 2782 quasi
2815 2713 2995 2768 radice
3035 2712 3268 2780 peccati,
3316 2726 3442 2768 cum

1849 2803 2046 2858 clamet
2085 2806 2177 2872 qui
2225 2820 2386 2873 supra
2427 2813 2616 2874 pectas
2673 2805 2880 2860 Domini
2937 2805 3358 2860 discumbebat:
3386 2805 3446 2861 Si

1849 2897 2144 2952 dixerimus
2181 2899 2306 2966 quia
2361 2907 2636 2963 peccatum
2689 2913 2798 2952 non
2864 2897 3148 2960 habemus,
3192 2897 3442 2962 nosipsos

1847 2991 2168 3058 decipimus,
2217 3001 2274 3046 et
2311 2993 2514 3046 veritas
2543 2993 2596 3046 iu
2639 2993 2794 3047 nobis
2826 3008 2930 3046 non
2970 3003 3052 3047 est
3080 2993 3102 3044 ?
3131 2990 3314 3062 Neque
3342 2990 3446 3044 hoc

1847 3085 1986 3151 apud
2021 3093 2075 3139 te
2097 3084 2304 3138 diutius
2343 3085 2610 3153 agendum
2641 3094 2747 3147 est,
2802 3083 2896 3139 sed
2929 3094 3150 3153 propter
3181 3085 3316 3136 alios
3353 3081 3446 3150 qui

1851 3174 1966 3230 haec
2015 3175 2152 3230 forte
2194 3177 2422 3243 legerint
2474 3176 2618 3231 dico.
2663 3175 2793 3230 Nam
2835 3185 2890 3230 tu
2923 3177 3136 3245 quidem
3171 3175 3224 3228 in
3252 3175 3444 3228 eodem

147 3272 384 3339 patriam
413 3269 797 3339 conjuraverat
819 3286 834 3322 :
857 3279 914 3325 et
941 3271 1060 3324 ideo
1090 3286 1188 3324 nec
1210 3269 1470 3324 fortitudo
1493 3280 1628 3335 erat,
1647 3273 1740 3325 sed
1771 3250 1819 3316 ο
1853 3267 1968 3335 ipso
1991 3281 2154 3335 opere
2181 3267 2467 3334 splendido
2487 3279 2677 3321 contra
2703 3266 3041 3322 .lovinianurn
3066 3269 3228 3321 etiam
3256 3270 3355 3320 hoc
3378 3266 3446 3321 de

147 3363 355 3418 duritia
385 3363 509 3424 sibi,
542 3371 603 3417 ut
629 3363 822 3416 stultos
855 3363 1086 3428 falleret,
1111 3373 1164 3417 et
1198 3379 1393 3418 nomen
1416 3362 1747 3419 fortitudinis

147 3455 466 3522 impone-bat
501 3470 512 3506 :
552 3470 674 3508 nam
707 3457 752 3509 si
784 3455 1044 3509 fortitudo
1073 3465 1238 3521 esset,
1272 3472 1379 3510 non
1413 3457 1628 3520 vitium,
1653 3457 1746 3511 sed

148 3549 326 3602 virtus
349 3557 516 3603 esset.
549 3548 604 3601 Si
636 3557 814 3600 autem
847 3548 1018 3601 virtus
1045 3557 1213 3613 esset,
1239 3563 1268 3600 a
1297 3546 1509 3601 ceteris
1540 3549 1750 3600 virtuti-

147 3642 276 3707 bus,
329 3650 590 3710 tanquam
637 3640 1086 3709 inseparabilibus
1115 3640 1406 3695 comitibus
1427 3679 1443 3702 ,
1476 3657 1747 3709 nunquam

149 3732 575 3802 relinqueretur.
625 3731 966 3800 Quapropter
1022 3746 1141 3786 cum
1195 3733 1456 3801 quaeritur
1489 3734 1651 3787 etiam
1684 3734 1750 3788 de

147 3824 320 3889 vitiis,
356 3833 535 3878 utrum
566 3832 622 3877 et
657 3824 772 3891 ipsa
801 3823 1049 3877 similiter
1076 3824 1255 3877 omnia
1285 3823 1394 3876 sint
1439 3824 1529 3878 ubi
1584 3839 1749 3878 unum

148 3919 283 3983 erit,
315 3928 409 3972 aut
440 3919 586 3971 nulla
619 3920 728 3972 sint
753 3918 843 3972 ubi
872 3935 1040 3972 unum
1085 3934 1190 3972 non
1243 3920 1378 3984 erit,
1417 3919 1746 3975 laboriosum

144 4017 238 4063 est
267 4011 319 4062 id
350 4009 657 4070 ostendere,
685 4018 968 4077 prouterea
999 4011 1125 4079 quia
1152 4011 1243 4063 uni
1267 4011 1450 4064 virtuti
1481 4013 1587 4065 duo
1619 4013 1744 4066 vitia

144 4103 352 4168 opponi
382 4101 576 4163 solent,
595 4109 650 4152 et
670 4101 812 4167 quod
836 4110 1020 4170 aperte
1050 4103 1382 4155 contrarium
1407 4113 1512 4167 est,
1530 4104 1748 4172 etquod

145 4191 339 4258 specie
385 4189 753 4243 similitudinis
773 4190 1146 4244 adumbratur.
1180 4190 1333 4244 Unde
1360 4191 1453 4246 illa
1480 4192 1749 4262 Catilina,

143 4277 286 4351 quia"
311 4280 569 4334 fortitudo
604 4295 712 4334 non
741 4289 878 4346 erat,
916 4295 1034 4349 quae
1087 4289 1254 4347 esset,
1282 4295 1604 4336 cumsecum
1642 4284 1748 4336 vir-

144 4382 296 4429 tutes
326 4373 462 4428 alias
507 4387 616 4426 non
667 4371 920 4437 habebat,
972 4372 1182 4426 facilius
1230 4372 1535 4428 videbatur.
1593 4375 1747 4442 Quod

145 4478 283 4520 vero
314 4463 528 4532 ignavia
556 4462 740 4530 fuerit,
767 4462 854 4517 ubi
899 4464 1217 4518 exercitatio
1241 4465 1508 4533 quaslibet
1537 4466 1745 4536 gravis-

147 4561 320 4616 simas
365 4558 641 4612 molestias
673 4559 1012 4628 perpetiendi
1060 4567 1222 4626 atque
1255 4560 1545 4627 tolerandi,
1580 4576 1744 4630 supra

1848 3362 2144 3428 Scripturis
2177 3363 2381 3413 sauct‘s
2421 3360 2711 3429 dl‘genter
2741 3360 2976 3428 probasti
3011 3376 3024 3424 ;
3056 3360 3143 3414 ubi
3177 3359 3338 3413 eti-um
3379 3373 3446 3412 ex

1852 3452 1951 3507 hac
1986 3456 2101 3520 ipsa
2127 3454 2391 3520 Epistula,
2423 3452 2578 3523 cujus
2613 3454 2773 3507 verba
2797 3464 2920 3507 sunt
2944 3468 3170 3522 quorum
3202 3468 3342 3506 nunc
3368 3452 3448 3504 in-

1855 3545 2129 3598 tellectum
2159 3545 2504 3613 requirimus,
2531 3546 2755 3614 posuisti
2789 3545 2929 3613 quod
2953 3546 3208 3612 scriptum
3232 3555 3308 3596 est
3345 3560 3356 3595 :
3393 3544 3446 3597 ιη

1854 3637 2036 3689 multis
2063 3636 2209 3688 enim
2237 3635 2565 3690 offendimus
2584 3653 2795 3693 omnes.
2829 3639 2942 3694 Non
2979 3642 3124 3694 enim
3151 3643 3250 3703 ait,
3273 3637 3446 3691 offen-

1853 3728 1999 3792 ditis,
2040 3728 2133 3781 sed
2185 3732 2282 3793 ait,
2323 3728 2671 3795 offendimus,
2724 3745 2847 3786 cum
2890 3732 3092 3787 Christi
3138 3734 3449 3800 loqueretur

1857 3822 2170 3890 apostolus;
2206 3833 2262 3877 et
2288 3837 2410 3877 cum
2444 3823 2545 3877 hoc
2569 3825 2687 3878 loco
2723 3824 2908 3880 dicat:
2940 3826 3258 3896 Quicunque
3283 3840 3450 3885 totam

1856 3915 2027 3984 legem
2059 3917 2390 3981 servaverit,
2419 3916 2671 3972 'ofl'endat
2695 3929 2876 3973 autem
2911 3921 2963 3972 in
2992 3936 3122 3986 uno,
3149 3923 3321 3978 factus
3367 3932 3452 3980 est

1852 4010 2093 4061 omnium
2149 4023 2300 4075 reus,
2343 4008 2414 4063 ibi
2454 4025 2559 4063 non
2613 4011 2666 4064 in
2698 4026 2830 4075 uno,
2870 4013 2965 4066 sed
3005 4014 3056 4066 in
3093 4016 3296 4082 multis,
3346 4031 3448 4072 nec

1855 4098 2141 4167 quosdam,
2171 4099 2268 4152 sed
2307 4113 2502 4154 omnes
2537 4100 2669 4154 dicit
2705 4101 3000 4156 offendere.
3058 4103 3210 4157 Absit
3265 4113 3446 4160 autem

1851 4201 1914 4246 ut
1950 4193 2236 4260 quisquam
2284 4193 2457 4248 ﬁdelis
2504 4195 2781 4250 existimet
2821 4204 2901 4250 tot
2958 4195 3122 4250 millia
3163 4213 3443 4255 servorum

1858 4280 2084 4347 Christi,
2105 4284 2193 4351 qui
2221 4285 2486 4338 veraciter
2515 4285 2705 4339 dicunt
2731 4299 2792 4344 se
2819 4285 3021 4341 habere
3055 4299 3356 4355 peccatum,
3380 4305 3449 4346 ne

1853 4393 1914 4433 se
1966 4379 2114 4448 ipsos
2161 4380 2435 4451 decipiant
2473 4389 2532 4438 et
2549 4386 2748 4439 veritas
2787 4385 2842 4439 in
2867 4384 2948 4440 eis
2977 4400 3084 4442 non
3122 4384 3213 4452 sit,
3248 4389 3446 4443 nullam

1852 4471 2055 4526 habere
2097 4473 2350 4528 virtutem
2375 4513 2393 4539 ,
2424 4488 2546 4529 cum
2584 4476 2755 4530 virtus
2795 4492 2988 4545 magna
3037 4481 3112 4533 sit
3152 4481 3441 4550 sapientia.

1851 4561 2002 4617 Dixit
2028 4574 2206 4618 autem
2237 4565 2351 4633 ipsa
2381 4564 2657 4634 Sapientia
2688 4566 2892 4622 homini
2926 4588 2939 4623 :
2973 4569 3112 4626 Ecce
3155 4573 3322 4640 pietas
3364 4585 3448 4627 cst

146 4667 315 4724 quam
346 4650 598 4720 cuiquam
625 4651 887 4705 credibile
941 4658 1048 4716 est,
1094 4647 1222 4716 fuit,
1249 4665 1395 4720 agre
1433 4652 1740 4720 persuaderi
1771 4645 1824 4707 D
1849 4657 2132 4724 sapiemia.
2180 4657 2333 4711 Absit
2361 4673 2492 4728 ergo
2523 4670 2582 4714 ut
2601 4660 2847 4716 dicamus
2879 4670 2954 4715 tot
2991 4677 3056 4717 ac
3111 4673 3286 4717 tantos
3318 4666 3449 4720 fide-

146 4755 362 4816 potest;
391 4745 486 4799 sed
507 4747 643 4800 forte
667 4745 874 4800 acutius
921 4745 1254 4800 intuentibus
1284 4747 1490 4813 ignavia
1520 4756 1744 4816 apparet

147 4844 274 4913 ipsa
303 4841 518 4903 duritia,
552 4840 678 4910 quiis
704 4841 942 4894 laborem
965 4842 1232 4894 bonorum
1269 4840 1593 4908 studiorum,
1623 4842 1743 4910 qui-

147 4938 260 4991 bus
278 4951 399 4991 vera
414 4935 708 5004 acquiritur
722 4934 997 5003 fortitudo,
1017 4935 1346 5005 neglexerat.
1366 4936 1743 4992 Verumtamen

147 5030 283 5100 quia
307 5037 428 5082 sunt
450 5029 676 5082 audaces
691 5028 967 5096 quitimidi
991 5042 1100 5082 non
1122 5037 1337 5094 sunt,et
1359 5043 1542 5083 rursus
1575 5031 1745 5085 timidi

148 5131 178 5174 a
241 5121 440 5188 quibus
478 5119 618 5174 absit
665 5120 910 5183 audacia,
943 5136 1063 5174 cum
1106 5124 1180 5174 sit
1224 5131 1511 5192 utrumque
1557 5124 1745 5178 vitium

151 5215 440 5285 (quoniam
471 5215 561 5282 qui
585 5227 711 5268 vera
742 5216 942 5270 virtute
972 5213 1127 5270 fortis
1151 5223 1256 5279 est,
1289 5230 1388 5270 nec
1419 5223 1622 5271 temere
1648 5231 1745 5271 au-

151 5308 278 5371 det,
311 5321 410 5362 nec
435 5309 740 5363 inconsulte
769 5309 966 5376 timet),
991 5309 1231 5377 cogimur
1259 5306 1414 5362 fateri
1440 5307 1566 5361 vitia
1597 5309 1746 5376 plura

155 5405 288 5457 esse
315 5402 628 5455 virtutibus.
664 5400 818 5456 Unde
841 5399 1128 5468 aliquando
1150 5400 1339 5453 vitium
1365 5400 1498 5453 vitio
1522 5400 1746 5468 tollitur,

155 5508 214 5553 nt
251 5509 431 5550 amore
451 5495 625 5549 laudis
653 5510 802 5548 amor
833 5495 1107 5563 pecuniae;
1161 5491 1450 5562 aliquando
1474 5508 1636 5546 unum
1663 5509 1752 5549 ce-

154 5589 242 5644 dit
276 5597 330 5642 ut
359 5587 502 5654 plura
535 5587 847 5650 succedant,
887 5587 1032 5638 velut
1085 5587 1172 5653 qui
1231 5585 1479 5638 ebriosus
1530 5585 1648 5649 fuit,
1701 5587 1746 5642 si

159 5681 438 5736 modicum
471 5683 652 5735 libere
708 5679 997 5733 tenacitate
1041 5685 1095 5729 et
1129 5677 1421 5732 ambitione
1477 5677 1746 5734 didicerit.

159 5771 399 5831 Possunt
416 5774 591 5843 itaque
610 5773 733 5825 vitia
757 5774 918 5825 etiam
938 5769 1130 5824 cedere
1147 5771 1290 5825 vitiis
1311 5771 1747 5836 succedentibus,

163 5879 280 5922 non
298 5863 606 5930 virtutibus;
637 5875 689 5920 et
719 5864 840 5917 ideo
879 5861 1029 5930 plura
1069 5871 1214 5915 sunt.
1249 5861 1426 5916 Virtus
1466 5878 1612 5927 vero,
1642 5879 1751 5933 quo

169 5970 282 6015 una
313 5959 556 6030 ingressa
585 5955 768 6023 fuerit,
795 5951 1048 6023 quoniam
1093 5965 1276 6008 seems
1315 5963 1544 6009 exteras
1585 5955 1753 6020 ducit.

1849 4750 1928 4804 les
1959 4760 2013 4805 et
2067 4752 2185 4818 pios
2242 4751 2490 4808 homines
2572 4752 2669 4808 Dei
2730 4769 2839 4809 non
2890 4755 3087 4811 habere
3149 4759 3446 4824 pietatem,

1851 4857 2012 4910 quam
2048 4841 2222 4897 Graeci
2262 4845 2346 4897 vel
2396 4845 2678 4912 εὐσέϐειαν,
2706 4847 2787 4900 vel
2827 4850 3132 4917 expressius
3155 4861 3206 4904 et
3240 4852 3448 4919 plenius

1851 4937 2139 4992 θεοσέϐειαν
2169 4944 2382 4989 vocant.
2408 4936 2544 5003 Quid
2565 4944 2743 4992 autem
2773 4949 2858 4992 est
2881 4939 3067 5006 pietas,
3091 4942 3191 4994 nisi
3211 4942 3304 4994 Dei
3330 4942 3448 4995 cul-

1854 5030 1975 5083 tus?
2004 5029 2055 5098 3
2087 5037 2144 5083 et
2188 5028 2330 5084 unde
2358 5029 2450 5083 ille
2488 5030 2687 5085 colitur
2717 5032 2820 5086 nisi
2850 5031 3150 5087 charitate?
3196 5032 3448 5086 Charitas

1853 5120 2018 5189 igitur
2046 5121 2112 5174 de
2134 5121 2296 5174 corde
2323 5135 2476 5190 puro,
2495 5132 2548 5176 et
2565 5123 2890 5178 conscientia
2927 5125 3087 5184 bona,
3120 5132 3174 5176 et
3205 5121 3308 5177 title
3339 5138 3447 5180 non

1854 5213 1997 5279 ﬁcta,
2031 5227 2220 5282 magna
2250 5221 2308 5267 et
2331 5227 2454 5267 vera
2483 5215 2654 5272 virtus
2675 5225 2794 5280 est,
2827 5218 2950 5286 quia
2981 5216 3094 5283 ipsa
3123 5222 3207 5268 est
3237 5222 3291 5268 et
3322 5214 3444 5270 finis

1854 5305 2128 5374 praecepti.
2192 5302 2384 5358 Merito
2434 5302 2576 5358 dicta
2606 5316 2684 5360 est
2726 5305 2878 5360 fortis
2931 5305 3067 5359 sicut
3099 5320 3244 5358 mors
3270 5345 3286 5370 ,
3328 5305 3446 5360 sive

1853 5396 1978 5465 quia
2002 5410 2159 5450 nemo
2180 5409 2298 5450 eam
2324 5396 2489 5450 vincit
2510 5397 2648 5452 sicut
2677 5404 2900 5451 mortem
2925 5437 2940 5462 ,
2971 5395 3086 5450 sive
3105 5394 3227 5463 quia
3260 5397 3312 5451 in
3343 5396 3444 5452 hac

1856 5486 1961 5540 vita
1987 5501 2153 5555 usque
2180 5485 2245 5540 ad
2277 5495 2504 5541 mortem
2551 5495 2635 5542 est
2678 5500 2924 5540 mensura
2957 5485 3254 5552 charitatis,
3305 5485 3447 5542 sicut

1858 5579 2116 5633 Dominus
2154 5578 2227 5631 ait
2263 5595 2275 5630 ε
2319 5577 2575 5647 Majorem
2623 5577 2721 5630 hac
2749 5577 3010 5631 charitate
3051 5589 3210 5630 nemo
3241 5575 3444 5642 habet,

1859 5685 2016 5740 quam
2057 5680 2114 5724 ut
2141 5668 2377 5722 animam
2408 5685 2560 5724 suam
2591 5670 2709 5737 quis
2749 5676 2914 5736 ponat
2955 5683 3051 5736 pro
3083 5666 3269 5720 amicis
3299 5667 3447 5735 suis;

1859 5765 1971 5818 sive
1991 5762 2168 5832 potius
2198 5761 2322 5829 quia
2352 5759 2488 5814 sicut
2517 5774 2662 5814 mors
2713 5761 2944 5812 animant
2995 5758 3172 5812 avellit
3199 5773 3226 5811 a
3273 5761 3448 5815 sensi-
3493 5823 3496 5825 _

1861 5858 1958 5912 bus
1987 5856 2191 5918 carnis,
2226 5855 2303 5907 sic
2329 5852 2560 5908 Charitas
2591 5869 2620 5907 a
2644 5853 3090 5923 concupiscentiis
3113 5853 3444 5908 carnalibus.
3490 5835 3509 5854 ”

1865 5951 1997 6010 Huic
2023 5944 2295 6006 subscrvit
2323 5944 2548 6005 scientia
2587 5961 2708 6003 cum
2740 5955 2823 6005 est
2850 5945 3020 6017 utilis,
3053 5961 3172 6004 natu
3206 5938 3324 6004 sine
3356 5944 3448 6005 illo
