3978 6380
520 363 628 424 δεῖ

1643 327 1707 414 ti.
1750 351 2066 413 EUGYPPII
2104 349 2396 410 seems
2433 349 2750 409 AFRICANI

3692 355 3810 415 568

517 477 673 536 ιιιαιι
695 493 712 534 ς
731 474 875 547 quod
904 488 1032 530 vero
1058 472 1146 527 illa
1177 469 1489 528 aediﬁcando
1515 469 1836 537 impleverit,
1870 468 1997 523 nihil
2024 467 2096 522 ibi
2129 476 2176 534 Α
2205 469 2383 525 verius
2410 469 2682 532 sacrisque
2710 465 2902 522 litteris
2920 469 3325 537 congruentius.
3347 469 3418 525 ita
3441 479 3573 525 sunt
3596 469 3808 530 animas

518 568 1116 640 istainanequodinllet
1138 568 1389 620 inveniet.
1415 563 1607 619 Utilem
1637 577 1795 629 porro
1822 563 2102 616 scientiam

517 662 828 721 deﬁniendo
856 661 934 716 sic
979 657 1290 713 menstravit
1311 697 1327 721 .
1357 655 1442 710 ubi
1488 670 1608 709 cum
1648 654 1681 708 d
1708 655 1875 708 sisset
1906 671 1921 706 :
1968 653 2107 708 Ecce

520 756 698 826 pietas
744 765 829 810 est
857 751 1139 818 sapientia,
1190 748 1443 804 continuo
1469 744 1744 816 subiunxit
1774 760 1789 799 :
1820 743 2106 798 Abstinere

519 863 655 905 vero
683 865 711 902 a
744 847 896 902 malis
925 845 1149 901 scientia
1191 855 1292 898 est.
1321 841 1430 896 Cur
1458 855 1588 910 ergo
1619 853 1724 894 non
1753 837 1984 893 dicimus
2013 836 2106 905 qui

522 940 661 996 hanc
691 944 943 994 virtutem
993 935 1153 991 habet
1184 935 1384 990 habere
1425 947 1640 1000 omnes,
1671 947 1793 986 cum
1827 927 2105 1001 plenitudo

519 1033 654 1103 legis
675 1032 742 1086 sit
774 1030 1045 1087 charitas?
1087 1044 1153 1083 an
1183 1044 1254 1098 qu
1276 1037 1384 1083 .nto
1422 1025 1590 1096 magis
1617 1034 1700 1080 est
1745 1026 1799 1078 in
1841 1023 2055 1077 homine
2086 1063 2104 1089 ,

519 1133 671 1181 teuto
691 1123 860 1195 magis
885 1133 969 1178 est
987 1121 1184 1176 virtute
1212 1120 1488 1190 praeditus;
1503 1124 1701 1188 quanto
1715 1125 1892 1169 autem
1907 1115 2104 1184 minus,

519 1229 672 1274 tanto
699 1217 876 1272 minus
897 1216 1034 1270 inest
1052 1213 1101 1269 ei
1135 1217 1324 1278 virtus,
1371 1212 1496 1282 quia
1545 1211 1658 1280 ipsa
1698 1222 1779 1264 est
1822 1211 2012 1271 virtus,
2052 1215 2108 1261 et

517 1321 717 1383 quanto
730 1309 908 1363 minus
930 1307 1068 1363 inest
1094 1307 1285 1371 virtus,
1300 1313 1450 1359 tanto
1477 1307 1645 1370 magis
1661 1311 1742 1358 est
1764 1301 1948 1356 vitium
1962 1298 1986 1353 τ
2003 1297 2106 1355 Ubi

517 1416 648 1472 ergo
669 1402 757 1457 illa
788 1401 944 1470 plena
969 1408 1023 1454 et
1041 1399 1274 1467 perfecta
1303 1398 1457 1452 fuerit
1475 1437 1493 1463 ,
1526 1393 1744 1449 nihilex
1773 1392 1902 1447 vitio
1926 1408 2037 1447 rem
2057 1413 2104 1440 ι-

520 1495 687 1551 nebit.
729 1493 963 1550 Proinde
992 1492 1121 1546 milii
1154 1492 1400 1546 videntur
1438 1489 1600 1545 Stoici
1641 1486 1762 1542 ideo
1801 1485 1910 1541 falli
1937 1527 1952 1551 ,
1983 1487 2102 1557 quia

520 1592 894 1662 proﬁcientem
948 1588 1224 1644 hominem
1284 1587 1336 1640 in
1388 1583 1646 1652 sapientia
1671 1582 1861 1637 nolunt
1888 1581 2106 1637 omnino

519 1684 721 1740 habere
748 1683 1092 1752 sapientiam,
1143 1683 1238 1735 sed
1269 1688 1394 1732 tunc
1417 1677 1616 1732 habere
1641 1689 1761 1728 eum
1785 1674 1836 1728 in
1860 1688 1922 1728 ea
1947 1670 2107 1727 fuerit

520 1779 741 1833 omnino
769 1773 1039 1847 perfectus
1065 1789 1202 1828 :non
1224 1773 1347 1842 quia
1371 1771 1518 1826 illutn
1551 1778 1860 1839 provectum
1886 1775 2105 1838 negant,

2207 563 2534 620 intentiones
2561 571 2618 616 ut
2642 562 2885 631 corporis
2912 561 3174 628 membra,
3203 578 3305 618 non
3333 563 3480 635 quod
3501 565 3806 624 videantur

2204 653 2371 718 locis,
2404 655 2499 710 sed
2543 653 2684 724 quod
2714 653 3017 710 sentiantur
3063 652 3365 719 aﬂectibus,
3406 664 3460 709 et
3500 655 3662 710 aliud
3688 657 3807 712 illu-

2208 748 2441 803 minatur
2483 749 2747 816 amplius,
2788 747 2933 803 aliud
2966 748 3180 814 minus,
3225 747 3363 804 aliud
3393 749 3634 803 omnino
3655 758 3804 806 caret

2207 843 2426 909 lumine,
2443 852 2496 898 et
2511 842 2796 898 tenebroso
2824 841 3162 897 inumbratur
3185 841 3489 906 obstaculo,
3514 842 3798 911 proiecto,

2207 936 2280 992 ita
2303 945 2362 992 ut
2390 937 2615 1006 quisque
2644 935 3000 991 illustratione
3022 934 3120 1002 pia:
3136 932 3671 988 charitatisaﬂectus
3697 945 3799 1000 est,

2207 1033 2263 1086 in
2290 1028 2396 1084 alio
2420 1037 2543 1084 actu
2563 1028 2742 1102 magis
2760 1071 2774 1093 ,
2809 1028 2860 1082 in
2887 1027 2992 1083 alio
3018 1027 3194 1082 minus
3215 1067 3232 1090 ,
3277 1025 3331 1080 in
3362 1025 3470 1080 alio
3500 1025 3674 1091 nihil,
3727 1025 3798 1081 sic

2206 1130 2385 1190 potest
2403 1121 2508 1177 dici
2538 1123 2736 1179 habere
2761 1120 3192 1188 aliam,et‘aﬁam
3221 1133 3328 1178 non
3361 1117 3570 1176 habere
3591 1157 3611 1182 ,
3637 1117 3795 1174 aliam

2206 1213 2376 1283 magis
2397 1213 2555 1268 aliam
2568 1215 2744 1270 minus
2766 1215 2964 1270 habere
2977 1215 3250 1270 virtutem.
3270 1215 3401 1270 Nam
3414 1225 3468 1269 et
3487 1232 3506 1266 ι
3520 1215 3706 1282 Major
3719 1225 3795 1271 est

2208 1303 2379 1360 inisto
2405 1305 2640 1361 charitas
2663 1320 2820 1374 quam
2846 1307 2900 1360 in
2929 1305 3024 1360 illo
3049 1323 3068 1358 ι
3104 1314 3248 1362 recte
3271 1319 3565 1376 possumus
3593 1307 3790 1372 dicere,

2205 1407 2264 1454 et
2289 1398 2511 1468 tAquua
2533 1398 2586 1454 in
2613 1397 2737 1463 isto,
2757 1397 2899 1452 nulla
2915 1397 2970 1453 in
2998 1397 3147 1462 illos,
3178 1408 3435 1469 quantum
3460 1399 3710 1468 pertinet
3733 1399 3790 1453 ad

2208 1491 2524 1548 charitaiem
2546 1533 2564 1558 ,
2594 1507 2712 1560 qua:
2739 1491 2908 1561 pietas
2936 1503 3048 1558 est;
3079 1505 3134 1546 et
3158 1491 3212 1548 in
3242 1493 3360 1562 ipso
3389 1507 3500 1547 uno
3527 1492 3753 1546 homine
3773 1532 3787 1559 ,

2207 1584 2350 1655 quod
2379 1583 2637 1654 majorem
2661 1583 2855 1640 habeat
2876 1585 3184 1654 pudicitiam
3203 1601 3360 1654 quam
3383 1586 3791 1655 patientiam,st

2209 1680 2466 1744 majorem
2498 1677 2660 1734 hodie
2685 1693 2846 1750 quam
2866 1677 3006 1744 beri,
3036 1677 3082 1733 si
3114 1678 3352 1748 prolicit,
3391 1688 3448 1735 et
3474 1679 3666 1735 adhuc
3693 1695 3786 1736 non

2210 1771 2404 1828 habeat
2423 1772 2830 1840 continentiam,
2864 1781 2918 1828 et
2947 1773 3142 1828 habeat
3168 1788 3275 1827 non
3307 1788 3526 1843 parvam
3584 1776 3786 1831 miseri-

519 1872 616 1927 sed
650 1871 752 1924 nisi
798 1884 864 1924 ex
915 1865 1181 1936 profundo
1233 1863 1461 1934 quodam
1505 1859 1829 1931 emergeiido
1882 1866 2104 1927 repente
2137 1862 2180 1921 Β
2209 1865 2470 1921 cordiam.
2525 1864 2588 1919 Et
2617 1875 2676 1920 ut
2703 1864 3027 1934 generaliter
3067 1865 3411 1934 breviterque
3457 1869 3782 1936 complectar

521 1965 718 2019 emicet
748 1962 801 2016 iii
829 1975 987 2016 auras
1008 1958 1280 2028 sapientia:
1303 1957 1522 2019 liberas,
1553 1955 1700 2009 nulla
1728 1969 1792 2008 ex
1819 1962 1964 2022 parte
1989 1965 2108 2007 esse

521 2059 844 2126 sapientein.
895 2054 1044 2109 Sicut
1072 2051 1214 2107 enim
1269 2048 1400 2105 nihil
1453 2050 1675 2103 interest
1723 2045 1788 2100 ad
1831 2043 2107 2099 hominem

523 2146 927 2219 praefocandum
953 2185 970 2212 ,
995 2153 1177 2197 utrum
1205 2155 1396 2211 aquam
1428 2138 1616 2194 stadiis
1643 2136 1824 2192 multis
1862 2150 2022 2206 super
2049 2147 2110 2190 se

523 2241 724 2298 habeat
751 2241 934 2305 altam,
958 2252 1025 2290 an
1044 2250 1205 2290 unum
1231 2233 1467 2302 palmum
1499 2231 1580 2285 vel
1601 2229 1849 2301 digitum,
1879 2229 1957 2283 sic
1985 2226 2109 2281 illos

521 2334 613 2404 qui
647 2333 871 2387 tetidunt
901 2328 971 2384 ad
999 2324 1338 2396 sapientiam,
1370 2322 1630 2392 prolicere
1656 2322 1872 2392 quidem
1901 2309 2132 2383 dicunt,'

520 2430 774 2494 tanquam
824 2423 892 2477 ab
936 2421 1046 2475 imo
1097 2418 1318 2489 gnrgitis
1365 2424 1648 2486 surgentes
1679 2414 1733 2469 in
1780 2427 1983 2477 aerem,
2015 2410 2111 2468 sed

521 2515 626 2572 nisi
655 2523 820 2569 totam
863 2511 1144 2567 stultitiam
1179 2507 1324 2562 velut
1348 2507 1740 2576 Opprimeutem
1767 2519 1960 2575 aquam
1989 2517 2114 2574 pro-

521 2608 775 2672 ﬁciendo,
793 2606 942 2662 velut
959 2602 1306 2677 emcrgendo,
1338 2601 1630 2668 evaserint,
1657 2613 1761 2653 non
1787 2596 1986 2653 habere
2007 2596 2114 2651 vir-

520 2707 725 2767 tutem,
759 2715 861 2755 nec
904 2714 1024 2756 esse
1061 2705 1333 2767 sapientes
1373 2711 1387 2751 :
1443 2692 1535 2749 ubi
1579 2699 1758 2746 antem
1805 2688 2109 2751 evaserint,

521 2810 648 2852 mox
682 2795 882 2850 habere
927 2808 1126 2860 tutam,
1167 2808 1266 2848 nec
1310 2789 1602 2864 quidquam
1650 2784 1890 2840 stultitia
1935 2795 2114 2837 rema-

522 2902 687 2954 nere,
719 2888 860 2943 unde
890 2889 1110 2942 omnino
1150 2886 1314 2940 nllum
1363 2896 1641 2954 peccatum
1665 2879 1834 2950 possit
1859 2880 2113 2933 existere.

523 2985 653 3040 Ilaec
683 2984 1006 3047 similitudo,
1038 2982 1128 3037 ubi
1162 2981 1386 3035 stultitia
1415 2978 1562 3034 velut
1606 2988 1779 3045 aqua,
1804 2981 1862 3028 et
1901 2969 2118 3039 sapien-

524 3079 599 3131 tia
628 3078 771 3131 velut
793 3091 887 3130 aer
916 3075 1152 3143 ponitur,
1180 3084 1234 3128 ut
1257 3074 1468 3127 animus
1512 3086 1542 3122 a
1572 3066 1955 3138 praefocatione
1983 3060 2116 3116 stul-

524 3170 664 3225 titim
711 3179 964 3238 tanquam
1009 3181 1294 3238 emergens
1345 3165 1400 3220 iu
1431 3161 1749 3234 sapientiam
1780 3167 2003 3228 repetite
2033 3171 2120 3211 re-

2206 1974 2366 2030 quam
2412 1957 2480 2013 de
2521 1956 2719 2013 virtute
2750 1955 2925 2012 habeo
2946 1955 3244 2024 nationem,
3272 1957 3414 2028 quod
3442 1957 3512 2013 ad
3539 1969 3689 2015 recte
3713 1961 3780 2014 vi-

2208 2051 2442 2106 vendum
2465 2050 2678 2115 attinet,
2707 2049 2875 2104 virtus
2899 2049 3258 2115 estcbaritas,
3284 2065 3386 2120 qua
3411 2049 3462 2104 id
3503 2053 3649 2119 quod
3669 2051 3778 2107 dili«

2209 2141 2438 2215 gendum
2451 2150 2534 2197 est
2545 2141 2787 2213 diligitur
2801 2157 2818 2196 :
2831 2139 2945 2196 hac
2966 2140 3022 2196 in
3045 2141 3166 2196 aliis
3179 2140 3373 2211 major,
3389 2142 3438 2196 in
3454 2142 3568 2196 aliis
3579 2144 3772 2210 minor,

2209 2233 2264 2290 in
2293 2234 2412 2289 aliis
2432 2233 2573 2288 nulla
2595 2243 2700 2299 est;
2731 2233 3037 2302 plenissima
3065 2247 3196 2288 vero
3217 2248 3340 2304 quae
3359 2233 3452 2303 jam
3473 2248 3571 2289 non
3595 2234 3768 2304 possit

2212 2329 2656 2396 augeri,quandiu
2686 2327 2773 2384 hic
2799 2327 2963 2383 homo
2975 2328 3286 2391 vivit,estin
3305 2327 3760 2393 nemine-,quandiu

2213 2430 2392 2478 autem
2421 2422 2605 2490 augeri
2634 2432 2828 2491 patest,
2877 2422 3119 2492 proiecto
3157 2421 3288 2477 illud
3315 2423 3451 2490 quod
3481 2422 3652 2476 mium
3691 2428 3772 2476 est

2213 2533 2371 2587 quam
2399 2516 2581 2583 debet,
2608 2530 2676 2572 es
2721 2517 2853 2570 vitio
2877 2523 2978 2571 est.
3012 2514 3097 2570 Es
3143 2531 3249 2586 quo
3279 2515 3410 2570 vitio
3459 2529 3564 2569 non
3592 2525 3673 2570 est
3693 2512 3770 2584 ja-

2214 2619 2328 2664 stus
2350 2609 2402 2663 in
2435 2618 2580 2663 terra
2609 2608 2700 2678 qui
2733 2607 2890 2662 faciat
2913 2607 3112 2663 bonum
3140 2615 3196 2661 et
3223 2622 3326 2662 non
3349 2617 3566 2677 peccet;
3590 2621 3654 2662 ea
3676 2620 3768 2677 quo

2215 2703 2352 2757 vitio
2397 2716 2503 2756 non
2545 2700 2926 2770 justilicabltur
2974 2701 3030 2755 in
3058 2711 3344 2771 conspectu
3377 2699 3469 2755 Dei
3518 2698 3765 2756 omnis-ri-

2219 2809 2353 2851 vens
2378 2811 2393 2860 ;
2427 2803 2643 2862 pronter
2669 2791 2812 2861 quod
2843 2791 3110 2853 vitium.si
3135 2791 3434 2847 dixerimus
3455 2791 3579 2861 quis
3603 2803 3758 2854 pecca-

2221 2897 2331 2942 tum
2361 2901 2466 2941 non
2499 2884 2780 2948 habemus,
2807 2898 2905 2939 nos
2931 2883 3077 2952 ipsos
3103 2881 3421 2951 decipimus,
3438 2893 3494 2937 et
3520 2883 3689 2936 veritas
3708 2880 3758 2934 in

2219 2981 2374 3036 nobis
2402 2995 2508 3034 non
2559 2988 2690 3043 est;
2741 2986 2960 3048 propter
3005 2976 3148 3048 quod
3191 2976 3350 3031 etiam
3403 2974 3769 3047 quantumlibet

2220 3069 2629 3144 profecerimus,
2661 3068 3022 3125 necessarium
3043 3076 3126 3122 est
3152 3065 3306 3122 nobis
3325 3066 3513 3122 dicere
3546 3084 3558 3118 :
3586 3065 3773 3120 Dimitte

2225 3163 2382 3219 nobis
2409 3162 2586 3216 debita
2637 3171 2819 3216 nostra
2843 3201 2861 3227 ,
2907 3175 3028 3215 cum
3068 3159 3179 3229 jam
3226 3157 3406 3213 omnia
3437 3157 3494 3212 in
3536 3157 3770 3226 baptismo

525 3267 726 3334 spiret,
755 3280 861 3318 non
893 3262 1021 3318 mihi
1053 3261 1259 3316 videtur
1274 3260 1407 3315 satis
1435 3254 1780 3313 accommoda
1809 3264 2112 3309 nostrarum
2144 3239 2190 3304 C
2221 3257 2387 3324 dicta,
2421 3257 2579 3318 facta,
2607 3263 2860 3326 cogitata,
2904 3253 3126 3309 dimissa
3154 3251 3283 3307 sint.
3316 3250 3478 3306 Videt
3507 3251 3682 3321 itaque
3702 3247 3773 3317 qui

526 3355 772 3422 Scriptur
809 3369 925 3407 rum
957 3351 1259 3407 auctoritati
1286 3393 1304 3420 ,
1332 3352 1425 3408 scil
1474 3349 1561 3404 illa
1590 3347 1800 3419 potius,
1823 3354 1882 3401 ut
1911 3345 2095 3401 vitium

2220 3357 2367 3405 recte
2393 3347 2577 3412 videt,
2613 3345 2726 3411 ubi,
2769 3345 2984 3414 quando
3013 3352 3069 3398 et
3097 3342 3236 3398 unde
3280 3339 3554 3412 speranda
3605 3342 3668 3396 sit
3702 3338 3771 3393 illa

525 3447 612 3500 vel
655 3445 876 3498 stultitia
913 3445 1150 3500 tenebris
1173 3485 1190 3509 ,
1226 3442 1328 3497 luci
1356 3451 1536 3498 autem
1558 3439 1726 3495 virtus
1747 3437 1830 3492 vel
1852 3438 2114 3506 sapientia
2221 3439 2520 3513 perfectio,
2575 3437 2665 3493 cui
2701 3453 2808 3492 non
2855 3437 2925 3492 sit
2953 3435 3094 3505 quod
3125 3434 3285 3505 adjici
3317 3434 3508 3504 possit.
3543 3434 3599 3489 Si
3625 3443 3774 3487 autem

524 3549 890 3608 comparetur,
921 3547 1181 3606 quantum
1208 3534 1310 3590 ista
1335 3534 1533 3588 similia
1563 3533 1630 3587 de
1656 3530 2027 3601 corporalibus
2049 3529 2115 3585 ad
2221 3538 2488 3603 praecepta
2519 3543 2624 3582 non
2655 3536 2862 3593 essent,
2892 3539 2999 3582 non
3031 3526 3214 3594 utique
3261 3533 3412 3581 esset
3438 3524 3531 3580 ubi
3559 3540 3618 3580 se
3640 3524 3776 3578 homo

524 3630 883 3702 intelligibilia
911 3631 1034 3685 duci
1060 3639 1304 3699 possunt.
1337 3627 1452 3683 Non
1485 3627 1664 3698 itaque
1689 3629 1830 3682 sicut
1873 3625 1941 3680 de
1964 3624 2118 3696 aquis
2220 3627 2424 3681 certius
2455 3623 2765 3694 inspiceret,
2795 3631 2851 3677 et
2877 3621 3084 3679 videret
3114 3620 3256 3676 unde
3282 3629 3618 3676 averteretur
3640 3661 3654 3683 ,
3691 3629 3778 3687 quo

525 3727 583 3782 in
623 3741 804 3781 aerem
827 3739 1054 3794 surgens
1085 3765 1102 3790 ,
1148 3723 1236 3777 ubi
1280 3738 1465 3777 earum
1505 3735 1772 3776 summum
1821 3718 2114 3786 transierit,
2221 3731 2552 3784 conaretur,
2603 3731 2773 3787 quare
2826 3716 3231 3787 gratularetur,
3285 3712 3414 3783 quid
3464 3721 3774 3780 precaretur.

525 3833 756 3887 repente
793 3826 1050 3888 quantum
1095 3815 1293 3871 sufﬁcit
1321 3816 1632 3883 inspiratur.
1663 3813 1756 3868 sed
1784 3813 1922 3866 sicut
1949 3811 2018 3867 de
2039 3820 2118 3866 te-
2222 3813 2413 3885 Magna
2443 3822 2524 3869 est
2549 3827 2680 3883 ergo
2712 3811 2916 3865 utilitas
2943 3818 3358 3880 praeceptorum,
3389 3805 3438 3860 si
3469 3805 3629 3860 libero
3652 3799 3776 3855 arbi«

526 3911 710 3966 nebris
743 3912 794 3964 in
826 3909 997 3963 lucem
1049 3908 1374 3977 procedens,
1425 3903 1677 3975 paulatim
1728 3901 2118 3973 progrediendo
2224 3907 2328 3961 trio
2358 3914 2560 3959 tantum
2590 3904 2749 3958 detur
2802 3911 2862 3957 ut
2899 3902 3072 3972 gratia
3103 3900 3198 3955 Dei
3222 3897 3460 3966 amplius
3490 3899 3779 3953 honoretur.

526 4002 888 4068 illuniinatur,
930 4000 1072 4071 quod
1103 4000 1276 4053 donec
1304 3997 1610 4067 plenissime
1636 3995 1759 4058 ﬁat,
1795 3994 1906 4064 jam
1937 4003 2116 4050 tamen
2219 3999 2350 4066 Quae
2380 3997 2424 4050 si
2456 3997 2528 4050 ita
2557 4011 2616 4050 se
2643 3994 2838 4048 habent
2867 4033 2882 4057 ,
2915 3991 3056 4047 unde
3086 3992 3177 4046 ﬁet
3221 3988 3466 4045 omnium
3497 4001 3643 4052 rens,
3672 3987 3710 4038 si
3738 3985 3779 4036 in

524 4110 647 4151 eum
675 4096 904 4151 dicimus
947 4104 1197 4163 tanquam
1222 4092 1290 4146 de
1318 4089 1651 4144 aliditissima
1679 4090 1931 4157 spelunca
1969 4102 2118 4155 ρει-ε·
2220 4103 2330 4145 uno
2355 4086 2611 4150 on‘endat,
2635 4085 2726 4156 qui
2759 4093 2925 4139 totam
2954 4083 3125 4152 legem
3155 4079 3500 4136 servaverit?
3532 4080 3615 4134 An
3664 4077 3781 4129 forte

527 4189 789 4251 dientem,
827 4189 1020 4242 vicinia
1047 4187 1180 4240 lucis
1207 4184 1443 4239 alllatnm
1477 4199 1492 4238 :
1523 4192 1670 4237 tanto
1711 4179 1880 4246 magis
1918 4187 2118 4248 quanto
2220 4180 2344 4248 quia
2377 4176 2652 4249 plenitudo
2699 4176 2832 4247 lo-gis
2882 4174 3120 4230 charitas
3145 4181 3264 4237 est,
3292 4187 3398 4242 qua
3433 4171 3575 4226 Deus
3625 4168 3781 4238 prosi-

529 4280 701 4344 magis
731 4279 1050 4345 propinquat
1080 4277 1344 4343 egressui;
1379 4285 1431 4327 nt
1464 4273 1591 4328 illud
1619 4271 1759 4342 quod
1785 4271 1924 4325 ineo
1954 4270 2114 4335 lucet,
2221 4285 2448 4339 musque
2505 4269 2785 4339 diligitur,
2833 4267 2886 4322 in
2946 4268 3140 4336 quibus
3195 4264 3478 4333 praeceptis
3526 4260 3784 4316 charitatis

531 4371 604 4424 sit
643 4379 822 4438 ut'que
847 4384 913 4421 ea
958 4368 1161 4420 lumine
1203 4382 1308 4436 quo
1353 4367 1730 4436 progreditur,
1768 4363 1898 4420 illud
1937 4375 2115 4418 autem
2222 4372 2330 4419 tota
2363 4363 2446 4418 lex
2496 4362 2692 4432 pendet
2730 4370 2786 4416 et
2834 4359 3136 4429 prophetae,
3170 4357 3364 4413 merito
3404 4356 3464 4411 ιιι
3507 4371 3636 4411 reus
3682 4368 3781 4409 om-

529 4464 672 4534 quod
703 4462 877 4514 adhuc
906 4458 1193 4512 obsmtrutti
1218 4469 1327 4516 est.
1355 4460 1423 4510 sit
1449 4473 1508 4511 ει
1538 4456 1774 4512 tenebris
1802 4458 1944 4511 unde
1966 4470 2117 4526 o-gre-
2220 4457 2403 4522 nium,
2438 4457 2524 4525 qui
2553 4468 2740 4510 contra
2773 4453 2918 4510 illam
2948 4455 3070 4508 iacit
3099 4451 3152 4506 in
3183 4465 3289 4522 qua
3319 4449 3556 4515 pendent
3575 4446 3742 4502 omnia
3766 4445 3787 4498 ?

528 4557 676 4612 ditur
729 4573 742 4607 :
787 4553 832 4608 it
847 4569 968 4624 ique
992 4563 1045 4608 et
1073 4567 1179 4606 non
1208 4547 1587 4620 jttstilicabitur
1619 4567 1667 4603 III
1698 4560 1989 4620 conspectu
2018 4546 2113 4603 Dei
2222 4551 2390 4608 Nemo
2418 4561 2598 4606 autem
2631 4557 2838 4620 peccat,
2870 4547 2976 4602 nisi
3011 4545 3272 4601 adversus
3320 4543 3471 4598 illam
3511 4537 3739 4595 [uiuida
3768 4552 3783 4586 :

527 4647 706 4702 Omnis
729 4644 914 4699 vivens
946 4687 960 4708 ,
991 4652 1046 4699 et
1079 4656 1252 4697 tamen
1293 4642 1470 4711 justus
1497 4655 1566 4694 ex
1601 4639 1702 4695 ﬁde
1727 4641 1897 4694 vii-it:
1941 4649 1994 4695 et
2034 4639 2112 4694 io-
2146 4627 2196 4687 D
2221 4645 2370 4716 quia.
2397 4642 2508 4699 Non
2533 4640 2900 4706 adulterabis,
2949 4654 3055 4694 non
3089 4635 3437 4693 homicidium
3468 4633 3621 4689 iacies
3641 4673 3657 4693 .
3680 4644 3787 4685 B00

527 4739 642 4795 dnti
672 4746 798 4793 sunt
823 4739 988 4792 sancti
1016 4737 1035 4808 j
1064 4739 1242 4798 istiiia,
1275 4735 1413 4788 alius
1443 4735 1632 4803 magis,
1664 4733 1799 4787 alius
1823 4737 2030 4794 m'nus.
2057 4743 2114 4788 et

528 4845 689 4885 nemo
720 4830 803 4884 hic
851 4829 977 4882 vivit
1034 4831 1152 4882 sine
1201 4836 1455 4896 pel-cato,
1487 4836 1540 4881 ct
1573 4827 1674 4880 hoc
1725 4824 1866 4878 alius
1917 4823 2112 4892 magis,

526 4923 666 4977 alius
696 4924 871 4976 minus
903 4935 918 4975 :
949 4919 1181 4989 optimus
1209 4929 1386 4974 antem
1416 4927 1517 4983 est,
1563 4919 1652 4988 qui
1682 4918 1982 4972 minimum.
2007 4917 2114 4972 Sed

524 5014 652 5085 quid
682 5029 811 5084 rgo,
849 5022 1098 5081 tanquam
1124 5013 1322 5066 oblitus
1350 5011 1436 5066 cui
1461 5014 1650 5079 loquor
1669 5051 1686 5077 ,
1727 5009 1936 5065 doctori
1961 5009 2114 5065 sitni-

524 5109 591 5164 lis
622 5107 792 5163 factus
822 5123 940 5162 sum
967 5149 983 5172 ,
1029 5122 1149 5160 cum
1183 5106 1546 5175 proposuerim
1590 5105 1715 5176 quid
1745 5122 1775 5160 a
1827 5117 1878 5161 te
1903 5106 2115 5162 discere

524 5204 726 5258 velim?
753 5203 856 5259 Sed
883 5204 1007 5270 quia
1047 5202 1115 5257 de
1160 5210 1506 5271 peccatorum
1553 5202 1861 5270 parilitate,
1894 5203 2037 5258 unde
2061 5202 2113 5255 in

522 5294 577 5352 id
620 5296 762 5367 quod
795 5295 1019 5364 agebam
1051 5293 1236 5349 incidit
1280 5297 1532 5361 quaestio,
1561 5295 1967 5349 examinandam
2019 5294 2112 5349 tibi

519 5388 844 5443 sententiam
889 5402 1064 5441 meam
1094 5400 1342 5452 pronieie
1366 5395 1678 5445 statueram.
1707 5385 1815 5454 jam
1848 5402 1965 5439 eam
1997 5395 2113 5440 tan-

519 5479 642 5537 dem
709 5481 994 5548 aliquando
1045 5478 1406 5534 concludam:
1441 5479 1566 5549 quia
1613 5479 1714 5533 etsi
1762 5495 1946 5534 verum
1996 5487 2107 5543 est,

520 5588 643 5628 eum
675 5575 762 5642 qui
818 5575 976 5627 habet
1025 5587 1205 5636 unam,
1239 5586 1427 5628 omnes
1466 5571 1667 5626 habere
1694 5571 1914 5628 virtutes
1941 5613 1955 5635 ,
1987 5585 2109 5624 cum

521 5664 610 5734 qui
643 5680 799 5719 unam
828 5681 932 5721 non
965 5665 1162 5732 habet,
1211 5665 1411 5719 nullam
1460 5663 1696 5730 habere;
1735 5679 1832 5718 nec
1863 5664 1940 5718 sic
1985 5677 2111 5732 pec-

521 5769 644 5816 cata
673 5769 799 5816 sunt
825 5763 971 5830 paria
1003 5779 1016 5815 :
1046 5761 1169 5832 quia
1197 5759 1288 5816 ubi
1318 5761 1487 5814 virtus
1516 5755 1661 5811 nulla
1693 5765 1797 5822 εει,
1825 5755 1954 5810 nihil
1991 5754 2137 5835 quin

521 5849 647 5908 dem
675 5860 884 5906 rectum
903 5860 1016 5917 est;
1052 5866 1151 5907 nec
1181 5859 1362 5905 tamen
1395 5848 1517 5903 ideo
1545 5861 1652 5901 non
1681 5854 1764 5902 est
1793 5860 1957 5915 pravo
1983 5855 2124 5916 pra-‘

521 5940 664 6011 vius,
686 5940 1023 6013 disturtoque
1044 5939 1344 5999 distortius.
1360 5938 1421 5997 Si
1435 5944 1637 6006 autem,
1658 5935 1801 6009 quod
1829 5943 1959 6008 puto
1981 5947 2105 5996 esse

2223 4737 2527 4802 furalieris,
2582 4751 2686 4791 non
2742 4734 3114 4800 concupisces,
3161 4745 3215 4787 et
3260 4732 3303 4784 si
3343 4730 3492 4796 quod
3533 4739 3614 4783 est
3655 4723 3787 4780 aliud

2221 4830 2555 4892 mandatum,
2583 4827 2635 4880 in
2670 4825 2772 4882 hoc
2795 4838 3048 4880 sermone
3076 4820 3481 4888 recapitulatur,
3510 4821 3561 4871 in
3584 4813 3789 4886 eoquud

2218 4927 2302 4976 est
2329 4961 2346 4986 ,
2379 4920 2580 4990 Diliges
2624 4915 2924 4986 proximum
2955 4925 3104 4970 tuum
3133 4923 3381 4985 tanquam
3405 4922 3461 4967 te
3487 4913 3680 4982 ipsum.
3715 4909 3790 4964 Di-

2223 5012 2380 5067 lectio
2411 5010 2641 5080 pr-ixitni
2660 5009 2858 5064 malum
2881 5022 2985 5062 non
3010 5019 3290 5076 operatur;
3322 5003 3607 5074 plenitudo
3629 5011 3792 5057 auten

2222 5103 2377 5173 legis,
2403 5100 2657 5156 charitas.
2688 5098 2859 5156 Nemo
2885 5107 3064 5153 autem
3111 5097 3285 5167 diligit
3328 5097 3636 5166 proximum
3660 5135 3677 5158 ,
3705 5090 3794 5146 nisi

2217 5195 2445 5264 diligens
2475 5192 2669 5258 Deum,
2700 5202 2756 5246 ut
2787 5193 2909 5256 hoc,
2937 5201 3194 5259 quantum
3225 5197 3418 5256 potest,
3437 5187 3684 5254 proximo
3712 5185 3797 5237 im-

2218 5287 2437 5358 pendat,
2465 5300 2628 5354 quem
2652 5282 2829 5338 ἀίιίέίι
2866 5291 3120 5353 tanquam
3149 5281 3386 5350 seipsum
3405 5323 3422 5347 ,
3452 5290 3510 5334 ut
3533 5290 3592 5334 et
3623 5280 3706 5332 ille
3726 5275 3796 5331 di-

2215 5381 2346 5450 ligat.
2389 5379 2601 5443 Deum;
2634 5391 2794 5445 quem
2825 5376 2870 5431 si
2917 5376 3034 5444 ipse
3075 5389 3181 5428 non
3211 5373 3423 5442 diligit,
3480 5387 3584 5428 nec
3620 5387 3677 5426 se
3708 5381 3799 5425 nec

2216 5473 2519 5543 proximum
2565 5469 2768 5537 diligit;
2797 5482 2860 5523 ac
2888 5482 2986 5537 per
3009 5465 3140 5531 hoc,
3168 5465 3257 5534 qui
3289 5472 3456 5518 totam
3489 5463 3663 5532 legem
3692 5475 3802 5515 scr-

2215 5563 2452 5624 vaverit,
2487 5562 2532 5617 si
2567 5561 2620 5615 in
2645 5576 2751 5615 uno
2771 5558 3056 5614 oﬂenderit
3079 5597 3094 5620 ,
3123 5557 3183 5611 iit
3206 5554 3448 5610 omnium
3479 5570 3608 5609 reus
3634 5572 3646 5606 :
3679 5553 3804 5619 quia

2213 5663 2402 5712 contra
2444 5651 2759 5709 cliaritatem
2790 5649 2954 5717 facit,
2985 5647 3127 5704 unde
3153 5657 3260 5702 tota
3288 5647 3371 5702 lex
3414 5647 3650 5715 pendet;
3678 5658 3804 5700 reus

2213 5748 2398 5818 itaque
2443 5745 2505 5800 lit
2547 5743 2808 5812 omnium,
2838 5739 3091 5798 faciendo
3119 5750 3305 5796 contra
3349 5750 3676 5810 praeceptum
3705 5780 3723 5802 ,
3750 5739 3805 5794 in

2209 5854 2317 5911 quo
2357 5836 2602 5909 pendent
2631 5835 2835 5893 omnia.
2882 5831 2992 5890 Cur
3027 5847 3159 5904 ergo
3201 5846 3310 5887 non
3350 5829 3606 5887 dicantur
3653 5830 3808 5900 paria

2209 5940 2430 6005 peccata
2448 5931 2474 5992 l
2496 5947 2567 5994 an
2587 5928 2725 5992 forte
2749 5929 2874 6004 quia
2885 5928 3056 6004 magis
3075 5926 3202 5995 iacit
3228 5933 3419 5986 contra
3447 5923 3802 5992 charitatetn.
