3978 6380
175 307 260 366 569
1454 302 1889 364 THESAURUS.
1930 305 2087 367 CAP.
2130 308 2196 366 ll.

3301 317 3409 377 570

173 421 245 489 qui
269 417 468 490 gravius
511 423 738 486 peccat,
781 411 959 471 minus
985 412 1078 483 qui
1119 412 1288 470 levius
1321 453 1338 479 ,
1377 423 1432 471 et
1476 416 1579 471 hoc
1602 417 1722 487 ipso

1839 420 1939 477 Rex
1983 423 2161 493 justus
2201 423 2402 480 sederit
2453 426 2507 480 in
2558 423 2785 492 throno,
2823 427 2944 499 quis
2985 427 3294 500 gloriabitur
3319 447 3410 490 ca-

172 513 290 585 quod
314 511 542 566 admittit
570 510 626 564 fit
669 506 884 576 quidem
929 507 1164 562 omnium
1215 522 1361 572 reus,
1386 508 1478 563 sed
1502 509 1716 580 gravius
1823 521 1965 569 stunt
1994 531 2053 571 se
2077 517 2275 572 habere
2299 519 2429 572 cor?
2457 527 2549 573 aut
2577 519 2696 588 quis
2721 520 3039 589 gloriabitur
3065 523 3320 576 mundum
3349 539 3410 580 se

171 605 491 682 peccans,vel
519 604 572 657 in
603 602 844 673 pluribus
875 615 1121 669 peccans,
1155 601 1326 671 magis
1354 616 1509 665 reus;
1549 601 1718 656 levius
1823 619 1944 662 esse
1970 622 1999 660 a
2028 611 2429 678 peccato?Qua:
2457 611 2618 681 igitur
2637 627 2761 682 spes
2776 622 2894 683 est,
2922 614 3020 668 nisi
3045 615 3410 685 superexaltet

169 710 320 754 autem
336 697 414 752 vel
438 697 490 749 in
525 693 866 764 paucioribus
905 707 1155 762 peccans,
1189 692 1366 746 minus
1385 707 1540 748 reus:
1570 703 1719 749 tanto
1824 697 2257 755 misericordiam
2285 701 2526 772 judicio?
2547 705 2640 760 sed
2668 720 2791 776 erga
2821 707 2940 762 illos
2964 709 3053 778 qui
3102 710 3409 765 misericur-

168 789 347 860 majore
371 789 572 843 scilicet
604 795 779 851 reatu,
805 795 1001 854 quanto
1022 783 1253 852 amplius
1284 800 1298 849 ;
1325 794 1472 840 tanto
1488 785 1716 856 minore,
1821 791 1965 845 diam
1989 793 2229 848 fecerunt
2259 798 2524 852 veraciter
2553 797 2812 854 dicendo:
2843 800 3056 855 Dimitte
3077 801 3234 856 nobis
3253 802 3408 859 debi-

167 881 522 954 quantominus
544 881 885 948 peccaverit:
916 885 1093 932 tamen
1118 876 1324 931 etiamsi
1345 877 1396 930 in
1423 893 1528 932 uno
1552 877 1720 933 oﬂ'en-
1825 887 1876 936 ta
1899 891 2102 950 nostra,
2129 884 2271 938 sicut
2296 896 2347 940 et
2381 903 2481 943 nos
2508 889 2848 957 dimittimus,
2874 901 2928 948 et
2958 895 3076 948 sine
3102 909 3406 950 murmura-

166 975 304 1041 derit,
333 985 454 1028 reus
480 970 718 1026 omnium
738 979 841 1035 est,
868 969 989 1036 quia
1016 978 1204 1022 contra
1226 982 1343 1022 eam
1374 966 1500 1022 facit
1525 969 1577 1022 in
1617 983 1718 1036 qua

1839 977 1971 1033 Lione
1995 979 2195 1034 dando.
2222 981 2452 1038 Hilarem
2484 987 2626 1042 enim
2656 988 2894 1042 datorem
2922 988 3092 1059 diligit
3123 990 3280 1045 Deus.
3302 991 3408 1047 De-

164 1071 374 1146 pendent
385 1069 589 1124 omnia?
601 1070 729 1136 Qua:
745 1067 791 1121 si
806 1080 933 1121 vera
947 1074 1162 1130 sunt.eo
1173 1065 1332 1120 modo
1344 1075 1399 1120 et
1415 1065 1541 1119 illud
1555 1064 1720 1120 absol-
1823 1070 1986 1140 nique
2015 1082 2232 1126 sanctus
2252 1072 2482 1130 Jacobus
2502 1076 2616 1146 jam
2641 1095 2708 1134 ex
2737 1079 2840 1134 isto
2865 1081 2985 1135 loco
3006 1081 3073 1136 de
3102 1083 3410 1137 miser-acor.

163 1165 460 1237 vitur,quod
476 1163 898 1219 aithomoetiam
916 1160 1418 1231 apo~tolicaagratite
1439 1158 1522 1214 ειη
1541 1160 1720 1214 multis
1822 1161 1926 1216 dia:
1956 1163 2209 1232 operibus
2239 1167 2502 1234 loquitur,
2548 1178 2604 1222 ut
2627 1185 2764 1238 quos
2793 1171 3141 1228 vehementer
3165 1172 3252 1227 illa
3282 1186 3408 1227 sen-

162 1261 687 1319 oifeiidimusomnes.
708 1255 908 1312 Omnes
934 1255 1076 1309 enim
1107 1253 1556 1321 oil'endimus,sed
1583 1253 1718 1306 alius
1823 1256 1991 1309 tentia
2042 1265 2305 1312 terruerat
2349 1261 2696 1328 consoletur;
2754 1279 2874 1318 cum
2951 1266 3204 1321 admonet
3278 1281 3410 1336 quo-

160 1357 373 1426 gravius,
405 1353 543 1406 alius
569 1351 759 1414 levius,
790 1356 991 1418 quanto
1012 1348 1238 1417 quissine
1267 1347 1434 1414 magis
1477 1347 1718 1400 minusve
1822 1347 1984 1400 modo
2013 1349 2172 1403 etiam
2217 1361 2430 1419 pecrata
2459 1353 2788 1420 quotidiana,
2821 1358 2937 1411 sine
2961 1360 3154 1428 quibus
3185 1374 3289 1412 non
3323 1358 3410 1413 hic

159 1449 487 1520 peccaverit,
541 1453 689 1498 tanto
722 1446 772 1497 in
815 1450 1036 1511 peccato
1083 1439 1471 1494 committenda
1523 1438 1716 1506 major,
1824 1439 2058 1504 vivitur,
2105 1442 2426 1510 quotidianis
2476 1447 2725 1500 remediis
2756 1450 3059 1517 expientur,
3111 1465 3177 1505 ne
3221 1450 3402 1516 homo,

156 1547 334 1608 quanto
361 1537 414 1590 in
452 1533 722 1605 diligendo
753 1533 860 1587 Deo
886 1542 938 1585 et
969 1530 1221 1602 proximo
1263 1529 1436 1583 minor
1471 1547 1484 1580 :
1516 1536 1572 1583 et
1603 1544 1719 1582 rur-
1822 1529 1915 1598 qui
1961 1545 2082 1585 cum
2133 1532 2186 1584 in
2235 1548 2341 1586 uno
2396 1533 2680 1588 offenderit
2737 1537 2792 1589 tit
2844 1539 3080 1592 omnium
3131 1555 3285 1606 reus,
3353 1541 3408 1596 in

158 1643 244 1683 sus
273 1636 412 1681 tanto
433 1624 488 1696 ἀ,
516 1625 692 1678 minor
739 1625 791 1680 in
821 1624 1030 1691 peccati
1076 1624 1489 1692 perpetratione,
1519 1630 1720 1691 quanto
1822 1623 2009 1675 multis
2033 1623 2357 1677 offendendo
2385 1627 2528 1694 (quia
2557 1627 2606 1679 in
2640 1627 2821 1680 multis
2851 1629 3170 1684 ob‘endimus
3197 1631 3406 1700 omnes)

155 1717 312 1787 major
343 1717 392 1770 in
429 1714 520 1768 Dei
569 1725 624 1769 et
675 1714 908 1782 proximi
963 1713 1268 1769 dilectione.
1321 1713 1492 1766 Tanto
1539 1713 1718 1782 itaque
1824 1727 2074 1782 magnum
2103 1731 2352 1786 aggerem
2377 1727 2556 1773 reatus
2591 1718 2674 1772 sui
2703 1720 3002 1774 minutatim
3033 1723 3312 1776 collectum
3341 1723 3408 1778 ad

154 1807 350 1878 plenior
381 1805 696 1875 iniquitatis,
726 1813 926 1873 quanto
952 1805 1162 1858 iiianinr
1190 1804 1491 1869 cbaritatis;
1523 1814 1576 1858 et
1597 1814 1722 1861 tunc
1751 1806 1801 1868 Β
1830 1809 2059 1862 tribunal
2090 1812 2222 1863 tanti
2271 1811 2468 1879 judicis
2499 1815 2793 1881 pervenat,
2825 1825 2879 1871 et
2922 1829 3039 1871 eam
3091 1832 3248 1886 quam
3303 1835 3408 1874 ηοη

155 1898 567 1971 perfectissimus
598 1899 650 1950 in
695 1899 987 1961 cliaritate,
1041 1900 1254 1967 quando
1284 1897 1414 1952 nihil
1458 1906 1621 1953 restat
1648 1913 1716 1954 ex

150 1989 466 2048 inﬁrmitate.
496 1987 604 2044 Nec
633 2003 796 2050 sane,
822 1996 1079 2058 quantum
1120 1990 1383 2055 arbitror,
1418 1992 1715 2060 putandum

149 2096 226 2141 est
255 2089 364 2141 leve
392 2098 515 2139 esse
549 2095 827 2149 peccatum
856 2125 871 2148 ,
916 2082 968 2137 in
1007 2097 1358 2153 personarum
1404 2087 1718 2155 acceptione

148 2177 339 2235 habere
367 2177 526 2232 tidem
561 2175 768 2230 Domini
823 2176 986 2230 nostri
1039 2176 1166 2232 .lesu
1213 2176 1445 2243 Christi,
1495 2179 1538 2231 si
1570 2179 1717 2234 illam

146 2260 445 2328 distantiam
485 2268 705 2324 sedendi
728 2277 780 2323 et
807 2267 983 2321 standi
1012 2270 1076 2322 ad
1111 2271 1344 2324 honores
1391 2269 1750 2342 ecclesiasti-_

142 2380 234 2421 cos
259 2362 715 2430 referamus.Quis
728 2361 868 2418 enim
899 2362 1030 2416 ferat
1054 2363 1175 2433 eligi
1199 2363 1423 2418 divitem
1451 2364 1516 2418 ad
1538 2363 1718 2419 sedem

143 2457 365 2514 honoris
401 2457 653 2511 Ecclesia:
684 2496 700 2518 ,
751 2464 1059 2523 contempto
1099 2469 1333 2524 paupere
1378 2455 1722 2511 instructiore

140 2559 303 2618 atque
325 2545 626 2601 sanctiore?
671 2544 729 2598 Si
772 2552 950 2596 autem
982 2546 1050 2596 de
1089 2544 1414 2612 quotidianis
1457 2545 1724 2600 consessi-

137 2639 244 2697 bus
271 2637 534 2708 loquitur,
555 2636 675 2703 quis
706 2650 810 2688 non
844 2633 967 2688 hinc
990 2642 1193 2703 peccat,
1226 2636 1269 2688 si
1303 2643 1478 2690 tamen
1513 2643 1719 2703 peccat,

133 2732 245 2791 nisi
270 2747 392 2787 cum
416 2730 555 2799 apud
573 2731 806 2799 seipsum
823 2729 964 2785 intus
989 2728 1059 2782 ita
1076 2728 1297 2796 judicat.
1316 2739 1373 2784 ut
1386 2731 1433 2784 ei
1452 2741 1599 2785 tanto
1613 2747 1723 2787 me-

136 2830 454 2894 liorquanto
474 2827 636 2881 ditior
663 2825 886 2880 illoesse
913 2823 1191 2880 videatur?
1219 2822 1326 2877 Hoc
1346 2822 1490 2876 enim
1514 2822 1723 2879 videtur

132 2921 469 2995 signiﬁcasse
508 2919 736 2975 dicendo
769 2919 991 2973 :Nonne
1015 2917 1267 2986 judicatis
1295 2916 1433 2984 apud
1478 2926 1721 2971 vosmet-

136 3017 312 3085 ipsos,
340 3022 396 3068 et
434 3011 556 3067 facti
583 3013 718 3066 estis
741 3009 951 3081 judices
979 3008 1357 3078 cogitationum
1393 3005 1726 3077 iniquarum?

131 3107 248 3165 Lex
279 3107 458 3172 itaque
479 3104 774 3165 libertatis,
809 3103 893 3156 lex
914 3100 1192 3156 charttatis
1207 3109 1309 3162 est,
1339 3101 1406 3152 de
1431 3115 1530 3168 qua
1561 3099 1720 3152 dicit:

1822 1900 1950 1955 fecit
1982 1901 2406 1956 misericordiam
2457 1921 2561 1958 non
2609 1907 2863 1973 inveniat,
2894 1908 2986 1962 sed
3015 1909 3195 1976 potius
3231 1910 3411 1965 dimit-

1822 1994 1984 2046 tendo
2039 2001 2197 2063 atque
2250 1994 2426 2049 dando
2479 2005 2750 2051 mereatur
2797 1999 2896 2052 sibi
2951 1999 3148 2054 dimitti
3198 2001 3407 2067 debita,

1819 2083 2082 2154 reddique
2128 2088 2410 2153 promissa.
2454 2088 2618 2142 Multa
2669 2091 2775 2144 dixi
2829 2091 3018 2162 quibus
3049 2093 3142 2146 tibi
3191 2095 3408 2149 tredium

1820 2166 2062 2229 fortassis
2095 2177 2474 2246 interrem,qui
2504 2180 2641 2246 haec,
2675 2197 2793 2250 qua
2843 2191 2950 2236 tam
2979 2185 3268 2252 approbas,
3301 2202 3407 2241 non

1821 2280 2106 2331 exspectas
2132 2269 2372 2334 discere,
2416 2272 2534 2338 quia
2565 2286 2625 2325 ea
2665 2275 2856 2325 docere
2880 2273 3167 2330 consuesti.
3201 2277 3253 2330 Si
3282 2276 3410 2343 quid

1823 2371 2001 2412 autem
2031 2369 2113 2412 est
2144 2359 2195 2412 in
2227 2363 2600 2430 eis,quantum
2625 2363 2690 2414 ad
2719 2379 2806 2418 res
2835 2365 2976 2429 ipsas
3008 2367 3236 2434 pertinet
3260 2370 3406 2438 (nam

1824 2451 1967 2520 quali
1997 2451 2210 2516 eloquio
2234 2454 2496 2517 explicata
2543 2455 2649 2507 sint
2674 2470 2778 2506 non
2825 2455 2981 2508 nimis
3008 2455 3185 2528 curo),
3209 2457 3254 2510 si
3283 2457 3411 2526 quid

1827 2555 1958 2611 ergo
1988 2551 2071 2594 est
2099 2539 2152 2594 in
2181 2543 2260 2596 eis
2281 2541 2423 2612 quod
2438 2544 2795 2599 eruditionem
2812 2544 3047 2599 oifendat
3075 2555 3240 2609 tuam,
3267 2563 3410 2616 quat-

1827 2650 1890 2690 so
1938 2645 1997 2690 ut
2050 2637 2399 2692 rescribendo
2441 2638 2761 2703 admoneas,
2791 2650 2846 2694 et
2887 2654 2972 2695 me
3009 2640 3278 2710 corrigere
3305 2656 3410 2696 non

1825 2731 2091 2800 graveris.
2134 2729 2320 2784 infelix
2352 2739 2435 2786 est
2485 2733 2625 2785 enim
2686 2731 2776 2801 qui
2825 2747 2931 2786 non
2982 2741 3157 2787 tantos
3209 2744 3264 2788 et
3305 2744 3410 2787 tam

1828 2831 2044 2877 sanctos
2069 2832 2278 2876 tuorum
2303 2822 2602 2878 studiorum
2639 2824 2848 2879 labores
2884 2834 2940 2880 et
2968 2825 3127 2892 digne
3157 2825 3410 2893 honorat,

1827 2921 1884 2966 et
1910 2913 1977 2967 de
2002 2913 2082 2966 bis
2107 2913 2332 2967 Domino
2354 2915 2460 2968 Deo
2479 2927 2660 2970 nostro
2678 2956 2693 2980 ,
2726 2916 2877 2985 cujus
2908 2932 3130 2972 munere
3158 2917 3282 2974 talis
3307 2934 3365 2974 es
3392 2960 3409 2985 ,

1829 3006 2027 3074 gratias
2055 3007 2183 3074 agit.
2218 3005 2370 3062 Unde
2404 3021 2524 3060 cum
2574 3007 2825 3062 libentius
2853 3007 3078 3064 debeam
3109 3026 3138 3063 a
3178 3011 3412 3080 quolibet

1830 3097 2042 3154 discere
2104 3099 2246 3168 quod
2298 3101 2555 3156 inutiliter
2635 3101 2866 3171 ignoro,
2922 3119 3081 3171 quam
3155 3106 3413 3175 promptis

130 3199 189 3257 Si
223 3208 403 3254 tamen
434 3197 606 3266 legem
636 3195 891 3266 perticiiis
932 3195 1196 3264 regalem,
1240 3193 1533 3248 secundum
1582 3193 1726 3248 St-ri-
1752 3183 1802 3248 C
1832 3193 2103 3266 quoslibet
2131 3192 2328 3248 docere
2358 3195 2498 3265 quod
2548 3197 2661 3249 scio
2685 3237 2701 3259 ,
2742 3205 2943 3266 quanto
2973 3197 3170 3266 justius
3214 3198 3312 3254 abs
3360 3209 3412 3254 te

128 3303 351 3362 pturas,
382 3289 585 3359 Diliges
614 3288 914 3359 proximum
947 3298 1091 3340 tuum
1129 3285 1269 3341 sient
1300 3287 1550 3354 teipsum,
1591 3285 1726 3340 bene

125 3385 326 3441 facitis.
366 3381 424 3438 Si
455 3392 634 3437 autem
680 3393 942 3450 personas
984 3378 1246 3447 aet-ipitis,
1291 3385 1565 3446 peccatum
1593 3391 1724 3445 0pc-

123 3476 369 3539 ramini,
413 3471 683 3542 redarguti
726 3486 758 3525 a
806 3470 923 3538 lege
973 3468 1125 3538 quasi
1173 3480 1618 3538 transgressores.
1663 3468 1730 3523 Et

123 3578 256 3641 post
286 3567 429 3622 illam
450 3563 796 3629 sententiam,
825 3560 1306 3630 adintelligendum
1331 3560 1728 3624 difﬁcillimam,

120 3659 195 3715 de
222 3673 332 3728 qua
375 3659 507 3713 satis
543 3655 655 3711 dixi
711 3653 854 3724 quod
895 3652 1180 3708 dicendum
1234 3651 1455 3722 putavi,
1487 3650 1732 3706 eamdem

117 3750 311 3821 legem
345 3749 608 3805 libertatis
652 3761 1079 3803 commemorans
1113 3763 1126 3801 :
1161 3745 1251 3802 Sic
1299 3745 1613 3815 loquimini,
1648 3746 1730 3799 in-

115 3846 276 3917 quit,
305 3853 360 3899 et
406 3850 486 3900 sic
515 3843 674 3900 facile
701 3885 717 3909 ,
747 3843 885 3897 sicut
917 3857 1011 3912 per
1052 3842 1222 3911 legem
1257 3842 1522 3898 libertatis
1544 3884 1559 3906 ,
1595 3842 1731 3897 inci-

112 3943 348 4010 pientes
371 3936 623 4006 judicari.
644 3935 710 3991 Et
737 3937 986 4003 quoniam
1015 3934 1140 4003 quid
1176 3935 1333 4003 paulo
1360 3944 1486 3989 ante
1515 3935 1730 4000 dixerit,

109 4031 312 4093 novit,
343 4028 607 4095 Quoniam
637 4028 690 4081 in
716 4028 901 4081 multis
940 4027 1262 4081 oﬂendimus
1291 4043 1510 4092 omnes,
1542 4043 1736 4096 sugge-

110 4125 200 4180 rit
225 4120 579 4186 dominicam,
613 4130 862 4187 tanquam
883 4119 1242 4187 quOtidianam
1268 4119 1612 4187 quotidianis,
1632 4120 1734 4174 etsi

105 4213 486 4282 levioribus,
551 4223 731 4266 tamen
813 4211 1150 4277 vulneribus,
1204 4211 1546 4267 medicinam.
1588 4210 1739 4265 Judi-

106 4308 282 4366 cium
314 4304 485 4370 enim,
547 4304 760 4374 inquit,
799 4305 918 4359 sine
951 4302 1319 4358 misericordia
1388 4301 1461 4356 il‘i
1494 4303 1580 4372 qui
1631 4317 1734 4356 non

115 4403 279 4462 facit
311 4398 761 4456 misericordiam.
786 4395 922 4451 llinc
951 4395 1091 4450 enim
1119 4403 1176 4449 et
1212 4393 1470 4448 Dominus
1500 4409 1512 4445 ξ
1552 4392 1738 4448 Dimit-

109 4502 261 4566 tite,
300 4493 498 4566 inquit,
525 4501 582 4550 et
620 4492 918 4546 dimittetur
943 4489 1132 4553 vobis;
1163 4488 1287 4542 date
1328 4496 1381 4542 et
1407 4486 1620 4540 dabitur
1646 4502 1738 4540 vo-

1830 3285 1930 3339 hoc
1958 3286 2232 3339 cltaritatis
2261 3285 2498 3340 debitum
2529 3286 2898 3356 ﬂagito,cujus
2921 3288 3187 3354 doctrina,
3221 3291 3272 3343 in
3309 3305 3409 3344 no-

1831 3378 1977 3432 mine
2004 3387 2060 3432 et
2090 3379 2358 3446 adiutorio
2391 3378 2625 3442 Domini,
2660 3390 2862 3433 tantum
2911 3381 2965 3434 in
2998 3379 3183 3435 Latina
3230 3381 3412 3450 lingua

1832 3471 2216 3526 ecclesiastica
2247 3469 2439 3524 litterae
2460 3469 3090 3539 adjuttesunt,quantum
3123 3486 3415 3540 numquam

1833 3571 1989 3617 antea
2019 3570 2302 3635 pqtuerunt
2333 3561 2346 3613 !
2383 3561 2609 3616 Maxime
2637 3570 2816 3615 tamen
2859 3562 3014 3615 istam
3046 3562 3367 3617 sententiam
3403 3579 3414 3594 ·

1835 3657 2150 3725 Quicunque
2174 3664 2336 3708 totam
2367 3653 2537 3724 legem
2567 3654 2882 3722 servaverit,
2911 3653 3144 3708 oﬂ'endat
3167 3664 3345 3709 autem
3366 3657 3417 3710 in

1836 3763 1965 3814 uno,
1993 3747 2165 3802 factus
2192 3757 2276 3802 est
2301 3746 2540 3801 omnium
2573 3761 2718 3812 reus,
2751 3747 2796 3802 si
2826 3761 2933 3818 quo
2963 3745 3071 3800 alio
3121 3745 3282 3799 modo
3309 3758 3417 3800 me-

1837 3840 1943 3896 lius
1984 3842 2180 3910 exponi
2213 3855 2369 3907 posse
2417 3841 2565 3894 novit
2592 3839 2807 3894 dilectio
2833 3849 2920 3893 tua
2942 3877 2957 3902 ,
3006 3850 3102 3907 per
3133 3839 3418 3895 Dominum

1835 3935 2062 3989 obsecro
2090 3943 2148 3989 ut
2178 3932 2230 3987 id
2262 3935 2539 3989 nobiscum
2572 3935 2971 3987 communicare
2997 3932 3255 3996 digneris.

2471 4061 2698 4117 CAPUT
2737 4061 2799 4115 II.

1841 4155 1919 4210 De
1951 4156 2206 4224 pradictis
2227 4165 2445 4223 quatuor
2462 4154 2750 4224 virtutibus,
2780 4169 2917 4224 quas_
2935 4154 2988 4206 in
3016 4151 3265 4224 superiori
3295 4151 3422 4224 libro

1913 4221 2165 4280 distinxit.
2200 4221 2262 4278 1;.
2299 4225 2358 4278 Li
2395 4241 2453 4276 ro
2499 4234 2560 4276 de
2590 4223 2820 4276 Moribus
2869 4221 3115 4276 Ecclesia:
3156 4222 3424 4275 cat/tolij

1909 4297 2204 4364 disputans,
2234 4301 2304 4348 ad
2327 4311 2480 4348 unum
2504 4311 2589 4348 eas
2620 4295 2920 4348 mandatum
2945 4293 3135 4356 retulit,
3165 4291 3420 4346 charitatt'.

1911 4387 2052 4444 Nihil
2074 4387 2231 4457 igitur
2258 4387 2400 4440 aliud
2424 4396 2504 4440 est
2527 4389 2784 4453 Optimum
2806 4385 3036 4438 hominis
3055 4424 3070 4448 ,
3099 4385 3184 4438 cui
3215 4383 3424 4440 haerere

1839 4480 2209 4537 beatissimum
2233 4479 2325 4542 sit,
2356 4478 2459 4532 nisi
2483 4476 2646 4532 Deus.
2670 4475 2764 4530 Cui
2793 4475 3000 4530 Itast-ere
3024 4486 3170 4530 recte
3205 4491 3308 4529 nan
3334 4491 3424 4530 va-

109 4592 234 4649 bis.
277 4585 659 4658 Superexaltat
686 4590 864 4638 autem
899 4579 1322 4638 misericordiam
1348 4579 1573 4648 judicio.
1617 4576 1733 4632 Non
1765 4572 1820 4634 D
1846 4573 2018 4628 lemus
2048 4571 2151 4626 nisi
2181 4571 2470 4626 dilectione
2501 4587 2513 4622 :
2548 4583 2782 4638 namque
2811 4567 2939 4623 illud
2965 4581 3086 4637 qua:
3111 4566 3425 4636 quadripar-

109 4683 344 4739 dictum
367 4689 473 4745 est,
507 4676 672 4732 vincit
693 4673 1122 4730 miscricordiam
1142 4671 1402 4740 judicium
1422 4682 1570 4738 ,‘non
1591 4669 1732 4723 enim

114 4788 208 4832 est
241 4773 479 4829 adversa
500 4770 726 4840 judicio,
756 4769 847 4823 sed
874 4767 1256 4837 superexaltat,
1284 4765 1406 4834 quia
1438 4767 1614 4833 plures
1642 4780 1737 4828 per

115 4863 576 4924 misericordiam
626 4861 982 4928 colliguntur,
1038 4858 1130 4912 sed
1162 4856 1256 4926 qui
1311 4855 1733 4910 mi~ericordiam

113 4961 537 5034 praestiterunt.
569 4955 717 5009 Beati
742 4952 888 5007 enim
917 4949 1313 5006 misericordes.
1348 4947 1465 5014 quia
1496 4950 1731 5016 ipsorum

113 5047 493 5109 miserebitur
523 5045 688 5101 Deus.
727 5043 795 5098 Et
841 5041 943 5096 boc
972 5039 1154 5107 utique
1180 5039 1379 5108 justum
1422 5047 1501 5091 est
1527 5077 1544 5101 ,
1571 5046 1629 5090 ut
1655 5037 1738 5092 di-

115 5143 396 5198 mittatur
424 5137 532 5204 eis,
555 5136 674 5207 quia
705 5134 1057 5201 dimiserunt,
1085 5141 1140 5185 et
1164 5129 1323 5184 detur
1344 5129 1422 5183 eis
1441 5170 1457 5195 ,
1490 5127 1613 5194 quia
1639 5127 1738 5182 de-

114 5236 369 5292 derunt.
404 5232 546 5286 Inest
572 5231 768 5300 quippe
829 5229 937 5282 Deo
978 5237 1030 5280 et
1060 5224 1428 5280 misericordia
1455 5221 1738 5292 judicanti,

114 5339 178 5385 et
202 5325 486 5402 judicium
514 5319 832 5377 miseranti:
865 5329 1080 5388 propter
1121 5315 1263 5387 quod
1293 5314 1342 5370 ei
1372 5313 1567 5369 dicitur
1599 5330 1611 5365 :
1644 5312 1740 5366 Mi-

102 5414 498 5476 sericordiam
527 5412 856 5481 etjudicium
888 5411 1128 5466 cantabo
1161 5408 1280 5473 tibi,
1318 5406 1572 5471 Domine;
1613 5419 1732 5460 nam

102 5512 393 5585 quisquis
413 5513 560 5563 velut
603 5505 827 5560 nimium
866 5505 1046 5573 jUsIUS
1069 5501 1331 5571 judicium
1368 5502 1486 5554 sine
1526 5499 1738 5555 miseri-

105 5604 326 5663 cordia
377 5601 531 5672 quasi
579 5613 801 5655 securus
849 5604 1168 5664 exspectat,
1213 5594 1344 5647 iram
1386 5592 1738 5663 iustissimam

107 5701 444 5770 provocat,
469 5706 626 5763 quam
655 5689 852 5743 timens
880 5687 970 5741 ille
994 5686 1163 5739 dicit:
1189 5683 1266 5738 Ne
1310 5686 1476 5739 intres
1516 5684 1566 5737 in
1591 5680 1736 5751 judi-

105 5792 210 5845 cio
245 5791 392 5843 cum
420 5798 579 5840 servo
605 5792 716 5838 tuo.
752 5779 904 5837 Unde
928 5776 1126 5833 dicitur
1165 5776 1362 5846 populo
1388 5773 1691 5830 contumaci
1721 5790 1734 5825 :

107 5876 278 5953 Quid
333 5875 501 5933 vultis
545 5887 755 5931 mecum
791 5868 997 5944 judicio
1042 5866 1406 5928 contendere?
1432 5865 1564 5923 Cum
1595 5863 1770 5959 enim

1843 4665 1936 4720 tita
1968 4663 2160 4718 dicitur
2203 4663 2407 4729 virtus,
2442 4676 2506 4716 ex
2561 4661 2727 4730 ipsius
2776 4659 2979 4714 amoris
3020 4661 3166 4713 vario
3197 4659 3423 4728 quodam

1840 4758 2036 4812 aﬂectu
2067 4754 2298 4825 dicitur,
2359 4765 2417 4809 ut
2448 4755 2799 4824 temperantia
2839 4754 2909 4808 sit
2955 4768 3103 4807 amor
3158 4755 3425 4822 integrum

1841 4866 1902 4906 se
1933 4851 2179 4920 praebens
2224 4849 2277 4905 ei
2307 4848 2446 4916 quod
2475 4860 2724 4911 amatur;
2759 4846 3034 4912 iortitudo,
3063 4861 3214 4901 amor
3270 4845 3425 4902 facile

1844 4947 2082 4998 tolerans
2113 4943 2292 4995 omnia
2324 4948 2543 5010 propter
2572 4940 2712 5008 quod
2757 4950 2995 5003 amatur;
3023 4939 3230 5010 justitia
3275 4952 3428 4993 amor

1841 5034 1945 5089 soli
1977 5043 2157 5088 amato
2186 5033 2432 5088 Serviens
2456 5075 2471 5100 ,
2503 5040 2558 5086 et
2608 5040 2887 5100 propterea
2922 5041 3066 5086 recte
3095 5030 3379 5083 dominans
3408 5043 3424 5084 :

1845 5124 2132 5195 prudentia
2159 5164 2174 5190 ,
2209 5139 2361 5178 amor
2404 5140 2466 5179 ea
2497 5123 2688 5194 quibus
2714 5122 3002 5193 adjuvatur
3037 5121 3105 5175 ab
3133 5123 3213 5174 eis
3232 5119 3425 5188 quibus

1842 5215 2135 5284 impeditur
2179 5217 2444 5285 sagaciter
2472 5217 2675 5283 eligens
2708 5232 2723 5272 :
2753 5215 2848 5270 sed
2881 5215 3020 5268 hunc
3049 5226 3286 5266 amorem
3320 5227 3425 5267 non

1841 5305 2167 5375 cujuslibet,
2202 5304 2295 5360 sed
2353 5306 2444 5360 Dei
2482 5321 2604 5361 esse
2644 5306 2911 5369 diximus,
2969 5301 3020 5356 id
3069 5310 3186 5366 est,
3230 5302 3427 5355 summi

1839 5398 2010 5463 boni,
2067 5413 2291 5452 summa:
2337 5399 2659 5466 sapientiae,
2714 5408 3049 5463 summaeque
3100 5391 3423 5446 concordiae.

1841 5489 2018 5558 Quare
2061 5488 2285 5544 delinire
2312 5494 2472 5544 etiam
2503 5490 2582 5544 sic
2613 5490 2756 5552 licet,
2816 5492 2874 5538 ut
2912 5481 3320 5553 temperantiam
3344 5481 3428 5536 di-

1841 5593 2026 5635 camus
2049 5595 2169 5635 esse
2197 5595 2436 5634 amorem
2474 5580 2582 5633 Deo
2608 5593 2666 5632 se
2713 5577 2978 5643 integrum
3036 5573 3428 5640 incorruptum-

1840 5686 1947 5743 que
1970 5682 2295 5737 servantem;
2327 5670 2688 5726 fortitudinem
2712 5679 2972 5733 amorem,
2997 5678 3173 5718 omnia
3208 5672 3428 5732 propter

1845 5764 2015 5820 Deum
2047 5765 2203 5822 facile
2251 5765 2609 5835 perierentem
2636 5776 2650 5825 ;
2677 5758 2962 5829 justitiam,
3014 5770 3258 5812 amorem
3315 5754 3425 5814 Deo

1844 5865 2049 5918 tantum
2081 5860 2432 5928 servientem,
2455 5861 2511 5912 et
2533 5853 2604 5912 ob
2631 5853 2733 5910 hoc
2775 5851 2913 5910 bene
2941 5849 3291 5923 imperantem
3317 5860 3420 5905 cat-
