3978 6380
522 344 625 404 571

1617 331 1683 387 Ι).
1724 322 2049 386 ευσγρῐιιι
2084 314 2376 380 ABBATiS
2414 317 2738 377 AFRICANI

3723 318 3833 373 57!

522 460 655 521 teris
676 468 798 531 qua
822 446 1028 513 homini
1054 452 1291 524 subjecta
1319 453 1463 513 sunt;
1488 440 1848 516 prudentiam,
1870 452 2109 495 amorem
2141 430 2191 501 Α
2215 450 2335 508 quae
2375 427 2752 505 praetereundo
2774 428 2828 485 in
2851 427 3111 486 memoria
3139 426 3538 499 derelinquent,
3571 426 3831 497 reperie-

526 550 667 613 bene
689 529 1082 608 discernentem
1114 561 1176 603 ea
1202 542 1398 616 quibus
1439 539 1728 610 adjuvetur
1760 536 1812 590 in
1846 534 2009 589 Deum
2045 529 2113 585 ab

530 644 618 703 his
644 646 837 718 quibus
877 635 1125 709 impediri
1176 640 1374 706 potest.
1408 629 1547 701 Quid
1578 626 1807 697 amplius
1849 624 1918 680 de
1955 622 2116 677 mori-

532 742 637 801 bus
663 716 978 813 disputem?
1007 730 1066 791 Si
1090 735 1234 789 enim
1274 731 1413 785 Deus
1451 734 1535 783 est
1578 738 1844 779 summum
1882 716 2116 774 hominis

534 811 773 900 bonum,
802 824 944 902 quod
985 826 1169 897 negari
1203 838 1309 879 non
1342 827 1551 892 potest,
1594 817 1839 888 sequitur
1862 811 2118 885 quoniam

537 940 803 985 summum
822 900 1031 978 bonum
1060 927 1316 989 appetere
1342 920 1426 972 est
1453 912 1592 968 bene
1630 910 1812 965 vivere
1833 946 1849 973 ,
1890 914 1949 961 ut
1988 900 2121 958 nihil

540 1020 612 1076 sit
633 1012 774 1073 aliud
803 1014 942 1070 bene
968 1012 1157 1067 vivere
1195 1024 1354 1079 quam
1387 1013 1501 1062 toto
1548 1002 1743 1063 corde.
1774 1007 1887 1055 tota
1919 999 2118 1061 anima,

537 1102 650 1166 tota
680 1117 862 1163 mente
904 1104 1131 1175 diligere
1170 1099 1342 1157 Deum
1381 1113 1412 1153 a
1451 1112 1558 1169 quo
1599 1092 1822 1158 existit,
1856 1101 1913 1147 ut
1942 1091 2125 1145 incor-

540 1208 732 1274 ruptus
757 1200 809 1255 in
837 1212 903 1253 eo
939 1211 1093 1251 amor
1132 1202 1294 1264 atque
1333 1193 1539 1260 integer
1576 1183 1943 1250 custodiatur,
1982 1177 2125 1251 quod

544 1268 627 1350 est
650 1287 1050 1361 temperantiae;
1088 1284 1250 1340 nullis
1282 1286 1554 1351 frangatur
1582 1275 1957 1341 incommodis,
1984 1268 2128 1342 quod

544 1398 626 1446 est
642 1384 943 1449 fortudinis;
959 1378 1092 1436 nulli
1107 1378 1194 1433 alii
1213 1372 1583 1444 serviat,quod
1600 1368 1933 1440 estjustitiae;
1949 1364 2131 1434 vigilet

2218 543 2387 585 mus:
2421 527 2542 599 quia
2591 535 2646 581 et
2678 534 2804 580 tunc
2860 524 3078 579 trinitas
3120 523 3243 588 erit,
3287 538 3410 578 cum
3463 521 3605 577 illud
3640 522 3830 593 quale-

2218 635 2430 691 cunque
2474 618 2796 689 vestigium,
2865 626 2922 671 et
2986 615 3300 671 memoriter
3350 616 3730 681 retinebitur,
3779 622 3833 672 et

2220 722 2542 785 agnoscetur
2568 711 2832 768 veraciter
2859 750 2875 778 ,
2905 719 2960 766 et
2989 709 3095 765 hoc
3122 691 3407 779 utrumque
3435 708 3605 764 tertia
3636 707 3831 763 volun-

2202 804 2329 862 ‘tate
2352 804 2632 876 jungetur.

2844 891 3070 948 CAPUT
3103 889 3194 948 IV.

2178 1000 2181 1005 ‘
2224 989 2306 1047 De
2329 998 2552 1062 quatuor
2568 986 2956 1062 faﬂ'ectionibus,
2987 1000 3179 1062 quasue
3200 982 3444 1062 Cicerone
3472 976 3832 1062 perturbatio:

2300 1048 2408 1127 tice,
2436 1062 2496 1114 ob
2523 1049 2642 1113 aliis
2674 1048 2955 1124 passiones
2983 1048 3293 1127 appellatas,
3348 1048 3617 1127 Virgilius
3646 1052 3832 1127 [remitti

2299 1124 2507 1259 ἴφια
2536 1146 2743 1185 carnem
2760 1132 2925 1184 inesse
2946 1124 3079 1181 dixit
3102 1142 3122 1191 ;
3149 1140 3212 1180 es
3236 1124 3368 1179 libro
3393 1140 3484 1179 ιη
3519 1125 3601 1177 de
3632 1124 3833 1178 Civium

2355 1222 2421 1258 et.

2301 1296 2671 1368 Aggravamur
2698 1307 2827 1363 ergo
2856 1289 3189 1360 corruptibili
3238 1301 3506 1357 corpore,
3560 1296 3631 1342 et
3668 1286 3823 1357 ipsius

2233 1387 2626 1459 aggravationis
2663 1399 2880 1441 causam
2901 1425 2917 1450 ,
2948 1397 3057 1438 non
3086 1390 3334 1436 naturam
3365 1380 3830 1447 substantiamque

543 1484 597 1539 in
636 1474 1008 1534 discernendis
1048 1474 1244 1539 rebus,
1285 1486 1353 1525 ne
1391 1468 1601 1523 fallacia
1629 1464 1884 1537 paulatim
1910 1461 2132 1514 doiusve
2235 1481 2501 1551 corporis,
2540 1479 2635 1535 sed
2681 1478 2803 1549 eius
2846 1475 3250 1543 corruptionem
3291 1472 3553 1537 meum,
3596 1472 3830 1528 “omum

546 1577 823 1645 subrepat,
853 1570 996 1643 quod
1022 1577 1106 1627 est
1144 1564 1466 1639 prudentiae.
1501 1562 1627 1617 Haec
1655 1568 1738 1616 est
1766 1555 2001 1613 hominis
2028 1566 2133 1607 una

2269 1588 2463 1645 orpore
2493 1570 2805 1636 exspoliari,
2838 1568 2932 1624 sed
2965 1567 3085 1637 ejus
3110 1564 3522 1622 immortalitate
3546 1564 3760 1619 vestiri:
3785 1571 3828 1617 et

547 1669 840 1742 perfectio,
899 1679 1022 1737 quae
1060 1662 1175 1717 sola
1216 1660 1467 1731 impetrat
1530 1664 1586 1710 ut
1627 1652 1870 1709 veritatis
1913 1649 2135 1702 sinceri-
2238 1675 2369 1721 ωηο
2396 1665 2540 1720 enim
2570 1664 2694 1729 em,
2742 1661 2837 1717 sed
2868 1660 2990 1730 quia
3017 1657 3369 1727 σοπυριίδηο
3396 1671 3510 1711 non
3558 1658 3695 1721 erit,
3739 1669 3827 1709 ω,

548 1772 657 1819 tate
685 1758 1012 1833 perfruatur.
1047 1754 1172 1810 Hmc
1202 1752 1358 1808 nobis
1387 1750 1734 1806 Testamento
1756 1754 1980 1812 utroque
2007 1756 2137 1795 con—
2169 1824 2211 1833 Α
2243 1758 2511 1830 gravabit.
2553 1758 2828 1826 Λευ-ππ
2874 1767 3007 1823 ergo
3048 1767 3203 1807 nunc,
3221 1750 3462 1805 animm,
3500 1763 3709 1818 corpus
3728 1762 3827 1801 ωε,

553 1824 783 1923 sinitur,
824 1853 939 1908 haec
977 1848 1135 1906 nobis
1174 1847 1300 1902 hinc
1337 1853 1499 1916 atque
1537 1843 1662 1897 inde
1690 1839 1967 1896 suadetur.
2007 1834 2138 1901 Diiig

2267 1824 2517 1919 ξυιιιιιιιιε,
2569 1824 2930 1917 οίίάθρτίωίι
2981 1854 3194 1900 terrena
3245 1842 3574 1898 inhabitatio
3632 1854 3827 1897 sensum

550 1964 742 2023 gamus
769 1946 930 2017 igitur
959 1945 1125 2000 Deum
1148 1956 1218 1997 ex
1250 1948 1365 1994 toto
1385 1935 1580 2000 corde,
1608 1948 1675 1989 ex
1706 1941 1815 1986 tota
1842 1928 2040 1992 anima,
2072 1941 2143 1981 ex
2249 1942 2413 1997 multa
2470 1940 2817 2010 cogitantem.
2878 1937 3262 1991 verumtamen
3324 1935 3415 2004 qui
3467 1936 3661 1989 omni.
3707 1933 3826 1987 mh

554 2018 666 2097 ίοιει
689 2047 900 2102 meme.
933 2036 1236 2107 «ιυίοιιηιιυθ
1279 2030 1347 2086 ad
1375 2032 1540 2083 Vitam
1572 2034 1826 2080 ειθτηληῑ
1859 2018 2145 2090 Pervenire
2249 2036 2440 2092 anima:
2471 2049 2539 2088 ex
2576 2046 2803 2102 corpore
2832 2038 3021 2100 putant
3066 2027 3350 2093 accidisse,
3378 2027 3431 2082 in
3463 2040 3657 2081 errore
3698 2032 3812 2079 sunt

556 2130 957 2204 proposuimus.
986 2125 1115 2181 Haec
1141 2132 1245 2190 est,
1274 2119 1451 2191 inquit
1473 2117 1741 2181 Salvator,
1776 2113 1887 2167 vita
1919 2120 2144 2177 aeterna,

2250 2127 2511 2194 Quamvis
2554 2126 2700 2181 enim
2734 2123 2990 2195 Virgilius
3036 2121 3370 2177 Platonicam
3401 2119 3647 2174 videatur
3683 2120 3825 2175 ιυωο

557 2203 619 2282 ut
653 2228 981 2295 cognoscant
1019 2227 1072 2274 te
1110 2231 1296 2272 verum
1336 2212 1526 2279 Deum,
1565 2219 1619 2265 et
1640 2224 1797 2280 quem
1828 2206 2017 2261 misisti
2057 2203 2149 2260 Je-

2267 2221 2415 2277 .entis
2441 2218 2686 2273 versibus
2709 2215 2989 2285 explicare
3014 2213 3362 2278 sententiam,
3394 2210 3566 2265 dicens
3593 2226 3614 2265 :

559 2332 676 2374 slm
713 2313 1009 2372 Christum.
1050 2308 1275 2365 Eterna
1303 2307 1464 2377 igitur
1502 2305 1609 2359 vita
1640 2310 1726 2359 est
1761 2302 1874 2372 ipsa
1912 2296 2149 2377 cognitio

560 2410 823 2473 veritatis;
838 2403 1189 2479 quamobrem
1209 2416 1367 2472 quam
1388 2397 1624 2469 perversi
1647 2405 1807 2467 atque
1833 2374 2153 2462 praeposteri

567 2511 726 2570 sunt,
750 2501 838 2573 qui
866 2515 926 2556 se
946 2499 1280 2554 arbitrantur
1306 2494 1401 2549 Dei
1440 2490 1802 2563 cognitionem
1844 2486 2059 2543 tradere
2092 2490 2152 2541 ut

561 2594 986 2669 perfectisimus,
1021 2604 1144 2646 cum
1177 2586 1537 2659 perfectorum
1579 2586 1694 2650 ipsa
1725 2579 1795 2635 sit
1818 2575 2101 2648 praemium
2132 2573 2149 2628 ι

570 2687 709 2757 Quid
724 2700 853 2755 ergo
869 2682 1165 2755 agendum,
1196 2678 1294 2733 nisi
1321 2686 1378 2731 ut
1398 2690 1521 2731 eum
1552 2674 1729 2743 ipsum
1767 2684 1925 2741 quem
1950 2680 2153 2733 cogno-

567 2795 723 2836 scere
742 2777 1013 2843 volumus,
1053 2775 1202 2844 prius
1223 2772 1432 2825 sincera
1455 2767 1717 2821 charitate
1740 2757 2065 2833 diligamus?

1080 2865 1131 2937 5
1178 2858 1403 2916 CAPUT
1447 2857 1533 2911 ιιι.

570 2964 649 3019 An
668 2961 879 3016 uirtutes
909 2957 1089 3026 quibus
1130 2954 1198 3008 ad
1235 2950 1567 3026 aeternitatem
1598 2946 1825 3026 tenditur
1848 2984 1864 3009 ,
1914 2942 2158 3026 desituros

638 3010 1001 3099 1.15134
1028 3036 1221 3082 (eterna
1252 3020 1615 3094 perduxerint;
1643 3034 1708 3073 etc
1736 3017 1865 3070 libro
1895 3013 1958 3069 de
1981 3010 2160 3068 Trini-

645 3114 748 3160 tats
779 3118 865 3158 xiv
894 3102 1026 3155 inter
1051 3106 1255 3153 cratera.

572 3238 583 3251 .
643 3194 834 3251 Utrum
862 3201 1040 3246 autem
1079 3186 1241 3242 etiam
1280 3184 1503 3241 virtutes
1532 3188 1684 3244 tunc,
1730 3174 1930 3247 quibus
1968 3173 2025 3229 in
2053 3171 2157 3229 hac

572 3290 897 3349 mortalitate
924 3286 1063 3341 bene
1102 3281 1318 3344 vivitur,
1350 3276 1477 3347 quia
1506 3283 1562 3330 et
1592 3276 1722 3343 ipsis
1752 3270 2014 3339 incipiunt
2035 3280 2157 3323 esse

572 3384 629 3440 In
656 3381 858 3446 animo,
890 3377 982 3448 qui
1012 3390 1136 3431 cum
1164 3372 1282 3428 sine
1313 3371 1419 3427 illis
1448 3369 1598 3440 prius
1620 3374 1783 3431 esset,
1816 3372 1994 3419 tamen
2040 3360 2160 3415 ani.

575 3486 695 3530 mus
721 3480 857 3537 erat,
882 3470 1281 3526 desinant-esse
1306 3477 1429 3519 cum
1458 3461 1523 3516 ad
1554 3470 1757 3515 atterna
1782 3454 2160 3529 perduxerint,

577 3568 834 3624 nonnulla
870 3563 1098 3634 qumstio
1142 3570 1245 3617 est.
1286 3556 1617 3627 Quibusdam
1661 3556 1806 3610 enim
1837 3555 2011 3608 visum
2056 3558 2162 3616 est,

578 3659 869 3721 desituros,
901 3665 957 3711 et
998 3656 1169 3711 honos
1199 3656 1408 3707 animos
1446 3652 1560 3706 sola
1591 3651 1781 3705 beatos
1820 3661 1940 3704 esse
1970 3643 2162 3715 cogni-

580 3749 731 3803 tione
784 3756 840 3800 et
884 3745 1134 3809 scientia,
1175 3743 1280 3797 hoc
1310 3750 1395 3797 est
1435 3740 1888 3810 contemplatione
1935 3746 2162 3801 natura,

581 3838 638 3895 in
668 3851 772 3908 qua
803 3835 936 3890 nihil
965 3842 1049 3890 est
1079 3833 1272 3887 melius
1318 3840 1373 3886 et
1406 3831 1686 3885 amabilius
1733 3844 1795 3884 ea
1825 3838 2015 3884 natura
2045 3841 2167 3897 quas

581 3930 785 3985 creavit
825 3934 1054 3982 emeras
1082 3938 1271 3979 omnes
1299 3922 1637 3991 instituitque
1664 3930 1901 3976 naturas.
1937 3912 2048 3975 Cui
2078 3932 2167 3975 re-

579 4022 725 4094 genti
763 4033 884 4077 esse
922 4017 1193 4073 subditum
1237 4016 1282 4073 si
1322 4014 1534 4085 justitia
1565 4022 1669 4081 est,
1724 4011 2041 4067 immortalis
2084 4018 2169 4065 est

578 4114 802 4173 omnino
826 4111 1050 4183 justitia,
1096 4124 1195 4165 nec
1217 4110 1269 4163 in
1298 4108 1391 4165 illa
1419 4123 1540 4166 esse
1569 4105 1904 4163 beatitudine
1933 4104 2166 4171 desinet,

578 4210 676 4270 sed
707 4211 833 4266 talis
865 4222 929 4265 ac
960 4216 1103 4267 tanta
1131 4205 1264 4270 erit.
1315 4212 1374 4262 ut
1415 4202 1705 4273 perfectior
1750 4209 1802 4257 et
1838 4199 2011 4270 major
2047 4210 2170 4254 esse

584 4314 691 4357 non
722 4300 911 4369 possit.
968 4298 1234 4352 Fortassis
1262 4305 1316 4352 et
1342 4297 1461 4350 alite
1491 4306 1600 4352 tres
1629 4296 1875 4358 virtutes,
1932 4290 2167 4361 pruden-

583 4394 658 4448 tia
688 4391 806 4445 sine
831 4389 942 4457 jam
970 4388 1084 4442 ullo
1112 4387 1348 4455 perion
1371 4388 1589 4453 erroris,
1624 4386 1885 4440 fortitudo
1909 4384 2029 4438 sine
2056 4397 2173 4437 mo-

584 4483 739 4540 lestia
777 4479 1177 4536 toierandornm
1206 4477 1493 4547 malorum,
1535 4477 1887 4545 temperantia
1916 4476 2033 4531 sine
2073 4488 2174 4529 re-

588 4575 920 4651 pugnatione
969 4573 1276 4638 libidinum,
1327 4580 1486 4626 erunt
1533 4570 1587 4624 in
1629 4570 1719 4625 illa
1774 4569 2051 4625 felicitate.
2103 4566 2173 4624 Ut

588 4668 887 4741 prudentiae
927 4667 996 4722 sit
1059 4665 1262 4721 nullum
1314 4665 1516 4719 bonrum
1566 4663 1678 4718 Deo
1722 4677 2035 4733 praeponere
2082 4662 2170 4719 vei

588 4774 806 4832 cquare
836 4776 849 4826 ;
885 4756 1227 4823 fortitudinis,
1268 4757 1319 4811 ei
1359 4754 1667 4810 firmissime
1691 4752 2008 4819 cohaerere;
2037 4761 2172 4807 tem-

587 4855 868 4929 perantiae,
898 4852 1045 4907 nullo
1071 4850 1281 4907 defectu
1308 4850 1470 4905 noxio
1494 4846 1774 4904 delectari.
1809 4844 1963 4901 Nunc
1988 4854 2170 4902 autem

589 4946 734 5020 quod
766 4947 874 5018 agit
891 4942 1097 5015 iustitia
1127 4943 1178 4997 in
1201 4940 1572 4997 subveniendo
1600 4938 1839 5003 miseris,
1879 4938 2022 5009 quod
2046 4952 2171 5008 pru-

588 5039 771 5096 dentia
816 5038 869 5092 in
923 5033 1289 5106 prccavendis
1332 5031 1571 5099 insidiis,
1614 5030 1758 5101 quod
1800 5029 2066 5085 fortitudo
2114 5032 2170 5084 in

588 5129 924 5205 perferendis
945 5125 1225 5193 molestiis,
1248 5124 1390 5195 quod
1417 5123 1771 5191 temperantia
1788 5122 1844 5177 in
1858 5121 2175 5178 coercendis

588 5223 1035 5283 delectationibus
1059 5218 1259 5291 pravis,
1292 5231 1398 5272 non
1426 5215 1503 5272 ibi
1532 5217 1637 5272 erit
1666 5214 1758 5271 ubi
1785 5214 1919 5270 nihil
1949 5214 2175 5269 omnino

592 5318 718 5373 mali
746 5316 869 5372 erit.
902 5316 982 5370 Ac
1012 5328 1105 5384 per
1133 5311 1259 5376 hoc,
1300 5310 1401 5366 ista
1433 5310 1685 5365 virtutum
1712 5323 1875 5379 opera
1904 5322 2023 5378 qua:
2051 5307 2177 5363 huic

593 5412 807 5470 mortali
846 5411 975 5465 vitae
1012 5416 1137 5465 sunt
1165 5406 1490 5472 necessaria,
1549 5403 1688 5459 sicut
1719 5403 1884 5471 fides,
1917 5402 1985 5456 ad
2013 5414 2177 5471 quam

591 5504 874 5562 referenda
916 5503 969 5557 in
1026 5501 1316 5572 prmteritis
1346 5498 1707 5563 habebuntur,
1740 5505 1795 5551 et
1836 5497 1995 5552 aliam
2036 5504 2179 5551 nunc

592 5597 799 5656 faciunt
839 5596 1151 5664 trinitatem,
1182 5608 1303 5649 cum
1326 5608 1387 5650 ea
1419 5590 1705 5663 praesentia
1738 5598 2001 5656 tenemus,
2029 5604 2179 5646 ama-

595 5710 735 5761 mus,
764 5693 1074 5763 aspicimus,
1132 5691 1290 5746 aiiatn
1340 5697 1466 5745 tunc
1514 5686 1719 5742 factura
1766 5693 1911 5753 sunt,
1960 5699 2083 5739 cum
2113 5696 2177 5740 ea

598 5798 701 5862 non
746 5798 867 5840 esse
909 5781 1003 5838 sed
1048 5781 1228 5845 fuisse,
1274 5794 1372 5849 per
1411 5778 1655 5851 quaedam
1702 5790 1888 5831 eorum
1927 5776 2175 5845 vestigia,

2180 3227 2232 3296 ϐ

2378 2313 2564 2376 Igneus
2589 2320 2665 2361 est
2689 2311 2784 2360 illis
2807 2308 2956 2371 [ollis]
2982 2308 3144 2371 vigor,
3172 2312 3225 2376 et
3240 2306 3453 2355 scelestis
3471 2306 3609 2376 origo

2376 2366 2680 2436 S‘emiuibus,
2723 2366 2956 2434 quantuni
2979 2366 3075 2419 non
3098 2366 3240 2417 noxia
3259 2380 3461 2436 corpora
3488 2366 3695 2436 tardant,

2377 2429 2693 2497 Terreuique
2718 2429 2958 2485 hebetant
2976 2431 3521 2502 artus.moribundaque
3547 2429 3776 2487 meum

2254 2536 2553 2593 omnesque
2608 2520 2730 2573 illas
2778 2515 3087 2572 notissimas
3116 2526 3347 2584 quatuor
3370 2514 3540 2568 animi
3572 2515 3819 2581 perierin-

2258 2618 2455 2683 tiones,
2503 2612 2874 2682 cupiditatem,
2916 2610 3187 2672 timorem,
3227 2606 3496 2670 laetitiam,
3551 2606 3812 2668 tristitiam,

2258 2724 2395 2780 quas
2445 2707 2683 2776 origines
2729 2702 2969 2758 omnium
3017 2708 3357 2770 peceaton
3411 2707 3581 2768 atque
3603 2699 3812 2751 vitium

2258 2801 2445 2856 volens
2486 2795 2715 2866 intelligi
2762 2809 2829 2851 ex
2881 2805 3108 2863 oorpore
3156 2789 3425 2857 accidere,
3485 2788 3807 2858 subiugata

2257 2893 2402 2951 dicat
2436 2907 2451 2945 :

2381 2980 2512 3057 fiinc
2544 3003 2804 3062 metuunt,
2831 3000 3156 3063 captumque,
3186 2994 3359 3045 dolent
3394 2992 3816 3118 gaudeant“:

2386 3128 2674 3192 Suscipiunt
2707 3124 3019 3191 [respiciunt]
3056 3122 3233 3172 clausas
3259 3120 3529 3182 tenebris,
3565 3126 3619 3168 et
3655 3127 3820 3241 ἓξὲξ

3730 3216 3733 3217 ν
3786 3214 3800 3239 ι

3730 3214 3800 3239 “Vs

2268 3296 2448 3345 tamen
2494 3285 2650 3340 aliter
2677 3297 2736 3338 se
2775 3279 2937 3337 habet
2975 3278 3109 3334 ﬁdes
3146 3282 3331 3333 nostra
3365 3290 3540 3332 :nam
3590 3274 3825 3341 corruptio

2265 3377 2509 3447 corporis
2535 3387 2656 3444 quae
2678 3380 2930 3441 aggravet
2958 3369 3192 3424 animam
3224 3382 3331 3421 non
3363 3367 3574 3436 peccati
3596 3363 3730 3436 primi
3754 3367 3823 3417 est

2264 3483 2443 3533 causa,
2496 3465 2590 3521 sed
2637 3477 2816 3534 pmna.
2870 3460 2982 3516 Nec
3030 3474 3157 3513 caro
3204 3456 3581 3526 corruptibilis
3626 3456 3825 3510 animam

2266 3559 2645 3631 peccatricem,
2665 3555 2759 3611 sed
2782 3553 2961 3609 anima
2988 3552 3261 3623 peccatrix
3285 3548 3420 3605 fecit
3439 3565 3561 3604 esse
3591 3547 3822 3616 compti-

2266 3653 2430 3710 bilem
2489 3664 2731 3705 carnem.
2782 3648 2858 3702 Ex
2908 3660 3011 3715 qua
3062 3645 3409 3719 corruptione
3462 3645 3675 3708 armis,
3722 3642 3829 3695 licet

2269 3749 2501 3801 existant
2531 3741 2776 3813 quaadam
2803 3739 3145 3796 incitamenta
3175 3737 3456 3803 vitiorum,
3489 3745 3548 3792 et
3575 3738 3673 3807 ipsa
3700 3734 3833 3788 desi-

2268 3839 2419 3895 deria
2462 3837 2682 3902 vitiosa,
2747 3849 2856 3890 non
2913 3841 3092 3889 tamen
3131 3834 3309 3889 omnia
3358 3831 3562 3902 iniqua
3589 3829 3695 3883 vita:
3722 3826 3837 3881 vitia

2272 3931 2555 3988 tribuenda
2602 3939 2727 3984 sunt
2757 3928 2931 3994 carni,
2972 3942 3040 3983 ne
3075 3928 3142 3983 ab
3176 3926 3262 3982 his
3290 3926 3550 3981 omnibus
3579 3928 3837 3995 purgemus

2271 4022 2562 4089 diabolum,
2594 4021 2685 4091 qui
2726 4036 2831 4076 non
2874 4022 3033 4075 habet
3063 4034 3300 4075 carnem.
3350 4017 3469 4073 Etsi
3495 4019 3641 4072 enim
3677 4015 3839 4069 diabo-

2272 4115 2379 4180 lus,
2408 4114 2521 4186 [qui
2545 4128 2648 4169 non
2671 4114 2834 4168 habet
2860 4127 3077 4169 carnem
3092 4109 3163 4183 ',]
3181 4108 3480 4165 fornicator
3494 4112 3582 4166 vel
3599 4108 3838 4171 ebriosus.

2272 4208 2357 4262 vel
2387 4210 2431 4262 si
2462 4207 2589 4277 quid
2636 4204 2945 4278 huiusmodi
2996 4202 3119 4260 mali
3152 4211 3235 4258 est
3261 4202 3407 4272 quod
3438 4201 3505 4256 ad
3537 4202 3711 4256 carnis
3740 4210 3842 4267 pen

2275 4301 2413 4356 tinet
2438 4302 2757 4369 voluptates,
2811 4310 2920 4353 non
2959 4304 3137 4369 potest
3163 4296 3291 4361 dici,
3320 4306 3449 4351 eum
3492 4296 3565 4349 sit
3593 4294 3745 4349 etiam
3774 4300 3842 4343 ta-

2274 4392 2405 4448 lium
2438 4402 2779 4463 peccatorum
2818 4404 3011 4445 suasor
3045 4399 3103 4446 et
3141 4389 3429 4459 instigator
3484 4387 3745 4447 occultus.
3774 4389 3846 4439 est

2277 4494 2455 4541 tamen
2500 4483 2734 4540 maxime
2771 4483 3035 4553 superbus
3069 4489 3231 4551 atque
3268 4479 3528 4536 invidus:
3560 4486 3671 4548 qua
3705 4478 3849 4531 ilhnl

2200 4604 2255 4676 Β
2278 4579 2541 4635 vitiositas
2576 4578 2653 4633 sic
2686 4577 2947 4642 obtinuit,
2988 4581 3050 4630 nt
3076 4581 3305 4644 propter
3324 4573 3469 4627 hanc
3495 4576 3627 4626 esset
3646 4568 3699 4621 in
3727 4580 3849 4621 car-

2279 4672 2491 4729 ceribus
2545 4668 2818 4740 caiiginosi
2897 4666 3057 4737 huius
3126 4666 3270 4722 aeris
3343 4670 3554 4720 aeterno
3603 4661 3852 4731 supplicis

2281 4766 2599 4822 destinatus.
2634 4763 2759 4818 Haec
2785 4770 2962 4817 autem
2994 4758 3146 4827 vitia,
3181 4770 3302 4829 qua:
3329 4764 3518 4812 tenent
3556 4755 3611 4810 ia
3654 4753 3850 4808 diahsis

2280 4859 2660 4931 principatum,
2702 4855 2854 4910 carni
2898 4854 3085 4909 tribuit
3113 4846 3426 4920 Apostolus,
3469 4856 3635 4918 quam
3662 4854 3852 4900 senm

2282 4958 2366 5005 est
2393 4948 2668 5004 diabolum
2716 4959 2823 5000 non
2861 4944 3083 4999 habere.
3134 4941 3271 4996 Dicit
3314 4939 3460 4995 enim
3488 4978 3503 5004 ,
3534 4935 3853 4998 inimicitias,

2278 5033 3859 5107 contentiones,mmulationes,animositates,invidias,ope-

2280 5152 2336 5191 ra
2364 5148 2485 5190 esse
2512 5134 2709 5201 carnis;
2736 5146 2963 5202 quorum
2983 5130 3223 5183 omnium
3246 5124 3689 5195 malorumcapnt
3710 5130 3858 5189 atque
3892 5148 3905 5195 ς

2278 5229 2428 5299 origo
2457 5226 2707 5297 superbia
2730 5231 2835 5290 est,
2858 5237 2975 5293 quas
3003 5220 3119 5277 sine
3136 5233 3301 5276 carne
3330 5226 3526 5287 regnat
3556 5218 3616 5273 in
3634 5214 3860 5271 diabolo.
3890 5212 3895 5221 ‘

2279 5319 2411 5385 Quis
2449 5324 2630 5371 autem
2661 5315 2753 5370 illo
2784 5321 2869 5369 est
2904 5312 3216 5367 inimicitior
3240 5309 3479 5365 sanctis?
3505 5310 3633 5379 quis
3680 5308 3866 5359 adver-

2282 5421 2375 5464 sus
2417 5421 2510 5464 eos
2556 5404 2968 5471 contentiosior,
2993 5403 3307 5469 animosior,
3346 5410 3403 5457 et
3437 5402 3617 5469 magis
3651 5399 3871 5454 amplus

2285 5509 2443 5569 atque
2474 5497 2682 5553 invidus
2705 5494 3018 5551 invenitur?
3065 5492 3135 5547 Et
3166 5494 3289 5547 haee
3308 5492 3496 5545 omnia
3525 5504 3652 5544 cum
3681 5490 3876 5543 habet

2285 5593 2404 5649 sine
2450 5606 2637 5657 carne,
2687 5590 2957 5656 quomodo
2998 5596 3123 5643 sunt
3166 5586 3266 5641 ista
3298 5596 3463 5657 opera
3504 5590 3715 5651 carnis,
3779 5582 3883 5639 ιιἱέ

2286 5690 2405 5759 quia
2433 5700 2592 5757 opera
2643 5691 2767 5738 sunt
2800 5682 3069 5749 hominis,
3099 5696 3278 5751 quem,
3309 5683 3450 5736 sicut
3475 5681 3609 5747 dixi,
3660 5682 3884 5735 nomine

2284 5756 2480 5835 carnis,
2509 5774 2792 5849 appellat?
2821 5772 2937 5829 Non
2967 5772 3114 5828 enim
3161 5771 3405 5828 habendo
3432 5756 3681 5839 camelli,
3710 5784 3889 5842 quam

670 5923 693 5948 ⁶
718 5920 938 5978 Uncinis
958 5921 1164 5976 inclusa
1178 5921 1376 5977 desunt
1397 5923 1450 5973 in
1474 5918 1533 5973 S.
1568 5917 1702 5987 Aug.
1734 5916 1865 5975 edit.
1895 5915 2097 5972 Bened.
2130 5914 2286 5972 EDIT.
