3978 6380
153 364 247 423 573

1402 352 1837 412 THESAURUS.
1874 352 2029 412 CAP.
2073 352 2161 410 IV.

3378 262 3454 293 Δ-..

3310 361 3422 434 sva

114 453 117 458 C
153 493 248 533 non
275 475 436 532 habet
462 473 730 540 diabolus,
758 472 854 529 sed
884 469 1110 526 vivendo
1132 468 1425 525 secundum
1455 468 1718 538 seipsum,
1745 471 1796 540 Α
1822 481 2114 538 sanamque
2161 465 2494 533 doctrinam,
2530 465 2675 524 cives
2703 475 2906 526 sancta
2960 470 3194 528 civitatis
3227 473 3322 532 Dei
3357 477 3419 540 in

151 569 242 624 hoc
270 575 368 630 est,
403 565 696 622 secundum
732 562 1024 625 hominem,
1055 561 1224 614 lactus
1255 568 1338 614 est
1368 562 1528 613 homo
1567 557 1718 613 simi-

150 666 210 719 lis
257 662 495 730 diabolo,
541 659 665 731 quia
705 668 759 712 et
793 657 880 714 ille
927 654 1220 712 secundum
1265 654 1498 722 seipsum
1539 653 1724 708 vivere

151 755 333 822 voluit,
360 752 575 824 quando
597 753 652 807 in
677 753 904 807 veritate
941 764 1050 804 non
1080 747 1262 811 stetit,
1286 756 1343 801 ut
1373 761 1478 801 non
1508 745 1576 802 de
1604 745 1720 813 Dei,

148 850 232 906 sed
271 851 334 905 de
364 864 465 904 suo
509 846 848 902 mendacium
888 843 1222 914 loqueretur,
1259 841 1347 911 qui
1393 854 1500 896 non
1547 840 1723 896 solum

148 939 396 1004 mendax,
428 952 613 995 verum
641 935 805 993 etiam
853 934 1120 991 mendacii
1161 942 1313 1003 pater
1357 939 1442 987 est
1472 949 1485 984 :
1519 933 1724 1004 primus

146 1045 222 1089 est
249 1032 444 1102 quippe
466 1029 746 1095 mentitus,
782 1036 838 1083 et
863 1041 894 1081 a
923 1041 1030 1096 quo
1059 1035 1366 1095 peccatum,
1397 1023 1465 1078 ab
1493 1024 1585 1078 illo
1613 1037 1725 1078 cte—

146 1122 214 1190 pit
233 1134 354 1176 esse
379 1117 739 1174 mendacium.
763 1113 896 1170 Cum
926 1129 1057 1184 ergo
1087 1112 1218 1167 vivit
1246 1111 1408 1167 homo
1429 1111 1726 1168 secundum

145 1213 426 1280 hominem,
457 1226 564 1266 non
595 1209 891 1266 secundum
920 1209 1110 1275 Deum,
1141 1206 1334 1261 similis
1362 1214 1446 1261 est
1487 1204 1722 1261 diabolo.

143 1303 248 1358 Non
279 1319 347 1360 ex
375 1317 540 1358 cerne
569 1311 774 1357 tantum
805 1298 1036 1354 afﬁcitur
1063 1300 1261 1364 anima,
1291 1305 1348 1352 ut
1377 1297 1580 1367 cupiat,
1613 1311 1728 1352 me-

149 1403 280 1460 tuat,
327 1393 561 1460 laetetur,
604 1401 886 1464 regrescat,
914 1406 1099 1446 verum
1134 1390 1296 1446 etiam
1327 1404 1390 1443 ex
1426 1391 1602 1457 seipsa
1642 1388 1727 1443 his

141 1496 308 1556 potest
337 1486 568 1543 motibus
596 1487 808 1557 agitari.
842 1486 1073 1541 interest
1101 1492 1284 1539 autem
1339 1483 1513 1553 qualis
1537 1483 1606 1536 sit
1635 1497 1730 1539 vo-

140 1580 312 1634 luntas
341 1579 600 1646 hominis,
615 1577 742 1646 quia
764 1579 807 1632 si
838 1590 1090 1648 perversa
1119 1585 1220 1643 est,
1249 1589 1534 1644 perversos
1566 1574 1728 1627 habe-

141 1670 212 1726 bit
249 1675 348 1725 hos
372 1679 551 1726 motus
589 1670 676 1737 ;si
701 1677 882 1724 autem
913 1677 1056 1722 recta
1084 1675 1188 1731 est,
1223 1681 1326 1720 non
1355 1664 1526 1720 solum
1556 1664 1730 1718 incul—

67 1771 74 1780 '
139 1766 376 1834 pabiles,
417 1780 604 1822 verum
646 1766 810 1820 etiam
880 1762 1175 1818 laudabiles
1222 1772 1416 1827 erunt;
1477 1762 1728 1816 voluntas

1795 560 1985 631 hujus
2013 559 2136 614 vita:
2181 559 2636 629 peregrinatione,
2686 563 2983 619 secundum
3031 563 3198 620 Deum
3229 569 3419 624 viven-

1826 663 1942 717 tes,
1985 659 2228 706 metuunt
2274 653 2646 724 cupiuntque,
2703 654 2886 712 dolent
2934 659 3312 730 gaudentque;
3362 669 3421 722 et

1823 745 1945 816 quia
1975 753 2154 798 rectus
2185 753 2268 798 est
2296 760 2448 800 amor
2487 762 2697 813 eorum,
2729 748 2860 804 istas
2887 764 3075 807 omnes
3104 751 3421 812 affectiones

1824 843 2002 890 rectas
2053 833 2287 889 habent:
2323 846 2571 893 metuunt
2610 854 2824 909 pmnam
2867 852 3148 913 aeternam,
3199 848 3424 914 cupiunt

1824 929 1986 982 vitam
2008 935 2287 992 aeternam,
2317 928 2502 983 dolent
2527 930 2578 984 in
2610 947 2690 998 re,
2717 931 2841 1002 quia
2881 933 2980 1003 ipsi
3029 935 3080 990 in
3113 937 3420 1003 semetipsis

1831 1021 2008 1077 adhuc
2036 1020 2763 1093 ingemiscunt,adoptionem
2785 1035 3182 1097 eXSpectantes,
3209 1029 3421 1085 redem-
3452 1097 3459 1104 ἰ

1830 1114 2064 1184 ptionem
2113 1113 2358 1181 corporis
2410 1115 2522 1180 sui;
2573 1117 2806 1184 gaudent
2852 1117 2906 1173 in
2964 1134 3089 1189 spe,
3145 1121 3266 1190 quia
3328 1120 3421 1178 liet

1828 1221 2010 1262 sermo
2031 1207 2120 1276 qui
2166 1207 2398 1276 scriptus
2427 1216 2510 1261 est
2537 1225 2548 1259 :
2583 1208 2848 1278 Absorpta
2890 1219 2974 1264 est
2997 1227 3140 1268 mors
3170 1211 3223 1267 in
3253 1213 3423 1267 victo-

1827 1300 1984 1355 riam.
2027 1298 2157 1354 item
2189 1307 2436 1353 metuunt
2482 1314 2726 1367 peccare,
2775 1303 2995 1376 cupiunt
3041 1317 3420 1373 perseverare,

1831 1392 2014 1448 dolent
2062 1393 2115 1446 in
2161 1391 2415 1460 peccatis,
2467 1394 2699 1461 gaudent
2742 1396 2792 1448 in
2833 1397 3086 1465 operibus
3127 1397 3303 1452 bonis.
3355 1397 3426 1455 Ut

1830 1487 1973 1541 enim
2002 1493 2242 1540 metuant
2293 1498 2534 1552 peccare,
2583 1485 2809 1539 audiunt
2841 1503 2854 1538 :
2883 1490 3144 1554 Quoniam
3177 1490 3420 1546 abunda-

1835 1579 1911 1632 bit
1941 1578 2219 1646 iniquitas,
2255 1576 2569 1645 refrigescet
2608 1577 2845 1632 charitas
2878 1581 3192 1636 multorum.
3231 1583 3298 1638 Ut
3327 1597 3425 1637 cu-

1834 1668 1986 1739 piant
2016 1684 2399 1738 perseverare,
2445 1669 2669 1724 audiunt
2697 1671 2838 1739 quod
2877 1673 3135 1740 scriptum
3177 1684 3259 1728 est
3284 1692 3297 1728 :
3322 1673 3425 1742 Qui

1839 1764 2262 1832 perseveraverit
2295 1775 2463 1828 usque
2504 1762 2554 1814 in
2600 1762 2789 1828 linem,
2836 1764 3018 1818 salvus
3047 1765 3169 1820 erit.
3215 1765 3286 1821 Ut
3323 1766 3427 1820 do-

136 1861 328 1928 quippe
349 1865 432 1913 est
456 1859 508 1913 in
540 1857 814 1923 omnibus,
861 1856 973 1911 imo
996 1870 1186 1910 omnes
1217 1854 1351 1908 nihil
1381 1854 1523 1908 aliud
1558 1868 1721 1924 quam
1757 1851 1807 1914 Β
1838 1854 1985 1910 leant
2014 1855 2067 1909 in
2095 1853 2352 1922 peccatis,
2387 1854 2610 1907 audiunt
2639 1873 2652 1907 ι
2680 1854 2735 1908 Si
2767 1856 3059 1910 dixerimus
3081 1859 3203 1925 quia
3240 1873 3427 1928 pecca-

137 1955 438 2008 voluntates
468 1960 617 2010 sunt.
663 1951 796 2007 Nam
834 1950 963 2021 quid
1005 1960 1090 2006 est
1132 1949 1399 2018 cupiditas
1426 1957 1479 2004 et
1511 1950 1721 2016 laetitia,

136 2046 235 2102 nisi
269 2046 524 2102 voluntas
549 2047 602 2101 in
627 2059 815 2100 eorum
846 2041 1203 2099 consensione
1224 2058 1344 2112 quae
1369 2042 1644 2096 volumus?
1674 2051 1728 2106 et

134 2136 260 2206 quid
290 2146 374 2192 est
417 2145 592 2191 metus
622 2145 782 2206 atque
817 2135 1061 2200 tristitia,
1115 2134 1219 2189 nisi
1246 2134 1494 2189 voluntas
1526 2134 1576 2187 in
1619 2134 1728 2187 dis-

135 2231 393 2286 sensione
422 2229 492 2285 ab
515 2229 597 2284 his
619 2245 740 2300 quas
767 2229 1050 2284 nolumus?
1070 2226 1178 2282 Sed
1204 2242 1326 2280 cum
1354 2227 1729 2280 consentimus

127 2320 435 2392 appetendo
464 2335 526 2376 ea
565 2336 686 2390 quae
723 2321 998 2384 volumus,
1035 2317 1331 2387 cupiditas;
1378 2331 1502 2371 cum
1547 2328 1728 2370 autem

127 2413 502 2468 consentimus
531 2411 754 2468 fruendo
777 2412 858 2466 his
890 2425 1011 2480 quae
1029 2410 1300 2474 volumus,
1352 2408 1538 2463 laetitia
1570 2422 1732 2462 voca-

125 2515 242 2561 tur.
299 2506 537 2573 ltemque
590 2519 710 2560 eum
778 2503 1126 2558 dissentimus
1193 2502 1261 2556 ab
1326 2516 1392 2556 eo
1453 2502 1596 2570 quod
1643 2515 1733 2555 ac-

123 2597 317 2654 cidere
380 2596 670 2662 nolumus,
717 2596 841 2652 talis
902 2596 1152 2651 voluntas
1201 2604 1377 2650 metus
1433 2607 1545 2661 est;
1609 2609 1732 2650 cum

120 2706 313 2752 autem
372 2695 720 2752 dissentimus
775 2697 845 2751 ab
904 2711 973 2752 eo
1027 2695 1170 2765 quod
1228 2696 1535 2752 nolentibus
1592 2695 1735 2751 acci-

123 2798 232 2861 dit,
262 2799 386 2852 talis
430 2799 679 2852 voluntas
728 2797 948 2852 tristitia
979 2805 1099 2862 est;
1133 2805 1190 2851 et
1235 2796 1474 2863 omnino,
1522 2811 1617 2864 pro
1647 2811 1738 2851 va-

125 2897 326 2955 rietate
381 2913 564 2955 rerum
623 2911 744 2968 quae
811 2905 1137 2968 appetuntur
1192 2906 1353 2967 atque
1412 2896 1733 2966 fugiuntur,

123 3003 276 3058 sicut
302 3001 536 3056 allicitur
576 3000 662 3054 vel
700 2997 990 3055 offenditur
1009 3001 1256 3054 voluntas
1281 2999 1535 3065 hominis,
1574 3000 1644 3053 ita
1679 2998 1733 3056 in

125 3107 231 3158 hos
262 3102 349 3157 vel
381 3103 432 3158 in
456 3101 577 3159 illos
605 3101 830 3157 affectus
852 3107 1088 3156 mutatur
1113 3109 1166 3157 et
1187 3102 1431 3158 vertitur.
1450 3101 1732 3173 Quaprop-

126 3215 213 3260 ter
239 3203 426 3271 homo,
450 3207 537 3274 qui
563 3202 855 3259 secundum
881 3203 1070 3272 Deum,
1097 3219 1201 3259 non
1230 3203 1525 3260 secundum
1561 3205 1737 3260 homi-

122 3324 257 3364 nem
284 3307 436 3374 vivit,
462 3316 668 3376 oportet
693 3315 748 3361 ut
790 3308 860 3361 sit
886 3315 1094 3362 amator
1121 3307 1267 3372 boni,
1297 3307 1438 3362 unde
1465 3309 1521 3362 lit
1543 3323 1738 3363 conse-

122 3427 306 3482 quens
329 3420 386 3466 ut
405 3410 598 3464 malum
625 3409 798 3464 oderit
823 3425 836 3464 :
860 3417 912 3464 et
934 3409 1188 3479 quoniam
1214 3425 1374 3464 nemo
1399 3419 1612 3479 natura,
1637 3410 1734 3465 sed

121 3505 382 3574 quisquis
408 3503 577 3556 malus
598 3511 699 3565 est,
727 3501 856 3556 vitio
889 3503 1059 3557 malus
1102 3509 1206 3566 est,
1232 3502 1530 3572 perfectum
1556 3504 1736 3558 odium

120 3610 301 3666 debet
351 3607 506 3662 malis
527 3607 616 3676 qui
644 3605 940 3661 secundum
961 3607 1124 3660 Deum
1150 3605 1300 3672 vivit,
1322 3615 1376 3660 ut
1406 3622 1506 3660 nec
1524 3614 1742 3675 propter

117 3704 332 3760 vitium
355 3701 530 3757 oderit
559 3699 858 3765 hominem,
887 3714 986 3754 nec
1014 3708 1156 3753 amet
1185 3699 1370 3754 vitium
1399 3708 1617 3769 propter
1643 3699 1741 3752 ho-

116 3797 366 3864 minem,
399 3793 495 3850 sed
518 3793 694 3849 oderit
722 3791 910 3847 vitium
947 3800 1001 3846 et
1029 3801 1174 3846 amet
1210 3791 1512 3858 hominem;
1545 3799 1737 3846 sanato

111 3891 280 3947 enim
313 3889 464 3951 vitio,
498 3896 668 3944 totum
690 3887 832 3956 quod
856 3901 1064 3952 amare,
1102 3885 1234 3940 nihil
1259 3894 1440 3940 autem
1471 3885 1616 3955 quod
1641 3885 1740 3940 de-

107 3982 258 4036 beat
299 3981 500 4042 odisse.
545 3978 866 4033 remanebit.
911 3978 1042 4031 Nam
1083 3977 1237 4044 cujus
1277 3980 1611 4047 propositum
1655 3987 1742 4036 est

104 4085 327 4127 amare
360 4071 550 4136 Deum,
581 4077 635 4121 et
658 4083 762 4124 non
793 4069 1086 4123 secundum
1111 4070 1400 4133 hominem,
1425 4069 1519 4124 sed
1551 4085 1742 4125 secun-

107 4166 266 4220 dum
325 4161 492 4216 Deum
529 4174 713 4214 amare
741 4160 1065 4227 proximum,
1118 4161 1256 4215 sicut
1283 4161 1445 4215 etiam
1478 4163 1740 4234 seipsum,

106 4252 499 4328 proculdubio
539 4259 760 4321 propter
801 4251 941 4306 hunc
997 4266 1238 4321 amorem
1268 4253 1466 4308 dicitur
1493 4255 1741 4311 volunta-

107 4352 188 4405 tis
223 4348 420 4408 bonae,
449 4357 568 4413 qua:
599 4342 848 4398 usitatius
875 4347 926 4400 in
954 4343 1247 4413 Scripturis
1275 4345 1478 4400 sanctis
1505 4345 1740 4404 chat'itas

110 4439 482 4518 appellatur;
514 4438 610 4494 sed
641 4453 795 4494 amor
825 4453 1037 4508 quoque
1079 4439 1375 4494 secundum
1403 4439 1618 4494 easdem
1650 4455 1742 4496 sa-

112 4554 253 4594 cras
292 4533 500 4589 litteras
540 4529 757 4586 dicitur.
789 4530 1048 4585 Nonnulli
1089 4530 1419 4586 arbitrantur
1447 4531 1590 4586 aliud
1621 4546 1743 4588 esse

1832 1957 1940 2002 tum
1974 1965 2076 2002 non
2105 1947 2386 2012 habemus,
2415 1947 2662 2015 nosipsos
2692 1948 3022 2016 seducimus,
3053 1959 3108 2004 et
3132 1952 3330 2005 veritas
3361 1951 3422 2012 in

1831 2039 1988 2094 nobis
2026 2053 2131 2093 non
2163 2047 2266 2108 est.
2315 2037 2384 2094 Ut
2412 2038 2682 2107 gaudeant
2730 2041 2783 2093 in
2815 2041 3074 2109 operibus
3111 2041 3286 2107 bonis,
3336 2058 3430 2098 au-

1831 2133 1984 2188 diunt
2016 2150 2028 2186 :
2069 2133 2301 2186 llilarem
2335 2133 2578 2187 datorem
2603 2131 2777 2203 diligit
2808 2133 2971 2189 Deus.
2998 2133 3152 2200 Item,
3178 2136 3338 2191 sicuti
3368 2150 3431 2192 se

1833 2226 2116 2280 inlirmitas
2141 2240 2327 2280 eorum
2375 2225 2701 2294 firmitasque
2727 2227 3000 2294 habuerit,
3035 2238 3282 2285 metuunt
3311 2241 3430 2285 ten-

1835 2321 1957 2382 tari,
1999 2319 2221 2386 cupiunt
2259 2319 2455 2373 tentari
2485 2335 2499 2372 :
2529 2319 2716 2374 dolent
2747 2320 2798 2372 in
2845 2321 3248 2387 tentationibus,
3290 2339 3428 2393 gau-

1834 2411 1963 2466 dent
1991 2411 2044 2465 in
2079 2412 2484 2466 tentationibus.
2517 2411 2586 2467 Ut
2624 2413 2767 2466 enim
2793 2421 3032 2470 metuant
3073 2419 3287 2481 tentari,
3321 2433 3421 2472 aue

1836 2504 1992 2558 diuut
2023 2521 2035 2556 :
2063 2503 2118 2557 Si
2139 2505 2263 2571 quis
2293 2515 2698 2572 praeoccupatus
2724 2503 2884 2560 fuerit
2915 2508 2967 2560 in
2989 2507 3169 2577 aliquo
3200 2509 3425 2580 delicto,

1837 2609 1933 2648 vos
1964 2595 2052 2664 qui
2075 2593 2347 2662 spiritales
2376 2596 2531 2661 estis,
2561 2597 2809 2651 instruite
2833 2597 3137 2667 hujusmodi
3162 2601 3212 2655 in
3235 2603 3432 2670 spiritu
3516 2661 3531 2677 ,

1839 2689 2284 2754 mansuetudinis,
2335 2689 2618 2744 intendens
2651 2693 3016 2762 temetipsum,
3049 2710 3116 2750 ne
3145 2704 3199 2751 et
3229 2705 3283 2750 tu
3317 2705 3434 2752 ten-

1840 2782 1988 2836 teris.
2017 2783 2086 2836 Ut
2111 2791 2291 2838 autem
2323 2783 2540 2851 cupiant
2561 2787 3012 2852 tentari,audiunt
3042 2790 3214 2844 virum
3245 2806 3434 2861 quem-

1837 2873 1961 2927 dam
2030 2873 2222 2928 fortem
2279 2875 2511 2930 civitatis
2568 2876 2664 2932 Dei
2704 2877 2974 2934 dicentem
3031 2897 3044 2933 :
3104 2881 3274 2935 Proba
3317 2897 3424 2952 me,

1840 2965 2087 3032 Domine,
2118 2976 2172 3020 et
2203 2976 2347 3021 tenta
2381 2983 2467 3021 me
2497 2984 2512 3033 ;
2546 2984 2641 3024 ure
2670 2984 2829 3026 renes
2859 2987 3008 3028 meos
3031 2983 3086 3028 et
3110 2986 3205 3029 cor
3233 2989 3432 3033 meum.

1838 3057 1910 3113 Ut
1928 3059 2147 3114 doleant
2186 3060 2238 3114 in
2271 3062 2679 3132 tentationibus,
2722 3065 2907 3121 vident
2935 3065 3151 3123 Petrum
3180 3069 3432 3138 flentem;

1841 3159 1896 3205 ut
1935 3155 2201 3222 gaudeant
2240 3155 2292 3208 in
2335 3157 2744 3225 tentationihus,
2787 3160 3010 3215 audiunt
3047 3159 3306 3217 Iacobum
3356 3162 3436 3218 di-

1766 3246 1814 3311 ο
1845 3254 2057 3299 centem
2101 3264 2112 3297 :
2148 3247 2322 3302 Omne
2373 3249 2626 3317 gaudium
2683 3251 3008 3320 existimate,
3065 3252 3260 3309 fratres
3305 3253 3435 3319 mei,

1842 3351 1962 3392 cum
1987 3338 2038 3392 in
2065 3340 2389 3395 tentationes
2410 3342 2585 3396 varias
2614 3343 2930 3401 iucideritis.
2977 3343 3092 3399 Non
3120 3347 3292 3400 solum
3326 3361 3424 3400 au-

1845 3439 1951 3485 tem
1996 3442 2215 3502 propter
2266 3435 2474 3503 seipsos
2522 3435 2604 3490 his
2653 3447 2940 3492 moventur
2986 3437 3288 3505 adectibus,
3340 3453 3435 3495 ve-

1843 3526 2125 3579 rumetiam
2174 3537 2392 3595 propter
2421 3541 2513 3581 eos
2560 3542 2694 3596 quos
2740 3528 2961 3583 liberari
2999 3529 3239 3599 cupiunt,
3272 3538 3326 3585 et
3371 3545 3438 3588 ne

1845 3626 2069 3685 pereant
2092 3626 2354 3683 metuunt,
2387 3627 2441 3674 et
2470 3619 2660 3674 dolent
2688 3620 2732 3674 si
2767 3633 3012 3692 pereant,
3043 3632 3096 3678 et
3125 3622 3363 3691 gaudent
3391 3624 3436 3679 si

1844 3709 2159 3764 liberantur.
2193 3710 2347 3765 Illum
2376 3713 2572 3782 quippe
2602 3714 2860 3784 optimum
2891 3723 2946 3770 et
2975 3713 3325 3770 fortissimum
3359 3715 3437 3770 vi-

1842 3817 1982 3868 rttm,
2012 3805 2101 3872 qui
2136 3803 2190 3857 in
2221 3805 2334 3858 suis
2358 3804 2759 3861 inlirmitatibus
2790 3807 3068 3877 gloriatur,
3101 3816 3154 3864 ut
3179 3824 3302 3865 eum
3340 3824 3436 3879 po-

1842 3896 2107 3953 tissimum
2137 3913 2648 3967 commemoremus,
2681 3902 2769 3972 qui
2813 3902 2863 3956 in
2889 3902 3186 3958 Ecclesiam
3235 3903 3438 3960 Christi

1840 4006 1906 4045 ex
1928 3991 2174 4060 gentibus
2191 3993 2452 4056 venimus,
2471 3993 2752 4047 Doctoretn
2771 3995 3009 4062 gentium
3043 3996 3096 4048 in
3121 3994 3224 4048 fide
3265 4002 3319 4047 et
3347 4011 3438 4049 ve-

1841 4083 2022 4147 ritate,
2050 4082 2139 4152 qui
2169 4094 2221 4137 et
2251 4084 2368 4152 plus
2386 4084 2638 4137 omnibus
2665 4085 2778 4138 suis
2804 4085 3126 4153 coapostolis
3154 4085 3438 4150 laboravit,

1844 4188 1910 4228 ex
1961 4174 2198 4243 pluribus
2233 4173 2489 4243 Epistolis
2539 4173 2764 4243 populos
2808 4174 2922 4240 Dei,
2968 4189 3072 4229 non
3105 4190 3198 4230 eos
3230 4185 3440 4233 tantum

1844 4264 1932 4336 qui
1967 4275 2256 4336 praesentes
2283 4266 2349 4320 ab
2394 4265 2486 4320 illo
2514 4265 2854 4330 videbantur,
2885 4281 3068 4322 verum
3109 4265 3269 4322 etiam
3312 4267 3436 4322 illos

1844 4359 1934 4430 qui
1964 4359 2126 4413 futuri
2164 4359 2599 4429 przevidebantur
2641 4358 2937 4422 instruxit;
2975 4357 3149 4424 illttm,
3187 4359 3429 4428 inquam,

1843 4453 2036 4517 virum,
2069 4451 2326 4505 athletam
2370 4450 2596 4517 Christi,
2627 4450 2840 4505 doctum
2873 4450 2940 4505 ab
2968 4451 3076 4516 illo,
3113 4463 3331 4507 unctum
3366 4453 3434 4509 de

1844 4545 1960 4610 illo,
1991 4543 2312 4599 cruciﬁxum
2338 4559 2457 4600 cum
2494 4542 2911 4614 illo,gloriosum
2946 4544 2999 4598 in
3023 4544 3131 4612 illo,
3156 4546 3204 4599 in
3233 4545 3442 4601 theatro

115 4626 518 4691 dilectionem,
553 4624 666 4678 sive
695 4623 1034 4689 charitatem,
1067 4621 1212 4677 aliud
1241 4637 1480 4678 amorem
1512 4640 1524 4677 :
1559 4623 1735 4678 dicunt

1848 4639 2004 4707 hujus
2036 4637 2242 4702 mundi,
2296 4636 2382 4692 cui
2429 4636 2794 4707 spectaculum
2833 4635 3008 4691 factus
3037 4645 3118 4692 est
3147 4637 3352 4707 angelis
3384 4645 3441 4694 et

117 4722 284 4778 enim
335 4715 678 4772 dilectionem
719 4716 1088 4784 accipiendam
1117 4716 1170 4768 in
1199 4714 1362 4780 bono,
1415 4729 1655 4770 amorem
1683 4717 1737 4772 in

115 4817 304 4872 malo.
365 4810 456 4865 Sic
483 4818 661 4863 autem
689 4823 788 4862 nec
817 4809 963 4878 ipsos
1001 4817 1251 4862 auctores
1280 4808 1617 4863 saecularium
1650 4810 1738 4862 lito

115 4918 384 4965 terarum
415 4903 621 4957 locutos
648 4914 771 4956 esse
811 4901 1170 4955 certissimum
1217 4906 1322 4954 est.
1365 4899 1530 4953 Recta
1561 4899 1741 4968 itaque

113 5001 403 5058 voluntas
448 5001 531 5048 est
578 4991 752 5046 bonus
779 5006 954 5058 amor,
987 4999 1043 5046 et
1070 4991 1316 5045 voluntas
1343 5003 1595 5058 perversa
1625 5006 1740 5044 ma-

113 5107 206 5161 lus
229 5113 426 5158 amor.
450 5097 505 5168 6
526 5097 690 5153 Amor
713 5108 844 5164 ergo
873 5095 1089 5149 inhians
1119 5092 1316 5148 habere
1341 5091 1482 5162 quod
1505 5100 1738 5158 amatur,

112 5203 420 5275 cupiditas
451 5207 573 5264 est;
605 5197 657 5252 id
710 5206 890 5252 autem
924 5195 1127 5249 habens
1167 5200 1328 5263 atque
1375 5191 1579 5260 fruens,
1612 5192 1746 5245 lmti-

112 5306 188 5358 tia
215 5307 315 5357 est
355 5311 374 5350 :
408 5293 615 5362 fugiens
640 5290 782 5361 quod
802 5292 849 5346 ei
873 5290 1205 5352 adversatur,
1233 5287 1395 5342 timor
1423 5293 1508 5340 est
1537 5301 1549 5338 :
1584 5283 1746 5353 idque

109 5397 157 5451 si
195 5386 485 5449 acciderit
514 5384 775 5450 sentiens,
806 5383 1024 5437 tristitia
1049 5389 1150 5437 est.
1179 5378 1414 5435 Proinde
1455 5377 1594 5432 mala
1622 5385 1747 5431 sunt

112 5489 254 5549 ista,
288 5481 343 5536 si
383 5476 553 5532 malus
593 5489 747 5530 amor
784 5483 867 5529 est
895 5491 910 5537 ;
935 5473 1097 5540 bona,
1125 5471 1167 5528 si
1196 5472 1388 5526 bonus.
1422 5469 1616 5523 Verum
1665 5467 1746 5521 his

115 5573 514 5656 phil030phis,
542 5571 682 5640 quod
707 5570 772 5624 ad
802 5570 954 5625 istam
979 5567 1323 5638 quaestionem
1347 5565 1414 5620 de
1440 5563 1599 5618 animi
1629 5575 1748 5631 per-

117 5667 557 5736 turbationibus
578 5664 910 5733 attinet,jam
940 5661 1318 5730 respondimus
1347 5660 1398 5714 in
1422 5673 1563 5713 nono
1589 5656 1747 5723 hujus

112 5771 325 5846 operis
381 5763 563 5825 libro,
617 5757 966 5813 ostendentes
1012 5769 1106 5808 eos
1154 5767 1258 5807 non
1312 5761 1415 5805 tant
1467 5750 1534 5804 de
1583 5748 1746 5802 rebus

115 5845 300 5939 quam
344 5858 417 5914 de
460 5852 658 5918 verbis,
711 5849 1012 5919 cupidiores
1042 5861 1162 5902 esse
1192 5845 1548 5900 Contentionis
1579 5855 1740 5912 quam

111 5937 421 6019 veritatis.
459 5945 608 6016 Apud
650 5957 749 6000 nos
774 5949 973 6008 autem,
1005 5941 1152 6011 juxta
1180 5937 1487 6007 Scripturas
1529 5943 1746 5991 sanctas

1846 4728 2177 4793 hominibus,
2213 4726 2445 4797 legitime
2478 4741 2729 4796 magnum
2758 4741 2981 4795 agonem
3015 4735 3335 4795 certantem,
3379 4734 3437 4783 et

1848 4821 2081 4889 palmam
2115 4834 2363 4892 superna:
2389 4818 2688 4873 vocationis
2718 4820 2770 4874 in
2813 4820 3084 4875 anteriora
3119 4831 3438 4890 sectantem,

1846 4914 2012 4968 oculis
2084 4913 2205 4968 fidei
2281 4911 2638 4966 libentissime
2690 4921 2974 4981 spectant,
3024 4913 3254 4983 gaudere
3315 4926 3439 4966 cum

1847 5003 2242 5073 gaudentibus,
2297 5001 2430 5058 ﬂere
2479 5016 2598 5058 cum
2646 5002 2920 5069 ﬂentibus,
2972 5003 3106 5058 foris
3156 5003 3440 5058 habentem

1851 5111 2076 5166 pugnas,
2129 5095 2273 5149 intus
2322 5094 2562 5161 timores,
2613 5097 2917 5166 cupientem
2965 5094 3181 5150 dissolvi
3227 5101 3279 5148 et
3320 5106 3442 5149 esse

1850 5201 1972 5240 cum
2001 5184 2242 5249 Christo,
2275 5185 2672 5240 desiderantem
2711 5186 2895 5241 videre
2926 5183 3220 5248 Romanos,
3255 5190 3310 5236 ut
3341 5181 3439 5236 ali-

1847 5294 2006 5349 quem
2041 5279 2272 5335 fructum
2306 5279 2499 5334 habeat
2552 5285 2606 5335 et
2644 5281 2698 5334 in
2727 5279 2855 5342 illis,
2891 5277 3029 5333 sicut
3059 5285 3113 5331 et
3143 5277 3196 5332 in
3228 5274 3442 5332 caeteris

1849 5372 2118 5442 gentibus,
2147 5371 2487 5427 aemulantem
2517 5371 2845 5437 Corinthios,
2876 5380 2927 5425 et
2953 5369 3066 5439 ipsa
3099 5369 3443 5424 :emulatione

1854 5477 2204 5532 metuentem,
2237 5482 2304 5523 ne
2335 5457 2658 5523 Sedueantur
2699 5479 2885 5520 eorum
2938 5472 3145 5518 mentes
3189 5477 3217 5516 a
3275 5462 3440 5516 casti-

1856 5569 1960 5614 tate
1983 5575 2099 5630 quac
2129 5559 2181 5613 in
2209 5558 2423 5615 Christo
2452 5569 2564 5627 est,
2601 5572 2846 5626 magnam
2881 5556 3153 5609 tristitiam
3185 5564 3238 5611 et
3267 5555 3442 5610 conti-

1852 5668 2016 5707 nuum
2068 5653 2309 5708 dolorem
2363 5652 2541 5707 cordis
2588 5650 2671 5703 sui
2718 5648 2784 5703 de
2832 5647 3088 5701 lsraelitis
3128 5647 3436 5718 habentem,

1848 5744 1990 5814 quod
2020 5744 2326 5813 ignorantes
2358 5744 2448 5797 Dei
2475 5740 2762 5810 justitiam,
2794 5749 2846 5794 et
2872 5753 3021 5792 suam
3051 5738 3298 5793 volentes
3331 5749 3441 5794 sta-

1850 5850 2018 5903 tuere,
2049 5837 2272 5906 justitia:
2316 5837 2410 5890 Dei
2445 5849 2547 5887 non
2580 5832 2688 5886 sint
2716 5814 2962 5901 sdbjecti,
2997 5846 3096 5886 nec
3126 5832 3298 5886 solum
3344 5830 3443 5885 do-

1843 5932 2035 5996 loretu,
2068 5944 2254 5985 verum
2297 5927 2457 5983 etiam
2490 5925 2692 5979 luctum
2723 5939 2880 5981 suum
2907 5923 3315 5981 denuntiantem
3370 5919 3443 5976 de
