3978 6380
513 390 624 448 575

1624 368 1690 422 D.
1731 364 2051 423 EUGYPPII
2088 361 2382 420 ABBATIS
2420 359 2740 416 AFRICANI
3682 355 3781 408 57G

512 502 831 578 quibusdam
863 497 953 570 qui
985 504 1108 552 ante
1137 493 1491 563 peccaverunt
1514 495 1569 541 et
1591 500 1696 540 non
1727 492 1952 553 egerunt
1978 499 2092 554 poe-
2121 483 2173 544 Α
2195 490 2248 536 et
2278 478 2451 532 amavi
2481 487 2552 532 te.
2581 476 2684 532 Sed
2713 474 2975 531 etcceluni
3005 479 3057 527 et
3086 480 3250 538 terra,
3280 478 3334 525 et
3360 471 3546 524 omnia
3581 483 3710 538 quae
3734 469 3777 521 in

514 577 798 654 nitentiam
829 607 990 660 super
1018 584 1352 642 immunditia
1390 591 1443 636 et
1485 577 1921 635 fornicationibus
1960 577 2089 630 suis.
2131 651 2140 658 _

515 687 584 743 Hi
618 696 816 750 motus,
870 682 921 735 hi
954 679 1199 739 aﬂ‘ectus,
1247 676 1315 728 de
1362 687 1545 726 amore
1579 671 1700 722 boni
1734 677 1788 722 et
1817 668 1883 723 de
1912 678 2096 721 sancta

517 780 780 835 eharitate
819 775 1115 836 venientes,
1164 769 1209 823 si
1241 768 1367 821 vitia
1399 765 1635 820 vocanda
1668 772 1814 826 sunt,
1858 761 2097 815 sinamus

517 881 579 928 ut.
618 887 680 925 ea
715 883 833 938 quae
875 883 999 921 vere
1042 864 1169 916 vitia
1211 869 1335 916 sunt
1380 861 1602 914 virtutes
1651 866 1950 910 vocentur:
2000 852 2096 907 sed

520 977 642 1017 cum
691 967 890 1014 rectam
928 956 1187 1010 rationem
1230 961 1523 1020 sequantur
1590 951 1706 1003 ista:
1767 947 2095 1010 affectiones,

517 1049 732 1118 quando
770 1048 856 1101 ubi
888 1054 1100 1116 Oportet
1145 1043 1493 1105 adhibentur,
1545 1039 1667 1106 quis
1696 1052 1788 1091 eas
1826 1034 2097 1089 morbidas

519 1159 617 1199 seu
655 1143 875 1197 vitiosas
920 1141 1194 1208 passiones
1224 1138 1419 1190 audeat
1467 1133 1685 1187 dicere?
1737 1130 2099 1198 Quamobrem

521 1235 682 1288 etiam
715 1233 825 1300 ipse
887 1233 1144 1284 Dominus
1191 1229 1244 1283 in
1294 1227 1465 1281 forma
1496 1223 1590 1278 Dei
1634 1238 1791 1291 agere
1827 1222 1991 1275 vitam
2020 1218 2102 1273 di-

523 1335 717 1395 gnatus
759 1332 840 1377 est
888 1321 1196 1382 humanam,
1249 1317 1344 1372 sed
1389 1316 1592 1370 nullum
1642 1313 1845 1367 habens
1883 1311 2102 1364 omnino

523 1426 828 1486 peccatum,
854 1413 1097 1466 adhibuit
1143 1424 1236 1464 eas
1281 1409 1367 1462 ubi
1399 1405 1731 1461 adhibendas
1755 1417 1874 1458 esse
1899 1401 2102 1470 judica-

525 1509 623 1561 vit.
652 1506 833 1575 Neque
856 1505 997 1557 enim
1032 1503 1084 1555 in
1118 1515 1222 1568 quo
1247 1513 1431 1552 verum
1472 1505 1587 1551 erat
1619 1494 1849 1548 hominis
1877 1508 2097 1562 corpus,

525 1609 580 1653 et
611 1611 771 1650 verus
812 1594 1043 1648 hominis
1071 1591 1302 1655 animus,
1351 1586 1516 1640 falsus
1555 1594 1670 1640 erat
1712 1582 1976 1638 humanus
2018 1581 2103 1635 af-

526 1689 722 1744 fectus.
754 1688 887 1742 Cum
923 1699 1052 1753 ergo
1082 1682 1198 1751 ejus
1240 1679 1293 1733 in
1329 1677 1612 1747 Evangelio
1642 1675 1743 1730 ista
1773 1675 2101 1740 referuntur,

528 1783 667 1851 quod
699 1792 861 1846 super
889 1775 1138 1829 duritiam
1167 1769 1344 1826 cordis
1370 1768 1675 1823 Judieorum
1716 1782 1836 1822 cum
1864 1766 1944 1820 ira
1969 1779 2102 1820 con-

2195 575 2276 627 eis
2306 581 2449 636 sunt,
2476 586 2602 625 ecce
2633 570 2862 637 undique
2896 566 3024 622 mihi
3055 564 3236 619 dicunt
3286 573 3344 616 ut
3367 572 3418 616 te
3443 577 3659 626 amem,
3691 576 3779 615 nec

2198 673 2412 720 cessant
2459 664 2639 717 dicere
2671 653 2942 720 omnibus,
2976 671 3030 712 ut
3062 658 3168 711 sint
3213 654 3643 710 incxcusabiles.
3698 654 3778 706 Al-

2197 755 2305 808 tius
2334 763 2510 807 autem
2542 764 2594 806 tu
2626 750 2966 806 miseri-heris
3017 749 3102 802 cui
3137 747 3386 801 misertus
3426 746 3571 809 eris,
3607 754 3666 800 et
3689 745 3780 799 mi-

2199 847 2544 903 sericordiam
2590 843 2870 914 prmstabis
2914 841 2997 895 cui
3043 839 3350 893 misericors
3400 836 3583 890 fueris
3618 853 3632 899 ;
3666 835 3782 888 alio-

2199 939 2326 1010 quin
2359 939 2550 993 cmlum
2591 946 2643 990 et
2688 945 2826 988 terra
2871 931 3046 986 surdis
3083 930 3372 999 loquuntur
3411 927 3616 983 laudes
3656 939 3780 981 tuas.

2197 1029 2334 1098 Quid
2366 1039 2540 1083 autem
2571 1042 2713 1091 amo,
2758 1040 2878 1079 cum
2907 1031 2960 1078 te
2989 1021 3147 1076 amo?
3177 1035 3281 1075 non
3322 1021 3574 1086 speciem
3608 1032 3780 1084 corpo-

2199 1125 2295 1188 ris,
2328 1137 2425 1176 nec
2480 1120 2641 1174 decus
2674 1117 2966 1187 temporis,
3010 1130 3115 1168 non
3149 1113 3439 1167 candorem
3481 1108 3632 1162 lucis
3670 1122 3779 1162 ecce

2201 1217 2319 1272 istis
2343 1215 2573 1268 amicum
2602 1211 2794 1276 oculis,
2835 1225 2941 1263 non
2974 1207 3159 1260 dulces
3195 1202 3457 1258 melodias
3488 1200 3777 1255 cantilena-

2200 1322 2318 1363 rum
2362 1305 2818 1367 omnimodarum,
2861 1314 2968 1354 non
3005 1298 3196 1352 ﬂorum
3225 1303 3281 1351 et
3311 1299 3775 1364 unguentorumet

2203 1410 2502 1454 aromatum
2558 1393 3001 1458 suaveolentiam,
3033 1407 3137 1444 nou
3166 1402 3358 1443 manna
3384 1397 3441 1440 et
3467 1385 3660 1447 mella,
3689 1399 3773 1437 non

2203 1494 2445 1548 membra
2490 1487 2838 1558 acceptabilia
2884 1475 3061 1538 carnis
3101 1482 3485 1549 amplexibus;
3515 1492 3632 1531 non
3680 1475 3772 1528 hac

2203 1599 2347 1648 amo,
2390 1599 2510 1638 cum
2550 1597 2672 1635 amo
2727 1583 2893 1634 Deum
2939 1592 3138 1632 meum.
3193 1575 3244 1645 ’1
3297 1574 3365 1627 Et
3423 1581 3616 1625 tamen
3672 1583 3772 1622 amo

2204 1675 2488 1746 quamdam
2531 1673 2725 1735 lucem,
2759 1681 2814 1725 et
2851 1667 3136 1740 quamdam
3161 1679 3373 1731 vocem,
3414 1671 3475 1717 et
3505 1659 3768 1726 quemdam

2205 1768 2467 1832 odorem,
2520 1776 2574 1822 et
2628 1764 2907 1836 quemdam
2955 1762 3171 1823 cibum,
3217 1767 3274 1813 et
3334 1755 3630 1826 quemdam
3679 1767 3769 1805 ain-

527 1848 772 1928 t-ristatus
803 1872 912 1934 sit;
954 1867 1094 1937 quod
1140 1863 1334 1918 dixerit
1363 1877 1377 1914 :
1406 1861 1624 1916 Gaudeo
1671 1868 1890 1930 prepter
1915 1873 2010 1912 vos
2049 1864 2106 1911 ut
2133 1851 2181 1913 Β
2210 1860 2421 1930 plexum
2447 1899 2463 1925 ,
2517 1873 2638 1912 cum
2689 1869 2810 1910 amo
2865 1854 3028 1907 Deum
3073 1865 3276 1916 meum,
3319 1848 3523 1911 lucem,
3584 1857 3766 1906 vocem,

530 1964 794 2026 credatis;
837 1959 978 2028 quod
1020 1958 1272 2012 Lazarum
1319 1954 1671 2007 suscitaturus
1717 1953 1877 2006 etiam
1927 1949 2101 2020 lacry-

529 2070 645 2111 mas
675 2054 903 2118 fuderit;
958 2053 1098 2120 quod
1129 2046 1493 2115 concupiverit
1530 2058 1651 2098 cuin
1682 2042 1961 2112 discipulis
1992 2042 2103 2094 suis

530 2146 856 2202 manducare
922 2143 1161 2211 pascha;
1212 2138 1351 2209 quod
1410 2137 1804 2207 prapinquante
1857 2135 2105 2202 passione

527 2235 703 2289 tristis
735 2233 889 2287 fuerit
919 2233 1096 2286 anima
1117 2230 1252 2298 ejus,
1283 2243 1385 2280 non
1413 2228 1545 2280 falso
1567 2225 1746 2294 utique
1777 2223 2100 2279 referuntur.

534 2324 726 2379 Verum
761 2323 847 2378 ille
877 2322 974 2376 hos
988 2332 1165 2376 motus
1179 2334 1337 2373 certae
1356 2315 1775 2386 dispensationis
1795 2319 1990 2384 gratia,
2010 2317 2102 2381 ita,

529 2429 654 2469 cum
688 2412 873 2475 voluit,
898 2411 1137 2480 suscepit
1162 2409 1340 2463 animo
1359 2408 1612 2474 humano,
1655 2417 1733 2470 ut.
1766 2422 1887 2461 cum
1917 2408 2104 2473 voluit,

530 2505 705 2560 factus
730 2514 814 2558 cst
853 2503 1034 2559 homo.
1063 2502 1308 2566 Proinde,
1335 2502 1474 2570 quod
1509 2499 1780 2555 latendum
1813 2509 1916 2563 est,
1946 2503 2106 2556 etiam

531 2612 650 2654 eum
672 2608 843 2653 rectas
869 2609 924 2653 et
950 2596 1242 2652 secundum
1277 2595 1440 2650 Deum
1459 2595 1716 2649 habemus
1747 2593 1842 2646 has
1865 2594 2108 2648 affectio-

533 2704 650 2754 nes,
685 2690 843 2758 hujus
870 2689 995 2743 vita:
1021 2698 1125 2752 est,
1156 2703 1261 2741 non
1303 2687 1442 2741 illius
1480 2703 1636 2754 quam
1669 2686 1898 2739 futuram
1930 2700 2112 2752 spera-

532 2792 671 2842 mus,
722 2787 778 2831 et
813 2792 954 2846 saepe
986 2777 1089 2831 illis
1128 2779 1288 2831 etiam
1321 2774 1470 2829 inviti
1497 2775 1755 2829 cedimus.
1801 2777 1984 2840 Itaque
2011 2775 2110 2827 ali-

537 2871 776 2940 quando,
818 2870 1062 2940 quamvis
1094 2885 1201 2924 non
1248 2868 1498 2934 culpabili
1529 2867 1845 2935 cupiditate,
1877 2866 1971 2920 sed
2003 2867 2113 2918 lau-

537 2962 698 3017 dabili
751 2963 1012 3016 charitate
1040 2975 1370 3026 moveamur,
1404 2960 1565 3014 etiam
1597 2960 1722 3012 dum
1746 2958 1992 3012 nolumus
2015 2958 2111 3012 lle-

538 3068 677 3108 mus.
732 3053 1000 3108 Habemus
1027 3067 1154 3121 ergo
1181 3067 1272 3106 eas
1300 3066 1364 3107 ex
1397 3051 1642 3103 humana:
1681 3050 2004 3104 conditionis
2036 3050 2113 3103 in-

539 3145 826 3200 ﬁrmitate:
853 3159 956 3197 non
1004 3153 1184 3198 autem
1227 3146 1297 3196 ita
1342 3141 1601 3196 Dominus
1647 3141 1822 3207 Jesus,
1863 3141 2017 3210 cujus
2063 3148 2116 3195 et

541 3238 824 3297 Inﬁrmitas
853 3237 951 3292 fuit
975 3254 1042 3293 ex
1073 3245 1360 3307 potestate;
1411 3235 1505 3291 sed
1533 3235 1660 3291 dum
1691 3236 1811 3290 vitae
1845 3235 2000 3303 hujus
2033 3237 2114 3289 in-

541 3330 850 3386 ﬁrmitatem
878 3330 1135 3401 gerimus,
1163 3330 1209 3384 si
1231 3345 1324 3384 eas
1352 3327 1573 3383 omnino
1598 3328 1772 3382 nullas
1803 3327 2114 3393 habeamus,

542 3426 673 3475 tunc
705 3421 882 3488 potius
928 3437 1032 3475 non
1067 3431 1215 3475 recte
1240 3419 1489 3475 vivimus.
1522 3419 1866 3489 Vituperabat
1896 3421 2038 3476 enim
2069 3430 2123 3475 ct

541 3511 911 3567 detestabatur
968 3511 1254 3580 Apostolus
1306 3512 1509 3579 (Rom.
1540 3513 1600 3585 ι)
1653 3513 1936 3582 quosdam,
1991 3528 2123 3582 quos

541 3601 704 3660 etiam
728 3617 848 3659 esse
875 3603 1010 3659 dixit
1039 3604 1154 3660 sine
1181 3604 1481 3660 aﬂectione.
1535 3604 1785 3674 Culpavit
1811 3605 1972 3660 etiam
2001 3604 2124 3660 illos

543 3709 700 3750 sacer
744 3695 1011 3761 Psalmus,
1067 3696 1134 3751 de
1179 3696 1372 3765 quibus
1395 3697 1471 3750 ait
1499 3711 1514 3749 ε
1541 3695 1803 3760 Sustinui,
1833 3695 1924 3764 qui
1963 3694 2125 3748 simul

548 3785 1056 3849 contristaretur,et
1078 3799 1184 3838 non
1215 3784 1334 3839 fuit.
1363 3783 1495 3838 Nam
1532 3786 1754 3839 omnino
1781 3800 1886 3839 non
1905 3784 2122 3853 Idolere,

543 3874 673 3929 dum
704 3890 886 3928 sumus
916 3875 969 3928 in
999 3874 1100 3928 hoc
1124 3874 1241 3928 loco
1272 3874 1530 3939 miseriae,
1559 3874 1822 3943 profecto,
1841 3877 1981 3930 sicut
2011 3877 2126 3944 qui-

547 3965 669 4019 dam
715 3965 877 4020 etiam
928 3963 1067 4034 apud
1117 3965 1297 4018 sieculi
1351 3965 1506 4031 hujus
1554 3965 1821 4020 litteratos
1861 3967 2027 4020 sensit
2073 3974 2129 4022 et

547 4055 703 4120 dixit,
737 4071 842 4112 non
884 4057 1000 4111 sine
1049 4057 1299 4112 mercede
1357 4055 1642 4125 contingit,
1691 4057 2037 4110 immanitatis
2076 4058 2129 4113 in

547 4147 752 4212 animo,
775 4149 1008 4216 stuporis
1026 4151 1078 4202 in
1094 4162 1337 4217 corpore.
1361 4147 1642 4216 Quocirca,
1670 4147 1752 4202 illa
1779 4161 1898 4217 quae
1914 4149 2132 4206 ἀπάθεια

549 4241 737 4298 Graece
774 4241 989 4305 dicitur,
1017 4257 1157 4308 quae,
1203 4239 1246 4294 si
1273 4242 1459 4296 Latine
1489 4249 1690 4311 posset,
1731 4240 2133 4308 impassibilitas

552 4329 853 4390 diceretur,
885 4330 930 4382 si
959 4330 1032 4382 ita
1070 4330 1413 4398 intelligenda
1447 4340 1530 4385 est
1575 4333 1652 4402 (in
1693 4333 1873 4387 animo
1914 4333 2132 4402 quippe,

552 4433 662 4475 non
695 4417 748 4470 in
780 4432 1006 4486 corpore
1049 4419 1346 4488 accipitur),
1374 4429 1433 4473 ut
1476 4419 1590 4475 sine
1638 4422 1720 4477 his
1762 4423 2135 4479 all‘ectionibus

561 4513 785 4566 vivatur
822 4527 939 4581 quae
979 4520 1166 4566 contra
1212 4509 1475 4565 rationem
1514 4514 1763 4568 accidunt
1794 4528 2135 4586 mentemque

2203 1953 2445 2014 odorem,
2494 1952 2693 2014 cibum,
2743 1946 3048 2016 amplexum
3075 1941 3348 1998 interioris
3381 1938 3614 1993 hominis
3637 1935 3765 1990 mei:

2205 2044 2295 2100 ubi
2324 2043 2488 2112 fulget
2516 2043 2710 2095 animae
2744 2052 2877 2093 meae
2916 2035 3059 2106 quod
3094 2047 3198 2087 non
3225 2033 3369 2100 capit
3397 2031 3566 2092 locus,
3602 2037 3655 2083 et
3691 2024 3764 2079 ubi

2213 2146 2374 2193 sonat
2400 2136 2543 2207 quod
2574 2151 2679 2190 non
2709 2132 2850 2202 rapit
2876 2141 3105 2200 tempus,
3133 2138 3188 2183 et
3217 2127 3306 2181 ubi
3338 2125 3444 2180 olet
3486 2121 3624 2192 quod
3672 2134 3764 2174 non

2208 2230 2409 2300 spargit
2447 2229 2622 2289 ﬂatus,
2661 2236 2715 2280 et
2761 2225 2848 2279 ubi
2894 2222 3031 2290 sapit
3082 2220 3224 2290 quod
3281 2234 3381 2273 non
3418 2215 3601 2269 minuit
3637 2212 3765 2266 eda-

2209 2324 2379 2388 citas,
2408 2331 2462 2375 et
2488 2318 2575 2374 ubi
2617 2317 2786 2372 haeret
2814 2314 2956 2385 quod
2987 2328 3094 2368 non
3135 2312 3345 2366 divellit
3386 2309 3615 2366 satietas;
3661 2303 3760 2357 hoc

2211 2422 2295 2468 est
2333 2410 2476 2482 quod
2530 2424 2672 2474 amo,
2725 2422 2846 2462 cum
2896 2407 3060 2460 Deum
3113 2417 3290 2458 meum
3344 2415 3481 2454 amo.
3535 2395 3601 2452 Et
3644 2392 3761 2463 quid

2210 2513 2293 2560 est
2347 2504 2482 2557 hoc?
2525 2501 2848 2571 Interrogavi
2901 2507 3094 2552 terram
3123 2537 3138 2564 ,
3181 2505 3237 2550 et
3273 2492 3448 2548 dixit:
3491 2489 3602 2545 Non
3626 2502 3760 2551 sum,

2211 2605 2268 2653 et
2313 2609 2643 2664 quaecunque
2675 2596 2724 2648 in
2765 2589 2951 2648 eadem
2991 2597 3136 2652 sunt,
3178 2587 3316 2641 idem
3361 2583 3602 2639 confessa
3637 2588 3757 2633 sunt.

2215 2688 2540 2757 Interrogavi
2586 2699 2733 2740 mare
2770 2691 2824 2737 et
2875 2681 3120 2751 abyssos,
3168 2690 3221 2733 et
3257 2674 3467 2743 repiiiia
3497 2673 3757 2726 animarum

2214 2782 2478 2842 vivarum,
2531 2784 2586 2831 et
2623 2768 3192 2844 responderuntzNon
3238 2780 3426 2820 sumus
3469 2763 3598 2816 Deus
3633 2771 3748 2821 tuus,

2214 2885 2394 2942 quane
2414 2882 2574 2936 super
2596 2881 2713 2920 nos.
2738 2862 3061 2932 Interrogavi
3099 2873 3254 2913 auras
3285 2856 3508 2916 ﬂabila,
3536 2861 3579 2905 et
3605 2847 3746 2917 inquit

2216 2959 2494 3015 univeisus
2550 2971 2642 3010 aer
2698 2971 2816 3010 cum
2874 2954 3068 3007 incolis
3116 2950 3225 3003 suis
3268 2965 3280 2999 :
3327 2946 3545 3000 Fallitur
3593 2939 3754 2993 Anaxi-

2215 3068 2438 3120 menes,
2475 3067 2582 3108 non
2606 3065 2722 3104 sum
2767 3049 2928 3104 Deus.
2976 3047 3296 3113 Interrogavi
3337 3042 3538 3096 cmlum
3562 3079 3576 3100 ,
3599 3037 3760 3095 sulem,

2216 3150 2438 3217 lunam,
2501 3145 2688 3200 stellas
2746 3159 2761 3196 :
2808 3138 3033 3210 Neque]
3061 3153 3157 3193 nos
3203 3148 3393 3191 sumus
3443 3133 3585 3187 Deus
3636 3141 3760 3198 quem

2143 3240 2188 3302 C
2218 3241 2415 3312 quaeris
2438 3280 2452 3304 ,
2484 3238 2752 3308 inquiunt.
2799 3234 2864 3287 Et
2887 3231 2999 3284 dixi
3038 3231 3286 3284 omnibus
3315 3227 3397 3281 his
3426 3241 3550 3296 qua:
3575 3226 3760 3278 circum-

2220 3343 2366 3390 stant
2412 3330 2560 3385 fores
2590 3327 2768 3383 carnis
2795 3343 2963 3381 mete:
2998 3323 3167 3378 Dicite
3212 3320 3340 3374 mihi
3370 3319 3437 3372 de
3487 3318 3596 3371 Deo
3637 3327 3760 3376 meo,

2220 3427 2363 3499 quod
2397 3441 2493 3479 vos
2517 3439 2624 3478 non
2656 3424 2816 3486 estis,
2848 3419 3012 3474 dicite
3057 3416 3186 3470 mihi
3219 3413 3288 3467 de
3334 3411 3429 3466 illo
3469 3407 3673 3479 aliquid.
3713 3402 3764 3456 Et

2223 3521 2667 3577 exclamaverunt
2695 3528 2827 3568 voce
2852 3524 3043 3580 magna
3079 3525 3092 3561 :
3129 3507 3244 3574 Ipse
3271 3503 3394 3558 fecit
3424 3517 3546 3555 nos.
3579 3499 3766 3552 Interru-

2224 3613 2368 3683 gatio
2395 3625 2512 3665 mea
2540 3650 2554 3673 ,
2601 3605 2829 3661 intentio
2859 3618 2975 3658 mea
3002 3617 3018 3667 ;
3051 3611 3104 3655 et
3130 3596 3414 3667 responsio
3451 3609 3650 3653 eorum,
3677 3603 3767 3656 Spe-

2225 3679 2338 3756 cies
2363 3715 2570 3754 eorum.
2613 3699 2678 3752 Et
2705 3696 2875 3750 direxi
2921 3707 3008 3748 me
3051 3691 3117 3745 ad
3143 3704 3257 3754 me,
3287 3697 3342 3742 et
3372 3687 3485 3740 dixi
3515 3685 3638 3739 mihi
3665 3701 3676 3734 :
3709 3679 3771 3733 ‘I'u

2227 3795 2351 3861 quis
2377 3795 2477 3848 es?
2511 3793 2572 3846 Et
2597 3790 2872 3860 respondi,
2912 3788 3083 3841 Homo
3116 3803 3128 3838 :
3157 3794 3212 3840 et
3235 3798 3366 3838 ecce
3394 3797 3578 3848 corpus
3605 3788 3652 3831 et
3671 3775 3771 3828 ani-

2230 3901 2318 3942 ma
2351 3886 2402 3940 in
2431 3901 2516 3938 me
2538 3884 2666 3937 milii
2700 3891 2894 3950 prmsto
2913 3889 3063 3947 sunt,
3105 3893 3265 3932 unum
3297 3877 3560 3936 exterius,
3588 3882 3636 3926 et
3659 3873 3773 3923 alte-

2231 3993 2346 4033 rum
2380 3979 2604 4031 interius
2651 3974 2820 4043 :quid
2866 3973 3051 4026 horum
3098 3978 3182 4025 est
3221 3969 3363 4024 unde
3388 3981 3625 4038 quaerere
3645 3961 3775 4015 debui

2233 4068 2400 4122 Deum
2432 4083 2630 4129 meum,
2653 4081 2809 4134 quem
2850 4065 2958 4132 jam
3014 4062 3363 4132 quaesiveram
3419 4075 3516 4129 per
3551 4070 3726 4125 corpus
3755 4067 3778 4104 ι

2233 4170 2375 4216 terra
2407 4176 2573 4228 usque
2600 4159 2666 4213 ad
2695 4158 2913 4223 ccelum,
2937 4169 3218 4226 quousque
3243 4154 3386 4223 potui
3429 4152 3637 4206 mittere
3672 4162 3777 4201 nuu-

2233 4251 2359 4316 tios,
2379 4252 2561 4306 radios
2588 4249 2864 4304 oculorum
2897 4245 3164 4300 meorum?
3191 4243 3301 4299 Sed
3332 4243 3527 4296 melius
3563 4238 3696 4310 quod
3719 4238 3781 4290 iu-

2235 4343 2402 4397 terius
2423 4379 2440 4406 ,
2469 4342 2518 4397 ei
2543 4343 2739 4412 quippe
2761 4339 3141 4394 renuntiabant
3161 4349 3351 4390 omnes
3381 4334 3547 4388 nuntii
3569 4343 3783 4396 corpora.

2237 4432 2346 4498 les,
2393 4433 2700 4502 praesidenti
2726 4440 2782 4486 et
2819 4431 3079 4500 judicanti
3110 4429 3178 4484 de
3223 4426 3653 4496 responsionibus
3683 4419 3785 4475 cali

2237 4534 2294 4580 et
2322 4533 2514 4590 terrae,
2554 4536 2608 4579 et
2650 4524 2888 4579 omnium
2919 4538 3037 4591 qua:
3077 4522 3130 4575 in
3179 4521 3263 4575 eis
3313 4529 3443 4575 sunt
3483 4517 3785 4572 dicentium:

556 4601 894 4674 Ρθτίυτδεηῑν
928 4602 1064 4656 bona
1089 4602 1247 4670 Ριέδηθ
1297 4610 1354 4656 ει
1381 4602 1612 4656 ωθκίῐηθ
1641 4607 1870 4673 ορῑδηάδ
1899 4616 2002 4672 θεῖ.
2033 4607 2127 4663 Sed
2158 4623 2213 4684 D
2235 4616 2350 4672 Non
2379 4632 2562 4671 sumus
2600 4617 2769 4681 Deus,
2797 4617 2891 4671 sed
2923 4615 3035 4684 ipse
3062 4614 3186 4670 fecit
3230 4628 3350 4671 nos.
3399 4613 3556 4667 Ilomo
3577 4605 3790 4662 interior

561 4707 666 4749 nec
698 4693 811 4760 ipsa
845 4693 999 4762 hujus
1043 4703 1122 4748 est
1150 4693 1289 4748 vitae.
1348 4694 1466 4748 Non
1506 4695 1649 4748 enim
1689 4697 2136 4768 qualiumcunque

559 4779 836 4838 hominum
869 4798 968 4836 vox
1001 4794 1115 4850 est,
1162 4785 1255 4838 sed
1288 4785 1522 4841 maxime
1555 4785 1762 4853 piorum
1811 4791 2140 4856 multumque

557 4874 824 4949 iustorum
869 4885 1029 4944 atque
1059 4886 1362 4931 sanctorum
1394 4896 1409 4933 :
1465 4879 1521 4935 Si
1561 4879 1859 4934 dixerimus
1887 4883 2138 4947 quoniam

560 4979 840 5040 peccatum
874 4985 979 5024 non
1014 4971 1293 5036 habemus,
1334 4972 1580 5041 nosipsos
1611 4973 1936 5040 seducimus,
1970 4984 2023 5029 et
2051 4991 2141 5030 ve-

560 5064 693 5122 ritas
723 5066 774 5119 in
812 5066 966 5118 nobis
995 5080 1098 5118 non
1128 5074 1228 5120 est.
1257 5068 1402 5120 Tunc
1432 5065 1609 5137 itaque
1639 5069 1857 5125 ἀπάθεια
1889 5070 1984 5123 ista
2014 5070 2136 5136 erit,

562 5159 775 5228 quando
803 5168 1077 5226 peccatum
1120 5156 1176 5210 in
1206 5158 1418 5212 homine
1449 5161 1649 5213 nullum
1677 5163 1798 5214 erit.
1834 5163 1981 5216 Nunc
2013 5176 2141 5216 vero

568 5250 701 5305 Satis
735 5252 870 5303 bene
901 5248 1170 5313 vivitur,si
1189 5249 1304 5304 sine
1330 5249 1572 5316 crimine;
1591 5255 1706 5306 sine
1724 5262 1941 5320 peccato
1961 5261 2140 5306 autem

564 5346 655 5414 qui
696 5358 756 5398 se
781 5344 960 5398 vivere
987 5345 1275 5409 existimat,
1306 5359 1409 5396 non
1439 5345 1489 5397 id
1515 5348 1622 5414 agit
1649 5353 1705 5398 ut
1727 5354 2002 5414 peccatum
2036 5359 2140 5400 non

565 5436 782 5503 habeat,
813 5436 908 5492 sed
938 5446 996 5492 ut
1016 5437 1221 5492 veniam
1249 5451 1355 5491 non
1382 5436 1626 5507 accipiat.

1202 5613 1427 5669 CAPUT
1466 5613 1531 5668 V.

568 5725 650 5783 De
684 5726 906 5798 quinque
945 5726 1173 5797 corporis
1209 5729 1435 5782 sensibus
1457 5766 1472 5793 ,
1510 5742 1573 5781 ea:
1609 5725 1740 5780 libro
1778 5742 1812 5780 x
1850 5726 2144 5796 Confessio-

1296 5815 1441 5853 num.
1497 5815 1500 5819 ”

646 5906 889 5973 Domine,
921 5923 1043 5966 amo
1067 5918 1152 5975 te;
1180 5911 1490 5980 percussisti
1512 5926 1604 5969 cor
1635 5925 1812 5970 meum
1841 5909 2006 5968 verbo
2032 5919 2141 5978 tuo,

2239 4712 2490 4779 Cognovit
2519 4711 2630 4764 huic
2659 4725 2752 4776 per
2781 4711 3064 4762 exterioris
3090 4708 3448 4761 ministerium
3497 4723 3510 4757 :
3548 4719 3652 4776 ego.
3672 4703 3792 4754 inte—

2241 4798 2354 4855 rior
2390 4799 2611 4863 eoa-novi
2636 4799 2770 4864 haec,
2790 4811 2910 4866 rgo,
2935 4814 3034 4867 ego
3071 4799 3302 4859 animus,
3335 4815 3429 4865 per
3458 4810 3676 4850 sensum
3700 4807 3797 4844 Cur-

2241 4892 2388 4960 poris
2410 4891 2537 4944 mei.
2562 4889 2887 4957 Interrogavi
2921 4889 3100 4942 mundi
3142 4888 3332 4941 moleui
3365 4888 3435 4940 de
3459 4890 3564 4940 Deo
3605 4889 3798 4946 metuet

2241 4981 2516 5048 respondit
2546 4981 2675 5034 mihi
2709 4999 2720 5032 :
2758 4983 2868 5034 Non
2910 4996 3010 5047 ego
3049 4994 3165 5033 sum
3189 5020 3204 5041 ,
3253 4979 3345 5033 sed
3388 4979 3501 5046 ipse
3542 4992 3630 5031 me
3672 4976 3799 5030 fecit.

2244 5074 2437 5130 Nonne
2477 5074 2726 5127 omnibus
2753 5074 2945 5143 quibus
2985 5075 3191 5142 integer
3230 5089 3420 5126 SCIISUs
3448 5083 3566 5134 esn,
3607 5076 3804 5133 ai-pml

2247 5168 2362 5221 haec
2412 5166 2654 5234 species?
2703 5164 2810 5219 Cur
2859 5181 2964 5221 non
3020 5165 3268 5218 omnibus
3310 5163 3493 5218 eadem
3551 5159 3806 5230 quuilur‘.

2246 5258 2508 5313 Animalia
2552 5257 2740 5326 pusilla
2780 5267 2832 5311 et
2873 5272 3059 5325 magna
3093 5256 3272 5309 vident
3318 5269 3435 5308 eam
3463 5293 3479 5314 ,
3520 5254 3617 5304 sed
3662 5253 3809 5303 intrro

2245 5365 2438 5419 rogare
2481 5361 2770 5420 nequeunt,
2816 5365 2919 5402 non
2972 5350 3113 5402 enim
3184 5346 3464 5414 praiposita
3509 5353 3593 5395 est
3660 5343 3710 5394 in
3751 5341 3816 5392 eis

2250 5444 2619 5499 nuntiantibus
2652 5443 2898 5497 sensibus
2933 5441 3099 5509 judex
3149 5439 3302 5492 ratio.
3353 5436 3612 5489 Homines
3651 5443 3817 5485 autem

2253 5547 2476 5607 possunt
2508 5539 2870 5602 interrogare,
2912 5544 2967 5586 ut
3014 5530 3295 5586 invisibilia
3338 5527 3434 5581 Dei
3479 5541 3576 5594 per
3623 5540 3688 5577 ea
3720 5535 3827 5591 qua:

2253 5629 2389 5684 facta
2419 5637 2544 5682 sunt
2593 5626 2863 5680 intellecta
2913 5623 3278 5691 conspiciant;
3328 5617 3420 5672 sed
3468 5631 3660 5669 amore
3705 5615 3826 5667 Sab-

2251 5723 2451 5778 duntur
2471 5723 2572 5786 eis,
2602 5729 2655 5774 et
2679 5717 2876 5772 subditi
2898 5715 3140 5787 judicare
3167 5727 3274 5765 non
3317 5719 3564 5778 poesunt;
3613 5720 3719 5758 nec
3753 5718 3830 5756 re-

2252 5817 2517 5886 spondent
2555 5814 2656 5869 ista
2681 5808 3141 5880 interrogantibus
3180 5803 3284 5859 nisi
3310 5799 3712 5871 judicantibus,
3744 5810 3835 5850 nec

2251 5924 2436 5968 vocem
2468 5923 2618 5966 suam
2656 5912 2881 5975 mutant,
2912 5902 2965 5959 id
3010 5911 3094 5957 est
3135 5895 3371 5969 speciem
3407 5906 3576 5954 suam,
3625 5890 3679 5946 si
3707 5890 3842 5945 alius
