3978 6380
156 343 244 402 δτι

1423 319 1696 383 THESAU
1707 308 1856 377 RUS.
1897 309 2053 376 CAP.
2095 313 2184 371 VI.

3289 311 3399 370 578

155 467 341 519 tantum
364 455 565 524 videat,
607 455 746 512 alius
771 461 951 508 autem
979 443 1499 514 vidensinterroget.
1527 450 1588 495 ut
1617 438 1716 494 ali-
1740 440 1796 500 Α
1820 436 2172 490 caecitatemm
2202 442 2364 524 eam:
2395 421 2652 497 ﬂagrasti,
2683 431 2738 481 et
2758 421 2885 478 duxi
2923 417 3191 524 spiritum,
3218 433 3273 479 et
3299 439 3400 481 an-

153 565 225 611 ter
249 553 615 620 illiappareat,
647 548 804 602 aliter
834 547 991 599 huic:
1036 541 1129 598 sed
1161 540 1348 596 eodem
1390 537 1548 591 modo
1580 535 1715 587 utri-

154 661 246 717 que
268 657 552 712 apparens,
583 641 657 693 illi
694 650 838 692 muta
862 648 966 703 εει,
997 637 1118 688 huic
1157 633 1430 700 loquitur;
1463 632 1567 681 imo
1590 638 1718 679 vero

152 737 388 794 omnibus
430 734 694 801 loquitur,
724 732 818 785 sed
844 730 915 783 illi
949 728 1250 794 intelligunt
1273 725 1360 793 qui
1390 726 1508 788 ejus
1536 733 1717 772 \ocem

155 839 414 898 acceptam
453 826 607 890 l‘oris,
643 824 786 877 intus
813 837 931 877 cum
963 821 1187 874 veritate
1215 816 1518 872 conferunt.
1566 811 1720 866 Veri-

155 937 226 978 tas
265 925 404 978 enim
433 916 736 984 dicitmihi,
772 915 888 971 Non
924 923 1008 970 est
1029 914 1168 970 Deus
1196 921 1315 967 tuus
1348 921 1490 966 terra
1521 915 1578 962 et
1606 918 1718 959 co:-

150 1017 273 1073 lum.

744 1147 970 1204 CAPUT
1025 1146 1110 1202 Vl.

153 1271 224 1327 De
268 1269 444 1324 iisdem
481 1267 703 1337 quinque
751 1265 979 1337 corporis
1026 1261 1255 1337 sensibus
1312 1257 1478 1337 oratio
1508 1252 1726 1326 pulchra

357 1331 510 1408 atque
538 1331 764 1408 prolixa,
793 1331 856 1391 ea:
881 1336 1011 1389 libro
1033 1349 1068 1387 ι
1097 1331 1510 1401 Confessionum.

213 1457 357 1513 Ecce
405 1467 661 1527 quantum
701 1457 964 1527 spatiatus
1016 1470 1136 1511 sum
1189 1453 1243 1509 in
1285 1451 1542 1508 memoria
1581 1464 1722 1518 mea,

150 1570 392 1624 quaerens
419 1561 493 1619 te,
516 1554 762 1620 Domine,
794 1565 847 1609 et
879 1569 982 1608 non
1009 1562 1063 1608 te
1085 1552 1263 1607 inveni
1292 1560 1441 1606 extra
1467 1563 1607 1614 eam;
1634 1562 1729 1604 ne-

149 1662 248 1712 que
278 1646 418 1700 enim
448 1646 516 1701 de
546 1655 599 1700 te
621 1645 818 1716 aliquid
849 1647 1028 1700 inveni
1060 1645 1200 1713 quod
1233 1659 1338 1698 non
1365 1643 1727 1698 meminissem

147 1752 205 1792 ex
234 1751 344 1804 quo
373 1737 532 1791 didici
564 1747 635 1792 te.
691 1737 821 1790 Nam
871 1752 936 1791 ex
978 1753 1084 1804 quo
1123 1735 1292 1790 didici
1348 1742 1422 1800 te,
1473 1748 1577 1787 non
1609 1747 1727 1786 sum

1824 530 1945 583 belo
1978 528 2104 591 tibi;
2138 523 2364 594 gustavi,
2392 532 2446 577 et
2471 523 2649 576 esurio
2677 530 2730 575 et
2758 521 2912 584 sitio;
2953 517 3173 587 tetigisti
3205 533 3311 582 me,
3344 525 3403 574 et

1822 620 1996 675 exarsi
2021 618 2074 671 in
2096 632 2276 686 pacem
2296 624 2461 667 tuam.
2483 613 2613 666 Cum
2634 611 2898 666 iuhasero
2923 610 3014 662 tibi
3041 625 3103 663 ex
3132 609 3400 673 omnime,

1824 727 2088 780 nusquam
2112 710 2214 764 erit
2239 709 2369 762 mihi
2400 693 2554 762 dolor
2582 716 2636 761 et
2665 707 2835 771 labor,
2868 715 2922 760 et
2973 706 3090 758 viva
3141 705 3244 759 erit
3293 703 3402 758 vita

1825 819 1965 871 mea,
2001 812 2108 856 tota
2159 801 2315 869 plena
2349 811 2417 854 te.
2450 799 2600 853 Nunc
2639 807 2813 852 autem
2864 797 3111 867 quoniam
3153 811 3309 867 quem
3345 805 3404 852 tu

1825 899 2016 967 imples
2041 895 2297 966 sublevas
2325 909 2472 958 eum,
2496 894 2750 962 quoniam
2777 895 2846 944 tui
2881 891 3070 960 plenus
3120 904 3225 943 non
3259 904 3401 956 sum,

1826 991 1973 1043 oneri
2005 987 2134 1041 mihi
2162 984 2662 1040 sum.Contendunt
2685 985 2885 1037 lzetitiai
2914 997 3047 1036 mea:
3077 981 3264 1035 ﬂendae
3283 995 3406 1035 cum

1827 1081 2080 1138 laetandis
2110 1078 2455 1143 mmroribus,
2490 1087 2542 1132 et
2591 1093 2656 1132 ex
2701 1091 2801 1145 qua
2846 1085 2992 1145 parte
3047 1083 3150 1129 stet
3189 1073 3408 1150 victoria

1828 1176 2034 1229 nescio.
2088 1170 2428 1227 Contendunt
2459 1182 2721 1222 maerores
2753 1167 2856 1220 mei
2903 1165 3028 1220 mali
3059 1180 3177 1220 cum
3201 1163 3412 1234 gaudiis

1827 1267 2004 1331 bonis,
2028 1275 2084 1322 et
2112 1281 2178 1322 ex
2203 1281 2304 1335 qua
2340 1271 2489 1333 parte
2516 1271 2623 1317 stet
2649 1262 2868 1316 victoria
2899 1261 3100 1316 nescio.
3118 1259 3211 1315 Hei
3238 1259 3407 1315 mihit

1831 1360 2078 1424 Domine,
2117 1357 2372 1411 miserere
2397 1357 2498 1410 mei
2526 1371 2540 1408 :
2565 1354 2652 1408 hei
2687 1353 2846 1408 mibi!
2889 1369 3014 1408 ecce
3041 1353 3260 1407 vulnera
3293 1364 3415 1407 mea

1831 1465 1937 1504 non
1993 1449 2306 1513 abscondo;
2338 1446 2578 1501 medicus
2607 1459 2689 1510 es,
2739 1459 2880 1509 aeger
2915 1460 3030 1499 sum
3059 1462 3072 1496 :
3107 1445 3414 1499 misericors

1832 1557 1912 1604 es,
1950 1541 2112 1594 miser
2134 1539 2534 1606 sum.Ntmquid
2565 1554 2670 1592 non
2697 1539 2919 1592 tentatio
2937 1547 3020 1592 est
3049 1538 3156 1592 vita
3182 1540 3415 1592 humana

1831 1646 1997 1700 super
2045 1630 2276 1684 terram?
2315 1631 2433 1699 quis
2466 1629 2593 1682 velit
2632 1627 2908 1682 molestias
2937 1637 2992 1682 et
3036 1627 3417 1682 difficultates?

1834 1721 2052 1775 tolerari
2070 1722 2222 1790 jubes
2241 1737 2469 1788 eas,non
2489 1721 2677 1774 amari.
2692 1721 2858 1773 Nemo
2873 1719 3012 1786 quod
3039 1719 3228 1773 tolerat
3249 1730 3414 1784 amat,

149 1827 347 1880 oblitus
395 1830 494 1882 tui.
538 1827 637 1883 Ubi
678 1830 820 1882 enim
863 1828 1038 1881 inveni
1084 1827 1388 1891 veritatem,
1424 1825 1493 1879 ibi
1553 1823 1728 1877 inveni
1763 1834 1811 1895 Β
1836 1816 1935 1870 θιιὶ
1964 1815 2194 1869 tolerare
2220 1818 2647 1882 amat;quamvis
2669 1814 2810 1867 enim
2830 1813 3057 1883 gaudeat
3081 1827 3138 1866 se
3164 1813 3418 1881 tolerare,

148 1918 314 1974 Deum
347 1933 521 1973 meum
565 1919 732 1988 ipsam
787 1920 1095 1985 veritatem,
1130 1933 1291 1988 quam
1321 1933 1388 1971 ex
1438 1931 1544 1986 quo
1568 1913 1730 1968 didici

148 2028 252 2065 non
298 2026 415 2064 sum
455 2009 676 2065 oblitus.
728 2011 909 2080 Itaque
946 2025 1012 2064 ex
1043 2023 1151 2080 quo
1183 2019 1236 2062 te
1266 2007 1425 2061 didici
1471 2021 1653 2060 manes
1679 2005 1732 2060 in

149 2107 412 2159 memoria
445 2119 586 2171 mea,
618 2112 670 2158 et
693 2103 800 2158 illic
831 2113 881 2157 te
910 2104 1142 2168 invenio,
1173 2118 1296 2158 cum
1321 2099 1633 2155 reminiscor
1655 2097 1733 2152 tui

150 2205 206 2250 et
234 2196 474 2249 delector
509 2195 560 2248 in
593 2203 664 2249 te.
698 2194 789 2248 liae
816 2203 939 2247 sunt
964 2203 1163 2247 sanctae
1204 2191 1410 2246 deliciae
1441 2205 1572 2244 meze
1601 2202 1735 2258 quas

146 2285 364 2339 donasti
425 2285 554 2339 mihi
583 2286 952 2340 misericordia
986 2296 1094 2351 tua,
1125 2284 1419 2353 respiciens
1448 2290 1737 2350 pauperta-

144 2387 258 2431 tem
290 2392 488 2431 meam.
523 2377 629 2432 Sed
655 2378 743 2431 ubi
776 2393 963 2432 manes
991 2379 1043 2431 in
1077 2379 1338 2432 memoria
1386 2391 1526 2439 mea,
1559 2374 1740 2427 Domi-

144 2483 246 2535 ne,
269 2469 356 2521 ubi
382 2467 489 2520 illic
513 2466 731 2520 manes?
755 2468 913 2536 quale
947 2467 1122 2521 cubile
1169 2463 1442 2520 fabricasti
1463 2465 1574 2518 illic
1607 2463 1740 2516 tibi?

147 2559 322 2628 quale
370 2564 731 2612 sanctuarium
775 2560 1049 2614 aediﬁcasti
1095 2560 1231 2614 tibi?
1277 2559 1354 2613 Tu
1385 2558 1578 2614 dedisti
1603 2557 1742 2612 hanc

145 2649 528 2720 dignationem
559 2649 831 2705 memoria:
861 2664 1015 2717 mea,
1039 2657 1096 2703 ut
1123 2663 1340 2704 maneas
1360 2648 1412 2702 in
1444 2663 1529 2713 ea,
1561 2647 1656 2701 sed
1688 2648 1740 2702 in

144 2755 262 2811 qua
293 2740 414 2809 ejus
457 2751 608 2808 parte
652 2754 869 2795 maneas
916 2740 1016 2796 hoc
1067 2740 1354 2795 considero
1389 2756 1401 2793 :
1437 2739 1741 2794 transcendi

145 2843 344 2904 partes
368 2833 508 2900 ejus,
540 2846 675 2900 quas
700 2831 898 2887 habent
940 2841 996 2887 et
1025 2831 1232 2895 bestia-,
1261 2846 1384 2885 cum
1414 2840 1467 2885 te
1491 2830 1743 2884 recorda-

145 2941 274 2989 rer,
307 2926 428 2995 quia
458 2924 530 2979 ibi
561 2939 666 2979 non
691 2935 744 2980 te
774 2925 1105 2980 inveniebam
1138 2925 1546 2992 interimagines
1564 2939 1740 2977 rerum

146 3015 526 3084 corporalium
553 3032 568 3069 :
599 3027 653 3070 et
676 3014 801 3070 veni
819 3016 886 3069 ad
914 3024 1093 3086 partes
1116 3015 1352 3084 ejus,ubi
1374 3011 1742 3068 commendavi

144 3105 474 3162 affectiones
504 3107 664 3160 animi
692 3107 820 3174 mei,
868 3122 966 3161 nec
1017 3107 1122 3162 illic
1151 3107 1326 3160 inveni
1361 3117 1441 3170 te;
1469 3114 1524 3160 et
1548 3104 1743 3159 intravi

1836 1907 2039 1962 mavult
2081 1919 2258 1960 tamen
2308 1921 2413 1960 non
2465 1920 2586 1960 esse
2629 1907 2770 1975 quod
2823 1907 3032 1959 toleret.
3067 1903 3323 1974 Prospera
3364 1905 3421 1961 in

1837 1999 2077 2054 adversis
2109 1997 2381 2062 desidero,
2413 1997 2634 2051 adversa
2685 1999 2737 2050 in
2779 2003 3048 2066 prosperis
3081 1998 3275 2061 timeo;
3302 1997 3422 2067 quis

1841 2092 1979 2145 inter
2003 2091 2117 2144 haec
2145 2091 2352 2144 medius
2384 2090 2554 2153 locus,
2577 2090 2664 2142 ubi
2688 2105 2792 2142 non
2819 2089 2889 2142 sit
2917 2091 3143 2142 humana
3169 2090 3273 2142 vita
3299 2098 3421 2143 ten-

1839 2182 2007 2235 tatio?
2034 2181 2121 2234 Vae
2152 2181 2598 2250 prosperitatibus
2627 2197 2654 2234 s
2673 2202 2683 2228 ι
2705 2181 2808 2234 culi
2837 2181 3002 2235 semel
3031 2190 3086 2234 et
3135 2183 3347 2246 iterum,
3390 2196 3423 2235 a

1842 2275 2040 2326 timore
2071 2274 2414 2327 adversitatis
2443 2283 2494 2326 et
2517 2287 2546 2325 a
2571 2274 2916 2340 corruptione
2945 2273 3140 2325 la'titize
3168 2273 3180 2324 !
3218 2273 3304 2326 Va:
3329 2272 3424 2326 ad-

1842 2368 2189 2422 versitatibus
2220 2369 2398 2422 saeculi
2427 2369 2590 2422 semel
2621 2379 2670 2422 et
2703 2371 2891 2421 iterum
2916 2379 2971 2422 et
3017 2369 3197 2433 tertio,
3232 2385 3260 2421 a
3283 2369 3424 2422 desi-

1847 2457 2002 2512 derio
2036 2459 2405 2527 prosperitatis
2435 2459 2447 2510 ι
2482 2469 2534 2511 ει
2565 2460 2687 2526 quia
2717 2459 2828 2524 ipsa
2850 2460 3143 2513 adversitas
3173 2460 3300 2512 dura
3320 2470 3425 2526 est,

1846 2559 1899 2604 et
1926 2565 1991 2604 ne
2013 2548 2225 2619 frangat
2265 2549 2619 2603 tolerantiam.
2655 2549 2898 2618 Nunquid
2946 2566 3050 2604 non
3095 2551 3314 2604 tentatio
3341 2561 3427 2606 est

1847 2640 1954 2694 vita
1999 2641 2228 2694 humana
2270 2655 2432 2709 super
2464 2650 2659 2694 terram
2707 2641 2828 2696 sine
2862 2641 2969 2695 ullo
2999 2643 3322 2697 interstitio?
3364 2644 3429 2698 Et

1849 2743 1956 2787 tota
1989 2748 2114 2801 spes
2152 2750 2266 2788 mea
2298 2751 2403 2788 non
2435 2734 2536 2787 nisi
2579 2735 2628 2790 in
2664 2750 2849 2802 magna
2876 2736 3029 2788 valde
3061 2737 3427 2790 misericordia

1850 2833 1962 2878 tua.
2008 2824 2082 2878 Da
2105 2827 2243 2893 quod
2270 2825 2448 2895 jubes,
2480 2826 2679 2894 etjube
2709 2827 2850 2896 quod
2882 2831 2984 2883 vis.
3018 2827 3251 2894 Imperas
3274 2830 3430 2882 nobis

1849 2916 2260 2982 continentiam,
2285 2927 2338 2970 et
2367 2933 2485 2970 cum
2509 2919 2725 2984 scirem,
2748 2928 2822 2972 ait
2849 2919 3083 2988 quidam,
3117 2922 3240 2990 quia
3274 2933 3432 2974 nemo

1851 3020 2030 3081 potest
2058 3025 2176 3066 esse
2205 3012 2487 3066 continens
2529 3013 2628 3066 nisi
2687 3013 2826 3067 Deus
2881 3013 3008 3081 det,
3044 3022 3099 3068 et
3126 3014 3225 3067 hoc
3256 3014 3430 3082 ipsum

1850 3113 1967 3156 erat
1991 3103 2268 3171 sapientiae
2291 3103 2430 3158 scire
2453 3103 2603 3171 cujus
2632 3114 2774 3158 esset
2805 3104 2906 3157 hoc
2929 3105 3147 3158 donum.
3182 3103 3285 3158 Per
3302 3119 3431 3158 con-

148 3198 224 3254 ad
264 3198 436 3268 ipsius
457 3197 620 3252 animi
647 3200 751 3253 mei
779 3197 984 3262 sedem,
1010 3213 1128 3268 quze
1159 3196 1232 3251 illi
1280 3203 1363 3251 est
1408 3197 1461 3250 in
1486 3196 1744 3250 memoria
1773 3211 1820 3274 ρ
1853 3195 2133 3248 tiueutiam
2164 3194 2361 3263 quippe
2389 3194 2692 3263 colligimur
2738 3204 2792 3248 et
2841 3194 3130 3264 redigimur
3159 3196 3208 3248 in
3242 3209 3431 3262 unum,

143 3304 306 3355 mea,
329 3293 581 3360 quoniam
614 3290 697 3345 sui
726 3304 938 3360 quoque
979 3287 1224 3344 meminit
1263 3289 1496 3352 animus,
1527 3303 1625 3342 nec
1674 3285 1749 3340 ibi

146 3389 210 3435 tu
258 3395 386 3436 eras
417 3397 430 3434 :
458 3381 584 3450 quia
638 3380 779 3434 sicut
819 3394 926 3434 non
973 3393 1032 3434 es
1079 3380 1255 3449 imago
1300 3379 1599 3448 cOrporalis
1652 3390 1754 3433 nec

144 3470 380 3526 affectio
409 3471 662 3540 viventis,
691 3470 866 3540 qualis
889 3479 970 3524 est
997 3484 1116 3524 cum
1166 3469 1438 3533 laetamur,
1468 3466 1756 3522 contrista-

145 3577 310 3624 mur,
337 3564 605 3630 cupimus,
631 3560 937 3622 metuimus,
967 3558 1333 3624 meminimus,
1360 3557 1752 3621 obliviscimur,

144 3660 210 3708 et
243 3651 514 3720 quidquid
548 3651 853 3720 huiusmodi
893 3661 999 3715 est,
1045 3652 1119 3704 ita
1162 3665 1263 3706 nec
1295 3651 1408 3721 ipse
1436 3652 1645 3704 animus
1672 3663 1752 3715 es,

144 3745 299 3813 quia
327 3744 579 3798 Dominus
612 3743 751 3799 Deus
774 3743 937 3798 animi
963 3752 1017 3797 tu
1037 3759 1116 3808 es,
1138 3754 1193 3798 et
1221 3753 1621 3798 commutantur
1643 3743 1758 3798 haec

142 3835 376 3898 omnia,
403 3849 456 3890 tu
485 3844 659 3889 autem
680 3835 1131 3890 incommutabilis
1161 3850 1346 3890 manes
1372 3851 1536 3903 super
1550 3837 1752 3901 omnia,

138 3935 207 3982 et
243 3925 506 3993 dignatus
537 3940 595 3980 es
624 3925 863 3981 habitare
915 3926 966 3980 in
1015 3927 1274 3980 memovia
1307 3942 1444 3988 mea,
1472 3943 1538 3981 ex
1571 3942 1676 3996 quo
1707 3935 1759 3982 te

142 4017 368 4071 didici.
407 4016 472 4067 Et
498 4015 626 4083 quid
659 4030 843 4083 quaero
873 4031 978 4085 quo
1019 4016 1137 4069 loco
1174 4017 1289 4083 ejus
1344 4015 1570 4081 habites,
1610 4015 1761 4085 quasi

138 4117 306 4160 vero
341 4106 458 4158 loca
484 4106 554 4157 ibi
586 4107 728 4158 sint?
754 4107 961 4160 habitas
990 4117 1136 4161 certe
1184 4108 1235 4160 in
1264 4122 1350 4170 ea,
1383 4110 1640 4175 quoniam
1685 4107 1764 4162 tui

136 4195 427 4259 memini,
459 4210 526 4250 ex
555 4210 658 4263 quo
688 4202 740 4248 te
766 4195 953 4262 didici,
1010 4204 1065 4248 et
1092 4196 1145 4249 in
1179 4211 1241 4250 ea
1295 4205 1346 4250 te
1393 4195 1611 4249 invenio
1637 4208 1766 4250 cum

135 4284 443 4343 recordor
472 4295 542 4338 te.
578 4282 677 4338 Ubi
708 4300 838 4354 ergo
869 4296 922 4339 te
949 4284 1126 4338 inveni
1168 4295 1225 4339 ut
1266 4285 1530 4340 discerem
1561 4285 1645 4337 te?
1675 4300 1768 4340 ne-

141 4395 277 4454 que
314 4378 460 4432 enim
497 4377 610 4446 jam
655 4391 775 4431 eras
826 4378 879 4431 in
925 4377 1179 4431 memoria
1235 4391 1352 4430 mea
1385 4377 1688 4444 priusquam
1717 4385 1770 4431 te

142 4481 476 4537 discerem.
508 4473 608 4528 Ubi
631 4489 760 4545 ergo
793 4483 843 4527 te
867 4473 1048 4528 inveni
1079 4481 1135 4526 ut
1182 4472 1451 4527 discerem
1483 4481 1563 4537 te,
1591 4473 1690 4526 nisi
1715 4474 1768 4527 in

1855 3303 1884 3342 a
1913 3304 2017 3357 quo
2039 3287 2092 3340 in
2123 3294 2282 3340 multa
2315 3286 2634 3341 deﬂuximus
2665 3302 2678 3340 :
2709 3287 2884 3340 minus
2901 3287 3042 3340 enim
3075 3295 3126 3342 te
3153 3299 3314 3349 amat,
3340 3286 3431 3355 qui

1857 3390 2032 3434 tecum
2054 3380 2254 3448 aliquid
2273 3393 2409 3433 amat
2429 3380 2572 3448 quod
2603 3395 2707 3433 non
2729 3393 2947 3450 pr0pter
2971 3390 3022 3434 te
3045 3391 3205 3435 amat.
3226 3383 3268 3435 0
3285 3396 3433 3435 amor

1857 3473 1949 3541 qui
1977 3487 2188 3538 semper
2212 3472 2370 3524 ardes
2397 3482 2452 3526 et
2496 3486 2765 3539 nunquam
2797 3474 3176 3540 exstingueris,
3200 3473 3436 3526 charitas

1862 3562 2004 3615 Deus
2031 3577 2203 3626 meus,
2227 3561 2458 3614 accende
2484 3561 2994 3615 me.Continentiam
3021 3562 3196 3631 jubes,
3217 3563 3280 3615 da
3297 3562 3437 3631 quod

1858 3652 2035 3721 jubes,
2067 3662 2120 3706 et
2141 3653 2269 3721 jube
2290 3654 2429 3721 quod
2464 3654 2566 3705 vis.
2597 3651 2761 3707 iubes
2789 3664 2935 3708 certe
2974 3663 3030 3707 ut
3057 3663 3358 3709 contineam
3407 3670 3440 3711 τι

1861 3745 2295 3813 concupiscentia
2341 3744 2538 3809 carnis,
2585 3751 2640 3799 et
2672 3747 3102 3814 concupiscentia
3136 3749 3438 3812 oculorum,

1860 3837 1917 3906 8
1933 3847 1986 3890 et
2001 3838 2291 3891 ambitione
2309 3839 2508 3891 saeculi.
2524 3837 2734 3891 Jnssisti
2757 3855 2786 3892 a
2811 3841 3097 3894 concubitu
3117 3881 3132 3906 ,
3157 3854 3210 3895 et
3237 3843 3301 3895 de
3324 3842 3442 3910 ipso

1863 3930 2114 3998 conjugio
2147 3929 2340 3984 melius
2371 3930 2564 3998 :liquid
2605 3945 2765 3998 quam
2797 3933 3133 3998 concessisti,
3165 3936 3443 3988 monuisti.

1871 4019 1937 4072 Et
1968 4021 2222 4088 quoniam
2253 4019 2449 4074 dedisti
2486 4021 2682 4073 factum
2715 4032 2820 4081 est.
2846 4034 2900 4076 et
2926 4034 3210 4091 antequam
3239 4027 3444 4094 dispen.

1867 4123 2014 4163 sator
2033 4110 2357 4164 sacramenti
2389 4111 2462 4162 tui
2488 4111 2668 4162 berem
2691 4129 2702 4162 :
2723 4111 2814 4164 sed
2841 4113 3014 4166 adhuc
3044 4114 3229 4167 vivunt
3253 4116 3303 4169 in
3335 4132 3448 4172 me—

1871 4205 2041 4258 moria
2063 4219 2202 4268 mea,
2233 4205 2298 4257 de
2327 4218 2433 4272 qua
2466 4203 2626 4258 multa
2659 4204 2865 4258 locutus
2893 4222 3035 4270 sum,
3056 4207 3235 4262 talium
3267 4223 3450 4265 rerum

1872 4295 2157 4362 imagines,
2183 4309 2319 4362 quas
2349 4295 2423 4347 ibi
2449 4296 2782 4349 consuetudo
2818 4310 2937 4350 mea
2983 4298 3131 4362 ﬁxit;
3165 4309 3218 4353 et
3256 4315 3449 4356 occur-

1875 4397 1994 4442 sant
2060 4387 2190 4440 mihi
2241 4387 2475 4456 vigilanti
2523 4388 2738 4457 quidem
2781 4398 3027 4445 carentes
3082 4392 3323 4461 viribus,
3392 4395 3452 4452 iu

1875 4483 2076 4538 somnis
2113 4491 2288 4536 autem
2339 4498 2442 4536 non
2481 4483 2651 4536 solum
2691 4499 2856 4553 usque
2892 4487 2959 4540 ad
3014 4487 3452 4558 delectationem,

147 4583 214 4627 te
247 4581 427 4636 supra
457 4566 566 4620 me?
586 4575 640 4620 el
670 4580 932 4634 nusquam
961 4566 1133 4630 locus.
1151 4575 1204 4619 ei
1230 4566 1528 4620 recedimus
1547 4575 1772 4619 ειεοοθ·
1799 4575 1852 4636 D
1879 4575 1973 4629 sed
2009 4576 2167 4629 etiam
2195 4589 2362 4644 usque
2383 4576 2448 4628 ad
2473 4577 2881 4630 consensionem
2904 4575 3209 4647 factumque
3238 4581 3452 4635 similli-

144 4664 389 4722 dimus,
413 4670 467 4713 et
494 4672 754 4728 nusquam
786 4658 956 4711 locus.
1015 4656 1219 4711 Veritas
1274 4656 1469 4725 ubique
1518 4655 1772 4726 praesides

147 4752 441 4811 omnibus
467 4751 868 4805 consulentibus
891 4759 965 4814 te,
990 4749 1254 4818 simulque
1279 4748 1576 4818 respondes
1598 4750 1774 4805 omni-

147 4850 300 4913 bus,
343 4846 510 4897 etiam
529 4841 739 4897 diversa
764 4841 1200 4907 consulentibus;
1227 4840 1432 4908 liquide
1464 4852 1520 4894 tu
1550 4857 1774 4910 respon-

146 4941 295 5002 des,
314 4936 424 4991 sed
439 4952 541 4988 non
556 4934 756 5004 liquide
767 4949 954 4988 omnes
968 4933 1208 4988 audiunt.
1223 4935 1426 4988 Omnes
1440 4939 1579 4989 unde
1593 4937 1779 4990 volunt

143 5035 502 5095 consulunt,
549 5026 643 5082 sed
692 5042 799 5082 non
853 5041 1070 5096 semper
1115 5025 1256 5095 quod
1298 5026 1482 5080 volunt
1528 5028 1774 5084 audiunt.

143 5129 441 5197 Optimus
494 5133 616 5177 tuus
644 5124 888 5177 minister
936 5132 1042 5189 est,
1073 5123 1162 5192 qui
1207 5137 1312 5176 non
1343 5123 1516 5193 magis
1540 5122 1776 5178 intuetur

143 5224 269 5277 hoc:
304 5234 344 5272 a
387 5227 440 5269 te
467 5215 653 5271 audire
680 5214 819 5285 quod
847 5215 960 5284 ipse
1004 5215 1256 5282 voluerit,
1305 5214 1398 5269 sed
1451 5215 1626 5284 potius
1675 5217 1776 5270 hoc

141 5313 317 5368 velle
360 5307 510 5374 quod
534 5323 563 5360 a
594 5315 646 5360 te
684 5307 928 5361 audierit.
957 5307 1090 5361 Sero
1121 5315 1175 5360 te
1211 5307 1408 5372 amavi,
1439 5306 1779 5375 pulchritudo

143 5419 277 5461 tam
320 5403 557 5468 antiqua
581 5410 637 5456 et
665 5412 770 5455 tam
789 5417 946 5469 nova,
966 5416 1087 5456 sero
1111 5411 1162 5456 te
1181 5402 1352 5454 amavi
1378 5402 1394 5456 l
1418 5412 1471 5456 et
1491 5416 1616 5456 ecce
1637 5402 1781 5456 intus

143 5502 408 5560 eras,et.
421 5508 522 5562 ego
541 5491 756 5561 ioris,et
779 5495 874 5548 tibi
893 5505 942 5548 te
953 5495 1337 5564 quaerebam,et
1355 5496 1405 5550 in
1426 5496 1524 5550 ista
1546 5496 1780 5551 formosa

143 5605 294 5660 qua:
320 5586 512 5640 feciSti
541 5586 796 5640 deformis
820 5588 1107 5651 irruebam;
1133 5603 1340 5643 mecum
1357 5605 1498 5655 eras,
1528 5601 1581 5644 et
1604 5600 1778 5646 tecum

147 5700 283 5739 non
316 5693 511 5747 eram,
541 5692 592 5733 et
619 5695 680 5732 ea
706 5694 791 5732 me
814 5680 1065 5732 tenebant
1093 5681 1245 5749 longe
1270 5696 1299 5733 a
1333 5692 1402 5747 te,
1427 5698 1544 5751 quae
1574 5686 1618 5736 si
1653 5683 1704 5736 in
1730 5693 1782 5738 te

145 5799 281 5839 non
319 5785 547 5840 essi‘nt,
574 5792 677 5830 non
708 5775 1209 5838 essetit.Vocasti,et
1235 5778 1497 5842 clamasti,
1518 5789 1571 5831 et
1595 5778 1783 5844 rupisti

144 5872 524 5935 surditatem
573 5883 776 5935 meam;
803 5871 1119 5936 coruscasti,
1146 5870 1481 5938 splenduisti,
1507 5880 1562 5925 ot
1586 5870 1781 5941 iugasti

1879 4679 2049 4728 mum;
2082 4675 2137 4718 et
2159 4672 2362 4718 tantum
2385 4666 2524 4718 valet
2566 4665 2810 4734 imaginis
2849 4665 3024 4721 illusio
3054 4668 3106 4722 in
3135 4669 3309 4724 anima
3335 4685 3456 4725 mea:

1879 4767 1934 4813 et
1964 4759 2017 4813 in
2047 4773 2212 4813 carne
2234 4772 2372 4821 mea,
2401 4766 2458 4812 ut
2484 4759 2768 4812 dormienti
2789 4759 2919 4813 falsa
2944 4762 3053 4815 visa
3075 4765 3458 4832 persuadeant,

1878 4851 2020 4919 quod
2047 4850 2286 4918 vigilanti
2320 4863 2444 4902 vera
2499 4864 2604 4902 non
2657 4862 2896 4917 possunt.
2928 4853 3174 4923 Nunquid
3209 4868 3330 4910 tunc
3357 4871 3457 4925 ego

1881 4956 1987 4996 non
2015 4955 2156 5006 sum,
2187 4941 2411 4993 Domine
2441 4939 2580 4994 Deus
2619 4956 2769 4996 meus
2793 4944 2816 4994 ?
2836 4953 2890 4998 et
2931 4955 3113 5001 tamen
3141 4957 3350 5001 tantum
3377 4951 3451 5000 in-

1883 5040 2052 5089 terest
2106 5034 2244 5087 inter
2271 5035 2532 5101 meipsum
2575 5044 2630 5088 et
2658 5037 2918 5105 meipsum
2953 5038 3092 5092 intra
3125 5047 3452 5091 momentum

1882 5141 1987 5196 quo
2000 5125 2121 5180 hinc
2150 5125 2217 5179 ad
2248 5139 2496 5193 soporem
2523 5131 2858 5194 transeo,'ve|
2882 5129 2982 5183 huc
3011 5129 3134 5182 inde
3157 5129 3452 5183 retranseo!

1884 5219 1982 5274 Ubi
2005 5229 2087 5272 est
2111 5227 2236 5271 tunc
2264 5217 2438 5271 oratio
2465 5217 2784 5291 [ratio],qua
2814 5221 3011 5274 talibus
3032 5219 3453 5287 suggestionibul

1882 5311 2082 5365 resistit
2107 5310 2372 5378 vigilans?
2396 5319 2452 5364 et
2479 5312 2522 5364 si
2545 5327 2632 5364 res
2659 5313 2786 5380 ipsas
2816 5313 3147 5381 ingerantur,
3179 5312 3455 5363 inconcus-

1884 5417 1976 5458 sus
1999 5403 2226 5456 maneo?
2255 5403 2500 5466 Nunquid
2525 5404 2791 5457 clauditur
2821 5417 2941 5454 cum
2975 5401 3187 5454 oculis?
3217 5400 3456 5468 nunquid

1887 5495 2221 5564 sopiturcum
2239 5495 2484 5547 sensibus
2511 5491 2854 5561 corporisiet
2881 5491 3021 5545 unde
3050 5505 3192 5560 saepe
3218 5495 3379 5545 etiam
3404 5490 3456 5546 iu

1888 5593 2092 5645 somnis
2148 5589 2467 5654 resistimus,
2529 5586 2806 5654 nostrique
2857 5585 3116 5654 propositi
3170 5599 3457 5653 memores,

1888 5694 2047 5753 atque
2074 5684 2127 5736 in
2148 5697 2215 5737 eo
2256 5683 2556 5736 castissime
2597 5689 2996 5748 permanentes,
3027 5679 3229 5734 nullum
3266 5681 3458 5738 talibus

1887 5777 2153 5831 illecebris
2201 5776 2519 5829 adhibemus
2567 5774 2971 5828 assensumiet
3027 5785 3200 5828 tamen
3252 5783 3459 5831 tantum

1888 5867 2137 5938 interest,
2185 5875 2244 5923 ut
2285 5881 2409 5924 cum
2449 5865 2604 5921 aliter
2632 5864 2847 5936 accidit,
2892 5867 3205 5940 evigilantes
3241 5868 3309 5925 ad
3333 5883 3460 5927 con-
