3978 6380
589 287 702 343 579

1683 282 1746 339 ι).
1789 256 2109 344 enaverit
2147 281 2434 350 sanans
2469 281 2796 342 AFRICANI

594 399 840 462 scientiae
871 397 1114 473 requiem
1134 397 1441 462 redeamus,
1487 397 1710 468 ipsaque
1746 399 2001 458 distantia
2031 413 2189 469 repe~
2219 403 2274 468 Α
2297 397 2419 468 pula
2441 411 2618 454 autem
2651 414 3031 474 nonnunquam
3055 399 3294 472 subrepit
3323 416 3481 460 servo
3513 411 3640 472 tuo;
3665 407 3844 472 ωὶεωιε.

588 492 797 558 riamus
851 509 949 548 nos
986 509 1094 549 non
1125 491 1340 558 fecisse,
1389 491 1530 562 quod
1568 500 1745 548 tamen
1777 493 1828 548 in
1859 493 2015 550 nobis
2044 509 2180 565 quo-

595 586 871 662 quomodo
899 587 1098 642 factum
1127 600 1250 650 ease
1273 584 1836 656 doleamus.Nunquid
1863 603 1969 642 non
1993 597 2186 656 potens

591 689 681 739 est
711 693 900 734 manus
929 689 1039 746 tua,
1071 678 1212 734 Deus
1241 677 1601 745 omnipotens,
1647 692 1840 734 sanare
1860 693 2048 733 omnes
2074 678 2187 732 lan-

595 785 800 846 guores
849 770 1042 824 animae
1081 783 1240 836 meae,
1271 779 1434 837 atque
1475 768 1868 825 abundantiore
1897 768 2069 838 gratia
2096 777 2183 822 tua

591 863 828 926 lascivos
861 873 1037 918 motus
1068 863 1229 917 etiam
1253 862 1359 917 mei
1391 862 1633 928 corporis
1665 861 2048 933 exstinguere?
2078 863 2187 918 Au-

587 957 766 1034 gebis,
798 955 1040 1020 Domine,
1074 955 1242 1023 magis
1282 955 1557 1024 magisque
1596 954 1650 1008 in
1694 969 1781 1008 me
1814 967 2036 1008 munera
2071 961 2184 1016 tua,

601 1057 658 1108 ut
690 1048 868 1103 anima
907 1061 1024 1102 mea
1076 1054 1330 1116 sequatur
1379 1059 1464 1099 me
1495 1045 1559 1098 ad
1603 1054 1691 1114 te,
1733 1043 2186 1113 concupiscentia

593 1141 748 1198 visco
777 1138 1053 1210 expedita,
1089 1146 1281 1192 utnon
1309 1137 1380 1193 sit
1419 1137 1639 1192 rebellis
1675 1137 1798 1206 sibi,
1829 1146 1987 1205 atque
2036 1144 2093 1189 ut
2131 1135 2184 1188 in

592 1231 799 1290 somnis
822 1232 986 1286 etiam
1017 1247 1120 1286 non
1156 1232 1331 1286 solum
1365 1241 1472 1284 nan
1503 1241 1778 1302 perpetret
1810 1231 1936 1285 istas
1959 1244 2185 1302 corrup-

592 1325 823 1384 telarum
857 1326 1237 1394 turpitudines,
1266 1339 1362 1394 per
1412 1322 1670 1396 imagines
1719 1322 1980 1378 animales
2021 1337 2186 1391 usque

587 1417 660 1478 ad
693 1419 870 1473 carnis
902 1418 1128 1484 ﬂuxum,
1161 1416 1257 1471 sed
1293 1432 1360 1472 ne
1402 1416 1704 1472 consentiat
1751 1415 1969 1488 quidem
2015 1433 2028 1467 :
2060 1429 2184 1469 nam

593 1519 654 1566 ut
680 1511 809 1565 nihil
832 1510 939 1565 tale
955 1510 1037 1564 vel
1064 1509 1328 1564 tantulum
1352 1508 1514 1564 libeat
1536 1509 1847 1579 quantulum
1868 1508 2035 1577 possit
2056 1516 2186 1561 nutu

590 1604 857 1668 cohiberi,
899 1603 1063 1658 etiam
1128 1602 1182 1656 in
1220 1611 1370 1656 casto
1423 1601 1747 1657 dormientis
1804 1600 2024 1670 affectu,
2077 1616 2185 1656 non

593 1702 800 1752 tantum
827 1693 880 1747 in
906 1691 1006 1748 hac
1037 1691 1167 1759 vita,
1201 1691 1296 1747 sed
1328 1692 1488 1748 etiam
1517 1693 1569 1748 in
1593 1693 1693 1746 hac
1723 1701 1899 1756 aetate,
1932 1707 2036 1746 non
2073 1708 2184 1746 ma-

2291 489 2460 558 beris,
2487 504 2538 545 ut
2569 493 2722 560 longe
2747 492 2838 548 ﬁat
2865 507 2892 545 a
2925 507 3032 547 me.
3051 491 3218 548 Nemo
3241 495 3383 548 enim
3413 507 3601 566 potest
3619 513 3739 553 esse
3759 517 3849 557 eon-

2292 583 2494 653 tinens,
2517 585 2616 640 nisi
2651 594 2704 640 tu
2729 586 2823 641 des
2849 602 2863 651 ;
2897 585 3062 640 multa
3093 586 3245 641 nobis
3267 587 3557 642 orantibus
3585 591 3788 660 tribuis,
3813 608 3845 650 et

2298 677 2553 750 quidquid
2587 678 2712 732 boni
2742 687 3025 747 antequam
3072 692 3350 734 oraremus
3395 684 3736 749 accepimus,
3764 701 3785 738 a
3815 698 3844 739 te

2291 772 2623 840 accepimus.
2654 771 2718 825 Et
2741 779 2798 826 ut
2827 770 2928 827 hoc
2960 782 3141 839 postea
3171 788 3657 841 cognosceremus.
3678 793 3706 832 a
3730 789 3844 835 teac-

2292 861 2551 930 cepimus.
2601 863 2856 916 Ebriosus
2907 879 3176 932 nunquam
3227 865 3324 930 fui,
3367 867 3460 920 sed
3493 868 3841 926 ebriososatc

2289 951 2461 1008 factos
2501 955 2712 1010 sobrios
2736 973 2835 1026 ego
2893 959 3049 1023 novi;
3089 973 3217 1027 ergo
3257 975 3286 1012 a
3339 968 3389 1014 te
3435 961 3650 1016 factum
3704 978 3769 1019 est
3807 978 3840 1019 ut

2289 1046 2393 1100 hoc
2441 1062 2546 1100 non
2578 1059 2760 1104 essent
2789 1051 2877 1118 qui
2906 1066 3176 1121 nunquam
3212 1054 3450 1117 fuerunt,
3496 1069 3541 1107 a
3574 1071 3679 1124 quo
3703 1058 3836 1112 facta

2289 1148 2375 1192 est
2410 1149 2470 1193 ut
2527 1139 2630 1228 boc
2672 1157 2777 1194 non
2822 1157 3036 1210 semper
3063 1152 3247 1197 essent
3291 1144 3379 1212 qui
3421 1143 3676 1213 fuerunt,
3712 1164 3737 1202 a
3773 1168 3836 1219 qua

2283 1229 2448 1292 etiam
2513 1231 2714 1288 factum
2769 1244 2854 1288 est
2909 1244 2965 1292 ut
3011 1234 3213 1294 scirent
3252 1236 3536 1305 utrique:
3569 1240 3834 1306 qlofadam

2287 1331 2390 1377 est.
2418 1323 2613 1377 Audivi
2642 1325 2805 1379 aliam
2828 1341 3012 1381 vocem
3041 1336 3186 1381 tuam
3217 1345 3228 1379 :
3264 1328 3393 1382 Post
3413 1331 3833 1399 concupiscentia!

2289 1421 2407 1470 tuas
2431 1431 2540 1470 non
2567 1429 2680 1482 eas,
2716 1425 2769 1474 et
2809 1431 2838 1470 a
2893 1419 3174 1472 voluntate
3221 1427 3310 1474 tua
3351 1429 3572 1480 ventre.
3619 1423 3781 1480 Audiri
3801 1435 3832 1476 et

2289 1504 2438 1560 illam
2471 1523 2535 1560 ex
2571 1523 2795 1564 munere
2818 1516 2930 1578 tuo,
2963 1526 3122 1580 quam
3151 1512 3378 1566 multum
3407 1517 3617 1582 amavi,
3643 1516 3828 1586 Numas;

2293 1600 2800 1660 manducaverimus
2825 1602 3238 1672 abundabimns,
3267 1619 3452 1673 neque
3511 1607 3559 1660 si
3607 1610 3828 1661 manduu

2293 1693 2529 1746 verimus
2553 1691 2725 1747 deerit
2743 1693 2920 1748 nobis.
2952 1694 3065 1750 Hoc
3093 1704 3175 1749 est
3210 1695 3418 1764 dicere,
3442 1697 3558 1754 Nec
3581 1699 3665 1756 illa
3687 1716 3758 1756 res
3775 1718 3827 1755 Et

595 1802 759 1858 gnum
786 1795 870 1840 est
914 1783 1301 1854 Omnipotenti,
1329 1785 1418 1854 qui
1451 1785 1596 1840 vales
1631 1783 1807 1839 facere
1837 1798 1996 1852 supra
2027 1797 2186 1854 quam
2218 1792 2266 1856 Β
2293 1787 2567 1854 copiosum
2603 1786 2782 1852 faciet,
2815 1803 2916 1843 nec
2947 1788 3037 1844 illa
3078 1803 3471 1846 aerumnosum.
3518 1793 3700 1850 Audiri
3723 1805 3827 1848 eia;-

593 1881 830 1954 petimus
875 1888 929 1934 et
982 1879 1351 1949 intelligimus.
1401 1877 1553 1933 Nunc
1586 1886 1784 1940 tamen,
1840 1876 1966 1945 quid
2013 1876 2184 1930 adhuc

593 1974 694 2029 sim
725 1974 776 2026 in
802 1974 902 2026 ltoc
930 1987 1131 2042 genere
1163 1971 1288 2026 ntali
1314 1970 1446 2037 mei,
1474 1969 1584 2024 dixi
1613 1971 1754 2026 bono
1783 1969 2012 2024 Domino
2039 1985 2181 2038 meo,

595 2067 872 2122 exsultans
900 2081 1020 2122 cum
1055 2075 1290 2124 tremore
1328 2067 1385 2122 in
1426 2079 1491 2121 eo
1521 2065 1663 2136 quod
1699 2065 1910 2119 donasti
1938 2066 2091 2132 mibi,
2133 2073 2187 2120 et

597 2157 790 2228 lugens
820 2159 873 2213 in
905 2174 972 2214 eo
999 2159 1140 2230 quod
1167 2160 1627 2216 inconsummatus
1648 2173 1791 2222 sum,
1823 2172 2044 2226 sperans
2069 2173 2188 2225 per-

594 2249 861 2308 fecturum
888 2251 1010 2308 tein
1041 2268 1126 2306 me
1154 2249 1551 2308 misericordias
1572 2261 1885 2319 tuas,usque
1912 2249 1976 2303 ad
2002 2264 2185 2317 pacem

594 2343 919 2416 plettariam,
949 2361 1111 2415 quam
1137 2353 1315 2398 tecum
1350 2345 1624 2399 habebunt
1667 2344 1925 2398 interiora
1959 2351 2012 2398 et
2039 2351 2186 2396 exte-

594 2438 736 2493 riora
765 2453 907 2506 mea,
941 2453 1063 2494 cum
1092 2438 1346 2508 absorpta
1380 2438 1536 2493 fuerit
1571 2452 1716 2492 mors
1746 2438 1797 2498 in
1822 2436 2065 2490 victoria.
2092 2435 2189 2490 Est

593 2531 696 2586 alia
728 2531 928 2586 malitia
960 2533 1090 2599 diei,
1125 2548 1246 2602 qua:
1288 2532 1490 2584 utinam
1526 2528 1759 2584 sufﬁciat
1793 2529 1842 2584 ei
1874 2533 1886 2581 Ξ
1921 2527 2189 2582 reficimus

593 2623 740 2678 enim
769 2621 1108 2692 quotidianas
1131 2623 1315 2677 ruinas
1346 2621 1591 2690 corporis
1618 2620 1830 2675 edendo
1852 2627 1906 2673 et
1927 2617 2184 2683 bibendo,

603 2717 917 2788 priusquam
951 2732 1105 2772 escas
1135 2729 1188 2772 et
1210 2725 1454 2769 ventrem
1477 2715 1747 2782 destruas,
1786 2727 1905 2766 cum
1931 2710 2189 2765 occideris

600 2807 952 2878 indigentiam
979 2821 1154 2862 meam
1186 2806 1433 2862 satietate
1462 2804 1709 2872 miriﬁca,
1739 2810 1796 2858 et
1847 2799 2190 2870 corruptibile

601 2897 705 2956 hoc
739 2898 977 2954 indueris
1034 2899 1434 2968 incorruptione
1461 2898 1812 2967 sempiterna.
1842 2894 1992 2949 Nunc
2012 2903 2187 2952 autem

599 2995 779 3048 suavis
792 3005 870 3049 est
887 2994 1020 3050 milii
1044 2995 1680 3060 neceSsitas,etadvet-sus
1699 2995 1853 3048 istam
1870 2993 2189 3050 suavitatem

598 3096 803 3160 pugno,
837 3097 905 3136 ne
956 3082 1160 3152 capiar,
1201 3090 1255 3136 et
1285 3083 1654 3150 quotidianum
1699 3083 1896 3137 bellum
1949 3096 2100 3152 gero,
2135 3081 2190 3136 in

598 3173 819 3248 ieiuniis
851 3178 1075 3242 smptus,
1099 3175 1150 3228 in
1172 3177 1484 3230 servitutem
1504 3177 1752 3245 redigens
1771 3191 1967 3246 corpus
1991 3191 2189 3245 meum,

601 3275 660 3320 et
707 3266 922 3324 dolores
961 3267 1066 3322 ntei
1112 3267 1384 3337 voluptate
1415 3267 1724 3337 pelluntur:
1760 3285 1879 3322 nam
1930 3268 2100 3326 fames
2136 3277 2191 3322 et

598 3359 718 3422 sitis
747 3360 966 3427 quidam
1007 3359 1228 3416 dolores
1255 3369 1399 3426 sunt,
1448 3373 1632 3428 urunt,
1663 3371 1717 3418 et
1745 3363 1882 3416 sicut
1902 3362 2065 3420 febris
2097 3376 2190 3416 ne-

599 3461 745 3518 cant,
768 3451 868 3507 nisi
891 3451 1275 3508 alimentorum
1305 3453 1570 3508 medicina
1595 3464 1895 3510 succurrat.
1911 3455 2040 3522 Quae
2056 3467 2190 3523 quo-

598 3544 742 3600 niam
772 3553 969 3612 prtesto
998 3555 1108 3611 e51,
1141 3559 1209 3598 ex
1238 3544 1606 3600 consolatione
1631 3559 1912 3600 munerum
1947 3554 2185 3610 tuorum,

601 3637 656 3693 in
697 3638 888 3708 quibus
915 3647 1115 3696 nostrae.
1157 3637 1458 3692 inﬁrmitati
1505 3647 1650 3694 terra
1679 3648 1734 3691 et
1753 3653 1888 3707 aqua
1919 3647 1973 3692 et
1993 3637 2188 3693 ccelum

606 3730 872 3795 serviunt,
897 3730 1233 3785 calamitates
1261 3728 1465 3784 deliciae
1493 3740 1774 3786 vocantur.
1818 3729 1931 3784 Hoc
1973 3743 2058 3784 me
2095 3729 2192 3784 do-

606 3823 788 3885 cuisti,
819 3834 876 3876 ut
907 3823 1356 3888 quemadmodum
1389 3822 1806 3886 medicamenta,
1829 3823 1907 3876 sic
1936 3821 2189 3876 alimenta

601 3925 916 3982 sumpturus
939 3915 1211 3968 aCCL‘dalli.
1244 3913 1351 3969 Sed
1379 3914 1506 3968 dum
1533 3913 1599 3969 ad
1651 3913 1886 3982 quietem
1932 3912 2190 3967 satietatis

603 4023 668 4068 ex
693 4008 998 4080 indigentia:
1035 4008 1276 4062 molestia
1315 4017 1552 4069 transeo,
1581 4008 1634 4060 in
1664 4007 1780 4075 ipso
1803 4007 2028 4062 transitu
2057 4007 2188 4062 mihi

605 4099 892 4158 insidiatur
918 4101 1138 4170 laqueus
1160 4097 1642 4169 concupiscentiae;
1684 4097 1800 4168 ipse
1825 4099 1967 4154 enim
1992 4100 2188 4154 transi-

603 4199 690 4246 tus
729 4192 974 4258 voluptas
1015 4202 1097 4245 est
1125 4232 1140 4256 ,
1171 4199 1224 4245 et
1272 4207 1377 4244 ttou
1428 4201 1510 4246 est
1549 4190 1685 4245 alius
1733 4205 1840 4258 quo
1884 4200 2188 4244 transeatur

602 4299 712 4354 quo
738 4286 964 4338 transire
995 4283 1136 4352 cogit
1159 4285 1450 4344 necessitas
1477 4302 1491 4351 ;
1523 4294 1722 4339 etcum
1755 4284 1899 4340 salus
1930 4285 2001 4339 sit
2030 4297 2188 4337 causa

602 4375 797 4429 edendi
829 4390 890 4428 ac
917 4375 1156 4440 bibendi,
1197 4377 1435 4445 adjungit
1486 4394 1544 4432 se
1594 4389 1843 4448 tanquam
1896 4379 2188 4448 pedisequa

604 4466 904 4538 periculosa
929 4464 1262 4536 jucunditas,
1286 4476 1340 4520 et
1364 4467 1676 4538 plerumque
1722 4471 1913 4538 praeire
1935 4479 2184 4532 conatur,

2290 1887 2458 1934 teram
2478 1879 2618 1949 :Ego
2633 1881 2773 1936 enim
2803 1881 2964 1937 didici
2996 1883 3048 1935 in
3081 1883 3274 1952 quibus
3301 1899 3428 1940 sum
3451 1886 3828 1950 sufﬁciensesse,

2290 1979 2345 2026 et
2385 1970 2659 2025 abundare
2687 1969 2810 2026 novi
2859 1981 2913 2025 et
2947 1973 3224 2042 penuriam
3272 1976 3404 2042 pati.
3437 1975 3625 2032 Omnia
3661 1992 3827 2046 possum

2299 2062 2352 2116 itt
2383 2077 2448 2116 eo
2479 2062 2568 2132 qui
2597 2079 2684 2118 tne
2731 2063 3015 2119 confortat.
3081 2066 3219 2121 Ecce
3249 2066 3407 2126 miles
3433 2080 3713 2124 castrorum
3737 2084 3823 2124 ctr-

2288 2152 2526 2219 lestium,
2583 2170 2690 2210 non
2746 2155 2919 2223 pulvis
2966 2156 3109 2226 quod
3140 2171 3240 2212 nos
3276 2160 3825 2223 sumus;aednrr.uzzen-

2291 2253 2369 2310 to,
2403 2245 2649 2318 Domine,
2675 2247 2794 2316 quia
2827 2248 3000 2317 pulvis
3032 2263 3245 2314 sumus,
3273 2260 3327 2310 ,et
3347 2251 3404 2303 de
3440 2251 3647 2317 pulvere
3669 2250 3831 2305 fecisti

2292 2335 2594 2403 hominem,
2630 2347 2684 2392 et
2717 2338 2950 2406 perierat
2975 2348 3030 2394 et
3086 2341 3337 2396 inventus
3367 2352 3457 2394 est.
3479 2341 3579 2395 Nec
3601 2343 3682 2396 ille
3706 2343 3758 2396 in
3784 2359 3831 2396 se

2288 2428 2486 2500 potuit,
2512 2430 2636 2499 quia
2667 2429 2808 2490 idem
2851 2430 3027 2501 pulvis
3079 2431 3201 2500 fuit,
3241 2449 3400 2501 quem
3435 2435 3558 2487 talia
3601 2435 3822 2488 dicentem

2295 2525 2487 2582 afﬂatu
2515 2537 2619 2581 tuae
2675 2527 3048 2595 inspirationis
3085 2527 3336 2584 adamavi
3369 2530 3590 2584 :0mnia
3631 2545 3816 2598 possum.

2293 2616 2491 2688 inquit,
2527 2619 2578 2672 in
2607 2633 2678 2673 eo
2703 2620 2793 2688 qui
2825 2634 2912 2678 me
2960 2619 3250 2676 confortat.
3283 2618 3542 2676 Conferte
3566 2636 3644 2676 me
3668 2631 3815 2688 utpas

2292 2712 2420 2780 sim,
2466 2712 2532 2767 da
2573 2714 2716 2782 quod
2745 2714 2921 2782 jubes,
2959 2725 3010 2769 et
3037 2713 3166 2784 jube
3189 2714 3336 2783 quod
3375 2715 3477 2770 vis.
3517 2716 3816 2769 lsteseaere—

2294 2810 2440 2878 pisse
2465 2806 2940 2878 conﬁtetur,etqui
2964 2810 3222 2880 gloriatur
3254 2811 3306 2863 in
3342 2810 3564 2866 Domino
3583 2808 3809 2877 glorietur.

2291 2902 2487 2960 Audivi
2516 2901 2682 2956 alium
2713 2913 2990 2971 regentem
3019 2912 3076 2956 ut
3103 2901 3332 2970 accipiat
3363 2919 3378 2956 :
3405 2904 3554 2958 Aufer
3576 2917 3603 2954 a
3634 2914 3722 2962 rue,
3745 2898 3812 2950 in-

2294 2995 2437 3065 quit,
2465 2996 2935 3064 concupiscentias
2965 2998 3191 3052 ventris.
3216 2995 3376 3051 Unde
3417 3006 3642 3066 apparet,
3674 3002 3814 3046 sum

2301 3087 2444 3142 Dens
2467 3102 2644 3153 meus,
2675 3097 2728 3142 te
2752 3088 2900 3152 dare,
2930 3103 3053 3143 cum
3081 3087 3142 3142 ﬁt
3184 3089 3330 3157 quod
3359 3091 3590 3155 imperas
3614 3083 3814 3140 ﬁeriﬁe-

2223 3187 2269 3251 (Ξ
2301 3178 2464 3236 euisti
2497 3194 2605 3244 me,
2649 3179 2809 3236 Pater
2847 3179 2986 3236 bone
3018 3197 3034 3236 :
3063 3180 3255 3235 Omnia
3285 3180 3486 3235 munda
3523 3178 3715 3238 mundis.
3743 3175 3814 3229 sed

2303 3273 2506 3329 malum
2545 3289 2668 3328 esse
2696 3273 2901 3328 ltomini
2927 3274 3016 3341 qui
3045 3290 3141 3343 per
3177 3273 3539 3330 offensionem
3578 3272 3812 3328 mandant.

2294 3374 2350 3420 et
2380 3380 2597 3420 omnem
2620 3376 2926 3420 creaturam
2954 3375 3100 3420 tuam
3128 3365 3322 3420 bonam
3353 3380 3500 3429 esse,
3531 3364 3728 3432 nihilqw
3742 3358 3812 3410 ab-

2292 3457 2596 3528 jiciendum
2628 3459 2772 3528 quod
2797 3473 2919 3514 cum
2943 3461 3236 3530 gratiarum
3261 3460 3475 3514 ctione
3500 3450 3813 3526 percipuerit

2287 3551 2415 3619 quia
2447 3565 2573 3606 esca
2604 3566 2704 3604 nos
2731 3565 2837 3604 non
2868 3549 3208 3604 commendat
3231 3549 3363 3616 Deo,
3405 3559 3460 3603 et
3491 3559 3554 3603 ut
3585 3562 3670 3603 nos
3701 3556 3808 3597 ιδωο

2287 3641 2498 3712 judicet
2529 3645 2582 3697 in
2610 3643 2732 3698 cibo
2763 3652 2818 3698 et
2838 3653 2988 3712 potu,
3024 3650 3080 3697 et
3117 3641 3209 3711 qui
3256 3641 3549 3697 mandueat
3589 3654 3681 3693 nea
3707 3650 3813 3690 man-

2289 3733 2580 3788 ducantem
2611 3750 2718 3788 non
2750 3746 2990 3802 spernat,
3015 3743 3068 3787 et
3098 3735 3188 3803 qui
3230 3733 3522 3788 anducat
3553 3730 3820 3786 mandum-

2299 3835 2411 3880 tem
2439 3841 2544 3880 non
2573 3825 2804 3896 judicet.
2831 3826 2995 3880 Didici
3030 3826 3167 3893 hac,
3195 3828 3401 3896 gratias
3426 3826 3542 3890 tibi,
3568 3822 3726 3877 laudes
3750 3817 3824 3872 tibi

2292 3919 2406 3976 Deo
2437 3935 2580 3984 meo,
2613 3921 2874 3990 magistro
2901 3935 3046 3983 meo,
3088 3921 3344 3987 pulsatori
3373 3921 3579 3973 aurium
3609 3926 3820 3971 earum.

2291 4011 2611 4067 illustratori
2641 4012 2820 4065 cordis
2845 4011 2970 4079 mei,
2995 4008 3144 4080 eripe
3165 4025 3252 4064 me
3281 4010 3351 4063 ab
3381 4010 3531 4063 omni
3568 4003 3820 4061 tentatioue

2290 4104 2406 4160 Non
2429 4120 2532 4174 ego
2557 4104 2954 4159 immunditiam
2983 4103 3192 4156 obsonii
3219 4103 3407 4165 timeo,
3451 4103 3549 4156 sed
3591 4095 3819 4154 immundi-

2305 4198 2432 4253 tiam
2463 4197 2792 4266 cupiditatis.
2823 4197 2945 4250 Scio
2981 4195 3092 4249 Noe
3131 4209 3293 4249 omne
3339 4194 3526 4251 carnis
3574 4198 3820 4264 genusqu

2291 4289 2350 4344 itt
2402 4290 2526 4344 cibo
2576 4296 2720 4343 esset
2760 4287 2878 4341 usui
2926 4286 3252 4340 manducare
3312 4283 3662 4354 permissum;
3701 4279 3822 4332 Elian

2297 4378 2418 4434 cibo
2438 4379 2617 4433 carnis
2641 4378 2939 4439 refectum;
2969 4375 3254 4437 Joannem,
3288 4374 3521 4434 mirabili
3560 4365 3825 4426 abstinentia

2291 4471 2596 4540 praeditum,
2639 4469 2986 4533 animalibus,
3033 4468 3136 4521 hoc
3167 4477 3251 4521 est
3312 4466 3555 4528 locustis,
3595 4466 3644 4516 in
3691 4470 3829 4513 escam

609 4569 670 4614 ut
699 4560 814 4630 ejus
843 4574 1001 4620 causa
1036 4559 1128 4614 ﬁat
1157 4558 1297 4630 quod
1343 4559 1530 4613 salutis
1575 4575 1736 4616 causa
1777 4577 1864 4616 me
1895 4561 2072 4616 facere
2105 4558 2185 4614 vel
2215 4569 2270 4630 Β
2292 4564 2626 4628 cedentibus,
2659 4579 2766 4617 non
2796 4562 2961 4617 fuisse
2984 4561 3248 4630 pollutum
3280 4578 3292 4612 :
3334 4572 3391 4613 et
3423 4561 3528 4613 seio
3549 4557 3678 4609 Esau
3701 4551 3834 4604 tenth

604 4649 726 4706 dico
755 4651 837 4704 vel
866 4654 1006 4708 volo.
1055 4650 1166 4706 Nec
1196 4651 1390 4706 modus
1423 4650 1564 4706 idem
1601 4655 1871 4720 utriusque
1920 4664 2021 4719 est,
2065 4669 2186 4706 nam

607 4744 752 4813 quod
781 4745 935 4800 saluti
960 4747 1094 4800 satis
1121 4755 1229 4812 est,
1263 4746 1603 4800 delectationi
1628 4760 1813 4814 parum
1845 4755 1947 4810 est;
1973 4755 2025 4800 et
2049 4760 2192 4814 saepe

605 4838 871 4895 incertum
915 4837 974 4892 ﬁt
1006 4854 1178 4896 utrum
1221 4839 1400 4894 adhuc
1455 4838 1758 4894 necessaria
1793 4838 2036 4905 corporis
2064 4853 2191 4892 cura

604 4930 904 4986 Subsidium
947 4941 1112 5002 petat,
1143 4948 1210 4987 an
1253 4933 1587 5003 voluptuaria
1633 4930 1942 5002 cupiditatis
1982 4931 2188 4986 fallacia

601 5026 958 5082 ministerium
1011 5037 1280 5096 suppetat.
1335 5027 1418 5082 Ad
1465 5028 1566 5082 hoc
1614 5027 1879 5082 incertum
1909 5026 2185 5082 ltilarescit

601 5119 781 5174 infelix
803 5122 1010 5185 anima,
1032 5119 1160 5174 etin
1188 5135 1254 5173 eo
1281 5130 1542 5187 praeparat
1567 5117 1934 5173 excuSationis
1959 5118 2191 5185 patroci-

602 5214 769 5277 nium,
797 5215 1036 5282 gaudens
1065 5229 1172 5267 non
1199 5227 1460 5282 apparere
1479 5212 1603 5282 quid
1617 5215 1743 5266 satis
1757 5211 2188 5267 sitmoderationi

603 5307 944 5371 valetudinis,
963 5307 1252 5361 ntobtentu
1267 5305 1456 5358 salutis
1482 5305 1768 5360 obumbret
1795 5303 2066 5370 negotium
2094 5318 2188 5358 vo-

601 5402 840 5470 luptatis.
865 5399 1358 5457 liistentation'tbus
1379 5397 1615 5467 quotidie
1644 5413 1811 5454 conor
1829 5398 2107 5462 resistere,
2131 5405 2187 5450 et

603 5499 795 5553 invoco
809 5499 1082 5552 dexteram
1102 5508 1244 5552 tuam
1265 5497 1328 5550 ad
1342 5495 1569 5550 salutem
1585 5510 1756 5549 meam
1768 5535 1782 5558 ,
1799 5503 1852 5548 et
1866 5493 1930 5546 ad
1948 5502 1999 5546 te
2013 5490 2187 5546 refero

604 5607 768 5646 aestus
798 5608 969 5658 meos,
991 5591 1113 5662 quia
1146 5591 1427 5645 consilium
1457 5588 1590 5642 mihi
1635 5588 1702 5641 de
1735 5587 1834 5640 ltac
1861 5601 1919 5640 re
1945 5583 2184 5640 nondum

605 5693 730 5739 stat.
764 5685 936 5742 Audio
979 5698 1164 5738 vocent
1189 5682 1428 5750 jubentis
1453 5679 1546 5732 Dei
1573 5679 1678 5733 mei
1717 5696 1727 5728 :
1761 5679 1873 5730 Non
1901 5687 2189 5745 graventur

605 5776 768 5829 corda
803 5787 973 5831 vestra
1006 5779 1056 5831 in
1097 5777 1316 5845 crapula
1342 5783 1398 5830 et
1427 5773 1714 5827 ebrietate.
1745 5771 1992 5826 Ebrietas
2031 5772 2188 5840 longe

604 5877 691 5928 est
717 5885 748 5925 a
777 5886 892 5936 me;
933 5870 1292 5936 misereberis,
1338 5884 1405 5923 ne
1433 5864 1828 5935 appropinquet
1859 5863 2015 5920 mihi.
2055 5863 2184 5918 Cra-

2291 4657 2428 4710 eulae
2447 4654 2883 4724 concupiscentia
2901 4653 3207 4721 deceptum,
3228 4661 3285 4706 et
3301 4651 3467 4708 David
3485 4659 3693 4719 propter
3711 4658 3833 4712 aqua:

2295 4748 2622 4804 desiderium
2640 4763 2669 4800 a
2693 4764 2751 4803 se
2772 4749 2890 4816 ipso
2903 4746 3389 4816 reprehensum,“
3419 4747 3612 4814 Regem
3635 4750 3832 4795 nostrum

2297 4857 2405 4897 non
2431 4841 2500 4896 de
2520 4855 2710 4910 carne,
2733 4842 2826 4894 sed
2849 4840 2916 4895 de
2928 4854 3064 4909 pane
3081 4848 3368 4893 tetatum.
3395 4838 3623 4907 Ideoque
3640 4847 3692 4888 et
3712 4843 3837 4901 popo-

2296 4933 2382 4989 ltts
2402 4935 2453 4988 in
2483 4948 2686 4997 eremo,
2720 4947 2824 4987 non
2852 4933 2978 5001 quia
2998 4946 3194 4986 carnes
3226 4929 3582 4994 desideravit,
3625 4926 3713 4981 sed
3744 4933 3836 4991 qui

2289 5041 2433 5081 esca:
2457 5025 2733 5080 desiderio
2767 5025 3031 5079 adversus
3055 5023 3343 5078 Dominum
3369 5020 3741 5079 mrmuravit,
3761 5027 3840 5066 Ite-

2291 5119 2400 5175 rttit
2435 5117 2753 5187 improbari.
2813 5116 2872 5171 In
2925 5117 3009 5170 his
3049 5132 3179 5185 ergo
3222 5115 3618 5171 mutationibus
3655 5109 3837 5181 positus

2291 5222 2445 5268 certo
2465 5211 2704 5280 quotidie
2724 5209 2985 5264 adversus
3008 5207 3508 5277 concupiscentia
3526 5195 3847 5260 maguum-Li
3946 5197 3947 5209 ‘

2291 5315 2347 5361 et
2374 5305 2614 5360 bibendi.
2647 5305 2763 5358 Non
2795 5302 2936 5357 enim
2971 5310 3059 5358 est
3096 5302 3240 5371 quod
3279 5302 3452 5356 semel
3490 5297 3782 5369 praecidere
3815 5298 3848 5339 τί

2289 5397 2514 5453 ulterius
2538 5413 2646 5451 non
2673 5397 2937 5462 attingere
2958 5394 3251 5449 decernam
3271 5437 3286 5461 ,
3320 5395 3465 5448 sicut
3487 5392 3561 5446 de
3593 5383 3852 5444 certabit“

2291 5491 2463 5561 potui.
2511 5490 2694 5558 Itaque
2738 5485 2876 5542 freni
2915 5487 3168 5556 gutturis,
3207 5493 3503 5555 temperata
3553 5481 3856 5537 reiaxatione

2293 5591 2347 5638 et
2399 5580 2805 5648 constrictione,
2859 5577 3076 5634 tenendi
3123 5585 3253 5633 sunt
3305 5595 3317 5628 :
3358 5586 3414 5630 et
3463 5574 3583 5642 quis
3623 5583 3730 5636 est,
3779 5568 3864 5621 Do-

2293 5674 2482 5740 mine,
2539 5673 2631 5742 qui
2685 5688 2789 5726 non
2843 5672 3085 5739 rapiatur
3136 5669 3464 5739 aliquantum
3512 5679 3670 5722 extra
3717 5671 3866 5716 tractas

2293 5765 2671 5826 necessitatis?
2742 5764 2988 5835 quisquis
3053 5770 3168 5827 est,
3232 5775 3455 5830 magnus
3513 5767 3624 5824 est,
3687 5751 3874 5820 magni-

2292 5860 2418 5920 ﬁcet
2449 5873 2649 5919 nomen
2673 5865 2866 5916 tuum:
2902 5871 3002 5926 ego
3043 5865 3218 5912 autem
3262 5868 3371 5911 non
3413 5867 3560 5914 sum.
3587 5847 3730 5920 quia
3769 5857 3875 5915 μετ’

3775 291 3851 350 580
3937 291 3940 344 l
