3978 6380
150 273 264 341 ,881

1399 276 1838 336 THESAURUS.
1875 274 2029 333 CAP.
2070 274 2157 332 Vl.

3322 261 3437 331 58%

159 404 316 455 cator
369 398 424 473 θ
461 396 622 453 homo
667 411 786 452 sum
815 413 831 463 ;
863 398 956 453 sed
996 405 1051 453 et
1096 410 1196 473 ego
1241 396 1523 467 magnilico
1554 411 1748 451 nomen
1776 395 1831 460 Δ
1856 405 1910 453 et
1938 412 2035 467 pro
2066 410 2153 452 me
2182 394 2324 462 ﬂete,
2356 394 2445 466 qui
2469 394 2668 465 aliquid
2699 394 2827 450 boni
2856 393 3131 449 vobiscum
3150 394 3293 449 intus
3318 394 3434 463 agi-

92 508 95 513 λ
160 495 344 555 tuum,
383 495 439 546 et
467 489 775 560 interpellat
802 498 855 545 te
898 504 993 561 pro
1024 488 1260 560 peccatis
1308 489 1442 545 meis
1485 488 1576 559 qui
1613 490 1745 545 vicit

96 584 103 619 ³
136 582 437 651 saeculum,
482 602 771 642 numerans
802 602 888 643 me
929 586 1069 642 inter
1111 587 1321 641 inlirma
1354 591 1596 643 membra
1623 601 1744 641 cor—

104 684 107 687 '
163 676 310 747 poris
355 677 458 743 sui,
490 677 611 749 quia
648 688 701 733 et
747 674 1116 749 imperfectum
1158 678 1274 745 ejus
1306 678 1556 733 viderunt
1600 679 1743 734 oculi

156 770 264 835 tui,
294 781 347 825 et
397 770 450 825 in
480 771 617 827 libro
647 780 736 827 tuo
780 787 967 829 omnes
1011 771 1336 827 scribentur.
1372 774 1446 829 De
1490 773 1743 829 illecebra

154 859 381 915 odorum
425 878 529 915 non
568 872 751 934 satago
776 863 933 918 nimis
957 880 972 919 :
1002 878 1122 918 cum
1146 864 1346 920 absunt
1374 880 1479 919 non
1507 866 1741 935 requiro,

151 966 269 1007 cum
316 954 514 1009 adsunt
545 972 651 1011 non
696 971 913 1027 respuo,
946 965 1163 1027 paratus
1208 959 1287 1015 eis
1326 961 1490 1013 etiam
1527 974 1743 1027 semper

147 1058 354 1101 carere.
389 1047 460 1101 Ita
492 1047 619 1103 tnihi
653 1050 861 1118 videor,
896 1050 1120 1108 forsitan
1152 1052 1338 1119 fallor;
1367 1064 1492 1109 sunt
1523 1056 1665 1110 enim
1687 1063 1744 1110 et

145 1134 261 1192 ista:
290 1139 603 1211 plangendm
644 1144 903 1211 tenebrae,
934 1145 987 1200 in
1019 1147 1213 1216 quibus
1242 1162 1331 1203 me
1360 1147 1491 1203 latet
1518 1147 1742 1204 facultas

146 1244 263 1283 mea
296 1248 416 1301 qua:
446 1232 498 1287 in
526 1250 612 1290 me
638 1244 719 1290 est
747 1253 761 1289 :
792 1245 850 1290 ut
874 1238 1085 1294 animus
1117 1255 1265 1297 meus
1304 1241 1370 1297 de
1399 1241 1602 1298 viribus
1629 1244 1740 1299 suis

145 1323 259 1393 ipse
286 1338 345 1378 se
372 1323 707 1399 interrogans
738 1343 845 1383 non
877 1328 1033 1386 facile
1060 1331 1163 1386 sibi
1189 1334 1521 1389 credendum
1552 1335 1740 1391 existi-

142 1421 277 1477 met,
302 1414 429 1481 quia
455 1423 509 1469 et
537 1417 679 1487 quod
706 1416 844 1473 inest
869 1420 1188 1492 plerumque
1210 1425 1479 1480 occultum
1502 1435 1605 1495 est,
1635 1427 1739 1484 nisi

142 1504 472 1575 experientia
502 1509 894 1580 manifestetur;
924 1524 977 1569 et
1003 1531 1160 1571 nemo
1182 1532 1410 1573 securus
1432 1535 1551 1574 esse
1578 1519 1739 1577 debet

140 1595 192 1652 in
223 1598 327 1654 ista
357 1601 487 1671 vita,
518 1618 638 1673 qua:
663 1614 773 1660 tota
816 1609 1039 1663 tentatio
1070 1612 1397 1678 nominatur,
1425 1622 1603 1668 utrum
1644 1614 1736 1684 qui

139 1689 255 1745 ﬁeri
306 1693 479 1763 potuit
521 1710 586 1751 ex
631 1698 902 1755 deteriore
948 1702 1171 1768 melior,
1199 1718 1303 1758 non
1358 1704 1449 1759 ﬂat
1477 1705 1637 1761 etiam
1663 1719 1731 1761 ex

1849 492 1945 560 tis,
1975 492 2119 548 unde
2145 491 2283 547 facta
2315 488 2631 561 procedunt.
2681 489 2811 547 Nam
2840 490 2932 560 qui
2960 504 3072 544 non
3110 490 3289 557 agitis,
3322 504 3430 545 non

1846 598 1948 640 vos
1992 587 2105 641 hac
2163 594 2410 651 movent;
2462 594 2519 639 tu
2564 593 2742 638 autem
2800 582 3019 637 Domine
3061 582 3200 637 Deus
3229 595 3384 637 meus
3414 622 3429 646 ,

1845 678 2063 745 exaudi,
2094 679 2320 748 respice.
2353 688 2404 733 et
2431 679 2576 744 vide,
2609 687 2662 733 et
2692 678 2969 742 miserere,
3000 684 3057 731 et
3080 690 3211 731 sane
3241 690 3350 738 me,
3376 674 3428 728 in

1845 771 2001 840 cujus
2030 773 2200 826 oculis
2223 771 2354 826 mihi
2375 773 2602 842 quaestio
2632 772 2800 827 factus
2816 786 2959 834 sum,
2986 778 3041 826 et
3067 770 3182 840 ipse
3206 779 3289 824 est
3312 768 3431 823 ian-

1845 877 1982 933 guor
2008 879 2181 920 meus.
2208 866 2393 922 Restat
2418 866 2663 931 voluptas
2692 867 2973 921 oculorum
2998 866 3221 919 istorum
3247 862 3428 918 carnis

1846 968 2003 1019 mea,
2035 956 2101 1009 de
2119 970 2221 1025 qua
2247 958 2439 1027 loquar
2477 958 2849 1014 cotifessiones
2872 974 3008 1029 quas
3028 958 3248 1012 audiant
3270 972 3427 1012 aures

1845 1048 2029 1117 templi
2061 1048 2156 1115 tui,
2189 1064 2344 1103 aures
2394 1050 2642 1106 fraterna:
2669 1067 2734 1106 ac
2761 1054 2863 1121 pia:
2884 1088 2902 1117 ,
2944 1060 3006 1105 ut
3046 1050 3430 1106 concludamus

1849 1141 2172 1196 tentationes
2224 1144 2674 1210 concupiscentiae
2719 1144 2919 1209 carnis,
2971 1159 3089 1213 qua:
3128 1157 3215 1196 me
3256 1142 3429 1195 adhuc

1844 1233 2059 1302 pulsant
2104 1234 2547 1302 ingemiscentem
2579 1244 2634 1289 et
2678 1233 3040 1289 habitaculum
3072 1248 3248 1288 meum
3289 1231 3430 1301 quod

1843 1323 1912 1381 de
1940 1325 2077 1382 coelo
2105 1335 2187 1383 est
2214 1325 2529 1399 superindni
2561 1326 2883 1393 cupientem.
2941 1324 3201 1379 Pulchrae
3228 1324 3430 1378 formas

1843 1426 1899 1473 et
1928 1418 2123 1483 Varias,
2176 1419 2371 1472 nitidos
2402 1427 2454 1472 et
2485 1432 2727 1473 amoenos
2774 1418 2985 1472 colores
3027 1426 3208 1473 antant
3250 1415 3429 1481 oculi;

1838 1525 1949 1567 non
1992 1518 2209 1566 teneant
2253 1510 2367 1565 bare
2396 1510 2631 1564 animam
2664 1524 2860 1575 meam,
2904 1516 3083 1563 teneat
3122 1522 3241 1563 eam
3293 1507 3431 1561 Deus

1842 1602 1933 1673 qui
1961 1601 2087 1658 fecit
2133 1606 2269 1669 haec,
2302 1604 2439 1657 bona
2482 1601 2698 1674 quidem
2730 1599 2908 1667 valde,
2939 1601 3032 1655 sed
3067 1600 3180 1670 ipse
3210 1609 3293 1655 est
3330 1599 3431 1654 bo-

1841 1711 1970 1750 num
2000 1711 2202 1765 meum,
2224 1711 2330 1752 non
2356 1695 2471 1750 hiBC
2502 1714 2513 1750 :
2538 1703 2592 1751 et
2616 1706 2836 1765 tangunt
2863 1710 2947 1749 me
2972 1694 3277 1764 vigilantem
3304 1693 3433 1747 totis

139 1783 365 1840 meliore
411 1785 671 1845 deterior.
716 1788 828 1847 Una
860 1807 1005 1862 spes,
1052 1810 1152 1847 una
1186 1794 1401 1862 ﬁducia,
1440 1812 1542 1851 una
1584 1797 1735 1854 ητωτι
1769 1777 1821 1841 Β
1846 1787 2059 1855 diebus,
2090 1805 2186 1844 nec
2217 1791 2430 1858 requies
2459 1787 2527 1843 ab
2567 1788 2645 1845 eis
2672 1788 2829 1843 datur
2856 1787 3006 1848 mihi,
3041 1787 3178 1841 sicut
3214 1786 3373 1841 datur
3401 1800 3432 1840 a

144 1877 446 1942 promissio,
485 1880 854 1937 misericordia
888 1894 995 1939 tua.
1050 1884 1360 1956 Voluptates
1410 1890 1617 1944 aurium
1650 1898 1735 1945 te-

139 1968 332 2024 nacius
360 1986 446 2026 me
468 1971 875 2041 implicaveraut
900 1986 955 2031 et
978 1978 1415 2049 subjugaverant,
1442 1981 1535 2036 sed
1566 1982 1735 2039 resol-

137 2060 260 2115 visti
284 2070 339 2117 et
365 2064 606 2121 liberasti
632 2082 741 2122 me.
765 2066 823 2122 In
853 2069 1000 2125 sonis
1029 2087 1337 2143 nunc,quos
1353 2076 1595 2131 animant
1621 2078 1735 2131 elo-

137 2151 262 2218 quia
309 2162 417 2219 tua,
467 2170 590 2211 cum
640 2162 790 2213 suavi
820 2168 874 2215 et
900 2162 1193 2219 artiﬁciosa
1242 2178 1373 2221 voce
1422 2176 1731 2237 cantantur,

141 2242 338 2315 fateor,
369 2247 757 2319 aliquantulum
786 2254 1096 2327 acquiesco,
1142 2271 1250 2313 non
1294 2257 1507 2329 quidem
1538 2268 1594 2316 ut
1624 2260 1735 2315 ba:-

130 2349 307 2405 ream,
356 2342 452 2397 sed
484 2353 539 2397 ut
569 2361 782 2415 surgam
814 2362 935 2403 cum
968 2352 1114 2403 volo.
1147 2352 1399 2406 Attamen
1432 2366 1555 2407 cum
1603 2354 1735 2420 ipsis

129 2431 424 2485 sententiis
450 2433 643 2502 quibus
666 2438 871 2506 vivunt,
904 2447 964 2493 ut
992 2439 1341 2496 admittantur
1363 2444 1428 2498 ad
1454 2458 1558 2510 me,
1588 2459 1736 2514 qua:-

132 2533 265 2577 runt
297 2524 349 2577 in
396 2526 561 2580 corde
594 2543 713 2581 meo
744 2532 1052 2587 nonnullius
1106 2532 1383 2601 dignitatis
1434 2536 1631 2600 locum,
1680 2546 1738 2592 et

131 2619 225 2671 vix
270 2618 352 2675 eis
381 2622 599 2691 praebeo
644 2637 1054 2697 congruentem.
1107 2630 1411 2700 Aliquando
1441 2631 1585 2687 enim
1616 2633 1735 2703 plus

128 2709 267 2764 mihi
319 2710 503 2767 videor
530 2714 753 2770 honoris
782 2717 863 2774 eis
895 2717 1131 2775 tribuere
1173 2737 1333 2792 quam
1382 2722 1571 2791 decet,
1602 2725 1729 2778 dum

129 2799 267 2870 ipsis
310 2807 514 2860 sanctis
591 2807 748 2865 dictis
798 2812 1096 2879 religiosius
1142 2823 1196 2873 et
1240 2816 1511 2872 ardentius
1559 2820 1736 2873 sentio

146 2898 355 2952 moveri
384 2899 593 2954 animos
614 2913 826 2957 nostros
856 2906 907 2958 in
938 2904 1204 2963 ﬂammam
1239 2909 1473 2978 pietatis,
1504 2925 1627 2965 cum
1655 2911 1731 2967 ita

134 2997 445 3060 cantantur,
494 3008 654 3065 quam
684 2995 727 3050 si
758 2994 954 3072 [quasi]
1005 3015 1110 3053 non
1158 2999 1231 3054 ita
1279 3012 1647 3072 cantarentur,
1681 3012 1734 3058 et

131 3096 326 3137 omnes
351 3083 574 3138 allectus
603 3085 826 3157 spiritus
853 3089 1025 3144 nostri
1055 3105 1153 3163 pro
1180 3094 1260 3146 sui
1293 3092 1609 3150 diversitate
1632 3094 1729 3149 ba-

1837 1880 2060 1935 vocibus
2089 1883 2327 1949 canoris,
2362 1880 2647 1951 aliquando
2677 1879 2744 1932 ab
2772 1877 3041 1942 omnibus,
3076 1876 3132 1931 in
3172 1878 3428 1947 silentio;

1832 1971 1956 2043 ipsa
1979 1972 2122 2029 enim
2152 1974 2339 2044 regina
2363 1972 2605 2029 colorum
2632 1972 2723 2027 lux
2750 1973 2846 2025 ista
2871 1970 3200 2042 perfundens
3237 1978 3427 2025 cuncta

1837 2082 1963 2138 quae
2000 2068 2293 2138 cernimus,
2342 2065 2521 2123 ubiubi
2570 2082 2665 2137 per
2698 2066 2840 2121 diem
2892 2064 3065 2133 fuero,
3114 2064 3432 2121 multimodo

1836 2157 2043 2228 allapso
2061 2159 2330 2215 blanditur
2347 2160 2637 2217 mihialiud
2666 2160 2843 2234 agenti
2874 2146 2929 2216 et
2959 2176 3077 2216 eam
3102 2178 3207 2215 non
3241 2161 3433 2215 adver-

1836 2253 2445 2311 tenti:insinuatautem
2474 2268 2532 2308 se
2565 2253 2637 2308 ita
2662 2255 3032 2319 vehementer,
3056 2264 3113 2308 ut
3136 2254 3180 2308 si
3212 2261 3435 2321 repente

1834 2346 2204 2415 subtrahatur,
2220 2362 2341 2403 cum
2365 2347 2633 2403 desiderio
2657 2347 2982 2415 requiratur;
3001 2357 3051 2401 et
3076 2346 3120 2401 si
3146 2346 3237 2400 diu
3266 2346 3426 2411 absit,

1838 2435 2125 2495 contristat
2154 2439 2412 2494 animum.
2443 2440 2487 2493 υ
2516 2439 2625 2507 lux,
2658 2452 2818 2509 quam
2849 2438 3063 2495 videbat
3089 2437 3285 2493 Tobias
3307 2454 3431 2493 cum

1838 2526 2038 2584 clausis
2088 2528 2207 2585 istis
2250 2530 2423 2587 oculis
2466 2529 2633 2584 lilium
2676 2530 2905 2585 docebat
2936 2530 3057 2585 vitae
3106 2529 3271 2599 viam,
3300 2539 3355 2587 et
3383 2530 3433 2586 ei

1838 2620 2068 2695 prasihat
2104 2621 2240 2691 pede
2270 2621 2553 2678 charitatis
2582 2637 2847 2694 nusquam
2892 2638 3108 2689 errans;
3142 2636 3233 2681 aut
3269 2638 3431 2695 quam

1840 2708 2055 2769 videbat
2100 2710 2247 2767 Isaac
2278 2713 2629 2783 pratgravatis
2660 2722 2713 2770 et
2742 2714 2944 2785 opertis
2991 2724 3270 2771 senectute
3315 2729 3432 2770 car-

1840 2804 1958 2859 neis
2003 2804 2316 2873 luminibus,
2348 2821 2468 2863 cum
2502 2806 2641 2865 filios
2688 2822 2792 2862 non
2821 2808 3167 2880 agnoscendo
3204 2809 3429 2866 benedi-

1836 2910 1987 2965 cere,
2022 2897 2113 2951 sed
2153 2898 2525 2956 benedicendo
2553 2913 2846 2972 agnoscere
2876 2901 3099 2968 meruit;
3131 2910 3220 2957 aut
3267 2917 3426 2973 quam

1838 2993 2051 3051 videbat
2082 2994 2248 3051 Jacob
2293 3011 2418 3053 cum
2446 3006 2499 3054 et
2538 2998 2656 3068 ipse
2685 3012 2795 3068 pra:
2834 2998 3026 3069 grandi
3057 3007 3214 3055 aetate
3244 3007 3431 3067 captus

1837 3085 2027 3155 oculis,
2062 3087 2119 3143 in
2152 3088 2276 3145 liliis
2324 3089 2646 3160 prmsignata
2677 3088 2839 3147 futuri
2890 3090 3076 3162 populi
3123 3105 3318 3163 genera
3347 3092 3430 3147 lu-

132 3173 267 3232 bere
308 3176 551 3246 proprios
596 3154 785 3235 modos
815 3180 868 3235 in
914 3154 1254 3256 voce'atque
1282 3196 1463 3257 cantu,
1502 3204 1727 3259 quorum
1755 3154 1803 3225 α
1836 3181 2049 3237 minoso
2076 3180 2240 3237 corde
2280 3182 2530 3251 radiavit,
2577 3194 2631 3239 et
2679 3183 2965 3255 nepotibus
2994 3185 3106 3243 suis
3140 3202 3204 3242 ex
3228 3184 3429 3258 Joseph

128 3269 319 3323 nescio
346 3284 448 3337 qua
490 3272 699 3327 occulta
729 3272 1092 3333 familiaritate
1122 3278 1452 3335 excitentur.
1484 3281 1590 3338 Sed
1632 3281 1729 3339 de-

138 3360 359 3419 lectatio
399 3365 584 3419 carnis
626 3382 781 3435 mete,
815 3370 899 3423 cui
940 3378 1173 3426 mentem
1217 3376 1577 3431 enervandam
1622 3392 1731 3433 non

134 3460 354 3521 oportet
384 3455 681 3529 dari,smpe
696 3475 782 3514 me
800 3461 953 3528 fallit,
972 3462 1099 3518 dum
1119 3466 1381 3522 rationem
1408 3483 1598 3524 sensus
1623 3486 1729 3527 non

132 3538 208 3597 ita
236 3544 545 3613 comitatur,
579 3557 639 3602 ut
668 3550 938 3620 patienter
968 3554 1037 3607 sit
1081 3558 1367 3625 posterior,
1396 3560 1491 3612 sed
1523 3572 1729 3617 tantum

131 3635 256 3705 quia
290 3649 509 3709 propter
537 3639 680 3701 illam
722 3644 916 3698 meruit
946 3644 1173 3711 admitti,
1201 3649 1363 3703 etiam
1394 3666 1732 3723 praecurrere

130 3738 195 3779 ac
217 3727 417 3783 ducere
444 3740 670 3786 conatur
692 3750 705 3787 :
728 3733 798 3787 ita
820 3734 872 3788 in
899 3735 980 3791 his
1010 3752 1176 3806 pecco
1205 3755 1311 3793 non
1342 3741 1610 3811 sentiens,
1637 3744 1732 3800 sed

126 3828 319 3893 postea
349 3822 858 3897 sentio.Aliquando
887 3837 1065 3884 autem
1088 3830 1226 3887 hanc
1259 3832 1433 3902 ipsam
1465 3834 1731 3891 fallaciam

129 3909 545 3973 immoderatius
561 3932 758 3973 cavens
786 3935 910 3975 erro
940 3924 1101 3979 nimia
1126 3926 1433 3995 severitate,
1461 3928 1555 3983 sed
1580 3930 1732 3986 valde

126 4001 432 4070 interdum,
497 4016 554 4060 ut
599 4010 770 4063 melos
815 4026 975 4069 omne
1018 4017 1404 4072 cantilenarum
1444 4024 1686 4076 suavium
1712 4064 1730 4092 ,

128 4092 335 4191 quibus
359 4094 666 4193 Davidicum
684 4099 1003 4159 Psalterium
1026 4103 1416 4177 frequentatur,
1431 4110 1501 4167 ab
1514 4112 1733 4193 quribus

132 4181 279 4237 meis
308 4187 573 4242 removeri
607 4189 767 4245 velim
812 4203 972 4263 atque
1003 4195 1169 4267 ipsius
1211 4181 1735 4268 Ecclesim;'tutius-

132 4288 242 4345 que
294 4276 423 4331 mihi
476 4278 707 4349 videtur,
753 4285 893 4354 quod
939 4285 1009 4341 de
1056 4285 1425 4344 Alexandrino
1476 4294 1734 4364 episcopo

134 4365 437 4423 Athanasio
462 4384 608 4443 saepe
652 4373 784 4428 mihi
817 4375 1016 4430 dictum
1065 4379 1433 4446 commemini,
1480 4385 1571 4457 qui
1625 4394 1735 4441 tam

134 4456 349 4512 modico
380 4459 517 4516 ﬂexu
544 4464 690 4519 vocis
721 4466 949 4522 faciebat
998 4484 1195 4527 sonare
1217 4473 1471 4531 lectorem
1506 4478 1730 4546 Psalmi,

1833 3272 2067 3333 divean
2088 3275 2313 3347 mystice
2341 3291 2556 3345 manus,
2602 3291 2706 3333 non
2740 3279 2879 3335 sicut
2906 3288 3057 3349 pater
3083 3294 3270 3337 eomm
3299 3281 3430 3335 loris

1836 3367 2159 3437 corrigebat,
2206 3369 2301 3425 sed
2332 3368 2469 3425 sicut
2509 3369 2624 3439 ipse
2671 3370 2815 3428 intus
2859 3370 3220 3440 discernebat,
3250 3375 3463 3447 imper

1832 3460 1961 3518 δυίι.
2008 3460 2123 3535 ipsa
2154 3469 2239 3515 est
2267 3462 2383 3527 lux,
2429 3476 2530 3517 una
2572 3471 2675 3528 est,
2728 3472 2782 3518 et
2812 3477 2975 3519 unum
3006 3478 3196 3519 omnes
3229 3464 3320 3534 qui
3350 3465 3427 3519 vi-

1836 3551 1966 3609 dent
1988 3561 2047 3609 et
2069 3561 2254 3609 amant
2282 3568 2421 3613 eam.
2474 3554 2545 3608 At
2574 3555 2674 3611 ista
2699 3555 2997 3624 corporalis
3025 3556 3094 3614 de
3121 3571 3221 3626 qua
3246 3558 3431 3628 loque-

1834 3639 1956 3707 bar,
1986 3642 2303 3703 illecelirosa
2327 3657 2390 3696 ac
2416 3644 2721 3717 periculosa
2750 3644 3035 3701 dulcedine
3063 3647 3245 3705 condit
3267 3650 3428 3705 vitam

1836 3736 2024 3791 sa'culi
2096 3738 2253 3793 caecis
2313 3740 2664 3797 amatoribus.
2721 3737 2822 3811 Qui
2864 3748 3045 3797 autem
3086 3750 3142 3801 et
3197 3741 3265 3798 de
3314 3742 3429 3812 ipsa

1835 3828 2056 3885 laudare
2086 3838 2136 3885 te
2164 3839 2380 3899 norunt,
2413 3830 2558 3887 Deus
2599 3841 2812 3889 creator
2855 3832 3121 3907 omnium,
3149 3841 3429 3889 assumunt

1836 3935 1955 3977 eam
1986 3922 2039 3975 in
2069 3920 2269 3993 hymno
2315 3932 2427 3991 tuo,
2458 3937 2564 3981 non
2601 3930 2948 3983 aswmuntur
2968 3925 3035 3979 ab
3059 3938 3121 3981 ea
3148 3924 3202 3979 in
3234 3938 3428 3981 somno

1836 4026 1959 4079 suo,
2003 4014 2141 4070 sicut
2168 4029 2289 4073 esse
2318 4015 2506 4085 cupio;
2548 4014 2742 4070 resisto
2781 4014 3188 4073 seductionibus
3239 4020 3426 4072 oculo-

1837 4120 1982 4170 rum,
2007 4120 2073 4159 ne
2093 4105 2439 4175 implicentur
2461 4103 2625 4175 pedes
2649 4106 2753 4160 mei
2776 4106 2971 4179 quibus
2994 4108 3262 4177 ingredior
3292 4109 3428 4167 viam

1841 4204 2006 4259 luam,
2038 4204 2092 4249 et
2122 4196 2271 4269 erigo
2300 4195 2365 4250 ad
2398 4204 2449 4251 te
2480 4194 2776 4253 invisibiles
2807 4196 3016 4269 oculos,
3050 4208 3107 4253 ut
3139 4208 3193 4255 tu
3225 4200 3428 4259 evellas

1838 4287 1905 4342 de
1937 4286 2128 4356 laqueo
2156 4288 2320 4357 pedes
2351 4301 2523 4342 meos.
2557 4287 2636 4342 Tu
2668 4287 2899 4343 subinde
2922 4290 3112 4346 evellis
3141 4306 3265 4357 eos,
3298 4308 3425 4349 nam

1839 4382 2219 4452 illaqueantur.
2245 4382 2323 4437 'l‘u
2355 4396 2462 4439 non
2492 4396 2674 4439 cessas
2702 4383 2956 4451 evellere,
2984 4399 3083 4455 ego
3113 4398 3290 4445 autem
3313 4402 3428 4444 cre-

1839 4474 1939 4531 bro
1970 4474 2148 4533 haereo
2178 4476 2232 4531 in
2266 4475 2461 4547 ubique
2510 4476 2716 4545 sparsis
2746 4477 2978 4545 insidiis,
3010 4480 3264 4557 quoniam
3316 4496 3423 4537 non

92 4608 95 4611 ἤ
136 4558 194 4604 ut
226 4555 593 4618 pronuntianti
620 4556 849 4614 vicinior
875 4568 1021 4615 esset
1050 4578 1208 4631 quam
1237 4568 1468 4621 canenti.
1504 4568 1730 4625 Verum-
1760 4549 1814 4612 Ῑ)
1838 4567 2097 4635 dormies,
2129 4584 2305 4639 neque
2328 4569 2649 4629 dormitabis
2672 4572 2759 4641 qui
2782 4549 3231 4631 costodisrlsrael.
3255 4575 3426 4645 Quam

140 4651 322 4699 tamen
360 4662 483 4705 cum
511 4650 831 4709 reminiscor
874 4653 1138 4728 lacrymas
1167 4674 1315 4714 meas
1365 4676 1497 4732 quas
1528 4663 1635 4718 fudi
1662 4666 1730 4720 ad

142 4746 338 4794 cantus
389 4740 639 4798 Ecclesia
673 4752 775 4799 tua:
816 4745 868 4800 in
896 4747 1201 4815 primordiis
1234 4764 1563 4823 recuperatae
1606 4754 1730 4812 fidei

140 4844 300 4903 meae,
331 4839 387 4887 et
412 4848 554 4889 nunc
577 4834 693 4905 ipse
714 4848 1081 4908 commoveor,
1112 4858 1215 4898 non
1239 4856 1418 4911 cantu,
1438 4848 1532 4902 sed
1563 4848 1725 4904 rebus

140 4934 259 4991 qua:
292 4934 599 4996 cautantur,
631 4942 751 4982 cum
780 4927 980 4997 liquida
1027 4946 1157 4987 voce
1206 4944 1261 4989 et
1287 4940 1729 4993 convenientissi-

145 5030 230 5070 ma
277 5017 644 5075 modulatione
694 5030 1001 5087 cantantur,
1033 5040 1276 5097 magnam
1314 5029 1541 5085 instituti
1574 5030 1732 5101 hujus

142 5109 434 5169 utilitatem
456 5127 640 5171 rursus
662 5128 929 5185 agnosco;
952 5116 1023 5172 ita
1046 5117 1245 5174 ﬂuctuo
1268 5120 1409 5177 inter
1436 5124 1729 5192 periculum

147 5204 455 5277 voluptatis,
489 5217 545 5265 et
586 5208 1013 5277 experimentum
1060 5211 1416 5282 salubritatis,
1460 5216 1736 5286 magisque

142 5295 423 5371 adducor,
470 5314 577 5359 non
638 5300 854 5371 quidem
910 5304 1355 5360 irretractabilem
1415 5311 1734 5365 sententiam

142 5388 449 5461 proferens,
468 5393 718 5451 cantandi
749 5396 1197 5451 consuetudinem
1228 5399 1526 5467 approbare
1553 5400 1609 5457 in
1634 5402 1736 5457 Ec-

146 5481 337 5549 clesia,
363 5495 419 5539 ut
440 5499 536 5556 per
555 5485 953 5549 oblectamenta
991 5491 1200 5545 aurium
1232 5490 1497 5548 infirmior
1523 5496 1735 5552 animus

150 5574 204 5631 in
232 5576 487 5637 aﬂ'ectum
521 5578 737 5647 pietatis
764 5594 1039 5655 assurgat:
1075 5592 1254 5639 tamen
1282 5599 1403 5641 cum
1436 5588 1566 5642 mihi
1596 5590 1736 5645 acci.

150 5667 223 5723 dit
251 5677 315 5725 ut
338 5684 427 5731 me
447 5670 681 5743 amplius
719 5681 908 5729 cantus
946 5691 1105 5743 quam
1134 5692 1224 5735 res
1248 5693 1368 5749 qua:
1391 5682 1600 5737 canitur
1620 5696 1737 5737 mo-

151 5772 290 5829 veat,
322 5764 608 5834 pmualiter
635 5781 721 5824 me
741 5781 965 5837 peccare
983 5768 1261 5841 confiteor,
1289 5781 1343 5828 et
1377 5782 1497 5831 tunc
1518 5776 1735 5835 mallem

150 5868 256 5915 non
280 5857 472 5919 audire
511 5868 841 5925 cantantem.
874 5861 1015 5924 Ecce
1042 5864 1131 5921 ubi
1174 5879 1323 5934 sum,
1346 5866 1471 5928 ﬂete
1500 5886 1735 5943 mecum,

1840 4662 2257 4723 innumeraban
2279 4663 2442 4723 variis
2472 4664 2678 4721 artibus
2705 4674 2759 4721 et
2792 4666 3039 4737 opiﬁciis,
3070 4667 3124 4723 in
3158 4673 3424 4742 vestibus,

1836 4756 2225 4827 calciamentis,
2274 4758 2416 4815 vasis
2454 4767 2510 4815 et
2540 4756 2914 4829 hujuscemodi
2951 4760 3422 4833 fabricationibus,

1836 4852 2062 4925 picturis
2105 4854 2266 4907 etiam
2299 4851 2635 4925 diversisque
2662 4854 2950 4923 ﬁgmentis,
2980 4864 3139 4926 atque
3168 4858 3252 4919 his
3276 4874 3427 4917 uanm

1838 4943 2202 4999 necessarium
2239 4951 2398 5015 atque
2446 4943 2748 4999 modestum
2794 4954 2848 5000 et
2892 4948 3037 5017 piam
3079 4950 3428 5018 signiﬁcatio-

1840 5050 1961 5089 nem
1990 5034 2148 5104 longe
2182 5033 2722 5105 transgredientibus,
2754 5034 3333 5097 addideruutbomines
3360 5040 3427 5097 ad

1841 5127 2127 5183 illecebras
2168 5126 2443 5182 oculorum
2469 5168 2487 5196 ,
2511 5127 2651 5183 foras
2683 5141 2971 5197 sequentes
3010 5133 3150 5210 quod
3186 5130 3384 5189 faciunt
3407 5174 3425 5200 ,

1841 5221 1985 5273 intus
2010 5218 2377 5289 relinquentes
2406 5235 2436 5273 a
2466 5236 2572 5289 quo
2599 5219 2723 5275 facti
2751 5231 2898 5288 sunt,
2925 5231 2980 5276 et
3002 5225 3427 5283 exterminantes

1840 5308 1980 5379 quod
2010 5309 2133 5365 facti
2161 5311 2321 5365 sunt!
2346 5312 2413 5366 At
2435 5327 2557 5383 ego,
2580 5312 2720 5369 Deus
2753 5330 2923 5379 meus,
2956 5324 3009 5369 et
3030 5314 3192 5371 decus
3225 5334 3424 5389 meum,

1838 5403 2000 5458 etiam
2053 5402 2175 5457 hinc
2225 5401 2319 5456 tibi
2350 5401 2472 5459 dico
2504 5406 2783 5476 hymnum,
2826 5414 2881 5460 et
2918 5408 3165 5463 sacriﬁco
3212 5410 3425 5470 laudem

1839 5493 2185 5549 sacriﬁcaturi
2243 5509 2385 5549 meo.
2418 5496 2587 5564 Quam
2646 5496 2864 5569 pulchra
2912 5495 3133 5566 trajecta
3171 5518 3268 5570 per
3308 5506 3426 5561 ani.

1841 5602 1956 5643 mas
1986 5587 2041 5643 in
2072 5602 2262 5645 manus
2302 5590 2639 5656 artilleiosas,
2672 5588 2740 5643 ab
2782 5588 2871 5643 illa
2902 5592 3305 5659 pulchritudine
3335 5614 3426 5655 veo

1840 5679 2012 5751 niunt,
2042 5697 2161 5759 qua:
2182 5697 2343 5754 super
2364 5685 2574 5737 animas
2596 5692 2696 5747 est,
2728 5681 2815 5735 cui
2845 5684 3079 5752 suspirat
3106 5689 3282 5747 anima
3302 5707 3423 5751 mea

1839 5776 1927 5834 die
1955 5792 2018 5833 ac
2047 5786 2245 5845 nocte;
2279 5778 2371 5832 sed
2394 5775 2844 5849 pulcltritudinutn
2874 5780 3204 5839 eueriurutu
3232 5800 3425 5855 opera-

1842 5882 1985 5939 tores
2011 5882 2067 5931 et
2088 5881 2385 5935 sectatores
2424 5870 2548 5931 inde
2576 5872 2796 5932 trahunt
2822 5875 3155 5951 approbandi
3176 5880 3421 5953 modum,
