3978 6380
589 309 692 366 385

1688 313 1755 370 D.
1787 312 2109 371 EUGYPPII
2149 305 2441 372 ABBATIS
2470 310 2791 371 AFRICANI
2875 258 2895 282 ⁴
3752 315 3834 381 581

587 441 696 481 non
724 434 906 482 autem
936 425 1064 484 inde
1084 426 1302 483 trahunt
1327 428 1511 484 utendi
1540 427 1756 485 modum
1784 449 1799 500 ;
1833 441 1887 488 et
1916 432 1988 487 ibi
2012 439 2174 488 estet
2199 435 2254 496 Α
2275 429 2379 501 piis
2401 430 2665 486 tradidisti
2696 429 2852 485 eum!
2877 425 3160 497 Quomodo
3181 431 3372 488 amasti
3396 447 3516 501 nos,
3543 448 3647 506 pro
3669 437 3839 507 quibus

588 537 696 576 non
726 522 908 576 vident
932 537 1077 589 eum,
1110 533 1167 577 ut
1188 540 1290 578 non
1312 533 1436 578 eant
1462 524 1690 594 longius,
1719 537 1773 582 et
1800 526 2168 584 fortitudinem

589 631 742 671 suam
776 616 843 670 ad
886 626 939 671 te
978 617 1300 677 custodiant,
1353 633 1451 673 nec
1495 632 1612 672 eam
1659 628 1911 689 spargant
1949 620 2002 674 in
2035 620 2170 676 deli-

583 709 760 762 ciosas
801 707 1163 763 lassitudines.
1215 708 1324 776 Ego
1354 720 1532 764 autem
1582 709 1695 766 hac
1729 712 1956 780 loquens
2005 722 2168 780 atque

580 799 916 867 discernens,
968 801 1127 854 etiam
1173 801 1292 856 istis
1340 802 1578 872 pulchris
1621 819 1868 875 gressum
1919 806 2166 871 innecto;

583 894 678 948 sed
713 902 766 946 tu
795 893 1019 960 evellis,
1051 896 1298 962 Domine,
1346 897 1531 954 evellis
1571 907 1650 968 tu,
1674 900 1927 970 quoniam
1958 899 2170 956 miseri-

579 985 762 1041 cordia
791 993 885 1041 tua
905 996 1030 1043 ante
1051 987 1236 1043 oculos
1258 1004 1409 1045 meos
1438 998 1539 1046 est.

1144 1122 1370 1182 CAPUT
1401 1126 1514 1185 VII.

585 1237 688 1308 ιθ
717 1234 792 1289 De
814 1248 1136 1311 sacramento
1158 1239 1454 1311 mediatoris
1482 1239 1551 1294 ad
1581 1242 1934 1311 purgationem
1964 1243 2168 1295 anima-

650 1323 796 1381 rum;
826 1323 888 1361 ea:
906 1311 1080 1362 eodem
1103 1310 1231 1365 libro
1256 1326 1287 1364 x
1315 1310 1728 1381 Confessionum,
1756 1315 1886 1369 inter
1907 1324 2090 1368 cetera
2117 1322 2167 1367 et

647 1379 714 1430 ad
743 1377 940 1434 locum.
1426 1377 1435 1381 ’
1618 1407 1624 1416 ·

645 1493 726 1549 Tu
755 1510 815 1550 es
845 1496 1045 1550 veritas
1084 1510 1248 1566 super
1271 1499 1453 1553 omnia
1485 1498 1802 1568 praesidens,
1838 1508 1892 1555 at
1938 1511 2039 1568 ego
2070 1511 2166 1567 per

578 1588 859 1643 avaritiam
874 1593 1044 1645 meam
1065 1606 1171 1646 non
1198 1591 1449 1647 amittere
1477 1601 1526 1648 te
1543 1593 1806 1659 volui,sed
1820 1593 1965 1648 volui
1985 1603 2164 1648 tecum

576 1679 856 1748 possidere
874 1681 1208 1737 mendacium
1241 1683 1589 1739 :sicutnemo
1604 1686 1716 1740 vult
1745 1686 1814 1739 ita
1852 1684 2043 1740 falsum
2074 1683 2161 1739 di-

574 1785 722 1837 cere,
753 1781 808 1825 ut
839 1773 1042 1828 nesciat
1069 1776 1183 1842 ipse
1205 1775 1330 1845 quid
1363 1791 1546 1832 verum
1576 1777 1664 1831 sit.
1695 1777 1878 1843 Itaque
1901 1778 2055 1831 amisi
2086 1786 2159 1840 te,

574 1865 698 1933 quia
725 1879 829 1917 non
855 1863 1097 1934 dignaris
1122 1881 1244 1921 cum
1269 1868 1546 1922 mendacio
1573 1867 1859 1936 possideri.
1885 1867 2056 1935 Quem
2079 1868 2161 1921 in-

573 1954 816 2009 venirem
845 1955 936 2024 qui
966 1972 1051 2012 me
1081 1960 1452 2014 reconciliaret
1490 1960 1628 2014 tibi?
1654 1960 1999 2016 ambiendum
2032 1961 2161 2017 mihi

580 2045 679 2100 fuit
699 2047 764 2101 ad
788 2049 1041 2117 angelos?
1061 2065 1166 2120 qua
1197 2053 1585 2122 prece,quibus
1605 2054 1992 2110 sacramentis?
2011 2055 2163 2112 Multi

575 2148 835 2194 conantes
862 2141 929 2194 ad
961 2150 1015 2197 te
1059 2143 1260 2209 redire,
1296 2161 1470 2215 neque
1510 2162 1608 2216 per
1638 2150 1847 2217 seipsos
1894 2149 2159 2218 valentes,

571 2229 712 2283 sicut
731 2230 910 2294 audio,
938 2242 1278 2288 tentaverunt
1303 2237 1437 2300 haec,
1461 2249 1516 2292 et
1546 2238 1849 2294 inciderunt
1873 2240 1926 2295 in
1948 2242 2163 2296 deside-

572 2321 711 2374 rium
739 2322 1075 2377 curiosarum
1105 2325 1392 2394 visionum,
1423 2337 1478 2383 et
1515 2328 1666 2400 digni
1697 2331 1862 2385 habiti
1894 2340 2020 2387 sunt
2042 2333 2164 2387 illu-

570 2411 833 2470 sionibns.
887 2416 1023 2471 Elati
1051 2420 1194 2472 enim
1250 2431 1301 2474 te
1330 2423 1645 2490 quarebant
1693 2424 1952 2479 doctrina;
1997 2424 2157 2494 fastu,

571 2515 856 2563 exerentes
887 2509 1062 2578 potius
1085 2526 1242 2582 quam
1276 2515 1563 2569 tundentes
1586 2524 1826 2584 pectora,
1849 2526 1904 2570 et
1924 2516 2163 2574 adluxe-

572 2609 698 2652 runt
727 2599 828 2654 sibi
863 2615 956 2669 per
984 2601 1386 2659 similitudinem
1416 2606 1596 2660 cordis
1652 2606 1736 2662 sui
1786 2607 2160 2678 conspirantes

570 2698 626 2744 et
674 2692 849 2746 socias
896 2696 1165 2762 superbiae
1196 2689 1324 2748 suae
1384 2704 1677 2764 potestates
1729 2701 1870 2754 aeris
1901 2699 2082 2771 hujus,
2127 2716 2161 2758 a

569 2781 762 2852 quibus
797 2799 890 2852 per
911 2786 1175 2853 potentias
1205 2787 1438 2857 magicas
1461 2787 1842 2858 deciperentur
1867 2810 1881 2846 :
1912 2810 2162 2863 quaeren-

569 2881 652 2928 tes
679 2874 1048 2942 mediatorem,
1080 2892 1174 2946 per
1195 2893 1353 2948 quem
1386 2893 1764 2950 purgarentur,
1787 2895 1842 2939 et
1874 2901 1979 2940 non
2001 2896 2156 2956 erat;

569 2964 815 3021 diabolus
831 2970 974 3023 enim
998 2980 1113 3025 erat
1134 2975 1524 3042 transligurans
1548 2991 1608 3030 se
1634 2977 1687 3031 in
1717 2980 1969 3050 angelum
2001 2982 2156 3050 lucis,

571 3068 628 3113 et
676 3061 898 3114 multum
951 3063 1121 3118 illexit
1165 3069 1451 3134 superbam
1495 3084 1734 3136 carnem,
1783 3074 1925 3141 quod
1959 3088 2159 3131 carneo

567 3162 797 3217 corpore
830 3151 942 3220 ipse
975 3169 1078 3208 non
1102 3166 1267 3211 es~et.
1303 3157 1473 3213 Erant
1513 3162 1656 3216 enim
1702 3163 1782 3218 illi
1827 3167 2080 3222 mortales
2102 3175 2159 3222 et
2185 3200 2233 3264 ο

570 3245 990 3311 peccatores.'l‘u
1007 3259 1207 3315 autem,
1228 3253 1559 3323 Domine,cui
1572 3259 1910 3314 reconciliari
1925 3264 2159 3332 superbe

568 3334 902 3404 quarebant,
928 3339 1249 3398 immortalis
1275 3353 1330 3420 et
1355 3347 1474 3401 sine
1503 3361 1744 3417 peccato.
1770 3352 2031 3410 Mediator
2069 3356 2154 3413 in-

567 3433 652 3480 ter
683 3425 848 3483 Deum
880 3443 933 3485 et
964 3431 1241 3500 homines,
1269 3441 1554 3507 oportebat
1581 3451 1636 3496 ut
1675 3443 1897 3501 haberet
1949 3448 2156 3518 aliquid

565 3516 744 3573 simile
804 3521 933 3588 Deo,
960 3525 1158 3594 aliquid
1188 3527 1363 3584 simile
1391 3530 1718 3604 hominibus,
1753 3552 1820 3592 ne
1846 3538 1899 3594 in
1927 3516 2156 3611 utroque

566 3607 874 3667 hominibus
902 3617 1094 3671 similis
1123 3618 1280 3689 longe
1308 3633 1453 3678 esset
1481 3639 1512 3679 a
1559 3628 1689 3697 Deo,
1723 3642 1811 3683 aut
1841 3631 1894 3686 in
1927 3607 2156 3703 utroque

564 3700 758 3756 similis
781 3702 892 3759 Deo
915 3707 1068 3776 longe
1088 3713 1323 3766 essetab
1350 3714 1673 3784 hominibus,
1699 3731 1862 3790 atque
1891 3700 2155 3783 mediator

567 3807 677 3848 non
727 3805 890 3850 esset.
924 3797 1107 3855 Fallax
1145 3803 1324 3873 itaque
1362 3806 1453 3862 ille
1483 3810 1767 3876 mediator,
1798 3829 1903 3884 quo
1932 3831 2027 3885 per
2067 3833 2156 3874 se-

566 3895 713 3942 creta
753 3888 953 3958 judicia
1005 3900 1091 3948 tua
1134 3898 1382 3966 superbia
1427 3915 1722 3958 mereretur
1753 3906 1937 3973 illudi,
1987 3925 2154 3968 unum

566 3994 688 4037 cum
721 3983 1027 4040 hominibus
1057 3987 1236 4057 habet,
1267 3991 1319 4047 id
1349 4004 1434 4049 est
1463 4007 1739 4064 peccatum
1767 4017 1780 4052 :
1805 4001 1949 4058 aliud
1981 4004 2153 4062 videri

561 4078 673 4132 vult
700 4077 899 4135 habere
925 4096 1046 4137 cum
1081 4083 1208 4153 Deo,
1241 4095 1300 4141 ut
1326 4089 1447 4155 quia
1469 4092 1650 4146 carnis
1686 4096 2014 4153 mortalitate
2043 4113 2152 4156 non

523 4167 526 4171 ’
563 4170 783 4238 tegitur,
815 4187 911 4241 pro
942 4173 1229 4231 immortali
1259 4193 1319 4234 se
1348 4189 1606 4238 Ostentet.
1649 4183 1753 4240 Sed
1783 4188 1905 4257 quia
1949 4190 2154 4259 stipen-

560 4264 707 4318 dium
735 4269 935 4333 peccati
961 4284 1106 4324 mors
1129 4280 1230 4334 est,
1266 4273 1370 4328 hoc
1401 4275 1562 4332 habet
1591 4293 1880 4337 commune
1907 4299 2030 4339 cum
2055 4287 2153 4340 lio-

561 4353 816 4421 minibus,
858 4357 997 4411 unde
1046 4361 1202 4414 simul
1247 4362 1532 4422 damnetur
1580 4369 1636 4423 in
1685 4383 1939 4429 mortem.
1974 4377 2150 4433 Verax

560 4453 739 4497 autem
765 4446 1046 4515 mediator,
1073 4465 1232 4519 quem
1269 4468 1476 4511 secreta
1507 4467 1597 4514 tua
1651 4465 2023 4522 misericordia
2053 4471 2150 4526 de-

560 4537 872 4591 monstrasti
924 4538 1234 4609 humilibus,
1279 4553 1334 4598 et
1386 4546 1579 4603 misisti
1630 4563 1686 4605 ut
1735 4553 1855 4623 ejus
1900 4559 2148 4628 exemplo
2178 4592 2232 4653 Β

561 4628 720 4653 ,λιιι-..ρ-
746 4631 909 4653 ἒλκη...
945 4630 1142 4653 .I:---~_
1173 4647 1206 4653 ,-
1235 4637 1259 4653 ιμ
1368 4639 1441 4653 ομ.
1489 4647 1500 4653 -
1758 4647 1787 4653 ,Α
1942 4650 1986 4653 ην
2056 4651 2074 4653 μ
2135 4652 2139 4653 ,

559 4628 722 4681 etiam
746 4631 912 4698 ipsam
940 4630 1211 4690 discerent
1233 4637 1616 4708 humilitatem,
1651 4647 1915 4702 mediator
1938 4650 2024 4706 ille
2051 4651 2147 4708 Dei

559 4727 615 4773 et
639 4717 916 4776 hominum
936 4725 1096 4780 homo
1124 4728 1284 4784 .lesus
1305 4729 1552 4787 Christus
1583 4735 1722 4791 inter
1745 4740 1999 4794 mortales
2019 4758 2145 4810 pec-

519 4824 768 4869 ~calores
808 4825 864 4872 et
906 4819 1261 4884 immortalem
1309 4829 1515 4900 justum
1565 4836 1858 4904 apparuit:
1906 4840 2149 4897 mortalis

559 4922 682 5005 cum
712 4913 1036 4986 hominibus,
1064 4921 1243 4991 justus
1273 4940 1393 4981 cum
1421 4929 1551 4996 Deo,
1577 4943 1630 4985 ut
1657 4935 1907 5002 quoniam
1939 4937 2146 5005 stipen-

473 5033 483 5080 χ
555 5003 702 5062 dium
729 5008 953 5078 justititn
980 5013 1086 5070 vita
1117 5025 1170 5072 et
1198 5034 1303 5090 pax
1341 5035 1444 5093 est,
1479 5041 1574 5096 per
1601 5027 1867 5098 justitiam
1915 5003 2146 5103 conjun-

471 5105 478 5110 ‘
553 5107 696 5154 ctam
738 5101 850 5158 Deo
893 5119 1178 5164 evacuaret
1223 5125 1450 5170 mortem
1506 5118 1914 5188 iustiﬁcatorum
1945 5101 2145 5194 impio-

555 5207 699 5262 rttm,
731 5212 891 5267 quam
919 5215 1040 5255 cum
1070 5201 1172 5257 illis
1205 5206 1374 5261 voluit
1420 5210 1617 5268 habere
1647 5230 2010 5273 communem.
2045 5220 2146 5276 llic

553 5285 958 5349 demonstratus
1001 5305 1087 5350 est
1111 5298 1346 5368 antiquis
1374 5305 1598 5372 sanctis,
1626 5317 1685 5362 ut
1712 5307 1786 5363 ita
1831 5311 1930 5380 ipsi
1961 5329 2056 5383 per
2083 5315 2146 5369 li-

554 5378 675 5433 dem
705 5383 894 5438 luturte
927 5389 1186 5455 passionis
1213 5390 1351 5461 ejus,
1395 5394 1532 5449 sicut
1567 5413 1665 5452 nos
1698 5416 1793 5468 per
1823 5378 1978 5457 {idem
2011 5421 2145 5474 prte-

553 5474 756 5542 teritae,
799 5478 930 5532 salvi
982 5480 1189 5537 tierent.
1244 5483 1297 5538 ln
1337 5497 1591 5556 quantum
1650 5491 1791 5547 enim
1849 5493 2038 5563 homo,
2086 5499 2141 5554 in

551 5569 754 5618 tantum
788 5570 1078 5640 mediator;
1131 5575 1182 5629 in
1215 5587 1473 5646 quantum
1522 5590 1697 5636 autem
1735 5582 1988 5654 Verbum,
2031 5603 2139 5645 non

552 5657 778 5717 medius,
815 5663 935 5730 quia
983 5669 1200 5733 aequalis
1235 5671 1362 5738 Deo,
1395 5684 1448 5725 et
1501 5673 1642 5728 Deus
1689 5677 1828 5743 apud
1869 5677 2058 5746 Deum,
2085 5690 2140 5736 et

549 5747 703 5800 simul
739 5766 874 5806 unus
907 5753 1062 5809 Deus.
1096 5761 1376 5825 Quomodo
1410 5780 1506 5820 nos
1532 5770 1744 5832 amasti,
1780 5767 1940 5822 Pater
1972 5770 2136 5837 bone,

549 5840 641 5907 qui
670 5839 805 5898 Filio
836 5853 925 5901 tuo
947 5849 1102 5904 unico
1123 5868 1226 5909 non
1257 5859 1568 5927 pepercisti,
1600 5859 1695 5918 sed
1717 5874 1817 5931 pro
1847 5859 2003 5917 nobis
2031 5862 2141 5921 imv
2177 5931 2183 5941 ε

2273 522 2363 576 ille
2392 538 2496 576 non
2530 523 2766 591 rapinam
2798 521 3087 577 arbitratus
3134 538 3254 579 esse
3284 527 3508 591 aequalis
3533 527 3661 593 tibi,
3695 526 3841 585 factus

2272 624 2356 670 est
2403 615 2647 670 subditus
2678 630 2844 684 usque
2875 616 2941 668 ad
2995 624 3222 669 mortem
3253 618 3466 671 crucis!
3501 634 3641 673 unus
3683 620 3767 674 ille
3799 619 3838 675 in

2273 707 2500 760 mortuis
2541 705 2696 770 liber,
2745 715 3060 776 potestatem
3111 707 3313 761 habens
3344 710 3575 773 ponendi
3627 714 3837 766 animam

2274 812 2447 864 suam,
2495 807 2549 852 et
2582 807 2903 869 pote~tatem
2937 798 3139 853 habens
3193 800 3382 854 iterum
3413 803 3663 855 sumendi
3699 819 3834 868 eam;

2271 901 2371 957 pro
2397 889 2552 943 nobis
2578 891 2750 945 victor
2774 901 2829 944 et
2864 891 3101 954 victima,
3128 902 3182 946 et
3211 891 3334 946 ideo
3362 894 3552 959 victor,
3588 895 3714 963 quia
3743 897 3828 949 vic.

2271 984 2398 1038 tima
2426 1001 2441 1049 ;
2471 1001 2566 1054 pro
2603 986 2756 1040 nobis
2786 985 2880 1042 tibi
2909 987 3162 1042 sacerdos
3194 996 3247 1042 et
3276 988 3622 1054 sacrificium,
3654 1001 3712 1043 et
3739 991 3837 1045 ideo

2270 1076 2549 1143 sacerdos,
2581 1079 2704 1147 quia
2731 1078 3088 1145 sacrificium;
3117 1078 3317 1134 faciens
3349 1080 3440 1134 tibi
3475 1097 3572 1134 nos
3601 1083 3673 1136 de
3699 1085 3835 1137 sertis

2271 1169 2430 1242 ﬁlios,
2469 1173 2537 1226 de
2560 1181 2611 1226 te
2641 1175 2930 1238 nascendo,
2967 1174 3123 1227 nobis
3153 1173 3439 1228 serviendo
3465 1175 3479 1227 !
3513 1173 3710 1227 Merito
3735 1175 3833 1228 mihi

2269 1276 2393 1332 spes
2423 1263 2594 1316 valida
2621 1264 2672 1317 in
2707 1264 2797 1317 illo
2823 1273 2908 1318 est
2934 1264 3076 1333 quod
3106 1264 3320 1319 sanabis
3347 1279 3538 1318 omnes
3569 1264 3830 1332 langtmres

2270 1370 2418 1410 meos
2445 1371 2537 1424 per
2565 1371 2685 1410 eum
2708 1358 2802 1426 qui
2841 1356 2994 1411 sedet
3019 1356 3087 1410 ad
3116 1359 3389 1411 dexteram
3417 1367 3587 1420 tuam,
3616 1368 3674 1411 et
3709 1367 3751 1410 te
3771 1358 3830 1411 in-

2270 1450 2519 1521 terpellat
2550 1465 2646 1518 pro
2673 1450 2850 1517 nobis;
2876 1451 3111 1518 alioquin
3141 1451 3507 1520 deSperarem.
3540 1451 3693 1506 Multi
3721 1452 3830 1507 enim

2266 1551 2321 1597 et
2343 1541 2520 1611 magni
2563 1555 2686 1598 sunt
2740 1543 2902 1598 iidem
2944 1544 3226 1614 languores
3269 1544 3415 1612 mei,
3453 1545 3607 1599 multi
3652 1555 3833 1600 sonlet
3932 1589 3934 1592 τ

2268 1635 2469 1702 magni,
2499 1636 2592 1689 sed
2622 1635 2851 1704 amplior
2904 1645 2989 1690 est
3016 1636 3275 1690 medicina
3309 1647 3420 1690 tua.
3457 1637 3736 1691 Pctnimus
3763 1653 3830 1702 pu-

2271 1734 2385 1782 tare
2416 1726 2651 1782 Verbum
2682 1738 2828 1782 tuum
2860 1739 3123 1782 remotum
3153 1742 3320 1782 essen
3350 1729 3731 1796 conjunctione
3758 1728 3832 1780 bo-

2191 1818 2240 1882 B
2268 1820 2450 1884 minis,
2474 1830 2530 1875 et
2557 1821 2850 1889 desperare
2875 1823 2944 1876 de
2973 1822 3150 1886 nobis,
3179 1821 3277 1876 nisi
3305 1835 3434 1877 caro
3477 1819 3646 1890 ﬁeret,
3677 1833 3731 1878 et
3757 1823 3829 1874 lia-

2267 1913 2463 1970 bitaret
2495 1914 2548 1969 in
2586 1915 2760 1970 nobis.

2857 2023 3083 2080 CAPUT
3125 2023 3262 2078 Vill.

2266 2112 2348 2170 De
2385 2115 2563 2169 eodem
2610 2125 3060 2237 sacramentop‘ea:
3087 2116 3237 2240 i[sitire
3279 2130 3333 2170 ιχ
3375 2116 3437 2169 de
3476 2114 3686 2169 Cieitate
3735 2112 3828 2182 Dei,

2952 2199 2988 2238 ti
3019 2226 3031 2238 .
3149 2225 3164 2240 .

2952 2199 3031 2238 ιιι.
3087 2199 3164 2240 15.

2337 2275 2538 2332 Omnes
2569 2275 3095 2349 homines,quaudiu
3125 2278 3380 2334 mortales
3413 2278 3710 2336 sunt.etiam
3735 2279 3829 2332 mi-

2266 2370 2373 2425 seri
2407 2372 2513 2424 sint
2537 2386 2761 2426 necesse
2783 2382 2865 2426 est
2887 2388 2900 2436 ;
2929 2372 3250 2442 quaerendus
3280 2381 3364 2427 est
3385 2373 3606 2436 medius,
3627 2371 3716 2442 qui
3734 2386 3828 2426 non

2274 2462 2452 2518 solum
2505 2464 2684 2533 homo,
2715 2481 2898 2520 verum
2945 2467 3108 2521 etiam
3163 2465 3304 2522 Deus
3354 2466 3465 2536 sit,
3505 2478 3558 2520 ut
3609 2467 3824 2521 homines

2266 2563 2333 2611 ex
2365 2558 2578 2612 mortali
2615 2560 2826 2614 miseria
2858 2559 2921 2613 ad
2954 2560 3163 2613 beatam
3197 2560 3658 2615 immortaiitatem
3688 2559 3820 2629 hujus

2264 2649 2428 2703 medii
2452 2649 2604 2704 beata
2635 2651 2937 2706 mortalitas
2959 2651 3364 2706 interveniendo
3383 2654 3658 2722 perducat.
3674 2653 3816 2718 Quem

2265 2757 2441 2811 neque
2485 2757 2590 2798 non
2620 2745 2734 2798 fieri
2768 2745 3050 2798 mortalem
3082 2747 3396 2813 Oportebat,
3431 2761 3604 2815 neque
3643 2757 3823 2814 perma-

2265 2847 2396 2889 nere
2425 2836 2728 2891 mortalem.
2767 2837 3005 2892 Mortalis
3046 2839 3243 2907 qnippe
3276 2837 3445 2892 factus
3486 2849 3588 2898 est,
3620 2853 3718 2892 tton
3753 2835 3822 2889 in~

2265 2927 2477 2983 ﬁrmata
2507 2927 2670 2984 Verbi
2697 2929 2999 2999 divinitate,
3024 2931 3116 2986 sed
3140 2933 3319 2986 carnis
3341 2931 3646 2986 inﬁrmitate
3670 2942 3824 2984 susce-

2263 3028 2376 3088 pta.
2420 3019 2533 3074 Non
2563 3030 2740 3077 autem
2789 3024 3079 3092 permansit
3127 3023 3178 3077 in
3221 3024 3334 3091 ipsa
3379 3038 3543 3078 carne
3585 3021 3820 3085 mortalis,

2264 3125 2423 3179 quam
2454 3115 2795 3168 resuscitavit
2844 3130 2876 3168 a
2917 3116 3161 3179 mortuis,
3192 3118 3447 3185 quoniam
3478 3117 3590 3184 ipse
3628 3126 3703 3169 est
3738 3115 3824 3168 lm-

2264 3211 2383 3258 ctus
2406 3203 2749 3260 mediationis
2775 3205 2913 3276 ejus,
2941 3218 2996 3262 ut
3029 3221 3126 3261 nec
3158 3207 3258 3276 ipsi
3302 3216 3522 3275 pr0pter
3548 3220 3673 3274 quos
3700 3205 3826 3258 libe-

2266 3293 2466 3347 randos
2507 3294 2773 3350 mediator
2811 3296 3038 3352 ell'ectus
3081 3305 3163 3352 est
3192 3299 3244 3352 in
3279 3311 3535 3367 perpetua
3565 3297 3644 3351 vel
3669 3295 3827 3350 carnis

2267 3398 2443 3441 morte
2465 3397 2831 3444 remanerent.
2856 3389 3087 3444 Proinde
3114 3390 3468 3447 mediatorem
3518 3392 3645 3445 inter
3662 3404 3757 3443 nos
3783 3393 3828 3444 el

2265 3477 2453 3544 Deum,
2480 3488 2535 3536 et
2564 3482 2944 3537 mortalitatem
2971 3482 3167 3539 habere
3189 3484 3425 3551 Oportuit
3456 3491 3822 3550 transeuntem,

2266 3579 2321 3625 et
2350 3571 2730 3628 beatitudinem
2749 3584 3173 3645 permanentem,
3192 3585 3249 3631 ut
3262 3576 3508 3648 perquod
3527 3577 3703 3631 transit
3717 3589 3825 3629 con-

2269 3673 2486 3734 grueret
2515 3665 2813 3731 morituris,
2847 3676 2901 3721 et
2936 3667 3002 3722 ad
3034 3668 3084 3721 id
3115 3669 3256 3734 quod
3289 3678 3568 3736 permanet
3597 3666 3828 3722 transfer-

2264 3769 2345 3810 ret
2370 3772 2435 3810 ex
2465 3759 2714 3814 mortuis.
2743 3759 2869 3812 Boni
2898 3761 3058 3830 igitur
3083 3762 3258 3830 angeli
3291 3763 3431 3816 inter
3453 3761 3670 3816 miseros
3695 3772 3832 3813 mor-

2263 3847 2400 3904 tales
2429 3859 2484 3904 et
2516 3850 2701 3904 beatos
2732 3851 3064 3907 immortales
3091 3853 3250 3907 medii
3295 3867 3419 3907 esse
3469 3868 3574 3908 non
3603 3858 3829 3916 possunt,

2263 3941 2386 4008 quia
2419 3940 2518 4010 ipsi
2541 3957 2754 4010 quoque
2779 3952 2835 3998 et
2867 3946 3005 3997 beati
3035 3952 3089 3998 et
3120 3943 3450 3999 immortales
3467 3955 3611 4010 sunt;
3629 3949 3832 4014 possunt

2262 4040 2443 4086 autem
2473 4031 2628 4086 medii
2673 4047 2794 4087 esse
2820 4034 2991 4102 angeli
3023 4037 3168 4100 mali,
3201 4038 3326 4103 quia
3358 4036 3681 4088 immortales
3713 4037 3832 4086 sunt

2261 4129 2391 4174 cum
2417 4120 2541 4188 illis,
2567 4121 2748 4176 miseri
2774 4138 2896 4176 cum
2924 4123 3061 4177 istis.
3091 4124 3183 4177 His
3204 4127 3510 4178 contrarius
3537 4133 3617 4179 est
3643 4123 3828 4177 media-

2262 4218 2348 4265 tor
2392 4213 2582 4276 bonus,
2632 4213 2723 4283 qui
2772 4213 3037 4268 adversus
3079 4230 3267 4270 eorum
3313 4217 3758 4271 immortalitatem
3784 4220 3831 4268 et

2261 4302 2559 4370 miseriam,
2588 4313 2643 4358 et
2670 4307 2910 4361 mortalis
2936 4321 3057 4362 esse
3085 4309 3151 4361 ad
3185 4319 3394 4378 tempus
3427 4309 3616 4376 voluit,
3649 4319 3700 4364 et
3723 4309 3829 4362 bea-

2261 4400 2348 4448 tus
2379 4395 2432 4449 in
2462 4399 2758 4451 aeternitate
2790 4400 3082 4467 persistere
3119 4402 3308 4467 potuit.
3338 4405 3417 4457 Ac
3443 4402 3523 4459 sic
3551 4418 3646 4458 eos
3674 4413 3721 4457 et
3743 4403 3830 4455 im-

2259 4489 2518 4544 mortales
2546 4492 2890 4560 Superbos,el
2920 4496 3144 4550 miseros
3165 4497 3456 4563 noxios,ne
3477 4497 3832 4552 immortalita-

2259 4580 2328 4633 tis
2353 4579 2608 4650 jactanlia
2642 4584 2962 4641 seducerent
3002 4586 3070 4642 ad
3102 4588 3393 4655 tnisetiam,
3440 4599 3494 4644 et
3521 4605 3630 4645 sua:
3661 4590 3833 4643 mortis

2257 4671 2580 4741 humilitate,
2611 4685 2665 4729 et
2690 4692 2800 4730 sum
2832 4678 3175 4734 beatitudinis
3218 4681 3550 4750 benignitate
3587 4680 3832 4738 destruxit

2257 4763 2313 4818 in
2356 4765 2455 4829 eis,
2500 4782 2727 4835 quorutn
2761 4772 2921 4824 corda
2949 4787 3043 4840 per
3075 4772 3232 4826 Iidem
3260 4787 3415 4829 suam
3459 4777 3738 4841 mundans,
3769 4774 3830 4827 ab

2258 4857 2470 4912 illorum
2497 4860 2924 4917 immundissima
2973 4865 3343 4922 dominatione
3380 4868 3646 4924 liberavit.
3674 4869 3833 4922 Homo

2257 4950 2439 5020 itaque
2485 4954 2729 5008 mortalis
2778 4965 2830 5010 et
2887 4957 3086 5020 miser,
3134 4961 3406 5025 sejunctus
3460 4967 3615 5032 longe
3641 4963 3704 5015 ab
3744 4963 3836 5012 im-

2259 5038 2579 5095 mortalibus
2608 5049 2661 5094 et
2693 5041 2885 5106 beatis,
2919 5044 3044 5113 qttid
3084 5044 3250 5115 eligat
3291 5048 3555 5111 medium,
3587 5064 3678 5119 per
3703 5046 3838 5117 quod

2255 5129 2646 5185 immortalitati
2674 5142 2728 5186 et
2770 5132 3084 5189 beatitudini
3116 5139 3444 5206 copuletur?
3485 5139 3640 5205 Quod
3677 5135 3840 5208 possit

2255 5223 2526 5278 delectare
2555 5224 2606 5278 in
2629 5225 2933 5281 daemonum
2979 5227 3386 5284 immortalitate
3431 5233 3686 5287 miserum
3715 5241 3794 5284 est
3822 5246 3836 5294 ;

2253 5313 2394 5382 quod
2427 5320 2595 5382 possit
2633 5315 2907 5373 oliendere
2936 5320 2986 5372 in
3020 5318 3217 5374 Christi
3244 5323 3574 5377 mortalitate
3599 5323 3707 5392 jam
3731 5337 3840 5376 non

2252 5413 2355 5459 est.
2384 5407 2454 5459 lbi
2472 5423 2599 5476 ergo
2614 5411 2854 5463 cavenda
2878 5419 2959 5465 est
2981 5411 3198 5465 miseria
3216 5417 3570 5481 sempiterna,
3587 5415 3672 5469 hic
3697 5428 3845 5468 mors

2255 5499 2488 5553 timenda
2513 5516 2617 5554 non
2649 5511 2751 5567 est,
2783 5517 2901 5572 quae
2922 5517 3043 5558 e~se
3073 5519 3178 5557 non
3203 5509 3377 5574 potuit
3406 5507 3758 5577 sempiterna,
3791 5515 3850 5560 et

2250 5589 2525 5647 beatitudo
2554 5596 2777 5648 amanda
2808 5608 2887 5649 est
2919 5599 3270 5666 sempiterna.
3304 5597 3385 5652 Ad
3412 5600 3513 5654 hoc
3555 5615 3614 5655 se
3643 5601 3852 5670 quippe

2250 5683 2541 5752 interponit
2569 5686 2774 5740 medius
2809 5685 3128 5742 immortalis
3156 5698 3210 5744 et
3231 5690 3418 5757 miser,
3450 5703 3505 5746 ut
3528 5694 3592 5746 ad
3622 5693 3855 5747 immor-

2249 5773 2512 5828 talitatem
2547 5775 2754 5830 beatam
2808 5780 3037 5835 transire
3079 5795 3185 5835 non
3233 5783 3395 5851 sinat,
3428 5786 3681 5854 quoniam
3721 5800 3860 5853 per-

2246 5865 2388 5923 sistit
2409 5867 2548 5937 quod
2573 5870 2883 5942 impedit,id
2906 5881 3008 5945 est,
3028 5872 3140 5944 ipsa
3162 5873 3400 5934 miseria.
3420 5878 3502 5936 Ad
3531 5878 3634 5937 hoc
3663 5888 3860 5938 autem
