3978 6380
174 311 256 370 885

1373 302 1808 364 THESAURUS.
1838 302 1990 358 CAP.
2032 300 2123 358 IX.

3297 312 3400 367 586

174 447 218 486 se
268 430 573 499 interposuit
621 426 864 484 mortalis
909 434 963 483 et
1011 426 1222 489 beatus,
1274 433 1352 491 ut,
1395 423 1721 479 mortalitate
1749 423 1801 480 Α
1827 419 1894 474 ad
1924 419 2192 474 fallendos
2225 419 2468 487 fallaces,
2493 420 2632 477 sicut
2662 421 2714 478 in
2748 423 3056 496 Egyptios,
3099 427 3234 482 etin
3261 430 3398 498 ipsos

174 532 428 588 transaCIa,
455 533 510 577 et
537 538 602 577 ex
633 523 860 576 mortuis
889 521 1064 576 facere
1104 521 1460 586 immortales,
1490 518 1631 588 quod
1665 519 1718 572 in

172 628 221 670 se
245 617 552 686 resurgendo
576 617 914 683 monstravit,
938 624 992 669 et
1013 631 1075 670 ex
1108 614 1318 668 miseris
1343 614 1550 679 beatos,
1578 611 1721 666 unde

173 724 408 778 nunquam
439 709 554 777 ipse
582 709 847 763 discessit.
877 710 1028 764 Alius
1059 717 1141 764 est
1188 723 1314 777 ergo
1344 706 1555 761 medius
1605 719 1718 759 ma-

172 803 256 867 lus,
281 805 357 870 qui
386 812 600 872 separat
631 803 852 864 amicos,
885 802 1021 854 alius
1049 801 1242 865 bonus,
1285 801 1372 869 qni
1411 798 1722 852 reconciliet

171 894 404 958 inimicos,
431 903 486 947 et
512 895 631 948 ideo
661 895 812 948 multi
844 903 969 948 sunt
999 893 1159 947 medii
1188 901 1528 959 separatores
1555 908 1567 943 :
1599 890 1722 958 quia

171 988 425 1041 multitudo
455 1002 574 1057 qua:
608 988 764 1041 beata
793 999 895 1050 est,
922 986 1077 1040 unius
1102 986 1194 1040 Dei
1228 983 1639 1052 participatione
1665 981 1724 1034 fit

170 1079 318 1142 beata,
346 1079 496 1147 cujus
522 1079 947 1148 partieipationis
989 1080 1308 1148 privatione,
1342 1079 1535 1130 misera
1577 1073 1720 1128 mul-

168 1167 321 1222 titudo
342 1169 655 1238 angelorum
681 1170 968 1236 malorum,
988 1184 1106 1239 qua:
1131 1184 1188 1223 se
1214 1169 1435 1238 opponit
1457 1167 1632 1235 potius
1655 1165 1720 1220 ad

165 1259 604 1328 impedimentum,
638 1276 797 1331 quam
827 1262 1122 1329 interponit
1147 1262 1212 1315 ad
1257 1261 1602 1315 beatitudinis
1630 1258 1725 1313 ad-

162 1353 418 1421 jutorium,
461 1362 517 1407 et
548 1356 661 1421 ipsa
708 1354 1104 1409 multitudinem
1160 1355 1422 1424 obstrepit
1467 1353 1726 1423 quodam-

164 1443 323 1508 modo,
354 1458 419 1496 ne
448 1443 619 1513 possit
640 1444 704 1497 ad
738 1445 887 1498 illum
914 1461 1078 1500 unum
1105 1445 1408 1500 beatiﬁcum
1434 1445 1721 1513 perveniri.

160 1533 230 1587 Ad
256 1533 387 1603 quod
431 1543 489 1589 ut
518 1535 934 1603 perduceremur
959 1552 1064 1590 non
1097 1535 1300 1602 multis,
1333 1535 1428 1589 sed
1475 1549 1580 1588 uno
1608 1547 1724 1588 me-

159 1628 348 1684 diatore
368 1643 504 1698 opus
523 1639 640 1684 erat
661 1648 672 1682 :
698 1638 752 1684 et
775 1629 876 1685 hoc
893 1644 958 1684 eo
982 1630 1119 1697 ipso,
1143 1628 1295 1697 cujus
1319 1625 1726 1695 participatione

159 1720 314 1774 simus
334 1720 494 1785 beati,
526 1721 626 1776 hoc
652 1731 756 1788 est,
777 1721 955 1776 Verbo
985 1721 1078 1775 Dei
1112 1735 1218 1776 non
1247 1720 1408 1786 facto,
1441 1733 1538 1787 per
1565 1732 1722 1787 quem
1775 1769 1778 1772 .

158 1810 284 1865 facta
310 1822 430 1866 sunt
457 1814 674 1867 omnia:
720 1828 819 1869 nec
860 1822 1037 1868 tamen
1078 1813 1147 1866 ob
1179 1813 1279 1866 hoc
1319 1811 1580 1866 mediator
1621 1818 1726 1876 est,

156 1903 268 1971 quia
298 1903 546 1958 Verbum.
583 1904 812 1960 Maxime
856 1906 1068 1961 beatum
1126 1903 1362 1959 Verbum
1402 1905 1557 1972 longe
1586 1911 1668 1957 est
1697 1917 1728 1957 a

155 1995 458 2052 mortalibus
488 1997 724 2062 miseris,
752 1997 847 2052 sed
878 1998 1143 2053 mediator
1173 2013 1269 2066 per
1291 1995 1430 2066 quod
1460 1995 1642 2062 homo,
1662 2010 1728 2050 eo

151 2085 263 2154 ipso
288 2085 465 2156 utique
504 2089 820 2156 ostendens,
855 2088 924 2143 ad
962 2088 1111 2143 illum
1145 2103 1250 2143 non
1282 2088 1453 2142 solum
1488 2087 1726 2150 beatum,

151 2184 488 2238 verumetiam
532 2184 838 2240 beatiﬁcum
867 2184 1086 2250 bonum,
1115 2199 1223 2238 non
1263 2191 1518 2252 oportere
1559 2180 1728 2250 quaeri

148 2274 279 2327 alios
309 2274 649 2342 mediatores,
685 2290 780 2343 per
801 2290 936 2344 quos
962 2274 1288 2329 arbitremur
1320 2273 1474 2326 nobis
1507 2285 1732 2338 perven-

143 2365 302 2419 tionis
322 2367 519 2434 gradus
542 2381 662 2421 esse
685 2366 1006 2429 moliendos,
1033 2381 1138 2434 qua
1166 2365 1355 2419 beatus
1375 2373 1428 2418 et
1455 2361 1733 2416 beatiﬁcus

142 2457 310 2524 Deus,
336 2456 510 2512 factus
543 2458 810 2526 particeps
843 2458 1191 2512 humanitatis
1220 2466 1437 2524 nostrae,
1477 2469 1732 2524 compen-

140 2547 292 2604 dium
317 2549 543 2616 praabuit
561 2549 942 2616 participanda).
965 2547 1262 2602 divinitatis
1279 2562 1410 2602 suae.
1433 2551 1531 2619 ιι
1550 2546 1736 2616 Neque

138 2638 287 2694 enim
318 2653 414 2692 nos
440 2653 470 2691 a
493 2639 821 2706 mqtalitate
850 2649 904 2692 et
929 2639 1141 2694 miseria
1183 2640 1440 2705 liberans,
1473 2639 1540 2693 ad
1567 2652 1734 2708 ange-

1825 510 1981 564 etiam
2015 525 2198 579 magos
2235 511 2354 566 data
2395 522 2497 580 est,
2532 523 2587 566 ut
2633 515 2938 585 iniquorum
2991 519 3276 586 spirituum
3317 536 3406 576 se-

1828 603 2082 658 ductione
2114 604 2422 661 viderentur
2444 608 2769 675 admirandi,
2810 627 2839 664 a
2884 611 3079 680 quibus
3128 613 3346 679 ﬁebant,
3377 632 3408 670 a

1825 698 1918 752 Dei
1949 699 2171 754 veritate
2201 701 2488 757 damnandi
2527 722 2538 770 ;
2572 707 2653 760 vel
2695 707 2760 760 ad
2808 708 3174 764 admonendos
3223 712 3407 767 ﬁdeles

1828 805 1896 845 ne
1928 791 2032 844 tale
2061 791 2256 861 aliquid
2282 794 2458 851 facere
2487 812 2582 865 pro
2609 813 2802 868 magno
2830 799 3157 867 desiderent,
3188 814 3408 872 propter

1827 883 1968 951 quod
1990 884 2149 938 etiam
2179 887 2333 942 nobis
2354 888 2645 958 Scriptura:
2671 890 2991 947 auctoritate
3018 903 3144 948 sunt
3167 895 3407 964 prodita;

1825 976 1909 1030 vel
1935 978 2003 1031 ad
2034 979 2422 1049 exercendam,
2475 984 2804 1050 probandam
2855 987 3411 1058 manifestandamquo

1822 1068 2088 1138 justorum
2121 1071 2450 1138 patientiam.
2492 1075 2676 1145 Neque
2724 1078 2867 1133 enim
2912 1094 3071 1148 parva
3121 1079 3411 1134 visibilium

1827 1161 2209 1218 miraculorum
2235 1165 2490 1231 potentia.
2523 1165 2624 1221 Job
2645 1177 2833 1221 cuncta
2865 1184 2985 1237 quae
3011 1170 3194 1224 habuit
3214 1169 3412 1236 amisit,

1827 1260 1883 1308 et
1910 1253 2066 1317 filios,
2094 1263 2147 1308 et
2177 1254 2345 1321 ipsam
2381 1257 2624 1324 corporis
2655 1259 2958 1314 sanitatem.
2994 1260 3101 1315 Nec
3150 1261 3272 1316 ideo
3317 1277 3414 1331 pu-

1833 1345 2052 1399 tandum
2091 1355 2172 1399 cst
2217 1347 2331 1400 istis
2357 1349 2847 1414 transgressoribus
2886 1353 3091 1420 angelis
3129 1353 3196 1407 ad
3229 1364 3414 1409 nutum

1827 1441 2030 1494 servire
2084 1440 2218 1494 hanc
2271 1442 2552 1496 visibilium
2611 1459 2790 1498 rerum
2832 1447 3132 1512 materiam,
3167 1448 3260 1502 sed
3309 1448 3417 1503 Deo

1831 1532 2027 1601 potius,
2071 1547 2099 1585 a
2132 1547 2239 1602 quo
2285 1534 2397 1588 haec
2429 1543 2665 1603 potestas
2709 1535 2886 1604 datur,
2935 1550 3186 1605 quantum
3231 1540 3283 1594 in
3325 1554 3417 1595 su-

1830 1623 1982 1678 blimi
2006 1634 2059 1678 et
2100 1625 2327 1693 Spiritali
2378 1629 2506 1680 sede
2552 1626 3002 1684 incommutabilis
3028 1629 3253 1693 iudicat.
3286 1630 3419 1686 Nam

1832 1725 1888 1770 et
1917 1716 2188 1770 damnatis
2221 1715 2415 1786 iniquis
2447 1717 2608 1772 etiam
2641 1719 2694 1772 in
2721 1719 2937 1773 metallo
2977 1721 3146 1774 servit
3175 1735 3331 1790 aqua,
3364 1729 3420 1776 et

1760 1813 1807 1874 B
1837 1809 1998 1878 ignis,
2058 1818 2112 1864 et
2165 1820 2328 1875 terra,
2363 1819 2419 1864 ut
2457 1809 2652 1866 faciant
2703 1811 2828 1866 inde
2878 1813 3020 1882 quod
3069 1815 3275 1877 volunt,
3326 1814 3420 1869 sed

1839 1911 2095 1972 quantum
2129 1903 2354 1966 sinitur;
2383 1916 2481 1958 nec
2506 1918 2636 1958 sane
2665 1912 2938 1959 creatores
2971 1904 3050 1958 illi
3083 1905 3211 1959 mali
3245 1907 3422 1975 angeli

1829 1995 2044 2050 dicendi
2076 2004 2220 2061 sunt,
2248 1997 2368 2065 quia
2420 2011 2515 2064 per
2550 1997 2674 2051 illos
2703 1998 2842 2068 magi
2875 1997 3188 2053 resistentes
3225 1999 3423 2054 famulo

1830 2087 1925 2143 Dei
1959 2103 2112 2142 ranas
2139 2098 2192 2144 et
2216 2097 2495 2158 serpentes
2531 2090 2802 2159 fecerunt,
2836 2105 2940 2145 non
2989 2092 3134 2146 enim
3177 2105 3270 2145 eas
3320 2091 3422 2161 ipsi

1830 2187 2170 2232 creaverunt.
2202 2177 2452 2233 Omnium
2476 2180 2674 2249 quippe
2717 2195 2898 2235 rerum
2923 2196 3042 2249 quae
3067 2181 3422 2249 corporaliter

1833 2269 2221 2337 visibiliterque
2270 2280 2563 2324 nascuntur
2590 2271 2800 2325 occulta
2845 2271 3088 2340 quaedam
3130 2274 3332 2326 semina
3370 2272 3425 2328 in

1834 2358 1954 2413 istis
1992 2359 2267 2426 corporeis
2305 2361 2490 2413 mundi
2541 2361 2700 2430 hujus
2741 2362 3024 2416 elementis
3071 2363 3257 2418 latent.
3307 2365 3425 2418 Alia

1835 2459 1961 2508 sunt
1991 2452 2134 2504 enim
2161 2450 2274 2505 haec
2295 2451 2406 2519 jam
2433 2452 2722 2520 conspicua
2745 2453 2915 2506 oculis
2947 2454 3167 2517 nostris,
3208 2469 3273 2508 ex
3320 2453 3429 2508 fru-

1835 2545 2009 2599 ctibus
2034 2553 2088 2600 et
2120 2545 2516 2609 animantibus;
2540 2545 2642 2598 alia
2671 2559 2799 2600 vero
2829 2545 2918 2599 illa
2945 2546 3153 2599 occulta
3199 2547 3428 2601 istorum

1838 2637 2106 2691 seminum
2135 2635 2360 2690 semina.
2395 2634 2549 2690 Unde
2597 2636 2820 2706 jubente
2865 2636 3123 2692 Creatore
3173 2637 3430 2706 produxit

135 2728 222 2783 los
254 2729 588 2785 immortales
614 2729 909 2800 beatosque
933 2731 1002 2785 ita
1029 2730 1293 2800 perducit,
1322 2739 1380 2784 ut
1401 2745 1587 2786 eorum
1612 2746 1735 2800 par-

137 2820 453 2890 ticipatione
476 2821 636 2876 etiam
666 2837 766 2875 nos
795 2823 1124 2876 immortales
1154 2831 1208 2876 et
1233 2822 1376 2875 beati
1417 2822 1607 2888 simus,
1637 2821 1732 2877 sed

134 2917 204 2971 ad
261 2915 404 2969 illam
449 2915 769 2971 Trinitatem
818 2916 970 2984 cujus
996 2924 1051 2969 et
1101 2913 1276 2984 angeli
1325 2914 1734 2984 participatione

135 3004 286 3062 beati
329 3016 472 3061 sunt.
509 3007 632 3061 Ideo
654 3007 868 3076 quando
896 3006 948 3060 in
983 3007 1154 3060 forma
1186 3005 1354 3070 ser-vi,
1385 3016 1441 3059 ut
1467 3005 1734 3060 mediator

133 3108 307 3165 esset,
341 3099 476 3153 infra
508 3101 728 3169 angelos
770 3113 891 3154 esse
935 3098 1124 3162 voluit,
1153 3097 1205 3151 in
1230 3097 1401 3151 forma
1445 3095 1541 3151 Dei
1569 3109 1732 3164 supra

1842 2744 1978 2796 aqua
1999 2730 2172 2799 prima
2189 2728 2429 2783 natatilia
2444 2737 2500 2784 et
2514 2728 2768 2783 volatilia.
2785 2729 2950 2784 Terra
2968 2738 3146 2784 autem
3165 2732 3330 2798 prima
3345 2730 3428 2785 sui

1846 2822 2062 2894 generis
2081 2822 2322 2892 germina
2341 2829 2396 2876 et
2413 2821 2583 2890 prima
2616 2823 2698 2876 sui
2716 2824 2930 2892 generis
2952 2823 3224 2878 animalia.
3247 2824 3432 2894 Neque

1842 2917 1985 2972 enim
2004 2923 2131 2969 tunc
2149 2915 2201 2969 in
2218 2914 2588 2983 hujuscemodi
2606 2913 2744 2970 fetus
2769 2915 2838 2969 ita
2859 2915 3115 2984 producta
3139 2925 3282 2982 sunt,
3306 2925 3360 2971 ut
3379 2918 3431 2972 in

1851 3010 1930 3064 eis
1960 3024 2079 3078 qua:
2108 3009 2364 3074 producta
2404 3016 2531 3062 sunt
2561 3010 2640 3063 vis
2697 3007 2784 3061 illa
2833 3017 3150 3077 consumpta
3193 3010 3290 3075 sit;
3337 3010 3432 3066 sed

1841 3103 2156 3172 plerumque
2203 3103 2400 3158 desunt
2441 3116 2694 3171 congrua:
2741 3109 3288 3171 temperamentorum
3336 3117 3428 3156 oc-

132 3193 363 3264 angelos
387 3195 604 3249 mansit.
639 3194 780 3248 Idem
812 3193 865 3247 in
902 3191 1250 3247 inferioribus
1281 3189 1362 3244 via
1387 3190 1530 3253 vitm,
1562 3189 1651 3256 qui
1677 3189 1732 3242 in
1761 3185 1806 3248 C
1839 3197 2085 3251 casioues
2120 3195 2315 3265 quibus
2345 3201 2670 3262 erumpunt,
2694 3201 2751 3248 et
2770 3194 2979 3262 species
3000 3208 3126 3249 suas
3149 3204 3429 3264 peragunt.

131 3285 512 3354 superioribus
556 3285 687 3339 vita.
723 3283 839 3338 Non
868 3284 1012 3337 enim
1061 3297 1248 3337 verum
1287 3289 1371 3336 est
1399 3280 1541 3351 quod
1588 3279 1731 3333 idem
1841 3287 1978 3342 Ecce
2022 3288 2163 3342 enim
2213 3287 2565 3342 brevissimus
2613 3285 2862 3340 surculus
2911 3302 3094 3341 semen
3143 3295 3254 3348 est;
3310 3301 3431 3340 nam

131 3377 451 3434 Platonicus
473 3377 548 3432 ait
571 3375 850 3431 Platonem
884 3375 1094 3430 dixisse
1121 3393 1132 3428 :
1165 3375 1353 3428 Nullus
1379 3373 1513 3428 deus
1537 3373 1732 3427 misce-
1838 3379 2225 3434 convenienter
2248 3378 2533 3431 mandatus
2564 3387 2744 3440 terrm,
2773 3377 3018 3432 arborem
3065 3378 3190 3432 facit
3219 3395 3232 3430 ε
3275 3378 3433 3448 hujus

129 3481 224 3527 tur
256 3472 497 3537 homini;
524 3470 706 3524 ethoc
729 3469 1055 3538 praecipuum
1081 3483 1268 3522 eorum
1293 3465 1639 3520 sublimitatis
1661 3465 1736 3518 ait
1847 3482 2028 3526 autem
2058 3471 2260 3526 surculi
2291 3469 2541 3524 subtilius
2579 3475 2765 3524 semen
2794 3470 3010 3538 aliquod
3048 3470 3291 3538 ejusdem
3342 3485 3432 3539 ge-

127 3579 263 3620 esse
307 3564 606 3634 specimen,
652 3561 793 3631 quod
846 3561 990 3614 nulla
1041 3557 1416 3613 attrectatione
1457 3555 1729 3609 hominum

1841 3564 1986 3618 neris
2008 3578 2231 3632 granum
2264 3571 2367 3627 est,
2395 3571 2449 3615 et
2477 3563 2580 3614 huc
2613 3575 2782 3630 usque
2832 3560 2984 3613 nobis
3033 3561 3265 3615 visibile.
3313 3560 3431 3617 Jam

125 3639 606 3710 contaminamur.
644 3654 786 3720 Ergo
813 3654 1087 3704 daemones
1122 3647 1475 3703 contaminari
1519 3644 1736 3710 fatetur,
1841 3668 1970 3710 vero
1997 3654 2156 3722 hujus
2184 3654 2345 3708 etiam
2369 3653 2518 3721 grani
2545 3667 2749 3716 semen,
2779 3656 3022 3721 quamvis
3051 3652 3218 3706 oculis
3249 3651 3434 3711 videre

123 3756 184 3802 et
251 3748 381 3803 ideo
425 3761 575 3802 eosa
611 3746 802 3815 quibus
852 3740 1288 3798 contaminantur
1325 3737 1586 3793 mundare
1629 3750 1736 3789 non
1841 3762 2192 3813 nequeamus,
2265 3747 2474 3800 ratione
2527 3756 2704 3800 tamen
2784 3744 3054 3814 conjicere
3128 3759 3434 3814 possumus,

125 3850 395 3908 possunt,
428 3852 724 3907 omnesque
754 3833 1015 3891 immundi
1041 3835 1240 3904 pariter
1271 3832 1426 3896 ﬁunt,
1455 3842 1511 3885 et
1537 3829 1729 3883 daemo-

1841 3840 1964 3910 quia
1997 3840 2096 3894 nisi
2123 3838 2244 3892 talis
2266 3837 2444 3907 aliqua
2474 3839 2555 3891 vis
2580 3845 2725 3892 esset
2753 3837 2805 3890 in
2833 3838 2948 3890 istis
2981 3837 3286 3901 elementis,
3329 3855 3435 3894 non

121 3945 237 3984 nes
290 3929 719 3986 contrectatione
761 3927 1062 3991 hominum,
1094 3934 1150 3981 et
1178 3926 1427 3979 homines
1451 3922 1600 3978 cultu
1630 3920 1738 3975 dte-
1841 3933 2164 4003 plerumque
2194 3939 2545 3986 nasceremur
2581 3946 2646 3984 ex
2676 3939 2841 3993 terra,
2889 3943 3008 3998 qua:
3049 3929 3122 3983 ibi
3173 3931 3436 3986 seminata

117 4036 400 4080 monum.
1846 4038 1953 4077 non
1981 4031 2182 4078 essent.
2217 4022 2326 4076 Nec
2352 4021 2605 4075 animalia
2629 4029 2738 4074 tam
2773 4021 2957 4085 multa,
3012 4020 3156 4073 nulla
3207 4024 3434 4077 marium

1845 4114 2274 4183 feminarumque
2297 4111 2682 4167 commixtione
2704 4111 3062 4178 praecedente,
3079 4112 3257 4166 sivein
3272 4120 3438 4182 terra,

1845 4209 1961 4263 sive
2004 4209 2056 4262 in
2080 4223 2242 4276 aqua,
2276 4222 2395 4274 qua:
2424 4213 2604 4260 tamen
2636 4213 2908 4269 crescunt,
2949 4214 3003 4260 et
3042 4207 3288 4261 coeundo
3335 4209 3437 4264 alia

1848 4302 2080 4372 pariunt,
2112 4316 2233 4356 cum
2275 4301 2364 4355 illa
2406 4300 2567 4354 nullis
2596 4299 2916 4354 coeuntibus
2964 4301 3274 4370 parentibus
3317 4311 3439 4356 orta

1850 4394 1982 4458 sint;
2008 4402 2062 4449 et
2087 4402 2236 4448 certe
2264 4408 2393 4461 apes
2421 4391 2627 4448 semina
2646 4392 2877 4446 ﬁliorum
2902 4408 3004 4448 non
3032 4393 3278 4448 coeundo
3307 4408 3437 4448 con-

220 4479 334 4536 llic
370 4477 527 4533 video
575 4477 700 4546 quid
741 4475 936 4532 inﬁrmi
984 4475 1296 4546 cogitalioni
1345 4474 1514 4546 pOSSil
1559 4489 1749 4530 OCCIIP-
1852 4484 2076 4553 cipiunt.
2108 4485 2204 4538 sed
2233 4493 2483 4552 tanquam
2514 4497 2696 4551 sparsa
2731 4498 2826 4552 per
2849 4494 3018 4538 terras
3039 4500 3133 4538 ore
3161 4485 3437 4552 colligunt.

119 4589 287 4638 rere,
330 4587 429 4626 cur
453 4570 656 4626 scilicet
681 4568 781 4623 ista
805 4569 1060 4623 miracula
1091 4569 1252 4622 etiam
1288 4567 1508 4637 magicis
1537 4565 1746 4621 artibus
1775 4565 1828 4628 Ι)
1855 4574 2204 4630 Invisibilium
2238 4576 2380 4629 enim
2406 4577 2674 4630 seminum
2702 4586 2934 4640 creator,
2969 4577 3083 4645 ipse
3116 4585 3332 4632 creator
3357 4588 3440 4631 es;

120 4671 303 4721 flant.
332 4663 469 4717 Nam
500 4673 553 4717 et
586 4661 726 4732 magi
757 4660 1057 4716 Pharaonis
1093 4659 1339 4714 similiter
1368 4666 1645 4727 serpentes
1670 4657 1748 4712 fe-
1856 4669 2095 4724 omnium
2130 4681 2335 4722 rerum,
2365 4667 2630 4732 Quoniam
2665 4681 3006 4736 quacunque
3057 4668 3329 4722 nascendo
3376 4668 3440 4722 ad

120 4767 348 4815 cerunt
372 4765 427 4811 et
454 4757 556 4810 alia
587 4756 804 4810 similia.
834 4754 940 4810 Sed
973 4761 1030 4809 et
1060 4753 1188 4808 illud
1214 4753 1444 4822 amplius
1467 4761 1551 4807 est
1574 4751 1729 4807 admi'

1856 4759 2044 4814 oculos
2077 4768 2294 4812 nostros
2325 4767 2546 4821 exeunt,
2576 4768 2632 4812 et
2669 4773 2734 4812 ex
2762 4758 2985 4812 occultis
3015 4760 3310 4814 seminibus
3352 4774 3440 4813 ac-

118 4851 412 4912 randum,
442 4847 711 4917 quomodo
754 4861 1032 4915 magorum
1079 4846 1165 4899 illa
1214 4846 1452 4914 potentia
1475 4859 1593 4913 quae
1635 4857 1729 4898 ser.

1857 4853 2062 4922 cipiunt
2116 4850 2493 4921 progrediendi
2541 4850 2854 4920 primordia,
2887 4861 2939 4906 et
2969 4853 3299 4909 incrementa
3349 4853 3441 4907 de-

117 4955 347 5018 pentes
398 4929 576 4997 facere
616 4941 808 5010 potuit,
857 4939 948 4994 ubi
993 4938 1060 4992 ad
1108 4953 1321 4992 muscas
1365 4936 1752 4991 miDUIiSSimal
1856 4941 2903 5011 bitaamagnitudinis,distinctionesque
2921 4941 3442 5011 formarum,abori—

114 5052 380 5097 ventum
411 5049 518 5104 est,
538 5036 756 5091 omnino
785 5034 1002 5090 defecit.
1027 5031 1312 5101 Sciniphes
1334 5030 1476 5086 enim
1496 5029 1751 5084 musculae
1860 5037 2125 5108 ginalibus
2156 5047 2408 5104 tanquam
2455 5037 2653 5104 regulis
2699 5049 2936 5092 sumunt.
2971 5038 3125 5094 Sicut
3168 5051 3298 5102 ergo
3344 5051 3442 5092 nec

119 5115 270 5192 sunt
310 5133 676 5198 brevissimae,
701 5145 804 5202 qua
831 5131 989 5185 tertia
1013 5129 1164 5198 plaga
1187 5126 1448 5196 superbus
1472 5122 1754 5194 Egyptius
1859 5136 2110 5199 parentes
2140 5127 2370 5182 dicimus
2399 5136 2670 5183 creatores
2701 5129 2972 5183 hominum
2991 5171 3006 5194 ,
3040 5143 3139 5182 nec
3177 5127 3442 5193 agricolas

116 5221 982 5299 populuscaadebatur.lbicerte
996 5218 1307 5274 deﬁcientes
1323 5216 1460 5285 magi
1482 5216 1751 5269 dixerunt:
1858 5232 2134 5278 creatures
2161 5220 2397 5290 frugum,
2427 5223 2670 5289 quamvis
2699 5237 2886 5276 eorum
2918 5221 3257 5275 extrinsecus
3286 5219 3442 5272 adlii.

118 5318 367 5388 Digitus
397 5315 491 5369 Dei
522 5321 607 5369 est
633 5314 754 5367 hoc.
791 5312 944 5368 Unde
969 5320 1022 5367 et
1045 5309 1267 5378 intelligi
1299 5308 1475 5370 datur,
1505 5321 1568 5359 ne
1609 5307 1756 5373 ipsos
1857 5311 1984 5368 bitis
2015 5311 2248 5365 motibus
2275 5309 2374 5364 ista
2406 5313 2632 5366 creanda
2668 5313 2761 5367 Dei
2795 5313 2963 5365 virtus
2994 5310 3218 5364 interius
3246 5324 3441 5377 opere-

116 5410 384 5481 quidem
419 5417 848 5475 transgressores
868 5404 1107 5475 angelos,
1142 5413 1196 5458 et
1233 5416 1421 5457 aereas
1440 5407 1752 5470 potestates,
1861 5411 1980 5468 tur;
2008 5403 2075 5454 ita
2111 5417 2215 5455 non
2247 5402 2420 5455 solum
2455 5405 2645 5466 malos,
2677 5405 2770 5458 sed
2803 5417 2902 5456 nec
2931 5403 3100 5455 bonos
3121 5402 3340 5470 angelus
3367 5402 3444 5458 fas

119 5502 185 5556 in
215 5497 586 5554 manifestam
642 5495 773 5570 [Ειι.
799 5494 958 5563 Bern,
990 5495 1044 5548 in
1070 5493 1230 5548 imam
1263 5490 1441 5562 istam]
1465 5489 1747 5558 caliginem
1859 5504 1942 5549 est
1970 5504 2159 5563 putare
2183 5505 2476 5560 creatores,
2509 5497 2554 5550 si
2581 5511 2678 5564 pro
2711 5494 3006 5549 subtilitate
3057 5493 3139 5548 sui
3173 5507 3366 5547 sensus
3393 5505 3445 5549 et

113 5605 421 5665 tanquam
447 5593 499 5645 in
530 5591 615 5645 sui
646 5591 857 5659 generis
885 5603 1178 5652 carcerem.
1213 5587 1282 5640 ab
1327 5586 1473 5641 illius
1504 5584 1749 5640 sublimis
1860 5588 2106 5656 corporis
2136 5587 2341 5642 semina
2375 5604 2552 5644 rerum
2587 5589 2810 5642 istarum
2844 5587 2997 5640 nobis
3019 5586 3312 5640 occultiora
3348 5602 3444 5641 no-

114 5688 419 5741 aathereae
486 5684 731 5753 puritatis
781 5681 1114 5735 habitatione
1161 5680 1430 5746 detrusas,
1484 5695 1575 5748 per
1617 5693 1751 5749 quas
1861 5690 2075 5744 verunt,
2105 5689 2160 5733 et
2183 5695 2244 5735 ea
2277 5695 2372 5749 per
2400 5694 2663 5748 congruas
2693 5678 3112 5747 temperationes
3149 5678 3444 5732 elemento.

110 5780 386 5848 magica:
428 5784 572 5832 artes
619 5785 861 5846 possunt,
890 5772 1147 5845 quidquid
1177 5781 1420 5843 possunt,
1452 5772 1628 5827 valere
1658 5772 1753 5825 ali—
1861 5785 1977 5826 rum
2008 5771 2236 5826 latenter
2258 5778 2537 5841 spargunt,
2561 5777 2722 5837 atque
2752 5770 2822 5823 ita
2852 5769 3237 5840 gignendarum
3262 5785 3440 5828 rerum

110 5872 271 5946 quid
311 5869 424 5926 nisi
457 5867 581 5923 data
613 5868 844 5938 desuper
893 5874 1180 5949 potestate.
1231 5865 1394 5923 Datur
1437 5873 1616 5922 autem
1667 5865 1751 5922 vel
1861 5873 1917 5928 et
1943 5865 2416 5924 accelerandorum
2450 5863 2902 5923 incrementorum
2929 5864 3172 5934 praebent
3194 5865 3439 5923 occasio~

409 5967 685 6030 ΡΑτιιοι.
733 5962 942 6028 ΙιΧΠ.ζ

2956 5959 3030 6019 19

773 4174 999 4232 CAPUT
1038 4174 1132 4229 1X.

116 4295 217 4356 De
249 4292 526 4349 miraculis
555 4306 670 4362 qua:
698 4291 911 4362 magicis
938 4289 1134 4342 artibus
1145 4288 1312 4362 ﬁunt,
1341 4303 1405 4342 ex
1433 4285 1564 4340 libro
1598 4299 1654 4340 Ill
1685 4285 1746 4338 de

694 4358 964 4427 Trihitate,
995 4377 1109 4431 cap.
1145 4358 1199 4414 7.
1323 4381 1327 4384 ·
