3968 6390
514 293 626 363 88‘!

1597 291 1664 349 D.
1703 287 2027 348 EUGYPPH
2064 285 2355 351 ABBATIS
2393 290 2712 352 AFRICANI

3671 289 3785 352 588

515 423 637 472 nes.
667 408 776 468 Sed
798 422 904 467 nee
925 406 1056 465 boni
1074 405 1215 472 huc,
1239 403 1338 460 nisi
1357 411 1615 474 quantum
1641 403 1779 460 Deus
1798 403 1969 474 jubet,
1995 418 2095 460 nec
2121 403 2176 468 Α
2199 407 2315 463 illas
2340 405 2417 462 sic
2443 407 2640 477 posuit,
2671 406 2775 461 dici
2805 417 2908 461 non
2945 412 3120 476 potest
3159 413 3378 463 creator
3421 406 3668 464 Boiorum
3722 411 3778 464 in

514 506 652 563 mali
695 505 814 559 huic
841 503 1035 572 injuste
1062 501 1287 565 iaciunt,
1335 496 1438 552 nisi
1483 504 1737 565 quantum
1784 494 1925 564 juste
1977 496 2094 565 ipse

517 597 816 671 permittit;
844 609 970 653 nam
1003 595 1169 663 iniqui
1211 591 1411 647 malitia
1442 589 1770 645 voluntatem
1813 602 1961 643 suam
1994 589 2090 643 ha-

520 688 652 746 bent
675 687 954 760 injustam,
985 693 1306 756 potestatem
1333 691 1513 738 autem
1549 697 1658 737 non
1687 681 1792 736 nisi
1819 682 1961 752 juste
2004 694 2093 736 acu

517 782 746 849 eipiunt,
769 780 889 834 sive
917 775 985 832 ad
1011 789 1226 847 penam
1271 787 1422 830 suam
1441 814 1457 843 ,
1489 775 1599 830 sive
1629 774 1693 828 ad
1729 775 1976 841 aliorum,
2009 772 2090 828 vel

516 887 732 947 pinnam
763 873 1048 939 malorum,
1079 871 1164 927 vel
1193 871 1405 924 laudem
1428 870 1714 924 bonorum.
1742 869 1923 939 ltaque
1950 869 2094 938 Apo-

515 967 686 1024 stolus
719 966 1033 1021 discernens
1060 963 1289 1018 interius
1311 963 1475 1018 Deum
1497 971 1769 1018 creantem
1801 974 1960 1032 atque
1985 961 2094 1017 for-

515 1067 752 1116 mantem
787 1059 855 1114 ab
885 1057 1137 1128 operibus
1176 1065 1436 1112 creatura:
1468 1071 1586 1126 quae
1615 1043 1972 1110 admoventur
1998 1070 2094 1110 ex-

520 1153 808 1217 trinsecus,
844 1158 897 1204 et
919 1149 986 1204 de
1013 1149 1338 1219 agricultura
1377 1148 1781 1202 similitudinem
1815 1161 2093 1202 assumens

515 1247 629 1298 ait:
659 1243 771 1314 Ego
795 1241 1050 1311 plantavi,
1086 1241 1278 1310 Apollo
1313 1241 1528 1310 rigavit,
1572 1239 1666 1295 sed
1716 1240 1857 1294 Deus
1912 1242 2091 1294 incre-

513 1345 756 1392 mentum
786 1335 954 1390 dedit.
985 1333 1138 1390 Sicut
1163 1347 1290 1402 ergo
1327 1333 1378 1386 in
1410 1333 1523 1402 ipsa
1552 1333 1657 1386 vita
1709 1345 1889 1387 noStra
1943 1347 2092 1387 men—

512 1437 618 1481 tem
647 1426 989 1496 justilicando
1014 1426 1251 1479 formare
1271 1441 1377 1478 non
1408 1433 1606 1493 potest,
1634 1424 1733 1477 nisi
1769 1424 1928 1488 Deus,
1955 1439 2093 1493 pra:-

511 1520 695 1573 dicare
748 1527 924 1573 autem
960 1519 1294 1573 extrinsecus
1326 1517 1691 1584 Evangeliutn,
1745 1525 1799 1570 et
1846 1517 2090 1571 homines

511 1620 759 1679 possunt,
806 1624 913 1665 non
959 1609 1137 1664 solum
1179 1609 1303 1663 boni
1335 1623 1430 1678 per
1456 1607 1756 1674 veritatem,
1790 1608 1881 1660 sed
1933 1610 2090 1661 etiam

512 1704 635 1757 mali
662 1717 755 1772 per
779 1703 1137 1768 occasionem,
1160 1702 1230 1756 ita
1253 1702 1577 1756 creationem
1605 1715 1782 1753 rerum
1805 1699 2090 1753 visibilium

2193 505 2343 574 agnis
2369 512 2423 558 et
2460 505 2515 558 in
2547 503 2736 564 haedis,
2792 516 2891 558 nec
2939 501 3072 573 ipsae
3114 513 3345 558 matrum
3396 504 3610 568 animat,
3657 517 3778 575 qua:

2193 605 2506 668 conceptam
2534 613 2628 668 per
2655 597 2837 653 oculos
2863 599 3102 666 corporis
3133 597 3470 667 phantasiam
3509 597 3778 652 varietatis

2204 689 2500 745 seminibus
2527 704 2686 745 carne
2709 691 2982 758 conceptis
3013 701 3269 759 quantum
3295 701 3485 745 natura
3512 705 3672 760 passa
3696 700 3779 746 est

2195 796 2567 854 asperserunt,
2611 784 2780 838 multo
2809 784 2986 839 minus
3033 785 3137 839 dici
3171 798 3330 854 posse
3360 797 3614 838 ranarum
3660 799 3778 838 ser-

2193 879 2541 949 pentiumque
2570 886 2837 933 creatores
2867 877 3089 948 angelos
3113 878 3305 944 malos,
3337 891 3436 948 per
3476 890 3613 947 quos
3639 875 3779 946 magi

2195 970 2490 1027 Pharaonis
2517 978 2642 1025 tunc
2665 969 2752 1024 illa
2784 969 3045 1025 fecerunt.

2821 1120 3052 1177 CAPUT
3092 1120 3159 1175 Χ.

2196 1232 2276 1288 De
2319 1233 2486 1285 causis
2515 1231 2851 1300 eripientibus
2899 1241 3250 1285 creaturarum
3279 1233 3620 1302 naturalium,
3652 1248 3776 1302 qua:

2231 1306 2419 1358 mundo
2429 1303 2639 1358 Creator
2651 1304 2777 1357 inser
2795 1305 2888 1366 uit,
2904 1320 2967 1356 ea:
2982 1305 3111 1356 libro
3132 1318 3189 1356 ιιι
3209 1303 3275 1356 de
3298 1301 3570 1371 Tn'nitate,
3591 1301 3738 1357 “1.8.

2267 1415 2375 1470 Sed
2412 1416 2481 1470 de
2522 1416 2840 1471 animalibus
2883 1417 3034 1486 quasi
3088 1417 3296 1471 diversa
3344 1418 3485 1470 ratio
3536 1425 3771 1483 moveat,

2197 1508 2338 1578 quod
2367 1508 2565 1563 habent
2595 1508 2840 1578 Spiritum
2866 1512 2992 1562 vitae
3014 1523 3134 1563 cum
3159 1523 3317 1563 sensu
3342 1507 3630 1577 appetendi
3659 1523 3772 1577 qua:

2197 1604 2491 1657 secundum
2523 1614 2766 1657 naturam
2792 1610 2936 1669 sunt,
2967 1602 3272 1671 vitandique
3294 1603 3588 1666 contraria,
3620 1602 3772 1656 etiam

2200 1693 2303 1749 hoc
2343 1704 2427 1749 est
2470 1695 2672 1758 videre,
2699 1709 2855 1764 quant
2907 1694 3060 1747 multi
3112 1693 3353 1747 homines
3410 1693 3661 1746 noverint
3708 1709 3768 1747 ex

513 1795 652 1849 Deus
679 1795 904 1849 interius
928 1805 1197 1865 operatur,
1223 1792 1513 1847 exteriores
1553 1801 1727 1846 autem
1758 1792 2094 1858 operationcs
2121 1799 2170 1864 β
2202 1787 2397 1855 quibus
2426 1785 2607 1841 herbis
2644 1795 2735 1839 aut
2764 1783 3034 1849 carnibus,
3080 1792 3173 1836 aut
3218 1798 3658 1852 quarumcunque
3692 1799 3771 1838 re-

511 1891 625 1946 sive
673 1891 958 1957 bonorum,
989 1889 1103 1942 sive
1149 1887 1436 1950 malorum,
1486 1886 1569 1939 vel
1622 1884 1959 1954 angelorum,
2003 1883 2089 1938 vel

512 1984 815 2048 hominum,
844 1982 957 2035 sive
983 1981 1142 2033 etiam
1171 1990 1611 2045 quorumcunque
1633 1976 1970 2037 animalium,
2003 1988 2088 2027 se-

512 2077 745 2130 cundum
776 2072 1054 2140 imperium
1078 2087 1255 2137 suum,
1283 2079 1339 2126 et
1365 2085 1395 2124 a
1425 2084 1484 2125 se
1505 2070 1806 2139 impertitas
1832 2069 2092 2122 distribu-

513 2167 682 2220 tiones
735 2171 1078 2234 potestatum,
1127 2170 1182 2216 et
1220 2161 1574 2231 appetitiones
1619 2159 2084 2225 commoditatum,

511 2258 579 2311 ita
605 2271 784 2311 rerum
814 2263 1016 2309 naturae
1040 2253 1253 2307 adhibet
1279 2254 1329 2306 in
1361 2266 1462 2322 qua
1489 2259 1636 2306 creat
1665 2251 1864 2314 omnia,
1896 2265 2085 2318 quem-

509 2348 793 2402 admodum
841 2354 997 2402 terrae
1044 2344 1444 2415 agriculturam.
1476 2345 1816 2414 Quapropter
1860 2344 1932 2397 ita
1979 2358 2084 2397 non

508 2459 730 2514 possum
753 2443 934 2498 dicere
961 2442 1177 2512 angelos
1215 2440 1385 2495 malos
1415 2440 1636 2510 magicis
1664 2440 1867 2493 artibus
1894 2452 2088 2493 evoca-

522 2554 605 2604 os,
623 2547 894 2592 creatores
918 2534 1079 2589 fuisse
1097 2549 1348 2588 ranarum
1375 2545 1533 2601 atque
1560 2535 1914 2601 serpentium,
1946 2532 2086 2585 sicut

508 2645 614 2684 non
647 2641 860 2698 possum
889 2625 1070 2680 dicere
1100 2624 1344 2679 homines
1377 2624 1544 2678 malos
1571 2624 1767 2693 segetis
1795 2638 1914 2678 esse
1937 2639 2088 2679 creas

509 2731 670 2785 tores,
719 2735 874 2790 quam
922 2735 1020 2788 per
1068 2734 1252 2774 eorum
1303 2732 1520 2788 operam
1581 2719 1765 2771 videro
1817 2725 2083 2772 exortam.

507 2815 652 2870 Sicut
682 2827 780 2868 nec
824 2811 987 2868 Jacob
1015 2821 1224 2867 creator
1253 2811 1488 2865 colorum
1538 2809 1591 2863 in
1634 2808 1916 2878 pecoribus
1962 2807 2079 2874 fuit,

507 2905 651 2977 quia,
677 2903 982 2959 bibentibus
1011 2903 1062 2957 in
1091 2911 1351 2970 conceptu
1401 2901 1682 2961 tnatribus,
1715 2899 1946 2954 variatas
1981 2900 2087 2954 vir-

508 3015 599 3071 gas
628 3019 756 3072 quas
781 2997 1114 3056 intuerentur
1143 2993 1409 3063 apposuit.
1441 2993 1546 3048 Sed
1571 3007 1669 3048 nec
1692 2993 1822 3062 ipsa:
1856 2991 2086 3061 pecudes

508 3095 789 3148 creatrices
821 3095 1032 3148 fuerunt
1070 3085 1347 3144 varietatis
1391 3084 1558 3152 prolis
1595 3097 1726 3149 suae,
1760 3083 1880 3152 quia
1922 3083 2087 3138 inhie-

2199 1893 2318 1931 rum
2352 1877 2673 1945 quibuslibet
2697 1877 2870 1930 succis
2895 1885 2988 1929 aut.
3030 1875 3366 1942 humoribus,
3399 1877 3484 1930 vel
3519 1877 3590 1929 ita
3638 1877 3770 1944 posi-

2194 1968 2283 2032 tis,
2313 1969 2400 2022 vel
2435 1970 2506 2020 ita
2539 1967 2769 2031 obrutis,
2799 1966 2882 2020 vel
2914 1967 2983 2019 ita
3013 1965 3276 2030 contritis,
3307 1967 3389 2020 vel
3421 1966 3492 2019 ita
3519 1969 3768 2019 commix-

2192 2060 2286 2124 tis,
2316 2074 2436 2127 qua;
2464 2059 2709 2112 animalia
2741 2059 2889 2113 nasci
2921 2057 3130 2112 soleant
3155 2076 3170 2112 :
3202 2072 3431 2127 quorum
3459 2072 3518 2113 se
3539 2058 3653 2126 quis
3668 2068 3766 2111 tant

2195 2153 2415 2208 demens
2437 2154 2628 2206 audeat
2649 2152 2829 2206 dicere
2856 2155 3158 2206 auctorem?
3173 2152 3310 2218 Quid
3333 2165 3461 2220 ergo
3487 2152 3670 2204 mirum
3694 2151 3758 2216 si,

2195 2245 2645 2315 quemadmodum
2695 2252 2870 2312 potest
2935 2231 3106 2297 nosse
3141 2243 3364 2311 quilibet
3407 2242 3753 2312 nequissimus

2193 2337 2356 2392 homo
2386 2338 2523 2390 unde
2549 2337 2624 2389 illi
2655 2337 2737 2391 vel
2759 2336 2835 2389 illi
2865 2349 3077 2390 vermes
3109 2349 3422 2404 muscmque
3461 2345 3760 2399 nascantur,

2190 2429 2264 2483 ita
2295 2431 2419 2483 mali
2445 2430 2617 2498 angeli
2645 2444 2741 2499 pro
2768 2429 3060 2484 subtilitate
3098 2430 3177 2484 sui
3205 2443 3395 2483 sensus
3429 2430 3482 2482 in
3513 2429 3760 2483 occultio-

2191 2523 2342 2577 ribus
2363 2524 2749 2577 elementorum
2779 2522 3072 2576 seminibus
3102 2531 3300 2575 norunt
3327 2522 3470 2575 unde
3497 2535 3641 2574 rana:
3659 2535 3759 2574 ser-

2191 2625 2486 2687 pentesque
2513 2625 2821 2680 nascantur,
2839 2624 2893 2670 et
2920 2615 3054 2682 111⁵0,
3079 2630 3173 2684 per
3197 2625 3372 2670 certas
3393 2624 3448 2670 ΕΙ.
3477 2625 3630 2669 notas
3651 2624 3757 2669 tem-

2192 2711 2527 2779 perationum
2573 2710 3002 2778 opportunitates
3057 2709 3278 2763 occultis
3333 2709 3569 2762 motibus
3615 2708 3756 2760 adhi-

2192 2801 2388 2865 bendo,
2423 2802 2622 2856 iaciunt
2650 2806 2845 2868 creari,
2887 2819 2990 2858 non
3019 2805 3239 2858 creant?
3271 2805 3376 2862 Sed
3409 2805 3499 2860 illa
3531 2806 3757 2858 homines

2193 2909 2311 2964 qure
2336 2894 2509 2948 solent
2536 2895 2602 2949 ab
2627 2895 2930 2950 hominibus
2962 2896 3076 2950 fieri
3109 2912 3214 2951 non
3242 2899 3522 2952 mirantur.
3547 2897 3684 2962 Quod
3708 2894 3757 2949 si

2192 2988 2471 3056 quisquam
2517 2990 2817 3044 celeritates
2863 2991 3311 3046 incrementorum
3351 2993 3487 3048 forte
3526 2993 3752 3055 miratur,

2191 3079 2332 3148 quod
2381 3079 2469 3133 illa
2520 3081 2813 3134 animantia
2841 3090 2949 3135 tam
3003 3084 3108 3135 cito
3158 3084 3293 3137 facta
3332 3097 3477 3146 sunt,
3537 3084 3756 3136 attendat

507 3194 648 3241 εει-τη
673 3187 863 3239 anima;
893 3185 1098 3237 illarum
1141 3182 1375 3236 discolor
1417 3175 1718 3250 phantasia,
1748 3190 1810 3228 ex
1842 3177 2082 3231 contuitu
2111 3176 2158 3241 ε
2191 3171 2638 3240 quemadmodum
2661 3182 2712 3226 ct
2737 3173 2835 3226 ista
2869 3190 2960 3241 pro
2982 3174 3199 3228 modulo
3227 3176 3493 3230 facultatis
3526 3177 3756 3229 humanm

505 3278 766 3331 variarum
814 3276 1075 3343 virgarum
1123 3289 1218 3342 per
1267 3277 1448 3329 oculos
1499 3277 1776 3345 impressa,
1821 3288 1940 3346 quat
1974 3285 2079 3332 non

505 3371 674 3439 potuit
704 3369 804 3423 nisi
830 3383 1044 3436 corpus,
1072 3368 1213 3436 quod
1253 3369 1330 3423 sic
1366 3367 1556 3424 all‘ecto
1586 3370 1775 3439 spiritu
1808 3373 2080 3424 animaba-

505 3472 614 3527 tur,
667 3476 736 3516 ex
787 3461 1163 3528 compassione
1211 3462 1610 3516 commixtionis
1657 3463 1891 3528 afficere,
1938 3463 2081 3518 unde

506 3553 702 3607 teneris
749 3552 946 3607 fetuum
998 3554 1301 3622 primordiis
1347 3555 1528 3610 colore
1561 3565 1712 3610 tenus
1735 3568 2078 3626 aspergetur;

505 3657 560 3699 ttt
585 3645 725 3699 enim
757 3646 834 3701 sic
863 3662 928 3701 ex
958 3647 1260 3715 semetipsis
1307 3648 1626 3714 afficiantur,
1657 3649 1743 3702 vel
1792 3651 1967 3702 anima
2011 3663 2077 3703 ex

505 3751 752 3804 corpore,
782 3738 860 3792 vel
888 3751 1081 3806 corpus
1107 3753 1173 3793 ex
1205 3739 1402 3802 anima,
1432 3748 1792 3810 congruentes
1838 3741 2079 3797 rationes

505 3828 557 3882 id
605 3827 829 3893 faciunt,
880 3842 999 3898 qua:
1056 3829 1564 3885 incommutabiliter
1615 3830 1804 3885 vivunt
1856 3832 1908 3885 in
1963 3831 2078 3899 ipsa

503 3931 709 3974 summa
742 3918 834 3975 Dei
879 3919 1174 3989 Sapientia,
1225 3935 1381 3992 quam
1424 3921 1565 3977 nulla
1621 3925 1792 3992 spatia
1841 3925 2080 3982 locorum

507 4013 762 4080 capiunt;
796 4019 849 4067 et
889 4027 1009 4066 cum
1041 4012 1110 4067 sit
1151 4012 1266 4082 ipsa
1309 4014 1780 4080 incommutabilis,
1810 4014 1941 4070 nihil
1989 4031 2083 4072 eo-

502 4117 618 4158 rum
637 4115 760 4172 quas
795 4103 882 4158 vel
926 4104 1379 4160 commutabiliter
1402 4116 1525 4161 sunt
1546 4105 1769 4174 deserit,
1800 4107 1920 4178 quia
1949 4107 2081 4164 nihil

501 4206 686 4247 eorum
715 4193 819 4246 nisi
849 4205 945 4261 per
973 4192 1142 4261 ipsam
1167 4203 1405 4250 creatum
1435 4203 1539 4252 est.
1572 4195 1645 4253 Ut
1692 4198 1835 4252 enim
1865 4198 1933 4255 de
1979 4213 2076 4268 pe-

502 4283 714 4338 coribus
739 4296 846 4336 non
870 4282 1057 4351 virgas,
1092 4286 1192 4354 ιε
1218 4284 1315 4339 sed
1341 4301 1536 4354 pecora
1559 4296 1922 4350 nascerentur,
1951 4288 2077 4345 fecit

503 4378 608 4428 hoc
637 4374 1090 4428 incommutabilis
1109 4385 1164 4427 et
1189 4373 1470 4431 invisibilis
1495 4379 1632 4432 ratio
1653 4378 1938 4449 Sapientia:
1957 4381 2075 4449 Dei,

504 4481 600 4535 per
625 4481 780 4533 quam
811 4475 985 4521 creata
1019 4474 1145 4521 sunt
1171 4468 1370 4522 omnia.
1401 4468 1471 4525 Ut
1498 4478 1676 4526 autem
1713 4473 1778 4527 de
1817 4474 2076 4530 varietate

2191 3266 2258 3326 ab
2285 3265 2591 3325 hominibus
2621 3278 2990 3340 procurentur.
3028 3268 3177 3328 Unde
3209 3270 3350 3327 enim
3388 3269 3445 3326 fit
3475 3279 3528 3326 ut
3584 3271 3753 3326 eadem

2187 3381 2417 3434 corpora
2445 3366 2602 3419 citius
2631 3375 2966 3420 vermescant
2995 3377 3178 3420 aestate
3203 3381 3359 3433 quant
3386 3365 3585 3428 hieme,
3614 3365 3753 3418 citius

2187 3458 2240 3511 in
2270 3459 2615 3513 calidioribus
2648 3473 2804 3526 quam
2837 3458 2888 3511 in
2916 3457 3278 3527 frigidioribus
3307 3458 3486 3512 locis?
3515 3457 3614 3512 Sed
3651 3459 3754 3509 iure

2186 3548 2254 3603 ab
2278 3549 2584 3604 hominibus
2609 3559 2756 3603 tanto
2786 3549 3058 3603 difficilius
3087 3551 3432 3614 adhibentur,
3462 3561 3655 3618 quanto
3676 3550 3758 3601 de-

2186 3651 2311 3695 sunt
2340 3656 2590 3695 seusuum
2639 3642 2977 3706 subtilitates,
3011 3651 3064 3696 et
3103 3656 3390 3709 corporum
3448 3640 3756 3694 ntohilitates

2185 3733 2240 3788 in
2271 3733 2526 3788 membris
2556 3734 2787 3788 terrenis
2817 3745 2870 3787 et
2896 3733 3080 3803 pigris.
3113 3733 3265 3788 Unde
3307 3733 3760 3802 qualibttscunque

2185 3829 2649 3898 angelis.vicinas
2707 3841 2899 3883 causas
2964 3827 3032 3880 ab
3083 3825 3364 3881 elementis
3420 3827 3754 3888 contrahere,

2185 3930 2386 3991 quanto
2437 3917 2643 3975 facilius
2676 3929 2778 3985 est,
2833 3928 2980 3973 tanto
3029 3917 3384 3972 mirabiliores
3448 3917 3502 3971 in
3571 3920 3754 3985 hujus-

2184 4013 2331 4069 modi
2360 4014 2615 4084 operibus
2653 4028 2838 4069 eorum
2863 4013 3099 4068 existunt
3127 4012 3456 4077 celeritates,
3507 4012 3600 4065 sed
3653 4025 3763 4065 non

2184 4118 2266 4163 est
2309 4119 2540 4174 creator,
2573 4107 2675 4162 nisi
2720 4109 2806 4176 qui
2851 4107 3218 4176 principaliter
3254 4107 3356 4161 ista
3403 4107 3619 4169 format;
3664 4118 3769 4159 nec

2184 4201 2461 4269 quisquam
2494 4201 2595 4254 hoc
2635 4208 2807 4267 potest
2847 4199 2946 4253 nisi
2981 4198 3071 4254 ille
3114 4213 3280 4267 penes
3324 4213 3481 4268 quem
3512 4198 3774 4266 primitus

2184 4296 2309 4343 sunt
2336 4289 2572 4343 omnium
2598 4305 2712 4359 qum
2737 4299 2859 4343 sunt
2888 4306 3170 4354 tnensurze,
3195 4291 3406 4343 numeri
3431 4298 3476 4343 et
3499 4287 3775 4356 pondera,

2184 4389 2236 4433 et
2269 4381 2382 4448 ipse
2420 4390 2503 4434 est
2545 4395 2682 4433 unus
2721 4390 2932 4435 creator
2963 4380 3129 4446 Deus,
3178 4395 3244 4434 ex
3303 4381 3454 4448 cujus
3506 4380 3776 4436 ineliabili

2185 4482 2460 4540 potentatu
2493 4472 2550 4527 tlt
2578 4475 2735 4526 etiam
2764 4483 2820 4526 ttt
2849 4473 2988 4543 quod
3019 4483 3234 4542 possent
3263 4472 3312 4524 hi
3341 4470 3540 4540 angeli,
3571 4473 3614 4525 si
3643 4487 3767 4541 per-

503 4559 793 4626 virgarum,
829 4572 1082 4627 pecorum
1124 4569 1506 4629 conceptarum
1542 4563 1692 4618 color
1734 4564 1929 4634 aliquid
1978 4565 2074 4619 du-
2103 4556 2154 4624 ο
2181 4564 2536 4630 mitterentur,
2561 4565 2682 4619 ideo
2703 4581 2808 4619 non
2833 4566 3211 4635 possunt,quia
3238 4579 3341 4619 non
3359 4565 3765 4633 permittuntur.

504 4655 672 4713 ceret,
702 4647 825 4703 fecit
870 4647 972 4702 hoc
999 4647 1171 4703 anima
1215 4651 1449 4720 gravidas
1479 4653 1699 4721 pecudis
1749 4669 1846 4723 per
1887 4657 2073 4712 oculos

507 4737 692 4793 affecta
716 4738 1030 4806 forinsecus,
1062 4750 1115 4795 et
1143 4741 1367 4797 interius
1395 4758 1576 4800 secum
1605 4757 1702 4815 pro
1731 4761 1828 4801 suo
1857 4747 2076 4803 modulo

506 4830 768 4884 formandi
796 4833 1037 4902 regulam
1063 4834 1306 4900 trahens,
1337 4851 1495 4906 quam
1524 4837 1589 4892 de
1619 4837 1805 4894 intima
1837 4843 2074 4908 potentia

503 4923 585 4976 sui
613 4921 889 4977 Creatoris
918 4924 1149 4993 accepit.
1177 4924 1282 4980 Sed
1312 4936 1510 4995 quanta
1549 4928 1630 4982 vis
1662 4929 1733 4983 sit
1762 4931 1974 4998 animae,
2005 4931 2073 4988 ad

503 5015 837 5070 efﬁciendam
859 5023 1019 5084 atque
1046 5017 1352 5071 mutandam
1387 5019 1668 5075 materiam
1717 5023 2077 5094 corporalem,

504 5115 828 5160 cumtamen
867 5105 1098 5160 creatrix
1125 5109 1367 5175 corporis
1397 5108 1502 5164 dici
1545 5126 1654 5166 non
1704 5115 1908 5182 possit,
1959 5117 2082 5185 quia

505 5197 678 5252 omnis
706 5212 865 5252 causa
890 5198 1159 5253 mutabilis
1189 5198 1568 5270 sensibilisqne
1597 5203 1933 5272 substantiae,
1958 5221 2077 5262 om-

504 5290 692 5360 nisque
718 5291 908 5345 modus
940 5299 996 5345 et
1023 5305 1295 5357 numerus,
1329 5300 1385 5347 et
1413 5294 1621 5362 pondus
1649 5296 1795 5364 ejus,
1827 5299 1969 5355 unde
2000 5301 2079 5356 ef-

503 5381 681 5436 ﬁcitur
702 5391 761 5436 ut
781 5391 837 5437 et
859 5384 927 5435 sit
944 5390 1000 5436 et
1033 5390 1222 5436 natura
1251 5382 1321 5437 ita
1338 5385 1425 5439 vel
1455 5385 1529 5441 ita
1555 5387 1644 5452 sit,
1672 5388 1739 5442 ab
1758 5389 2074 5460 intelligibili

501 5481 558 5528 et
592 5474 1014 5529 incommutabili
1044 5473 1173 5540 vita,
1206 5488 1325 5545 quae
1351 5492 1511 5546 super
1529 5479 1710 5534 omnia
1738 5490 1840 5549 est,
1868 5485 2067 5551 existit,

501 5575 559 5621 et
582 5569 824 5635 pervenit
853 5580 1022 5638 nque
1050 5569 1114 5623 ad
1153 5577 1392 5624 extrema
1435 5579 1594 5642 atque
1619 5581 1850 5629 terrena.
1880 5575 2073 5634 Multus

505 5674 682 5714 sermo
707 5669 790 5715 est
821 5674 990 5731 neque
1015 5675 1155 5716 nunc
1203 5663 1560 5731 necessarius,
1617 5680 1801 5720 verum
1834 5678 2075 5740 propter-

504 5766 566 5806 ea
597 5752 790 5806 factum
822 5753 987 5810 Jacob
1013 5754 1083 5810 de
1115 5757 1392 5822 pecoribus
1437 5761 1966 5816 commemorandum
2001 5779 2077 5818 ar.

505 5843 726 5902 bitratas
745 5858 972 5912 θωὴν
1009 5847 1411 5918 intelligeretur,
1461 5848 1508 5906 si
1557 5850 1718 5909 homo
1760 5854 1850 5924 qui
1897 5855 2071 5923 virgas
2123 5843 2134 5854 ’

2183 4653 2366 4724 Neque
2407 4655 2550 4709 enim
2582 4655 2814 4709 occurrit
2860 4655 2964 4709 alia
3008 4656 3146 4709 ratio
3195 4671 3291 4710 cur
3341 4669 3445 4711 non
3490 4661 3770 4724 potuerint

2182 4745 2360 4800 facere
2389 4746 2774 4800 minutissimas
2800 4761 3034 4812 muscas,
3065 4748 3154 4816 qui
3181 4763 3340 4803 ranas
3377 4762 3771 4820 serpentesque

2182 4837 2448 4900 fecerunt,
2485 4837 2586 4890 nisi
2629 4837 2753 4906 quia
2799 4838 2971 4906 major
3016 4836 3201 4892 aderat
3244 4837 3544 4895 dominatio
3586 4841 3772 4911 prohi-

2185 4927 2359 4983 bentis
2387 4927 2501 4994 Dei,
2533 4944 2628 4997 per
2671 4928 2926 4998 Spiritum
2969 4940 3234 4998 sanctum,
3279 4932 3423 4999 quod
3467 4935 3632 4988 etiam
3664 4933 3773 5001 ipsi

2183 5022 2320 5089 magi
2348 5021 2576 5076 confessi
2605 5030 2730 5074 sunt
2759 5021 3000 5076 dicentes
3042 5039 3055 5073 :
3106 5021 3312 5091 Digitus
3369 5025 3463 5078 Dei
3511 5035 3598 5079 est
3640 5026 3768 5079 hoc.

2177 5110 2316 5178 Quid
2347 5121 2522 5165 autem
2561 5111 2771 5180 possint
2818 5124 2914 5182 per
2950 5121 3217 5182 naturam,
3268 5128 3367 5169 nec
3414 5117 3625 5185 possint
3673 5130 3777 5186 per

2177 5203 2613 5273 prohibitionem,
2642 5215 2697 5261 et
2725 5207 2851 5276 quid
2885 5221 2980 5275 per
3003 5207 3174 5275 ipsius
3203 5220 3408 5263 natura:
3439 5223 3552 5263 suae
3579 5211 3782 5266 cond:-

2178 5299 2377 5354 tionem
2407 5297 2586 5354 facere
2613 5314 2720 5352 non
2751 5298 3015 5365 sinuntur,
3053 5297 3255 5355 homini
3300 5299 3592 5370 explorare
3627 5302 3782 5356 dini-

2177 5394 2278 5447 cile
2303 5402 2405 5459 est,
2437 5394 2546 5448 imo
2575 5408 2704 5448 vero
2726 5394 3077 5462 impossibile,
3109 5395 3210 5448 nisi
3244 5411 3338 5464 per
3381 5395 3512 5450 illud
3561 5396 3786 5451 donum

2177 5485 2292 5550 Dei,
2327 5485 2465 5554 quod
2496 5486 2788 5555 Apostolus
2816 5495 3209 5542 commemorat
3235 5487 3420 5542 dicens
3449 5503 3462 5540 :
3488 5486 3594 5541 Alii
3624 5489 3791 5556 diju—

2180 5577 2374 5632 dicatio
2407 5579 2711 5648 spirituum.
2761 5577 3019 5634 Novimus
3062 5580 3328 5633 hominem
3363 5594 3523 5649 posse
3571 5583 3798 5638 ambu-

2181 5669 2315 5735 lare,
2345 5680 2400 5724 et
2429 5686 2600 5740 neque
2628 5671 2727 5725 hoc
2753 5685 2908 5740 posse
2952 5671 2995 5726 si
3031 5688 3134 5726 non
3166 5673 3542 5742 permittatur;
3577 5676 3806 5734 volare

2179 5766 2356 5814 autem
2387 5777 2491 5815 non
2539 5777 2716 5830 posse,
2745 5764 2909 5817 etiam
2953 5763 2998 5817 si
3029 5765 3385 5832 permittatur.
3439 5766 3530 5821 Sic
3585 5775 3648 5822 et
3710 5770 3818 5830 illi

2182 5855 2353 5926 angeli
2380 5856 2622 5924 quaedam
2647 5865 2876 5928 possunt
2903 5857 3079 5917 facere
3109 5861 3152 5916 si
3182 5863 3570 5930 permutantur
3593 5861 3687 5918 ab
3715 5880 3811 5923 an
