3968 6390
175 377 273 441 889

1429 366 1871 433 THESAURUS.
1909 372 2065 431 CAP.
2104 369 2200 431 XI.

3334 368 3443 432 590

177 497 294 568 gelis
321 493 734 566 potentioribus,
766 508 834 551 ex
878 491 1106 564 imperio
1143 488 1274 557 Dei;
1319 489 1562 560 quaedam
1611 505 1740 546 vero
1766 496 1816 554 Α
1844 497 1952 556 est,
2003 488 2256 559 quoniam
2294 486 2468 556 justus
2501 501 2567 544 ex
2613 485 2718 544 nde
2745 485 2899 544 vivit.
2929 487 3037 545 Sed
3077 490 3207 562 quid
3261 496 3441 561 aequi-

176 603 270 646 non
302 598 542 660 possunt,
591 604 690 644 nec
725 589 767 644 si
799 589 866 642 ab
910 587 988 642 eis
1038 584 1434 654 permittantur,
1491 583 1613 654 quia
1658 584 1749 639 ille

178 701 269 741 non
308 686 592 754 permittit,
624 700 653 738 a
685 697 790 752 quo
837 682 937 737 illis
980 691 1061 735 eat
1113 679 1235 734 talis
1283 687 1489 732 natura:
1535 677 1746 742 modus,

176 781 252 850 qui
282 782 438 834 etiam
473 796 565 850 per
593 779 813 850 angelos
853 790 981 831 suos
1029 785 1082 830 et
1132 771 1220 829 illa
1274 773 1590 846 plerumque
1639 787 1747 829 non

177 873 442 944 permittit,
475 891 592 945 qua:
620 872 890 930 concessit
916 881 971 927 ut
1001 869 1231 941 possint.

777 1030 1006 1087 CAPUT
1044 1029 1138 1086 XI.

173 1141 244 1198 De
271 1143 453 1211 simple
485 1142 767 1200 Saluatoris
796 1145 980 1208 nostri,
1006 1145 1143 1212 quod
1171 1144 1238 1198 ad
1267 1144 1484 1212 duplum
1520 1151 1753 1197 nostrum

201 1217 452 1269 concurrit
481 1226 526 1269 et
547 1217 801 1289 congruit.
826 1232 889 1271 sa:
911 1216 1042 1270 libro
1066 1232 1118 1272 tv
1139 1219 1203 1270 de
1224 1215 1499 1284 Trinitate,
1514 1231 1630 1284 cap.
1662 1217 1714 1269 5.

237 1327 430 1383 Verum
461 1330 601 1398 quod
643 1329 806 1384 instat
852 1329 905 1384 in
935 1331 1240 1400 praesentia,
1287 1339 1544 1399 quantum
1590 1326 1753 1383 donat

173 1421 325 1487 Deus,
359 1422 766 1477 edisserendum
821 1430 952 1477 est:
1004 1421 1454 1492 quemadmodum
1499 1421 1750 1490 simplum

171 1515 376 1571 Domini
399 1525 450 1570 et
470 1515 766 1572 Salvatoris
795 1517 960 1572 nostri
990 1516 1116 1573 Jesu
1144 1515 1347 1571 Christi
1377 1515 1540 1585 duplo
1568 1523 1753 1569 nostro

170 1617 440 1677 congruat,
487 1617 541 1663 et
587 1608 984 1679 quodammodo
1034 1609 1287 1664 concinat
1354 1609 1421 1664 ad
1499 1609 1750 1663 salutem.

167 1696 271 1753 Nos
300 1709 467 1767 certe,
500 1702 641 1771 quod
669 1717 827 1758 nemo
850 1700 1188 1758 Christianus
1214 1702 1462 1774 ambigit,
1493 1712 1548 1758 et
1571 1703 1750 1757 anima

169 1799 217 1844 et
237 1808 466 1861 corpore
488 1795 685 1850 mortui
718 1810 904 1850 sumus
932 1813 946 1850 :
980 1797 1155 1850 anima
1195 1807 1416 1866 propter
1447 1805 1747 1866 peccatum,

1856 585 1977 637 tur?
2012 582 2112 653 13
2143 581 2198 637 Si
2227 592 2404 636 autem
2436 584 2654 653 spiritus
2686 597 2802 654 e3us
2831 583 2919 653 qui
2943 585 3218 640 suscitavit
3258 587 3442 642 Jesutti

1853 674 2122 730 Christum
2153 689 2220 731 ex
2249 676 2473 731 mortuis
2506 677 2708 731 habitat
2735 678 2785 731 in
2829 675 3001 741 vobis,
3027 679 3116 748 qui
3161 677 3444 734 suscitavit

1851 765 2035 822 Jesum
2066 766 2337 822 Christum
2385 785 2412 822 a
2443 768 2705 835 mortuis,
2757 769 3048 824 viviticahit
3099 779 3154 827 et
3194 766 3439 826 mortalia

1852 872 2081 929 corpora
2120 868 2318 927 vestra,
2367 874 2463 930 per
2512 859 2902 917 inhabitantem
2951 864 3197 930 Spiritum
3228 863 3345 934 ejus
3393 863 3448 919 in

1853 953 2028 1009 vobis.
2073 953 2209 1008 lluic
2250 967 2379 1024 ergo
2407 954 2586 1026 dupla
2630 958 2788 1012 morti
2828 965 3027 1012 nostra:
3058 957 3313 1012 Salvator
3341 959 3444 1012 im-

1855 1047 2042 1118 pendit
2068 1046 2312 1116 simplant
2345 1061 2518 1114 suam,
2554 1057 2607 1104 et
2639 1049 2702 1103 ad
2735 1047 3033 1104 faciendam
3053 1059 3335 1117 utramque
3357 1065 3444 1104 re-

1854 1141 2262 1196 suscitationem
2307 1149 2582 1210 nostram,
2629 1143 2681 1196 in
2724 1151 3066 1198 sacramento
3094 1149 3149 1198 et
3197 1141 3448 1212 exemplo

1855 1234 2149 1305 prreposuit
2177 1243 2230 1288 et
2253 1235 2530 1303 proposuit
2555 1251 2713 1290 uuam
2765 1251 2936 1291 suam.
2965 1235 3151 1306 Neque
3171 1238 3316 1292 enim
3348 1238 3443 1290 fuit

1856 1336 2107 1398 peceator
2136 1338 2227 1383 aut
2256 1328 2469 1398 impius,
2499 1335 2556 1382 ut
2585 1325 2656 1394 ei,
2692 1337 2941 1400 tanquam
2973 1327 3163 1397 Spiritu
3211 1341 3446 1396 mortuo,

1858 1427 1908 1482 in
1939 1428 2193 1483 interiore
2237 1428 2455 1484 homine
2479 1428 2724 1483 renovari
2752 1444 2886 1498 npus
2916 1441 3080 1497 esset,
3109 1440 3163 1485 et
3196 1440 3446 1500 tanquam

1855 1519 2225 1590 resipiscendo
2253 1522 2316 1574 ad
2346 1521 2509 1575 vitam
2531 1519 2754 1590 justitiae
2780 1523 3018 1575 revocari
3048 1539 3060 1574 :
3093 1523 3186 1576 sed
3227 1523 3444 1576 indutus

1855 1626 2018 1667 carne
2048 1611 2292 1676 mortali,
2326 1621 2377 1666 et
2405 1609 2518 1666 sola
2571 1611 2842 1676 moriens,
2880 1609 2991 1665 sola
3037 1628 3352 1683 resurgens,
3387 1629 3449 1667 ea

1854 1704 1965 1758 sola
1993 1702 2146 1757 nobis
2167 1703 2230 1757 ad
2255 1716 2541 1772 utrumque
2565 1703 2989 1773 concinuit,cum
3016 1705 3065 1757 in
3091 1720 3154 1758 ea
3185 1701 3333 1761 ﬁeret
3358 1703 3442 1759 itt-

1857 1796 2069 1851 terioris
2100 1796 2330 1850 hominis
2347 1806 2762 1863 sacramentum,
2794 1795 3079 1851 exterioris
3110 1799 3444 1866 exemplum;

166 1897 385 1953 corpore
418 1896 636 1956 propter
664 1901 877 1956 pennam
911 1887 1139 1958 peccati,
1173 1903 1234 1942 ac
1266 1904 1360 1960 per
1391 1889 1494 1944 hoc
1541 1900 1596 1944 et
1625 1903 1747 1944 cor-
1779 1883 1828 1949 Β
1854 1889 2128 1944 interioris
2156 1889 2298 1946 enim
2345 1889 2585 1944 hominis
2616 1889 2786 1944 nostri
2833 1900 3171 1944 sacramento
3217 1889 3338 1944 data
3368 1899 3450 1944 est

164 1989 311 2045 pore,
346 1988 562 2047 prepter
595 1991 893 2046 peccatum.
927 1980 1150 2049 Utrique
1172 1992 1351 2036 autem
1403 1981 1480 2035 rei
1529 1989 1747 2046 nostrae,

163 2065 216 2122 id
243 2078 345 2135 est,
379 2081 432 2124 et
453 2073 644 2126 animae
666 2083 720 2126 et
745 2073 976 2142 corpori,
1002 2074 1262 2130 medicina
1285 2082 1340 2128 et
1362 2076 1753 2129 resurrecnone

162 2174 298 2230 opus
325 2171 464 2229 erat,
495 2175 547 2218 ut
579 2165 630 2219 in
661 2165 855 2220 melius
880 2177 1228 2222 renovaretur
1249 2167 1392 2236 quod
1422 2176 1537 2220 erat
1569 2167 1622 2220 in
1652 2167 1752 2222 de-

161 2255 332 2310 terius
376 2269 785 2312 commutatum.
832 2258 972 2314 Mors
1024 2269 1202 2313 autem
1250 2260 1444 2312 animat
1507 2259 1753 2327 impietas

159 2353 265 2410 est,
299 2354 353 2400 et
382 2361 526 2400 mors
557 2349 803 2416 corporis
833 2348 1292 2417 corruptibilitas,
1347 2363 1441 2418 per
1492 2361 1651 2417 quam
1695 2346 1756 2401 lit

160 2447 217 2493 et
245 2438 443 2491 animae
479 2453 510 2492 a
554 2453 783 2508 corpore
811 2439 1110 2494 abscessus.
1155 2439 1309 2495 Sicut
1355 2438 1498 2492 enim
1549 2438 1747 2505 anima,

157 2528 454 2584 deserente
483 2530 611 2596 Deo,
645 2531 726 2586 sic
749 2546 946 2600 corpus
969 2533 1147 2585 anima
1175 2531 1461 2586 deserente
1485 2531 1712 2584 moritur
1737 2543 1751 2584 :

155 2621 307 2675 unde
339 2623 426 2676 illa
467 2622 524 2675 tit
575 2622 856 2690 insipiens,
919 2623 1020 2678 hoc
1074 2625 1341 2678 exanime.
1385 2621 1756 2676 [tt-suscitatur

154 2726 293 2782 ergo
324 2715 500 2769 anima
533 2729 628 2784 per
656 2716 1052 2784 ptenitentiam,
1094 2724 1148 2771 et
1197 2717 1248 2770 in
1307 2727 1533 2784 corpore
1578 2714 1755 2768 adhuc

158 2807 375 2862 mortali
404 2811 683 2865 renovatio
715 2812 838 2865 vitae
867 2809 1150 2866 inchoatur
1173 2826 1202 2866 a
1236 2809 1353 2870 lide.
1385 2823 1486 2881 qua
1516 2809 1756 2865 creditur

154 2900 214 2953 in
266 2913 390 2954 eum
437 2902 525 2971 qui
590 2900 849 2971 justilicat
897 2903 1142 2972 impium,
1199 2902 1461 2972 bonisque
1511 2901 1755 2957 moribus

153 3004 390 3064 augetur
411 3005 466 3050 et
494 2997 783 3050 roboratur
812 2995 878 3051 de
906 2995 992 3052 die
1021 2999 1073 3050 in
1105 2996 1270 3061 diem,
1298 3011 1417 3050 cum
1445 2993 1616 3066 magis
1637 3008 1754 3048 ma-

155 3089 359 3159 gisque
388 3100 682 3144 renovatur
709 3090 933 3144 interior
976 3089 1158 3144 homo.
1208 3088 1415 3157 Corpus
1463 3101 1591 3144 vero
1639 3097 1755 3143 tan-

151 3195 322 3250 quam
348 3181 508 3236 homo
531 3183 792 3249 exterior,
815 3190 1016 3250 quanto
1041 3192 1124 3236 est
1154 3181 1267 3237 haec
1291 3184 1395 3235 vita
1427 3180 1750 3245 diuturnior,

1855 1980 1946 2036 illa
1980 1997 2116 2049 vox,
2146 1981 2417 2053 pertinens
2435 1981 2501 2036 ad
2533 1992 2758 2036 mortem
2791 1979 2986 2036 animre
3018 1991 3215 2036 nostra:
3251 1981 3426 2052 signili

1855 2075 2106 2146 candam,
2133 2093 2239 2132 non
2265 2081 2439 2132 solum
2467 2079 2518 2132 in
2542 2077 2769 2147 psalmo,
2792 2077 3141 2134 verumetiam
3174 2077 3224 2133 in
3255 2096 3448 2134 cruce:

1859 2169 1998 2224 Deus
2029 2185 2206 2237 meus,
2240 2169 2380 2225 Deus
2414 2180 2664 2236 meus,ut
2694 2169 2821 2239 quid
2851 2186 2935 2224 me
2968 2169 3332 2240 dereliquisti?
3355 2169 3449 2226 Cui

1857 2261 1974 2316 voci
2001 2263 2247 2331 congruit
2269 2265 2558 2331 Apostolus
2584 2263 2774 2316 dicens
2804 2279 2816 2312 ε
2852 2263 3096 2317 Scientes
3125 2261 3245 2331 quia
3280 2273 3332 2316 ct
3355 2278 3448 2317 ve-

1856 2363 1945 2410 tus
1976 2355 2138 2408 homo
2187 2366 2374 2410 noster
2414 2354 2575 2410 simul
2619 2353 2916 2408 cruciﬁxus
2961 2366 3065 2421 est,
3115 2365 3172 2408 ut
3221 2371 3451 2411 evacue-

1858 2455 1946 2500 tur
1973 2461 2170 2514 corpus
2203 2449 2429 2514 peccati,
2459 2456 2518 2502 ut
2543 2449 2683 2502 ultra
2715 2463 2820 2502 non
2851 2449 3150 2502 serviamus
3181 2459 3401 2515 peccato
3431 2467 3446 2507 :

1859 2536 2136 2592 cruciﬁxio
2163 2539 2360 2605 quippe
2389 2538 2666 2592 interioris
2691 2537 2922 2591 hominis
2941 2537 3269 2605 pmttitentia:
3297 2539 3451 2592 dolo-

1859 2645 1950 2686 res
1990 2631 2394 2700 intellguntur,
2449 2639 2506 2686 et
2549 2630 2902 2685 continentia
2950 2629 3167 2698 quidam
3217 2628 3449 2685 salubris

1859 2724 2151 2784 cruciatus,
2184 2738 2278 2792 per
2311 2738 2470 2792 quam
2496 2731 2724 2776 mortem
2749 2736 2897 2777 mors
2926 2722 3210 2789 impietatis
3234 2721 3451 2790 perimi-

1859 2822 1966 2880 tur,
1997 2812 2054 2868 in
2081 2827 2307 2878 quartus
2349 2828 2456 2867 non
2512 2812 2732 2882 reliquit
2778 2813 2942 2868 Deus.
2974 2812 3040 2866 Et
3089 2812 3209 2866 ideo
3241 2827 3334 2879 per
3375 2823 3453 2867 ta-

1860 2907 1964 2960 lem
1992 2921 2206 2960 crucem
2246 2914 2537 2962 evacuatur
2582 2920 2778 2972 corpus
2827 2904 3061 2974 peccati,
3095 2914 3152 2958 ut
3189 2903 3302 2973 jam
3345 2921 3453 2961 non

1859 2997 2218 3052 exhibeamus
2239 2999 2482 3052 membra
2505 3004 2689 3052 nostra
2713 3011 2863 3052 arma
2883 2996 3182 3067 iniquitatis
3210 3007 3452 3066 peccato,

1861 3092 1985 3161 quia
2015 3102 2070 3147 et
2093 3091 2317 3146 interior
2345 3091 2505 3147 homo
2525 3132 2540 3157 ,
2571 3091 2616 3146 si
2647 3092 2829 3158 utique
2857 3100 3148 3146 renovatur
3175 3090 3243 3145 de
3283 3090 3370 3144 die
3400 3093 3454 3148 in

1861 3183 2026 3248 diem,
2069 3185 2311 3254 proiecto
2337 3195 2492 3240 vetus
2512 3192 2629 3251 est,
2657 3194 2941 3252 antequam
2969 3192 3285 3250 renovetur;
3315 3183 3456 3238 intus

152 3281 314 3328 tanto
340 3275 507 3344 magis
539 3276 820 3344 magisque
875 3274 1242 3343 corrumpitur
1292 3273 1372 3327 vel
1433 3281 1611 3336 actate,
1668 3271 1754 3325 vel
1787 3283 1832 3346 ρ
1863 3291 2094 3348 namque
2123 3279 2332 3347 agitur,
2360 3277 2503 3348 quod
2533 3277 2677 3334 idem
2707 3277 3002 3346 Apestolus
3040 3277 3169 3332 dicit
3198 3293 3215 3332 ι
3262 3276 3455 3332 Emito

151 3368 378 3430 morbo,
405 3367 488 3422 vel
524 3368 687 3422 variis
717 3366 1119 3431 afﬂictionibus,
1143 3367 1319 3420 donec
1350 3363 1530 3420 veniat
1562 3364 1629 3419 ad
1675 3365 1758 3418 ul-

154 3461 374 3526 timam,
401 3476 521 3530 qum
546 3461 612 3515 ah
638 3461 942 3514 hominibus
970 3474 1116 3516 mors
1139 3471 1360 3514 vocatur
1394 3476 1408 3514 :
1431 3459 1549 3528 ejus
1576 3468 1754 3512 autem

150 3553 496 3606 resurrectio
519 3551 762 3607 differtur
785 3552 838 3605 in
867 3551 1186 3617 linem,cum
1217 3561 1270 3606 et
1303 3553 1419 3620 ipsa
1442 3549 1756 3619 justiticatio

160 3654 361 3696 nostra
395 3642 700 3710 perﬁcietur
728 3641 1092 3697 ineﬂ‘abiliter.
1131 3641 1280 3696 Tunc
1302 3644 1447 3696 enim
1472 3641 1522 3694 ei
1551 3639 1757 3694 similes

149 3735 651 3806 erimus,quoniam
681 3735 982 3791 videbimus
1011 3749 1134 3789 eum
1159 3733 1317 3790 sicuti
1341 3743 1443 3798 est,
1461 3747 1601 3789 nunc
1625 3747 1758 3787 vero

141 3832 421 3902 quamdiu
443 3847 638 3901 corpus
660 3832 801 3902 quod
820 3831 1186 3900 corrumpitur
1215 3839 1471 3900 aggravet
1494 3828 1754 3894 animam,

142 3935 209 3980 et
247 3927 363 3979 vlta
404 3925 634 3979 humana
662 3939 823 3994 super
850 3935 1045 3980 terram
1079 3933 1190 3977 tota
1216 3923 1440 3977 tentatio
1469 3931 1589 3989 est,
1649 3935 1758 3975 non

133 4018 549 4090 justiticabitur
574 4017 626 4070 in
649 4027 940 4087 conspectu
961 4017 1076 4085 ejus
1107 4016 1284 4070 omnis
1304 4015 1513 4079 vivens,
1529 4015 1581 4066 in
1603 4027 1756 4067 com-

137 4114 454 4187 paratione
478 4115 698 4184 justitia:
729 4128 829 4183 qua
857 4113 1192 4184 atquabimur
1220 4111 1443 4181 angelis,
1475 4117 1531 4164 et
1574 4108 1758 4179 glorias

135 4221 292 4280 quae
325 4205 652 4261 revelabitur
679 4207 734 4260 in
763 4207 940 4261 nobis.
977 4206 1052 4259 De
1081 4214 1254 4258 morte
1282 4212 1459 4256 autem
1491 4201 1706 4264 animae,
1727 4213 1758 4254 a

137 4307 346 4360 morte
371 4298 616 4369 corporis
637 4299 1035 4370 distinguenda,
1068 4297 1197 4367 quid
1241 4295 1391 4364 plura
1420 4307 1755 4349 commemo-

140 4411 279 4455 rem
306 4435 320 4461 ,
342 4410 464 4450 cum
495 4395 752 4450 Dominus
781 4395 832 4448 in
865 4390 1194 4461 Evangelica
1242 4389 1507 4443 sententia
1555 4395 1761 4440 utram-

140 4504 264 4559 que
304 4497 532 4542 tnortem
561 4488 730 4541 cuivis
762 4486 916 4540 facile
937 4481 1353 4539 discernendam
1390 4480 1646 4550 posuerit,
1671 4479 1757 4534 ubi

143 4582 230 4636 ait
261 4599 278 4634 :
315 4581 444 4636 Sine
474 4589 716 4634 mortuos
747 4579 978 4648 sepelire
1008 4584 1250 4631 mortuos
1290 4573 1458 4628 suos?
1484 4572 1761 4640 Sepelien-

1861 3384 1958 3425 vos
2003 3379 2240 3424 veterem
2289 3369 2562 3424 hominem
2611 3379 2667 3425 et
2707 3368 2912 3424 induite
2959 3384 3178 3436 novum,
3208 3369 3352 3439 quod
3383 3370 3454 3424 ita

1859 3471 2256 3530 consequenter
2286 3461 2542 3528 exponit:
2571 3461 2916 3529 Quapropter
2943 3460 3279 3528 deponentes
3308 3474 3456 3514 men~

1861 3551 2095 3616 daciutu,
2128 3553 2406 3622 loquimini
2457 3552 2764 3608 veritatem.
2815 3553 2912 3607 Ubi
2956 3562 3137 3607 autem
3167 3553 3456 3621 deponitur

1861 3645 2222 3711 mendacium,
2257 3647 2356 3700 nisi
2390 3647 2530 3700 intus
2570 3654 2627 3722 ut
2659 3644 2942 3712 inhabitet,
2969 3645 3026 3700 in
3055 3656 3239 3700 monte
3267 3654 3455 3699 sancto

1861 3735 1979 3804 Dei,
2009 3738 2098 3808 qui
2127 3736 2364 3806 loquitur
2389 3735 2669 3792 veritatem
2696 3739 2748 3790 in
2773 3736 2936 3793 corde
2955 3736 3087 3792 suo?
3112 3735 3454 3791 Resurrectio

1860 3843 1992 3885 vero
2016 3831 2261 3900 corporis
2296 3830 2507 3884 Domini
2539 3830 2608 3884 ad
2637 3840 3034 3886 sacramentum
3062 3829 3334 3884 interioris
3364 3843 3454 3885 re-

1861 3923 2211 3977 surrectionis
2243 3932 2441 3977 nostra:
2490 3924 2763 3991 pertinere
2803 3921 3134 3990 ostenditur,
3172 3921 3264 3975 ubi
3305 3931 3456 3987 post—

1861 4029 2023 4085 quam
2043 4014 2338 4069 resurrexit
2364 4015 2436 4067 ait
2453 4015 2692 4068 mulieri:
2718 4013 2940 4068 Nolime
2957 4025 3196 4081 tangere,
3215 4012 3454 4066 nondum

1862 4106 2006 4161 enim
2038 4103 2257 4158 ascendi
2290 4103 2356 4157 ad
2385 4103 2596 4157 Patrem
2643 4117 2844 4156 meum.
2883 4101 2983 4156 Cui
3021 4101 3283 4172 mysterio
3327 4115 3458 4156 con-

1862 4198 2006 4268 gruit
2053 4195 2338 4266 Apostolus
2368 4195 2552 4250 dicens
2588 4213 2599 4247 :
2634 4195 2690 4249 Si
2717 4204 2895 4248 autem
2932 4193 3305 4249 resurrexistis
3331 4207 3457 4250 cum

1863 4289 2107 4354 Christo,
2137 4302 2257 4358 quae
2286 4301 2498 4342 sursum
2521 4296 2647 4341 sunt
2686 4285 2933 4356 quaerite,
2964 4287 3051 4340 ubi
3083 4285 3328 4341 Christus
3352 4296 3456 4353 est,

1865 4385 1931 4437 ad
1961 4382 2235 4438 dexteram
2263 4381 2354 4436 Dei
2379 4379 2594 4447 sedens;
2614 4397 2731 4451 qua:
2749 4393 2960 4435 sursum
2983 4390 3106 4436 sunt
3130 4380 3331 4450 sapite:
3353 4380 3457 4435 hoc

1863 4482 1946 4528 est
1961 4473 2102 4527 enim
2127 4471 2398 4526 Christum
2420 4487 2523 4525 non
2539 4481 2777 4541 tangere,
2806 4471 2907 4525 nisi
2926 4485 3047 4525 cum
3069 4470 3374 4525 ascendurit
3390 4470 3457 4525 ad

1866 4564 2101 4627 Patrem,
2129 4579 2233 4618 non
2252 4563 2319 4618 de
2341 4563 2556 4619 Christo
2569 4564 2858 4619 carnaliter
2876 4576 3088 4633 sapere.
3111 4561 3227 4616 Jam
3245 4576 3371 4618 vero
3393 4564 3459 4618 ad

139 4676 292 4732 dum
329 4676 525 4743 quippe
552 4688 749 4742 corpus
775 4683 1042 4727 manuum
1075 4680 1214 4739 erat,
1243 4670 1550 4739 ερρυιιοιιθς
1580 4679 1757 4723 autem
1789 4676 1843 4743 υ
1869 4657 2175 4728 exemplum
2205 4658 2398 4712 mortis
2428 4658 2713 4713 exterioris
2744 4657 2980 4712 hominis
3009 4658 3174 4712 nostri
3225 4658 3459 4713 Domini-

143 4768 309 4838 ejus,
347 4782 441 4837 per
481 4767 850 4820 inlidelitatem
883 4765 1177 4834 impietatis
1209 4765 1260 4817 in
1288 4763 1488 4827 anima,
1522 4771 1764 4816 mortuos

145 4860 398 4927 intelligi
427 4859 632 4924 voluit,
655 4859 838 4927 quales
861 4857 1164 4910 excitantur
1188 4867 1310 4908 eum
1337 4854 1535 4909 dicitur
1559 4871 1572 4907 :
1592 4854 1763 4921 Surge

142 4955 251 5024 qui
290 4951 523 5013 dormis,
555 4960 608 5004 et
636 4963 868 5018 exsurge
914 4963 945 5003 a
977 4947 1222 5010 mortuis,
1255 4953 1310 5000 et
1353 4945 1676 5001 illuminabit
1715 4956 1765 4999 te

141 5046 442 5102 Christus.
480 5043 785 5097 Detestatur
806 5050 983 5096 autem
1013 5039 1300 5108 quamdam
1345 5045 1575 5091 mortem
1623 5039 1766 5105 Apo-

142 5140 348 5195 Stolus
371 5136 558 5190 dicens
587 5135 655 5189 de
683 5134 840 5188 vidua
867 5149 879 5184 :
912 5132 1044 5200 Quae
1075 5138 1255 5185 autem
1303 5129 1354 5182 in
1396 5127 1605 5182 deliciis
1635 5127 1761 5197 agit,

141 5237 359 5287 vivens
407 5236 614 5284 mortua
645 5236 746 5283 est.
793 5228 985 5282 Anima
1031 5225 1192 5296 igitur
1230 5226 1339 5294 jam
1381 5224 1466 5294 pia
1495 5235 1614 5292 quae
1662 5221 1760 5276 fuit

141 5327 356 5396 impia,
393 5330 610 5392 prepter
637 5322 898 5392 justitiam
939 5319 1061 5375 ﬁdei
1102 5319 1298 5374 dicitur
1345 5333 1415 5374 ex
1454 5325 1627 5372 morte
1675 5331 1760 5372 re-

136 5417 496 5483 surrexisse,
531 5425 689 5485 atque
715 5417 914 5478 vivere,
948 5428 1144 5484 corpus
1187 5423 1370 5468 autem
1414 5427 1519 5466 non
1553 5419 1759 5466 tantum

137 5512 490 5566 moriturum
522 5517 735 5577 propter
760 5508 952 5560 animm
971 5507 1282 5562 abscessum
1311 5507 1398 5577 qui
1427 5505 1637 5561 futurus
1658 5514 1761 5572 est,

136 5603 247 5657 sed
294 5613 519 5669 propter
551 5607 751 5652 tantam
781 5597 1146 5652 infirmitatem
1177 5599 1360 5653 carnis
1403 5606 1458 5652 et
1486 5597 1762 5668 sanguinis

135 5693 408 5763 quodam
472 5693 592 5747 loco
661 5694 714 5746 in
760 5693 1048 5762 Scripturis
1116 5695 1276 5749 etiam
1345 5706 1613 5749 tnortuum
1672 5693 1760 5747 di-

138 5789 332 5849 citur,
382 5785 638 5855 loquente
677 5786 975 5853 Apostolo:
1019 5783 1226 5854 Corpus
1265 5784 1480 5855 quidem
1509 5827 1524 5850 ,
1566 5784 1758 5854 inquit,

136 5891 447 5936 mortuum
487 5885 570 5932 est
602 5885 817 5948 propter
843 5887 1138 5946 peccatum,
1172 5879 1393 5947 spiritus
1432 5887 1611 5933 autem
1651 5880 1762 5933 vita

135 5980 245 6033 est
337 5979 556 6041 propter
634 5967 915 6039 justitiam.
978 5969 1102 6026 Haec
1180 5972 1284 6025 vita
1341 5988 1409 6027 ex
1465 5971 1569 6027 lide
1622 5971 1760 6027 facta

1867 4769 1944 4810 cae
1970 4755 2150 4808 carnis
2198 4769 2344 4810 mors
2374 4755 2636 4822 pertinet,
2666 4751 2788 4822 quia
2821 4767 2916 4822 per
2961 4753 3122 4807 talem
3155 4753 3459 4821 passionem

1868 4849 2103 4902 maxime
2132 4849 2374 4902 hortatus
2398 4857 2480 4899 est
2505 4858 2692 4898 servos
2721 4859 2868 4911 suos,
2901 4851 2961 4899 ut
2989 4858 3095 4898 non
3121 4845 3342 4900 timeant
3363 4859 3459 4899 eos

1867 4941 1955 5010 qui
1986 4955 2182 5009 corpus
2214 4939 2489 5005 occidunt,
2519 4939 2753 4993 animam
2777 4946 2953 4992 autem
2977 4953 3084 4993 non
3116 4951 3339 5008 possunt
3364 4953 3460 4993 oc-

1868 5035 2070 5090 cidere.
2103 5033 2331 5104 Propter
2363 5033 2505 5102 quod
2544 5033 2673 5087 dicit
2703 5031 2999 5102 Apostolus
3034 5049 3048 5086 :
3082 5032 3150 5086 Ut
3177 5033 3458 5100 suppleam

1868 5142 1988 5198 quae
2017 5126 2211 5180 desunt
2237 5139 2613 5196 pressurarum
2633 5125 2834 5181 Christi
2864 5127 2917 5180 in
2947 5139 3110 5180 carne
3137 5138 3276 5180 mea.
3309 5124 3460 5179 Etad

1868 5220 2171 5288 exemplum
2223 5221 2634 5276 resurrectionis
2686 5221 2976 5276 exterioris
3017 5220 3250 5273 hominis
3291 5220 3461 5276 uestri

1869 5311 2138 5382 pertinere
2164 5311 2435 5368 invenitur
2452 5314 2775 5368 resurrectio
2800 5313 3044 5384 corporis
3073 5312 3310 5378 Domini,
3338 5315 3460 5382 quia

1871 5405 2148 5475 discipulis
2199 5405 2273 5459 ait
2303 5421 2315 5457 :
2368 5404 2590 5474 Palpate
2617 5413 2673 5460 et
2698 5403 2899 5469 videte,
2943 5403 3066 5474 quia
3094 5403 3311 5472 spiritus
3339 5419 3460 5460 ossa

1873 5510 1928 5556 et
1973 5514 2190 5556 carnem
2233 5512 2342 5552 non
2373 5498 2561 5567 habet,
2595 5497 2733 5553 sicut
2774 5512 2858 5552 me
2899 5497 3091 5552 videtis
3131 5498 3373 5552 habere:
3406 5511 3460 5554 et

1873 5607 2014 5647 unus
2039 5605 2103 5644 ex
2134 5587 2413 5653 discipulis
2442 5587 2602 5643 etiam
2639 5587 2917 5642 cicatrices
2945 5585 3064 5657 ejus
3093 5596 3456 5658 contrectans,

1870 5683 2192 5740 exclamavit
2221 5682 2407 5737 dicens
2439 5699 2451 5734 :
2483 5679 2740 5735 Dominus
2771 5695 2923 5736 meus
2950 5691 3000 5736 et
3029 5682 3167 5736 Deus
3200 5682 3382 5736 meus!
3406 5693 3461 5739 et

1870 5791 1991 5832 cum
2023 5775 2168 5830 illius
2213 5775 2392 5830 carnis
2424 5783 2530 5828 tota
2575 5772 2853 5843 integritas
2894 5784 3202 5846 appareret,
3236 5774 3462 5831 demon-

1869 5877 2095 5926 stratum
2118 5879 2202 5925 est
2233 5871 2285 5922 in
2315 5882 2376 5923 ea
2411 5865 2553 5938 quod
2585 5882 2712 5923 suos
2748 5867 3042 5924 exhortans
3071 5869 3282 5925 dixerat
3316 5885 3331 5924 :
3360 5869 3464 5926 Ca-

1869 5969 2029 6041 pillus
2050 5967 2240 6038 capitis
2276 5965 2438 6020 vestri
2483 5979 2589 6019 non
2632 5965 2854 6034 peribit.
2886 5965 3041 6023 Unde
3068 5968 3211 6023 enim
3260 5969 3457 6037 primo,
