3968 6390
475 370 578 433 591

1543 366 1606 419 D.
1646 358 1964 420 EUGYPPII
2003 357 2297 418 ABBATIS
2318 354 2642 414 AFRICANI

3653 355 3767 413 δη

484 491 599 548 Noli
623 502 712 547 me
738 495 980 559 tangere,
1010 482 1246 541 nondum
1287 480 1430 537 enim
1477 477 1695 533 asccndi
1737 478 1801 532 ad
1845 478 2057 532 Patrem
2084 481 2140 541 Α
2164 474 2309 529 aeria
2330 485 2553 539 corpora
2585 469 2763 525 facere
2786 481 2908 538 quae
2935 480 3062 524 caro
3080 468 3329 535 miretur,
3360 476 3451 523 aut
3478 470 3642 525 etiam
3674 485 3761 526 oe-

470 582 691 642 meum‘l
710 590 765 636 et
786 580 948 644 unde,
973 588 1254 645 antequam
1284 572 1535 628 ascendat
1559 572 1625 626 ad
1656 572 1889 637 Patrem,
1920 586 1947 623 a
1977 570 2057 625 di-

471 676 695 747 scipulis
716 673 976 743 tangitur,
1006 669 1107 725 nisi
1134 668 1258 738 quia
1290 666 1399 721 illic
1434 662 1805 719 insinuabatur
1836 662 2057 716 interio-

473 772 553 828 ris
581 766 815 823 hominis
842 772 1257 824 sacramentum,
1292 760 1378 814 hic
1410 758 1750 830 praebrbatur
1769 756 2057 812 exterioris

472 858 826 932 exemplum?
873 859 957 913 An
1023 856 1163 911 forte
1221 852 1504 923 quisquam
1556 851 1625 905 ita
1663 861 1747 906 est
1794 849 2058 904 absurdus

472 965 634 1023 atque
675 963 897 1004 aversus
927 963 958 1001 a
984 961 1136 1013 vero,
1180 953 1239 999 ut
1263 943 1460 998 audeat
1498 943 1676 998 dicere
1703 958 1733 995 a
1772 941 1901 995 viris
1932 956 2056 996 eum

470 1053 707 1110 tactum,
748 1048 1032 1109 antequam
1073 1036 1415 1099 ascenderet,
1457 1049 1487 1088 a
1535 1033 1848 1089 mulieribus
1876 1042 2055 1089 autem

469 1151 589 1191 cum
617 1131 985 1189 ascendisset?
1015 1130 1244 1199 Propter
1274 1131 1376 1186 hoc
1398 1126 1710 1197 exemplum
1740 1126 1933 1181 futurae
1956 1140 2057 1182 no-

467 1239 595 1285 stra:
626 1223 1040 1283 resurrectionis
1057 1225 1110 1278 in
1139 1236 1366 1292 corpore
1394 1221 1535 1291 quod
1567 1220 1842 1289 praecessit
1868 1220 1921 1274 in
1954 1219 2058 1274 Do-

465 1323 633 1387 mino,
660 1321 791 1375 dicit
818 1318 1111 1389 Apostolus
1142 1334 1156 1373 :
1192 1315 1406 1373 Initium
1428 1312 1698 1380 Christus,
1733 1314 1926 1369 deinde
1963 1313 2055 1383 qui

466 1411 827 1473 suntChristi.
860 1412 939 1469 De
961 1410 1206 1480 corporis
1233 1408 1377 1463 enim
1405 1406 1801 1461 resurrectione
1822 1406 1913 1459 illo
1937 1405 2057 1461 loco

465 1507 749 1579 agebatur,
797 1514 1018 1575 prepter
1044 1516 1203 1573 quam
1246 1500 1410 1557 etiam
1441 1500 1605 1555 dicit:
1632 1498 2059 1569 Transﬁguravit

464 1614 665 1669 corpus
695 1596 1018 1652 humilitatis
1058 1604 1277 1659 nostrae,
1308 1594 1585 1648 conforme
1628 1593 1840 1660 corpori
1871 1592 2057 1660 gloriae

464 1708 597 1750 sua.
633 1691 751 1748 Una
780 1706 911 1762 ergo
940 1703 1090 1743 mors
1115 1687 1285 1743 nostri
1332 1685 1624 1743 Salvatoris
1662 1684 1868 1739 duabus
1912 1700 2058 1740 mor-

465 1789 607 1843 tibus
638 1784 839 1841 nostris
869 1782 1029 1839 saluti
1064 1781 1181 1849 fuit,
1221 1790 1273 1835 et
1301 1796 1405 1835 una
1434 1780 1550 1849 ejus
1573 1779 1895 1835 resurrectio
1921 1778 2056 1833 duas

465 1879 621 1935 nobis
658 1874 1082 1933 resurrectiones
1129 1872 1408 1944 praestitit,
1450 1886 1571 1927 cum
1620 1886 1815 1939 corpus
1854 1870 1972 1941 ejus
2004 1872 2056 1925 in
2083 1877 2135 1940 Β

465 1980 693 2041 utraque
718 1981 800 2035 re,
826 1966 880 2021 id
906 1973 1021 2033 est,
1047 1972 1101 2020 et
1129 1966 1183 2019 in
1213 1975 1419 2029 morte,
1449 1971 1506 2020 et
1530 1966 1583 2019 in
1623 1964 2047 2031 resurrectione,

465 2076 521 2122 et
551 2067 606 2119 in
633 2069 971 2119 sacramento
998 2060 1270 2116 interioris
1301 2060 1533 2114 hominis
1562 2060 1753 2124 nostri,
1786 2068 1841 2113 et
1872 2074 2055 2114 exem-

467 2161 559 2231 plo
583 2156 868 2214 exterioris
893 2154 1202 2211 medicinali
1223 2154 1455 2225 quadam
1494 2152 1866 2209 convenientia
1897 2151 2055 2207 mini-

467 2260 690 2308 stratum
718 2255 822 2304 εει.

1067 2362 1297 2421 CAPUT
1335 2363 1450 2419 XII.

467 2478 546 2538 Ds
563 2481 846 2538 mediatore
864 2479 933 2533 ad
950 2488 1163 2534 mortem
1181 2478 1410 2544 diabolo,
1441 2486 1490 2534 et
1515 2478 1794 2533 mediatore
1813 2477 1880 2533 ad
1899 2477 2053 2533 vitam

785 2552 989 2609 Christo
1018 2549 1169 2618 Iesu,
1198 2566 1263 2605 ea:
1293 2551 1471 2605 eodem
1502 2550 1630 2605 libro
1660 2564 1732 2605 tv.

534 2666 741 2723 Deinde
767 2665 820 2721 id
846 2664 1022 2734 ipsum
1044 2663 1189 2736 quod
1224 2663 1489 2720 mediator
1517 2673 1631 2732 est,
1662 2679 1756 2733 per
1782 2678 1941 2733 quem
1972 2676 2055 2718 re-

466 2760 819 2817 conciliamur
857 2759 990 2824 Deo,
1017 2758 1097 2815 sic
1126 2757 1328 2814 indicat
1357 2774 1372 2817 :
1403 2757 1537 2829 Ego,
1567 2757 1756 2827 inquit,
1789 2757 1840 2810 in
1876 2756 1971 2819 eis,
2001 2763 2057 2811 et

466 2863 522 2909 tu
544 2854 601 2909 in
627 2868 732 2920 me,
760 2862 819 2909 ut
846 2853 955 2908 sint
984 2852 1343 2909 consummati
1372 2852 1426 2906 in
1449 2865 1639 2905 unum.
1668 2849 1795 2903 Haec
1816 2857 1899 2903 est
1928 2861 2055 2902 vera

465 2956 680 3018 pax,et
706 2962 828 3003 cum
853 2956 1101 3003 creatore
1146 2955 1333 3003 nostro
1372 2947 1527 3001 nobis
1570 2944 1727 3000 ﬁrma
1764 2942 2052 3007 connexio,

463 3040 709 3110 purgatis
735 3048 790 3095 et
816 3038 1177 3095 reconciliatis
1214 3054 1311 3109 per
1346 3038 1697 3095 mediatorem
1726 3036 1849 3090 vitae
1876 3054 1887 3087 :
1918 3034 2059 3089 sicut

464 3130 717 3187 maculati
745 3140 801 3187 et
823 3129 1044 3185 alienati
1071 3130 1141 3185 ab
1166 3144 1235 3187 eo
1262 3142 1688 3194 recesseramus,
1722 3142 1818 3196 per
1847 3125 2056 3182 media-

465 3230 642 3279 torem
682 3222 893 3277 mortis.
922 3220 1073 3278 Sicut
1113 3224 1255 3278 enim
1281 3222 1530 3278 diabolus
1574 3222 1843 3291 superbus
1882 3219 2059 3274 homi-

464 3326 591 3367 nem
621 3311 1020 3382 superbientem
1048 3312 1299 3383 perduxit
1324 3311 1391 3368 ad
1432 3319 1681 3377 mortem,
1710 3311 1783 3367 ita
1804 3311 2056 3366 Christus

464 3403 686 3460 humilis
707 3402 981 3461 hominem
1012 3404 1357 3461 obedientem
1378 3406 1595 3461 reduxit
1618 3405 1685 3461 ad
1714 3405 1901 3470 vitam,
1932 3407 2054 3473 quia

463 3495 604 3553 sicut
655 3494 749 3551 ille
791 3495 966 3552 elatus
1013 3496 1238 3560 cecidit.
1286 3505 1342 3552 et
1369 3494 1566 3565 dejecit
1600 3498 2050 3561 consentientem,

462 3589 545 3644 sic
571 3588 674 3644 iste
700 3589 1015 3644 humiliatus
1034 3589 1292 3655 surrexit,
1318 3597 1371 3644 ct
1390 3589 1914 3654 erexitcredentem;
1932 3588 2055 3655 quia

466 3679 611 3734 enim
640 3694 746 3733 non
776 3688 1103 3748 pervenerat
1145 3679 1393 3736 diabolus
1433 3695 1541 3750 quo
1572 3678 1688 3749 ipse
1735 3680 2057 3748 perduxerat

462 3769 717 3837 (mortem
732 3770 931 3838 quippe
942 3770 1165 3838 spiritus
1178 3771 1230 3824 in
1245 3771 1519 3838 impietate
1535 3771 1798 3840 gestabat,
1816 3774 1908 3825 sed
1925 3786 2060 3825 mor-

462 3866 575 3913 tem
605 3858 784 3912 carnis
825 3872 931 3913 non
964 3859 1223 3926 subierat,
1253 3861 1376 3930 quia
1408 3875 1507 3916 nec
1529 3861 1901 3918 indumentum
1935 3878 2056 3918 sus-

462 3950 728 4020 ceperat),
758 3951 1235 4022 magnusthomini
1266 3952 1555 4007 videbatur
1599 3955 1849 4025 princeps
1884 3957 1937 4010 in
1979 3958 2057 4013 le-

462 4039 713 4111 gionibus
758 4040 1084 4109 daamonum,
1134 4056 1230 4111 per
1277 4058 1413 4113 quos
1460 4042 1791 4100 fallaciarum
1834 4063 2056 4117 regnum

463 4141 700 4199 exercet,
728 4133 808 4189 sic
837 4133 1107 4190 hominem
1134 4150 1229 4204 per
1258 4136 1507 4191 elationis
1531 4136 1773 4207 typhum,
1805 4140 2059 4207 potentiae

462 4241 621 4297 quam
638 4226 857 4296 justitia:
873 4226 1207 4296 cupidiorem
1222 4238 1334 4295 ,aut
1351 4244 1446 4299 per
1459 4229 1645 4283 falsam
1665 4229 2055 4301 philosophiam

466 4316 639 4385 magis
667 4316 880 4381 inﬂans,
927 4328 1021 4371 aut
1064 4332 1158 4385 per
1185 4334 1337 4374 sacra
1379 4322 1657 4392 sacrilegia
1690 4323 1959 4391 irretiens,
2002 4325 2059 4379 in

463 4407 659 4476 quibus
688 4409 851 4461 etiam
904 4411 1127 4475 magica:
1156 4410 1377 4466 lallacia‘.
1416 4415 1739 4473 curiosiores
1779 4420 2060 4489 superbio-

464 4513 660 4569 resque
688 4500 893 4556 animas
915 4501 1170 4572 deceptas
1200 4505 1491 4576 illusasque
1538 4512 1899 4582 praecipitans,
1932 4516 2061 4571 sub-

466 4591 636 4646 ditum
667 4601 834 4657 tenet,
861 4594 1120 4663 pollicens
1141 4596 1301 4652 etiam
1327 4588 1693 4669 purgationem
1722 4607 1935 4676 animm,
1964 4623 2060 4678 per

467 4700 561 4741 eas
581 4698 713 4755 quas
737 4687 942 4748 τελετὰς
964 4690 1253 4758 appellant,
1278 4693 1712 4765 transﬁgurando
1736 4713 1796 4754 se
1816 4700 1869 4755 in
1899 4716 2064 4770 augeo

467 4777 577 4832 lum
602 4778 754 4843 lucis,
787 4794 884 4849 per
910 4781 1293 4840 multiformem
1318 4787 1773 4846 machinationem
1796 4791 1850 4847 in
1894 4792 2063 4862 signis

468 4879 526 4926 et
552 4869 810 4942 prodigiis
833 4873 1119 4930 mendacii.

1060 5009 1286 5070 CAPUT
1321 5014 1457 5071 Xlll.

467 5096 546 5153 Ds
577 5098 827 5177 facilitate
878 5101 1289 5177 ludiﬁcationum
1329 5108 1511 5177 quibus
1541 5110 1773 5167 homines
1809 5114 2061 5169 immundi

643 5174 856 5241 spiritus
886 5174 1092 5245 fallunt,
1118 5192 1182 5232 ea:
1207 5174 1381 5232 eodem
1400 5181 1527 5235 libro
1554 5198 1625 5249 tv,
1644 5200 1762 5253 cap.
1793 5185 1881 5240 Η.

538 5288 718 5344 Facile
764 5299 847 5344 est
906 5292 1047 5345 enim
1089 5293 1361 5363 Spiritibus
1402 5297 1742 5367 nequissimis
1785 5314 1883 5369 per
1918 5302 2062 5357 aeria

468 5380 692 5448 corpora
724 5382 900 5438 facere
948 5386 1112 5441 multa
1147 5403 1265 5456 qua:
1298 5389 1557 5444 mirentur
1600 5393 1792 5447 animae
1834 5396 2061 5451 terrenis

465 5473 783 5543 corporibus
835 5485 1178 5545 aggravata,
1229 5479 1391 5534 etiam
1440 5482 1682 5538 melioris
1725 5484 1968 5541 allectus.
2003 5487 2060 5544 Si

465 5564 609 5620 enim
628 5578 857 5635 corpora
880 5569 992 5637 ipsa
1023 5579 1254 5636 terrena,
1286 5572 1555 5628 nonnullis
1586 5576 1791 5631 artibus
1818 5587 1869 5632 et
1899 5594 2057 5634 exer-

464 5654 810 5711 citationibus
828 5658 1153 5726 modiﬁcata,
1179 5662 1233 5717 in
1260 5664 1582 5733 spectaculis
1612 5664 1881 5721 theatrtcis
1914 5678 2059 5724 tanta

466 5744 725 5799 miracula
759 5749 1064 5805 hominibus
1088 5753 1363 5820 exhibent,
1392 5766 1446 5810 ut
1480 5756 1531 5809 hi
1562 5758 1650 5826 qui
1683 5774 1951 5827 nunquam
1981 5770 2059 5813 ta-

463 5832 815 5921 lia_viderunt
861 5853 1070 5897 narrata
1119 5848 1204 5902 vix
1235 5850 1474 5915 credant,
1508 5852 1629 5921 quid
1674 5868 1925 5921 magnum
1974 5861 2057 5907 est

467 5918 688 5988 diabolo
732 5940 787 5986 et
813 5936 1015 6005 angelis
1052 5940 1169 6008 ejus
1212 5944 1278 5999 de
1326 5918 1600 6016 corporeis
1644 5918 1921 6003 elementis
1959 5960 2055 6015 per

2086 3257 2223 3322 ε..

2161 566 2319 621 cultis
2359 560 2829 632 inspirationibus,
2862 560 2929 614 ad
2973 559 3305 616 illudendum
3334 559 3603 617 humanos
3630 578 3756 619 sen-

2161 670 2274 719 sus,
2305 658 2677 725 phantasmata
2706 653 2996 723 imaginum
3030 653 3350 721 macbinari,
3390 654 3590 723 quibus
3621 654 3755 726 vigi-

2162 750 2336 804 lantes
2362 748 2797 818 dormientesque
2821 746 3082 816 decipiat,
3112 746 3197 802 vel
3222 745 3467 801 furentes
3484 747 3758 816 exagitet!

2160 841 2266 899 Sed
2295 841 2341 897 si
2392 840 2504 896 ticri
2530 848 2707 910 potest
2754 848 2807 894 ut
2840 840 2999 893 homo
3022 838 3129 892 vita
3172 852 3237 893 ac
3275 838 3518 892 moribus
3565 839 3759 895 melior

2161 942 2369 1003 Spectet
2394 932 2755 1001 nequissimos
2784 930 3060 995 homines,
3105 929 3195 984 vel
3224 929 3276 983 in
3306 927 3434 984 fune
3473 930 3754 984 ambulan-

2164 1035 2271 1093 tes,
2298 1025 2383 1079 vel
2406 1023 2738 1079 multimodis
2768 1023 2999 1078 motibus
3020 1035 3306 1091 corporum
3340 1021 3507 1075 multa
3531 1022 3755 1078 incredi-

2161 1115 2289 1170 bilia
2334 1116 2625 1183 iacientes,
2657 1130 2759 1171 nec
2806 1114 2917 1169 ullo
2966 1113 3126 1168 modo
3181 1112 3287 1167 tale
3334 1112 3536 1183 aliquid
3584 1112 3759 1171 facere

2161 1208 2542 1276 concupiscat,
2591 1220 2691 1261 nec
2743 1220 2838 1261 eos
2884 1214 3171 1276 propterea
3218 1204 3320 1260 sibi
3367 1205 3754 1275 praeponendos

2162 1300 2474 1366 existimet;
2508 1300 2586 1355 sic
2614 1300 2793 1353 anima
2825 1298 2998 1353 ﬁdelis
3024 1307 3079 1353 et
3106 1298 3214 1367 pia,
3247 1313 3356 1354 non
3407 1299 3581 1353 solum
3612 1298 3660 1354 si
3687 1300 3753 1355 vis

2161 1391 2326 1458 deat,
2381 1392 2734 1447 verumetiam
2775 1390 2856 1456 si,
2901 1398 3121 1460 propter
3168 1389 3510 1459 fragilitatem
3560 1391 3756 1459 carnis,

2161 1484 2452 1539 exhorreat
2480 1485 2737 1540 miracula
2765 1482 3108 1549 daemonum,
3142 1497 3250 1536 non
3284 1480 3404 1537 ideo
3436 1489 3644 1549 tamen,
3672 1491 3755 1538 aut
3796 1468 3805 1475 ’

2162 1590 2268 1631 non
2297 1590 2355 1630 se
2387 1590 2546 1641 posse
2589 1574 2714 1630 talia
2744 1574 2972 1641 dolebit,
2997 1584 3089 1628 aut
3115 1573 3185 1628 ob
3226 1574 3326 1628 hoc
3354 1574 3477 1629 illos
3508 1575 3753 1631 meliores

2162 1681 2283 1723 esse
2300 1666 2585 1736 judicahit,
2607 1682 2731 1721 cum
2764 1667 2894 1732 sint,
2926 1666 3224 1736 praesertim
3255 1666 3307 1721 in
3338 1668 3600 1723 societate
3638 1682 3751 1721 san-

2162 1766 2394 1827 ctorum,
2442 1758 2534 1828 qui
2578 1774 2671 1828 per
2699 1759 2947 1814 virtutem
2986 1757 3103 1820 Dei.
3151 1759 3237 1813 sui
3281 1768 3479 1814 cuncta
3521 1758 3747 1827 subjecta

2163 1862 2307 1919 sunt,
2332 1860 2386 1907 et
2412 1852 2633 1908 minime
2680 1852 2922 1919 fallacia,
2963 1862 3017 1907 et
3043 1851 3213 1909 multo
3237 1852 3445 1922 majora
3486 1850 3743 1916 fecerunt.

2160 1946 2274 2002 sive
2292 1945 2567 2028 homines,
2600 1946 2715 2003 sive
2735 1946 2910 2016 angeli
2942 1946 3088 2001 boni.

2762 2081 2990 2138 CAPUT
3021 2081 3163 2137 XIV.

2163 2174 2267 2247 14
2289 2173 2365 2230 De
2393 2174 2539 2245 falsis
2577 2183 2622 2229 et
2653 2174 2972 2298 ἀκεριῖἷέἷῖ
3002 2173 3405 2297 lgurgulionibus
3426 2216 3442 2241 ,
3478 2192 3538 2230 es
3573 2177 3739 2232 eadem

2230 2335 2575 2408 Nequaquam
2603 2335 2779 2407 {igitur
2802 2349 2899 2406 per
2949 2336 3238 2407 sacrilegas
3262 2338 3648 2407 similitudines.
3674 2347 3728 2396 et

2159 2426 2351 2495 impias
2379 2426 2739 2492 curiositates,
2764 2434 2819 2481 et
2840 2427 3073 2496 magicas
3094 2430 3536 2485 consecrationes
3560 2430 3740 2486 anima

2159 2527 2454 2588 purgantur
2510 2528 2566 2575 et
2594 2518 3013 2574 reconciliantur
3044 2520 3176 2587 Deo,
3209 2522 3333 2591 quia
3366 2522 3532 2577 falsus
3559 2521 3739 2578 media-

2160 2618 2245 2663 tor
2275 2600 2380 2663 ι]οή
2409 2608 2610 2679 trajicit
2633 2608 2699 2664 ad
2733 2610 3041 2679 superiora,
3071 2611 3169 2667 sed
3192 2612 3369 2681 potius
3400 2613 3649 2669 obsidens
3670 2615 3741 2670 iu-

2160 2698 2410 2754 tercludit
2435 2699 2575 2754 viam
2620 2714 2715 2770 per
2746 2699 2993 2769 atl‘ectus,
3027 2715 3163 2771 quos
3213 2711 3363 2759 tanto
3392 2705 3739 2776 maligniores,

2160 2800 2358 2861 quanto
2387 2791 2733 2862 superbiores
2785 2807 2897 2847 suae
2937 2794 3180 2849 societati
3224 2793 3475 2864 inspirat,
3524 2798 3609 2866 qui
3643 2812 3738 2852 non

2159 2894 2386 2953 possunt
2412 2885 2480 2940 ad
2510 2885 2828 2940 evolandum
2860 2900 3066 2954 pennas
3108 2885 3315 2942 nutrire
3344 2886 3619 2955 virtutum,
3649 2887 3734 2943 sed

2162 2976 2339 3043 potius
2356 2978 2423 3031 ad
2440 2977 2860 3048 demergendum
2879 2978 3116 3048 pondera
3134 2994 3467 3050 exaggerare
3487 2981 3737 3044 vitiorum,

2162 3077 2313 3125 tanto
2341 3070 2557 3141 gravius
2597 3070 2777 3126 anima
2830 3071 3035 3126 ruitura
3064 3114 3079 3139 ,
3133 3079 3333 3143 quanto
3386 3071 3495 3128 sibi
3542 3072 3731 3128 videtur

2160 3174 2339 3221 erecta
2369 3165 2678 3221 sublimius.

2780 3281 3008 3338 CAPUT
3034 3281 3150 3339 XV.

2159 3375 2238 3432 De
2258 3374 2339 3431 his
2366 3376 2453 3447 qui
2474 3376 2571 3431 sibi
2600 3376 2957 3448 purgationem
2978 3378 3053 3448 de
3067 3376 3250 3429 virtute
3270 3375 3489 3446 propria
3510 3375 3741 3448 pollicea-

2678 3446 2783 3516 tur,
2811 3447 2988 3502 eodem
3017 3446 3148 3501 libro
3169 3461 3246 3501 tv.

2234 3561 2371 3616 Sunt
2391 3569 2567 3616 autem
2590 3559 2683 3630 qui
2710 3574 2773 3615 se
2789 3568 2979 3630 putant
2996 3558 3064 3613 ad
3093 3559 3568 3629 contemplandum
3588 3560 3739 3616 Deum

2161 3660 2220 3709 et
2251 3652 2621 3708 inhaerendum
2654 3652 2764 3707 Deo
2813 3652 3009 3706 virtute
3048 3650 3265 3721 propria
3314 3665 3477 3721 posse
3516 3653 3736 3722 purgari,

2162 3761 2297 3815 quos
2329 3745 2440 3815 ipsa
2472 3743 2725 3811 superbia
2771 3743 3011 3799 maxime
3060 3744 3314 3799 maculat.
3367 3742 3579 3798 Nullum
3608 3745 3742 3799 enim

2162 3837 2347 3891 vitium
2374 3846 2457 3891 est
2479 3838 2562 3890 cui
2595 3836 2763 3905 magis
2782 3835 2963 3890 divina
2988 3837 3104 3904 lege
3127 3836 3436 3900 resistatur,
3459 3836 3583 3890 etin
3607 3832 3737 3903 quod

2164 3928 2337 3998 majus
2366 3927 2593 3997 accipiat
2616 3926 2926 3981 dominandi
2944 3926 3034 3996 jus
3071 3925 3163 3981 ille
3192 3926 3609 3995 superbissimus
3647 3924 3741 3995 spi-

2162 4022 2319 4086 ritus,
2350 4018 2415 4074 ad
2445 4020 2551 4073 ima
2580 4019 2865 4084 mediator,
2910 4017 2979 4073 ad
3027 4032 3236 4073 summa
3283 4018 3625 4085 interclusor,
3652 4014 3740 4070 nisi

2167 4112 2286 4185 (aut
2316 4112 2529 4167 occulte
2558 4110 2820 4166 insidians
2846 4110 2950 4166 alia
2985 4110 3070 4165 via
3096 4110 3393 4180 devitetur,
3422 4120 3511 4165 aut
3541 4124 3636 4179 per
3662 4122 3744 4180 po-

2165 4205 2347 4274 pulum
2397 4204 2740 4260 deftcientem
2769 4246 2785 4273 ,
2836 4202 2979 4274 quod
3043 4204 3432 4273 interpretatur
3480 4200 3745 4265 Amalech,

2162 4306 2347 4367 aperte
2384 4298 2640 4360 saeviens,
2670 4306 2726 4351 et
2773 4295 2841 4351 ad
2873 4304 3072 4351 terram
3115 4296 3553 4365 repromissionis
3593 4308 3745 4361 repu-

2163 4389 2376 4460 gnando
2409 4389 2689 4444 transitum
2719 4387 2950 4458 negans)
2993 4403 3089 4458 per
3117 4403 3334 4444 crucem
3366 4386 3606 4453 Domini,
3635 4397 3750 4455 quas

2163 4480 2333 4552 Moysi
2376 4482 2622 4536 manibus
2660 4481 2899 4536 extensis
2937 4486 3024 4534 est
3065 4480 3429 4550 praeﬁgurata,
3455 4484 3747 4548 superetur.

2166 4575 2300 4629 Hinc
2329 4575 2474 4629 enim
2507 4573 2610 4628 sibi
2640 4574 3013 4643 purgationem
3045 4574 3132 4627 isti
3175 4573 3372 4630 virtute
3412 4574 3622 4643 propria
3650 4570 3749 4639 pol-

2089 4646 2144 4705 Ῑ)
2167 4666 2418 4733 licentur,
2452 4665 2576 4735 quia
2609 4666 2853 4720 nonnulli
2872 4679 3059 4721 eorum
3093 4666 3577 4735 potueruntaciem
3608 4682 3747 4722 meu-

2170 4760 2239 4815 tis
2273 4759 2410 4814 ultra
2453 4773 2671 4813 omnem
2709 4762 3005 4814 creaturam
3049 4758 3450 4825 transmittere,
3501 4767 3556 4813 et
3592 4758 3749 4815 lucem

2169 4852 2625 4908 incommutabilis
2677 4852 2920 4907 veritatis
2969 4852 3443 4921 quantulacunque
3488 4867 3558 4906 ex
3613 4860 3753 4922 parte

2165 4945 2496 5016 contingere,
2528 4943 2669 5013 quod
2719 4942 3058 4998 Christianos
3102 4942 3302 4996 multos
3329 4956 3398 4997 ex
3421 4940 3529 4996 ﬁde
3552 4942 3751 4996 interim

2166 5037 2281 5092 sola
2330 5041 2570 5092 viventes
2612 5036 2851 5091 nondum
2892 5035 3138 5104 potuisse
3178 5033 3450 5088 derident.
3480 5033 3589 5087 Sed
3639 5030 3750 5102 quid

2166 5129 2385 5198 prodest
2425 5131 2761 5199 superbienti
2811 5138 2867 5183 et
2916 5129 2989 5184 ob
3030 5129 3132 5184 hoc
3178 5128 3519 5184 erubescenti
3566 5128 3751 5197 lignum

2165 5224 2553 5291 conscendere,
2587 5224 2653 5278 de
2680 5223 2972 5293 longinquo
2997 5222 3305 5292 prospicere
3328 5221 3559 5289 patriam
3587 5231 3750 5274 trans-

2170 5318 2466 5373 marinam?
2496 5318 2603 5371 Aut
2629 5316 2755 5388 quid
2794 5317 2948 5372 obest
2990 5314 3181 5371 humili
3202 5314 3270 5369 de
3300 5322 3449 5367 tanto
3483 5311 3751 5368 intervallo

2166 5425 2272 5465 non
2300 5426 2417 5466 eam
2450 5410 2638 5466 videre
2668 5411 2720 5464 in
2772 5409 2864 5465 illo
2896 5409 3061 5479 ligno,
3093 5407 3160 5462 ad
3208 5421 3327 5461 eam
3355 5405 3633 5473 venienti,
3659 5416 3752 5474 quo

2166 5504 2481 5574 dedignatur
2510 5504 2599 5559 ille
2628 5501 2868 5573 portari?

2762 5614 2991 5671 CAPUT
3017 5614 3159 5671 XVI.

2169 5711 2244 5764 De
2281 5720 2599 5765 sacramento
2629 5709 2955 5776 Mediatoris,
2992 5711 3054 5763 de
3075 5709 3179 5778 ﬁde
3210 5721 3312 5775 qua
3344 5706 3603 5759 credimus
3631 5713 3745 5778 test-

2234 5783 2475 5851 poraliter
2499 5794 2660 5852 gesta,
2693 5794 2738 5834 et
2769 5774 3124 5852 veritatequm
3152 5774 3319 5833 reddit
3362 5786 3579 5843 aeterna,
3606 5792 3667 5831 ea:
3687 5774 3748 5829 li-

2234 5852 2322 5906 bro
2348 5869 2394 5905 tv
2425 5854 2488 5905 de
2524 5853 2795 5918 Trinitate,
2829 5853 2912 5906 tit.
2943 5854 3029 5907 18.

2233 5944 2364 6012 Quia
2386 5944 2546 6015 igitur
2570 5943 2637 6003 ad
2666 5953 2864 6001 aeterna
2910 5939 3235 6013 capessenda
3280 5936 3459 5998 idonei
3484 5950 3596 5998 non
3628 5946 3740 5992 era-
