3968 6390
165 363 257 425 B93

1374 340 1814 401 THESAI-JRUS.

1846 342 1999 399 CAP.
2039 339 2226 397 xvnt.
3320 330 3425 388 sat

162 474 592 545 mus,sordesque
624 474 963 541 peccatorum
983 477 1083 520 nos
1112 461 1737 535 pragravabanttempo—
1765 461 1816 522 Α
1838 459 1949 530 jam
2009 459 2150 515 enim
2202 456 2541 513 credentibus
2591 443 2680 512 'ut
2733 457 2785 513 in
2837 457 3002 515 verbo
3055 451 3183 512 ﬁdei
3238 463 3426 508 mane-

162 573 331 627 ralium
361 583 540 622 rerum
564 579 749 618 amore
769 568 1079 622 contractae,
1102 566 1158 611 et
1183 556 1249 610 de
1282 556 1570 625 propagine
1594 568 1735 607 mor-

165 662 626 727 talitatistanquam
650 652 968 709 naturaliter
990 648 1208 712 molitae,
1228 645 1735 717 purgandieramus.

163 754 368 825 Purgari
401 762 578 807 autem
609 760 667 804 ut
688 756 1221 814 contemperaremur
1246 740 1483 807 aeternis,
1510 737 1738 793 nonnisi

164 865 250 919 per
279 846 589 917 temporalia
621 857 918 913 possemus,
946 838 1196 909 qualibus
1219 837 1327 906 jam
1353 831 1742 903 contemperati

162 939 485 995 tenebamur.
530 935 745 992 Sanitas
784 934 926 987 enim
955 946 984 985 a
1016 930 1205 984 morbo
1242 927 1530 997 plurimum
1555 924 1741 989 distat,

161 1036 249 1091 sed
279 1033 448 1089 media
470 1030 678 1085 curatio
699 1071 713 1094 ,
749 1028 850 1083 nisi
892 1026 1079 1082 morbo
1103 1033 1381 1095 congruat,
1411 1037 1518 1075 non
1547 1020 1743 1091 perdu-

162 1130 231 1186 cit
254 1129 315 1184 ad
338 1128 652 1191 sanitatem;
684 1121 1240 1193 inutiliaﬂemporalia
1273 1120 1546 1189 decipiunt
1571 1132 1743 1188 :egro-

163 1231 265 1287 tos,
306 1221 453 1275 utilia
482 1218 801 1289 temporalia
844 1215 1141 1285 suscipiunt
1192 1212 1485 1277 sanandos,
1517 1219 1571 1265 et
1597 1208 1744 1278 traji-

165 1314 383 1373 ciuntad
401 1324 601 1367 aeterna
625 1319 862 1366 sanatos.
889 1309 1038 1363 Mens
1064 1318 1242 1362 autem
1282 1302 1575 1367 rationalis,
1609 1302 1749 1357 sicut

166 1415 378 1479 purgata
432 1403 939 1471 contemplationem
996 1400 1159 1454 debet
1202 1396 1361 1453 rebus
1390 1394 1638 1458 mternis,
1674 1392 1750 1446 sic

166 1500 434 1572 purganda
464 1495 846 1568 temporalibus
878 1492 1058 1547 ﬁdem.
1110 1491 1251 1545 Dixit
1281 1488 1526 1559 quidam,
1551 1496 1604 1542 et
1627 1486 1749 1541 illo-

164 1608 279 1650 rum
304 1591 672 1660 quiquondam
705 1588 846 1658 apud
868 1586 1085 1642 Graecos
1112 1584 1382 1652 sapientes
1404 1582 1568 1637 habiti
1589 1588 1711 1635 sunt
1736 1597 1749 1633 :

166 1684 428 1752 Quantum
451 1681 517 1735 ad
548 1683 600 1736 id
624 1680 766 1750 quod
783 1687 1053 1735 ortnmest
1074 1678 1345 1731 aeternitas
1358 1676 1518 1741 valet,
1549 1681 1752 1729 tantum

167 1779 229 1832 ad
263 1775 420 1830 ﬁdem
440 1773 651 1827 veritas.
680 1772 748 1827 Et
772 1770 1008 1836 profecto
1037 1777 1119 1824 est
1150 1784 1272 1823 vera
1294 1767 1589 1829 sententia;
1612 1764 1752 1833 quod

168 1872 308 1926 enim
352 1882 451 1921 nos
479 1865 772 1934 temporale
803 1864 1058 1927 dicimus,
1093 1862 1194 1917 hoc
1240 1861 1350 1928 ille,
1383 1860 1525 1931 quod
1573 1869 1749 1914 ortum
1782 1858 1830 1920 B

167 1970 269 2027 est,
299 1960 605 2030 appellavit,
638 1972 702 2012 ex
729 1970 837 2027 quo
865 1944 1062 2024 genere
1091 1954 1252 2009 etiam
1279 1967 1379 2007 nos
1407 1966 1612 2015 sumus,
1647 1964 1755 2005 non

168 2060 373 2108 tantum
397 2050 690 2106 secundum
713 2064 933 2118 corpus,
957 2047 1049 2101 sed
1081 2048 1241 2100 etiam
1269 2045 1565 2100 secundum
1591 2042 1757 2097 animi

163 2144 598 2201 mutabilitatem.
631 2142 743 2197 Non
775 2142 917 2196 enim
972 2142 1187 2209 proprie
1222 2146 1444 2193 vocatur
1470 2149 1753 2205 :eternum,

162 2236 309 2308 quod
339 2236 515 2305 aliqua
538 2250 601 2289 es
635 2242 784 2304 parte
810 2240 1071 2296 mutatur;
1100 2232 1153 2285 in
1179 2240 1431 2297 quantum
1463 2230 1621 2296 igitur
1646 2244 1758 2281 mu-

164 2328 362 2383 tabiles
379 2342 585 2394 sumus,
607 2326 659 2379 in
684 2334 888 2378 tantum
913 2324 980 2377 ab
1004 2321 1302 2376 aeternitate
1323 2320 1602 2374 distamus.
1634 2318 1761 2372 Pro-

166 2418 403 2475 mittitur
450 2426 627 2471 autem
658 2416 811 2470 nobis
851 2416 958 2468 vita
997 2420 1221 2479 acterna,
1264 2426 1360 2481 per
1400 2409 1707 2472 veritatem,
1734 2424 1763 2461 a

166 2509 329 2579 cujus
359 2508 740 2577 perspicuitate
769 2521 955 2561 rursus
982 2513 1189 2558 tantum
1210 2504 1373 2557 distat
1396 2501 1529 2556 ﬁdes
1560 2509 1761 2565 nostra,

169 2608 437 2679 quantum
469 2598 535 2653 ab
574 2599 876 2653 atternitate
906 2596 1225 2651 mortalitas.
1268 2593 1419 2649 Nunc
1457 2608 1586 2662 ergo
1612 2592 1767 2646 adhi-

167 2696 371 2751 bemus
403 2694 561 2749 ﬁdem
589 2693 754 2748 rebus
784 2691 1152 2760 temporaliter
1190 2689 1352 2759 gestis
1393 2696 1609 2758 propter
1649 2701 1767 2750 nos,

164 2794 231 2842 et
256 2800 351 2854 per
384 2784 553 2853 ipsam
577 2782 916 2847 mundamur,
949 2789 1008 2833 ut
1032 2795 1154 2833 cum
1184 2778 1250 2832 ad
1276 2778 1512 2847 speciem
1559 2776 1773 2831 veneri-

170 2892 326 2942 mus,
353 2874 808 2945 quemadmodum
841 2872 1081 2928 succedit
1111 2870 1232 2926 ﬁdei
1268 2870 1496 2935 veritas,
1525 2870 1595 2922 ita
1625 2884 1771 2922 mor—

168 2970 377 3026 talitali
410 2972 663 3026 succedat
682 2969 974 3024 aeternitas.
995 2968 1352 3037 Quapropter,
1371 2964 1621 3035 quoniam
1644 2962 1774 3017 ﬁdes

168 3074 365 3121 nostra
391 3063 482 3118 ﬁet
512 3062 731 3128 veritas,
761 3075 880 3115 cum
903 3058 969 3113 ad
1000 3059 1053 3113 id
1081 3058 1221 3127 quod
1256 3057 1410 3111 nobis
1432 3040 1776 3111 credentibus

168 3155 517 3227 promittitur
545 3154 848 3209 venerimus
881 3150 1234 3223 (promittitur
1261 3158 1439 3203 autem
1484 3146 1635 3203 nobis
1669 3147 1776 3200 vita

170 3261 405 3311 aeterna,
432 3260 485 3303 et
514 3248 646 3302 dixit
670 3248 898 3311 Veritas,
917 3262 1022 3300 non
1051 3260 1170 3316 quas
1194 3245 1303 3310 ﬁet,
1329 3245 1467 3297 sicut
1490 3242 1666 3297 futura
1697 3251 1779 3295 est
1809 3234 1855 3299 C

169 3341 324 3395 ﬁdes
354 3349 559 3405 nostra,
583 3340 675 3393 sed
706 3354 826 3407 qua:
842 3352 1055 3406 semper
1078 3346 1160 3391 est
1190 3335 1421 3401 Veritas,
1445 3336 1569 3404 quia
1602 3333 1673 3387 ibi
1702 3342 1783 3387 est

171 3434 482 3497 ater-nitas,
516 3430 657 3485 dixit
685 3440 860 3483 autem
890 3428 1104 3484 Veritas
1135 3445 1146 3479 :
1183 3427 1306 3481 llaec
1336 3438 1419 3482 est
1464 3434 1643 3479 autem
1677 3424 1784 3477 vita

168 3537 391 3581 aterna
430 3533 485 3576 nt
531 3528 858 3593 cognoscant
897 3526 950 3573 te
992 3533 1155 3572 unum
1183 3532 1394 3583 verum,
1428 3525 1480 3569 et
1502 3530 1659 3586 quem
1685 3514 1787 3567 mi-

169 3619 311 3674 sisti
333 3617 516 3673 .lesum
547 3612 867 3683 Christum),
900 3626 1021 3667 cum
1054 3612 1187 3663 ﬁdes
1215 3618 1396 3663 nostra
1428 3607 1662 3662 videndo
1694 3605 1789 3659 ﬁet

168 3709 414 3771 veritas,
436 3718 559 3760 tunc
579 3705 960 3759 mortalitatem
985 3710 1221 3756 nostram
1239 3706 1617 3755 commutatam
1638 3706 1789 3751 tene-

170 3800 267 3857 bit
293 3800 588 3854 aeternitas.
619 3797 771 3865 Quod
800 3796 972 3851 donec
1010 3796 1101 3848 ﬁat
1140 3795 1159 3866 (
1188 3794 1311 3865 quia
1352 3792 1513 3847 rebus
1539 3791 1674 3846 ortis
1704 3806 1794 3845 ac-

165 3891 603 3948 commodamus
661 3888 821 3943 ﬁdem
873 3884 1247 3949 credulitatis,
1301 3885 1438 3938 sicut
1486 3884 1538 3936 in
1581 3882 1795 3936 aeternis

165 3995 481 4055 speramus
506 3978 783 4034 veritatem
812 3976 1330 4045 contemplationis),
1351 3990 1419 4029 ne
1446 3974 1577 4028 ﬁdes
1599 3982 1797 4027 morta-

162 4077 253 4132 lis
292 4072 423 4125 vitae
446 4070 747 4125 dissonaret
768 4084 797 4122 a
819 4068 1050 4122 veritate
1067 4076 1283 4121 aeterna:
1302 4066 1441 4125 vitae,
1461 4067 1573 4134 ipsa
1589 4065 1799 4119 Veritas

165 4162 355 4220 Patri
385 4167 655 4215 comterna
695 4159 762 4214 de
801 4169 945 4214 terra
974 4166 1091 4212 orta
1122 4168 1225 4225 est,
1256 4172 1373 4210 cum
1403 4156 1568 4211 Filius
1600 4157 1695 4211 Dei
1723 4156 1802 4209 sic

161 4252 380 4317 venit,
407 4260 463 4304 ut
486 4250 638 4305 ﬁeret
667 4250 808 4304 ﬁlius
834 4248 1068 4303 hominis
1090 4289 1104 4313 ,
1133 4256 1189 4301 et
1215 4249 1329 4316 ipse
1363 4250 1416 4303 in
1448 4263 1506 4303 se
1535 4249 1804 4317 exciperet

162 4347 366 4405 ﬁdem
418 4354 654 4398 nostram
714 4358 818 4412 qua
858 4356 958 4396 nos
1005 4340 1328 4410 perduceret
1384 4340 1449 4394 ad
1521 4339 1798 4393 veritatem

166 4450 386 4499 suam,
412 4434 500 4503 qui
533 4433 611 4487 sic
642 4432 877 4501 suscepit
906 4433 1285 4486 mortalitatem
1318 4441 1578 4495 nostram,
1608 4438 1665 4484 ut
1699 4413 1805 4484 non

168 4533 485 4591 amitteret
516 4527 871 4583 aeternitatem
919 4541 1095 4580 suam.
1135 4526 1405 4593 Quantum
1453 4527 1595 4581 enim
1641 4525 1707 4579 ad
1756 4524 1807 4579 id

1842 560 1964 607 rent
1991 590 2006 615 ,
2051 557 2105 605 et
2157 546 2281 603 inde
2332 547 2397 602 ad
2427 547 2733 616 veritatem,
2763 561 2824 602 ac
2853 565 2946 619 per
2973 550 3075 604 hoc
3099 547 3170 602 ad
3199 543 3423 601 aeterni-

1843 651 2005 698 tatem
2032 640 2277 711 perducti
2301 655 2329 693 a
2353 651 2524 694 morte
2553 639 2926 704 liberarentur,
2952 644 3024 696 ita
3055 642 3294 705 loquitur
3323 657 3337 693 :
3364 638 3425 695 Si

1846 732 2157 788 manseritis
2209 732 2258 785 in
2306 732 2472 785 verbo
2502 745 2643 798 meo,
2671 745 2797 785 vere
2839 732 3085 801 discipuli
3112 732 3220 801 mei
3248 731 3422 788 eritis.

1846 825 1915 881 Et
1942 824 2095 895 quasi
2124 830 2431 894 quarerent
2460 836 2565 889 quo
2615 821 2813 888 fructu,
2844 798 3059 878 secutus
3083 824 3155 876 ait
3244 824 3309 878 Et
3335 837 3425 878 σοι

1844 917 2115 991 gnoscetis
2137 917 2439 971 veritatem.
2465 914 2533 969 Et
2554 929 2762 980 rursus,
2792 915 2941 983 quasi
2977 914 3244 970 dicerent:
3290 914 3427 982 Quid

1848 1010 2070 1082 prodest
2099 1007 2415 1063 mortalibus
2442 1005 2677 1062 veritas?
2708 1005 2773 1060 Et
2810 1002 3039 1071 veritas,
3072 1005 3261 1074 inquit,
3294 1005 3427 1060 libe-

1849 1102 1991 1158 rabit
2014 1116 2111 1156 vos
2142 1119 2153 1153 :
2190 1099 2363 1165 unde,
2396 1099 2501 1156 nisi
2526 1114 2555 1152 a
2590 1107 2784 1165 morte,
2809 1111 2838 1151 a
2858 1096 3221 1167 corruptione,
3254 1110 3283 1150 a
3316 1110 3433 1150 mu-

1853 1194 2142 1250 tabilitate?
2176 1193 2384 1248 Veritas
2412 1176 2609 1263 quippe
2632 1189 2975 1257 immortalis,
2999 1190 3329 1257 incorrupta,
3356 1188 3435 1241 in-

1852 1286 2247 1343 commutabilis
2291 1292 2569 1355 permanet
2600 1299 2613 1336 :
2652 1298 2777 1339 vera
2809 1290 2990 1337 autem
3033 1278 3435 1342 immortalitas,

1854 1396 1983 1436 vera
2011 1379 2507 1451 incorruptibilitas,
2525 1392 2648 1433 vera
2672 1373 3185 1433 incommutabilitas
3216 1374 3329 1443 ipsa
3358 1378 3442 1431 est

1856 1473 2148 1529 aeternitas.

2436 1607 2667 1664 CAPUT
2697 1605 2864 1663 XVII.

1862 1715 2014 1782 Quod
2040 1714 2323 1768 testimonia
2349 1713 2586 1781 quwdam
2607 1719 2874 1765 venturum
2904 1706 3164 1782 Christum
3200 1719 3447 1782 prirnum

1931 1787 2199 1851 tiaven'nt,
2238 1776 2692 1855 qumdamgvertisse
2723 1790 2907 1835 testata
2938 1781 3069 1847 sint,
3118 1776 3355 1832 ez'lt'bro
3395 1790 3449 1831 tv

1927 1862 1989 1912 ds
2018 1856 2291 1921 Trinitate,
2326 1857 2400 1909 tit.
2437 1854 2524 1910 I9.

1932 1976 2069 2031 Ecce
2098 1973 2164 2028 ad
2188 1974 2331 2041 quod
2360 1972 2557 2028 missus
2577 1979 2660 2025 est
2692 1968 2861 2025 Filius
2887 1967 3003 2035 Dei,
3022 1966 3132 2022 imo
3157 1979 3308 2030 vero,
3326 1978 3452 2021 ecce

1859 2069 2003 2140 quod
2031 2077 2113 2123 est
2159 2068 2379 2121 missum
2406 2080 2529 2121 esse
2555 2064 2753 2119 Filium
2785 2062 2903 2117 Dei.
2954 2061 3299 2129 Quaecunque
3330 2073 3454 2128 pro-

1864 2170 1978 2231 pter
2008 2160 2308 2215 faciendam
2339 2158 2497 2213 ﬁdem
2549 2172 2651 2227 qua
2681 2156 3087 2219 mundaremur,
3120 2152 3188 2206 ad
3213 2159 3456 2207 contem-

1863 2254 2113 2325 plandam
2146 2254 2430 2307 veritatem
2460 2252 2515 2305 in
2545 2249 2710 2304 rebus
2738 2248 2877 2303 ortis
2902 2247 2970 2301 ab
3004 2244 3307 2301 aeternitate
3335 2258 3459 2315 pro-

1868 2347 1989 2401 latis
2030 2355 2085 2400 et
2112 2345 2179 2399 ad
2231 2344 2589 2399 aeternitatem
2637 2342 2847 2403 relatis,
2896 2337 3269 2408 temporaliter
3305 2348 3456 2406 gesta

1869 2450 2015 2503 sunt,
2067 2439 2373 2493 testimonia
2424 2436 2697 2491 missionis
2746 2434 2907 2505 hujus
2947 2435 3185 2501 fuerunt,
3211 2441 3303 2489 aut
3343 2435 3460 2505 ipsa

1871 2531 2057 2588 missio
2095 2530 2213 2585 Filii
2246 2530 2361 2585 Dei.
2406 2528 2511 2585 Sed
2554 2526 2862 2582 testimonia
2889 2525 3136 2597 quaedam
3175 2535 3459 2581 venturum

1874 2623 2390 2697 prmnuntiaverunt,
2420 2620 2666 2690 quasdam
2700 2618 2919 2674 venisse
2947 2625 3142 2673 testata
3182 2627 3329 2673 sunt.
3364 2617 3465 2672 Fa-

1873 2726 2015 2772 ctum
2041 2714 2237 2784 quippe
2262 2720 2586 2776 creaturam,
2610 2725 2707 2781 per
2726 2724 2888 2780 quem
2918 2709 3073 2764 facta
3098 2723 3286 2765 omnes
3314 2722 3465 2764 crea-

1873 2803 2288 2871 turae,'omnem
2337 2811 2639 2858 creaturam
2690 2808 2883 2857 testem
2920 2798 3121 2855 habere
3165 2797 3467 2867 oportebat.

1876 2898 1990 2954 Nisi
2022 2897 2120 2970 l5
2150 2897 2293 2952 enim
2319 2894 2500 2950 multis
2532 2894 2713 2948 missis
2743 2891 3126 2963 praedicaretur
3166 2906 3327 2955 unus,
3362 2904 3469 2944 non

1880 2991 2060 3046 multis
2079 2989 2313 3043 dimissis
2341 2995 2613 3041 teneretur
2638 2998 2798 3051 unus,
2820 2991 2876 3039 et
2896 2982 3001 3039 nisi
3027 2982 3151 3037 talia
3165 2988 3347 3037 essent
3369 2990 3473 3035 tes-

1882 3085 2100 3141 timonia
2123 3099 2241 3154 qua:
2265 3083 2441 3152 parvis
2465 3094 2655 3149 magna
2679 3078 3009 3141 viderentur,
3028 3092 3132 3131 non
3162 3074 3474 3132 crederetur

1886 3190 1941 3234 ut
1970 3194 2191 3249 magnos
2222 3176 2425 3231 faceret
2452 3188 2675 3243 magnus
2694 3212 2711 3237 ,
2739 3172 2827 3243 qui
2850 3171 2915 3225 ad
2944 3185 3135 3239 parvos
3169 3168 3369 3225 missus
3391 3176 3477 3223 est

1889 3286 2108 3342 parvus.
2140 3265 2639 3336 lncomparabiliter
2672 3266 2814 3319 enim
2842 3263 3043 3332 majora
3071 3261 3190 3316 Filii
3222 3260 3315 3314 Dei
3343 3259 3479 3316 facta

1890 3374 2012 3421 sunt
2036 3364 2277 3435 (ccelum,
2306 3372 2355 3417 et
2376 3373 2539 3425 terra,
2571 3359 2832 3413 et.omnia
2856 3371 2974 3427 quae
2999 3357 3051 3409 in
3079 3354 3160 3409 eis
3186 3361 3332 3421 sunt,
3356 3353 3481 3423 quia

1891 3456 2071 3511 omnia
2097 3469 2189 3522 per
2220 3455 2393 3521 ipsum
2426 3451 2560 3504 facta
2593 3448 2737 3519 sunt)
2770 3463 2928 3518 quam
2960 3447 3110 3515 signa
3157 3455 3315 3515 atque
3360 3457 3481 3513 por.

1895 3557 2039 3603 tenta
2068 3561 2186 3616 quae
2217 3545 2270 3599 in
2301 3544 2417 3613 ejus
2451 3541 2818 3596 testimonium
2851 3547 3230 3608 proruperunt.

2459 3673 2687 3731 CAPUT
2738 3671 2925 3733 XVIII.

1901 3792 1978 3847 Ds
2017 3790 2193 3846 eodem
2233 3789 2541 3846 Msdiatoris
2581 3798 2923 3849 sacramento.
2955 3804 3017 3841 ea:
3061 3788 3190 3841 libro
3220 3801 3236 3841 ι
3267 3788 3330 3840 de
3355 3784 3488 3840 Cort-

2376 3878 2528 3915 seatsu
2566 3862 3017 3932 evangelistarum.

1976 3984 2313 4051 Quapropter
2361 3996 2483 4035 cum
2533 3981 2603 4034 sit
2652 3981 2767 4049 ipse
2809 3978 3054 4033 Christus
3094 3976 3364 4045 Sapientia
3395 3975 3493 4031 Dei

1907 4089 2001 4144 per
2041 4088 2199 4141 quam
2230 4081 2407 4126 creata
2449 4079 2573 4124 sunt
2606 4070 2811 4137 omnia,
2838 4082 3068 4137 cumque
3098 4067 3257 4120 nulla:
3286 4075 3493 4121 mentes

1906 4163 2195 4220 rationales
2248 4158 2663 4233 [rationabiles],
2692 4160 2809 4214 sive
2862 4158 3176 4228 angelorum
3200 4198 3216 4223 ,
3247 4158 3365 4213 sive
3394 4156 3494 4210 ho-

1909 4255 2139 4319 minum,
2173 4253 2274 4308 nisi
2304 4251 2708 4321 participatione
2736 4251 2905 4319 ipsius
2932 4250 3203 4319 sapientes
3234 4250 3388 4315 ﬁant,
3410 4248 3497 4304 cui

1911 4361 2009 4417 per
2051 4344 2311 4414 Spiritum
2342 4352 2614 4407 sanctum,
2651 4356 2747 4411 per
2775 4355 2934 4411 quem
2965 4340 3201 4395 charitas
3242 4340 3295 4394 in
3325 4338 3501 4394 cordi-

1910 4440 2013 4496 bus
2060 4438 2261 4494 nostris
2313 4436 2661 4500 diﬁ'unditur,
2697 4433 3055 4499 inhaeremus,
3103 4448 3221 4504 quas
3268 4432 3502 4489 Trinitas

1913 4545 2052 4587 unus
2100 4531 2241 4585 Deus
2287 4536 2392 4593 est,
2447 4526 2753 4581 consultum
2795 4534 2879 4580 est
2932 4524 3110 4579 divina
3167 4523 3503 4593 providentia

166 4620 357 4697 quod
408 4631 583 4675 ortum
628 4630 711 4675 est
768 4619 1044 4673 mlernilas
1095 4620 1255 4685 valet.
1289 4627 1495 4672 ῑίηιῑιιιη
1524 4618 1601 4685 ,ad
1650 4617 1810 4671 ﬁdem
1842 4623 1896 4682 D
1921 4621 2262 4687 mortalibus,
2294 4635 2521 4691 quorum
2553 4619 2866 4689 temporalis
2915 4618 3023 4673 vita
3053 4618 3104 4671 in
3136 4618 3298 4673 rebus
3326 4619 3504 4673 orien—

166 4716 437 4774 veritas.
472 4714 546 4765 Ita
577 4727 705 4782 ergo
734 4728 833 4767 nos
863 4711 1081 4783 purgari
1110 4715 1415 4780 Oportebat,
1450 4723 1505 4767 ut
1530 4713 1625 4768 ille
1658 4713 1810 4767 nobis

166 4812 369 4868 ﬂeret
398 4814 568 4872 ortus,
602 4806 694 4874 qui
725 4814 969 4861 maneret
997 4815 1247 4870 aeternus,
1280 4822 1348 4861 ne
1376 4808 1513 4861 alter
1546 4808 1703 4861 nobis
1729 4822 1815 4862 es-

166 4910 274 4959 set
346 4898 407 4951 in
441 4896 564 4961 ﬁde,
598 4895 735 4950 alter
782 4896 834 4949 in
864 4895 1112 4949 veritate.
1161 4895 1271 4950 Nec
1318 4898 1383 4949 ab
1415 4912 1480 4950 eo
1523 4896 1665 4965 quod
1711 4900 1813 4953 orti

163 5005 426 5055 sumus,
455 4990 520 5044 ad
545 4998 745 5045 a-terna
778 4991 1010 5044 transire
1033 5004 1335 5057 possemus,
1354 4988 1453 5043 nisi
1486 5000 1690 5046 aeterno
1719 5007 1816 5060 per

166 5096 396 5143 ortum
423 5090 663 5135 nostrum
698 5080 851 5134 nobis
878 5082 1102 5146 sociat»,
1145 5082 1211 5135 ad
1243 5081 1600 5136 aeternitatem
1642 5082 1811 5149 ipsius

165 5178 612 5248 trajiceremur.
647 5172 798 5228 Nunc
825 5174 1004 5242 itaque
1032 5173 1159 5227 illuc
1185 5173 1584 5243 quodammodo
1632 5183 1814 5230 secuta

163 5281 269 5327 est
336 5266 487 5321 ﬁdes
514 5272 698 5319 nostra
722 5280 829 5334 quo
859 5266 1103 5320 ascendit
1135 5266 1185 5320 in
1229 5281 1390 5337 quem
1419 5266 1691 5323 credimus
1725 5282 1817 5321 or-

163 5372 303 5427 tus,
351 5365 628 5421 mortuus,
655 5357 1022 5424 resuscitatus,
1056 5367 1382 5427 assumptus.
1436 5358 1638 5414 Horum
1680 5375 1815 5430 qua-

163 5463 324 5508 tuor
362 5450 482 5502 duo
524 5448 703 5517 priora
756 5462 1079 5503 noveramus
1125 5450 1179 5503 in
1226 5450 1403 5516 nobis,
1446 5450 1645 5505 scimus
1669 5451 1815 5506 enim

163 5544 473 5602 homines
513 5547 569 5593 et
595 5539 724 5594 oriri
754 5549 807 5595 et
829 5540 998 5607 mori;
1032 5540 1140 5596 duo
1170 5550 1350 5598 autem
1390 5543 1617 5614 reliqua,
1651 5543 1703 5599 id
1736 5554 1818 5599 est

166 5634 540 5697 resuscitari
561 5641 616 5688 et
644 5633 869 5697 assumi,
888 5634 1031 5702 juste
1054 5634 1107 5688 in
1138 5634 1291 5689 nobis
1321 5634 1495 5691 futura
1518 5650 1817 5705 speramus,

172 5732 341 5805 quia
389 5729 446 5781 in
481 5726 576 5780 illo
605 5725 744 5780 facta
774 5726 1123 5781 credidimus.
1153 5726 1334 5798 Itaque
1373 5730 1425 5783 in
1468 5731 1557 5785 illo
1604 5733 1726 5801 quia
1773 5732 1824 5786 id

170 5822 360 5898 quod
404 5827 578 5873 ortum
605 5827 722 5874 erat
744 5820 952 5874 transiit
972 5821 1039 5874 ad
1068 5822 1447 5890 aeternitatem,
1474 5824 1822 5879 transiturum

168 5926 282 5978 cst
322 5922 400 5968 et
432 5920 699 5981 nostrum,
730 5926 850 5968 cum
904 5912 1034 5970 ﬁdes
1073 5915 1381 5984 pervenerit
1420 5916 1485 5970 ad
1515 5917 1825 5984 veritatem;

1918 4721 2061 4776 tibus
2094 4727 2150 4774 et
2188 4715 2560 4771 occidentibus
2588 4722 2843 4783 occupata
2884 4712 3199 4776 tenebatur,
3228 4720 3289 4766 ut
3313 4713 3503 4769 eadem

1921 4817 2037 4887 ipsa
2068 4814 2163 4868 Dei
2189 4811 2464 4881 Sapientia
2493 4810 2557 4863 ad
2590 4810 2847 4863 unitatem
2881 4822 3126 4877 personae
3150 4822 3263 4862 suae
3290 4808 3508 4862 homine

1919 4916 2197 4974 assumpto
2244 4905 2407 4973 inquo
2457 4902 2822 4971 temporaliter
2891 4911 3231 4965 nasceretur,
3264 4901 3505 4970 viveret,

1925 5005 2251 5057 moreretur,
2268 5004 2593 5063 resurgeret,
2619 5007 2851 5062 congrua
2877 4993 3035 5048 saluti
3059 5002 3258 5048 nostrae
3281 4992 3510 5047 dicendo

1923 5096 1977 5143 et
2008 5086 2269 5151 faciendo,
2290 5085 2543 5156 patiendo
2567 5094 2621 5140 et
2645 5086 2982 5151 sustinendo,
3011 5086 3163 5141 ﬁeret
3186 5092 3241 5138 et
3259 5084 3510 5139 deorsum

1927 5179 2237 5235 hominibus
2265 5178 2570 5248 exemplum
2603 5177 2886 5245 redeundi,
2927 5179 3017 5248 qui
3063 5191 3273 5231 sursum
3306 5185 3388 5230 est
3430 5174 3514 5247 [et

1924 5271 2002 5326 eis
2030 5272 2117 5339 qui
2139 5286 2348 5324 sursum
2374 5270 2517 5343 sunt]
2540 5272 2749 5341 angelis
2772 5270 3078 5339 exemplum
3102 5268 3375 5323 manendi.
3402 5267 3511 5322 Nisi

1925 5366 2069 5420 enim
2095 5364 2223 5418 etin
2256 5363 2449 5418 animm
2489 5364 2771 5418 rationalis
2803 5371 2991 5417 natura
3023 5362 3388 5432 temporaliter
3417 5361 3515 5415 ali-

1925 5456 2051 5527 quid
2081 5456 2333 5523 oriretur,
2383 5455 2437 5510 id
2464 5466 2565 5519 est,
2600 5455 2862 5526 inciperet
2901 5468 3023 5510 esse
3059 5453 3201 5524 quod
3230 5469 3335 5509 non
3374 5464 3513 5522 erat,

1927 5566 2196 5621 nunquam
2226 5566 2289 5605 ex
2319 5551 2428 5604 vita
2451 5550 2685 5621 pessima
2702 5558 2755 5604 et
2773 5548 2934 5603 stulta
2956 5548 3023 5602 ad
3039 5548 3332 5617 sapientem
3356 5559 3517 5617 atque

1926 5644 2181 5714 optimam
2215 5643 2539 5711 perveniret.
2599 5645 2672 5696 Ac
2700 5655 2795 5711 per
2826 5641 2929 5694 hoc
2954 5655 3076 5695 cum
3109 5641 3267 5695 rebus
3296 5641 3517 5698 aeternis

1929 5733 2414 5803 contemplantium
2444 5733 2643 5788 veritas
2674 5731 2997 5799 perfruatur,
3031 5731 3193 5787 rebus
3221 5740 3399 5787 autem
3428 5746 3521 5787 or-

1932 5827 2000 5883 tis
2047 5826 2177 5879 ﬁilcs
2222 5826 2555 5880 credentium
2608 5823 2891 5892 debeatur,
2937 5832 3195 5895 purgatur
3222 5823 3384 5880 homo
3421 5838 3518 5895 per

1933 5934 2110 5976 rerum
2163 5916 2531 5988 temporalium
2584 5915 2763 5984 ﬁdem,
2794 5928 2851 5973 ut
2896 5926 3216 5973 antemarum
3258 5916 3519 5991 percipiat
