3968 6390
201 359 300 420 597

1407 354 1852 414 THESAUBUS.
1893 356 2046 416 CAP.
2089 361 2238 420 XIX.

3380 366 3486 425 588

202 481 340 540 lucis
398 479 579 552 [luci]
633 477 948 535 haurienda:
994 486 1190 534 mentis
1236 475 1381 533 acies
1429 475 2170 547 convalescat,Avalerent,
2193 489 2288 538 aut
2314 480 2364 538 si
2393 493 2502 536 non
2545 479 2722 544 ﬁeret.
2749 476 2954 538 crimen
2981 477 3289 538 invidentia
3315 479 3489 538 vitare

201 577 395 633 dicitur
444 573 658 628 avaris:
692 573 867 630 Nolite
911 573 1066 628 vobis
1114 571 1350 627 condere
1396 569 1680 624 thesauros
1735 569 1788 622 in

202 670 472 736 terra,uhi
505 670 644 726 tinea
676 679 732 726 et
753 670 938 740 rubigo
959 668 1187 742 [aerugo]
1215 667 1594 728 exterminant,
1625 674 1671 719 et
1701 662 1789 718 ubi

204 767 348 821 iures
389 763 657 818 ell'odiunt
701 772 758 818 et
799 763 1075 827 iurantur;
1105 761 1201 817 sed
1250 759 1610 815 thesaurizate
1634 755 1790 810 vobis

203 859 486 912 thesauros
530 855 587 909 in
627 855 789 919 cmlo,
833 855 921 910 ubi
971 870 1144 924 neque
1190 853 1555 921 tinea,neque
1602 849 1789 918 rubigo

200 949 584 1012 exterminant,
613 963 786 1022 neque
827 948 970 1003 fures
1010 947 1268 1002 ell‘odiunt
1310 958 1486 1014 neque
1515 942 1788 1005 iurantur;

195 1043 292 1118 ubi
341 1045 483 1098 enim
521 1052 604 1100 est
649 1041 934 1098 thesaurus
967 1051 1118 1104 tuus,
1155 1040 1228 1094 ibi
1270 1049 1351 1094 est
1392 1047 1447 1094 et
1482 1051 1576 1091 cor
1616 1044 1787 1090 tuum.

201 1134 407 1190 Dicitur
446 1135 767 1189 luxuriosis:
794 1133 896 1200 Qui
946 1134 1176 1188 seminat
1219 1134 1271 1187 in
1313 1145 1495 1196 carne,
1529 1129 1596 1184 de
1630 1141 1793 1182 carne

201 1235 368 1282 metet
397 1228 826 1296 corruptionem;
853 1226 948 1295 qui
988 1223 1218 1279 seminat
1248 1223 1300 1277 itt
1347 1221 1556 1291 spiritu,
1591 1219 1658 1273 de
1686 1219 1793 1286 spi-

199 1321 310 1375 ritu
339 1329 505 1375 metet
539 1321 702 1372 vitam
737 1327 1013 1374 aeternam.
1050 1316 1258 1372 Dicitur
1288 1313 1534 1384 superbis
1561 1331 1570 1363 :
1603 1311 1704 1379 Qui
1734 1323 1794 1365 se

199 1410 403 1467 exaltat
433 1411 797 1466 humiliabitur
819 1452 834 1475 ,
865 1419 920 1466 et
943 1410 1032 1480 qui
1064 1423 1122 1464 se
1169 1407 1412 1462 bumiliat
1439 1402 1790 1461 exaltabitur.

200 1506 411 1562 Dicitur
442 1505 707 1562 iracundis
732 1525 744 1559 :
773 1505 1038 1572 Accepisn
1065 1503 1296 1573 alapam,
1327 1516 1455 1571 para
1483 1508 1540 1554 et
1563 1498 1794 1553 alteram

200 1601 500 1655 maxillam.
533 1600 736 1655 Dicitur
763 1599 1111 1654 discordiosis
1136 1615 1148 1649 :
1178 1595 1390 1665 Daligite
1431 1594 1675 1648 inimicos
1705 1607 1797 1644 ve-

198 1704 367 1750 stros.
404 1695 606 1748 Dicitur
636 1691 1330 1762 superetitiosiszkegnum
1380 1687 1476 1741 Dei
1520 1687 1659 1739 intra
1699 1699 1796 1739 vos

199 1801 308 1846 est.
344 1790 547 1844 Dicitur
573 1789 798 1844 curiosis
825 1805 840 1842 :
865 1787 1040 1841 Nolite
1087 1798 1326 1854 qurert-re
1367 1796 1484 1851 quae
1522 1779 1790 1844 videntur,

1866 631 1870 636 ,
1896 585 2003 624 non
2035 584 2275 642 possent.
2311 573 2454 644 Ergo
2480 571 2671 628 cedant
2688 569 2738 630 ei
2756 579 2974 642 etaquo
2994 570 3065 644 [ei
3085 569 3262 643 aquo]
3284 569 3486 630 factum

1901 674 2004 730 est,
2041 681 2140 721 nec
2171 669 2484 724 curiositate
2513 676 2604 722 aut
2635 666 2778 724 inani
2820 665 3078 737 iactantia
3128 665 3488 735 impediantur

1894 759 2180 824 quominus
2227 770 2522 831 agnoscant
2567 760 2695 831 quid
2744 759 2956 818 intersit
3009 759 3148 814 inter
3193 773 3487 831 paucorum

1896 847 2109 902 timidas
2137 848 2418 926 [tumidas]
2447 853 2782 921 conjecturas
2803 860 2859 908 et
2881 852 3213 908 manifestam
3255 853 3485 908 salutem

1895 942 2392 1019 correctionemque
2420 945 2767 1020 populorum.
2818 945 2897 1004 llli
2929 946 3072 1000 enim
3114 945 3160 1000 si
3201 945 3491 1000 revivisce-

1897 1045 2016 1090 rent
2041 1051 2270 1107 quorum
2299 1037 2386 1093 isti
2435 1039 2488 1093 in
2522 1039 2828 1096 hominibus
2855 1038 3171 1109 gloriantur,
3203 1047 3260 1094 et
3287 1039 3493 1094 inveni-

1897 1139 2016 1185 rent
2048 1130 2273 1188 refertas
2302 1132 2582 1199 ecclesias,
2630 1135 2939 1205 templaque
2967 1133 3199 1196 deserta,
3219 1141 3276 1188 et
3296 1134 3494 1202 acupi-

1898 1224 2065 1282 ditate
2109 1227 2372 1281 bonorum
2422 1227 2802 1295 temporalium
2849 1236 3008 1298 atque
3056 1227 3374 1287 ﬂuentium,
3425 1226 3495 1281 ad

1899 1334 2048 1388 spem
2076 1319 2196 1374 vitae
2221 1329 2440 1374 aeternae
2480 1329 2534 1374 et
2562 1319 2698 1374 bona
2747 1321 3005 1389 spiritalia
3037 1330 3091 1374 et
3136 1318 3494 1388 intelligihilia

1899 1411 2077 1466 vocari
2105 1422 2157 1466 et
2187 1425 2407 1468 currere
2433 1411 2724 1467 humanum
2753 1427 2922 1482 genus
2943 1452 2958 1476 ,
2989 1412 3232 1466 dicerent
3261 1410 3489 1466 fortasse

1901 1505 1982 1574 (si
2033 1506 2168 1560 tales
2217 1515 2401 1560 essent
2455 1508 2640 1573 quales
2685 1507 2854 1560 fuisse
2898 1505 3337 1573 memorantur):
3368 1503 3496 1560 llaec

1899 1608 2026 1653 sunt
2053 1615 2167 1666 que
2200 1615 2296 1652 nos
2329 1598 2654 1668 persuadere
2688 1599 2898 1668 populis
2928 1615 3034 1653 non
3063 1600 3176 1653 ausi
3210 1614 3420 1660 sutnus,
3442 1607 3500 1653 et

1901 1708 2086 1748 eorum
2135 1696 2309 1764 potius
2356 1692 2729 1748 censuetudini
2779 1691 3061 1756 cessimus,
3092 1707 3248 1760 quam
3292 1691 3413 1746 illos
3447 1692 3501 1745 in

1902 1797 2140 1840 nostram
2183 1787 2343 1842 ﬁdem
2388 1786 2826 1854 voluntatemque
2898 1783 3253 1838 traduximus.
3313 1784 3498 1852 Itaque

202 1882 298 1937 sed
357 1898 474 1952 qure
526 1897 631 1936 non
681 1882 966 1945 videntur;
997 1895 1114 1948 quae
1145 1877 1286 1932 enim
1319 1876 1566 1931 videntur
1595 1883 1795 1942 tempo.

1905 1881 1948 1935 si
1994 1881 2130 1935 hanc
2177 1881 2340 1935 vitam
2381 1880 2457 1934 illi
2490 1879 2624 1951 [isti]
2653 1880 2750 1932 viri
2785 1877 3060 1932 nobiscum
3106 1893 3293 1932 rursus
3339 1893 3500 1948 agere

200 1975 340 2028 ralia
389 1983 532 2040 sunt,
563 1990 681 2045 qua:
729 1983 906 2028 autem
954 1988 1058 2026 non
1107 1970 1387 2036 videntur,
1415 1978 1613 2022 aeterna
1644 1976 1790 2020 sunt.

202 2067 488 2122 Postremo
518 2068 712 2121 dicitur
747 2065 996 2121 omnibus
1021 2081 1034 2119 :
1059 2064 1233 2119 Nolite
1260 2063 1481 2129 diligere
1512 2060 1793 2125 mundmn,

198 2161 456 2228 quoniam
485 2176 549 2214 ea
571 2176 690 2230 qua!
712 2161 761 2214 in
791 2159 991 2214 mundo
1013 2169 1136 2212 sunt
1157 2156 1589 2224 concupiscentia
1612 2153 1793 2207 carnis

197 2261 308 2316 est,
340 2260 395 2306 et
420 2251 852 2322 concupiscentia
895 2250 1196 2314 oculorum,
1227 2259 1280 2302 et
1326 2246 1548 2300 ambitio
1587 2245 1793 2300 saeculi.

197 2341 260 2397 Si
291 2343 404 2397 haec
453 2359 546 2411 per
598 2353 770 2396 totum
818 2342 1004 2397 orbem
1031 2341 1143 2409 jam
1177 2339 1388 2408 populis
1440 2339 1707 2406 leguntur,
1742 2344 1799 2390 et

199 2449 326 2489 cum
394 2434 744 2488 veneratione
797 2435 1152 2488 libentissime
1210 2431 1541 2494 audiuntur;
1589 2430 1634 2483 si
1678 2437 1799 2497 post

201 2534 414 2578 tantum
464 2525 804 2594 sanguinem,
834 2533 1011 2579 tantus
1043 2524 1213 2590 ignes,
1240 2532 1318 2577 tot
1366 2536 1558 2576 cruces
1601 2531 1800 2590 marty-

201 2631 348 2680 rum,
384 2625 531 2670 tanto
567 2616 798 2670 fet-tilius
843 2625 898 2669 et
945 2615 1159 2669 uberius
1209 2630 1379 2684 usque
1428 2613 1495 2668 ad
1545 2613 1801 2668 barbaras

198 2710 459 2763 nationes
511 2709 767 2764 Ecclesia
803 2709 1163 2775 pullularunt;
1220 2707 1264 2761 si
1321 2715 1399 2760 tot
1444 2706 1702 2774 iuvenum
1747 2715 1801 2760 et

199 2801 474 2870 virginum
527 2800 694 2854 millia
759 2799 1221 2854 contemnentium
1278 2799 1490 2868 nuptias
1549 2806 1802 2866 casteque

198 2893 496 2948 viventium
537 2892 650 2959 jam
693 2906 854 2947 nemo
901 2891 1160 2955 miratur;
1209 2890 1352 2960 quod
1403 2904 1523 2944 cum
1583 2889 1803 2943 fecisset

202 2986 380 3048 Plato,
414 2999 587 3054 usque
615 2982 751 3040 adeo
785 2996 1091 3051 perversam
1138 2992 1440 3050 temporum
1486 2994 1706 3035 suorum
1738 2979 1804 3034 ti—

202 3079 342 3133 muit
366 3078 694 3146 opinionem,
720 3085 779 3132 ut
804 3075 1146 3146 perhibeatur
1171 3073 1510 3130 sacriﬁcasse
1560 3073 1800 3141 Naturae,

203 3182 466 3243 tanquam
527 3182 774 3226 naturam
843 3179 1199 3234 exsecratus,
1232 3177 1291 3224 ut
1347 3176 1626 3238 peccatum
1672 3165 1801 3222 illud

201 3267 545 3330 aboleretur;
577 3267 620 3320 si
653 3265 768 3320 hac
794 3264 871 3319 sic
904 3262 1261 3333 accipiuntur,
1292 3271 1350 3318 ut
1372 3261 1648 3331 quomodo
1675 3269 1802 3316 ante
1828 3245 1875 3316 Ο

199 3361 338 3416 talia
361 3359 664 3428 disputare,
693 3358 773 3416 sic
803 3371 946 3412 nunc
973 3363 1161 3411 contra
1192 3356 1470 3424 disputare
1500 3361 1804 3410 monstruo-

200 3469 330 3510 sum
373 3455 471 3519 sit;
501 3454 548 3509 si
596 3453 690 3508 tali
736 3451 1104 3522 pollicitationi
1154 3459 1314 3519 atque
1359 3449 1674 3518 sponsioni,
1709 3463 1805 3516 per

199 3563 400 3602 omnes
429 3558 694 3603 terrarum
722 3552 903 3614 partes
923 3557 1057 3614 quas
1087 3541 1336 3596 homines
1365 3539 1629 3604 incolunt,
1650 3553 1804 3595 sacra

199 3640 516 3696 Christiana
561 3637 878 3702 traduntur;
909 3637 954 3690 si
1007 3634 1122 3688 haec
1168 3631 1412 3704 quotidie
1458 3633 1709 3702 leguntur
1752 3633 1805 3686 in

198 3734 456 3791 ecclesiis
476 3777 492 3802 ,
530 3741 584 3787 et
610 3747 639 3785 a
670 3729 1041 3786 sacerdotibus
1071 3735 1453 3796 exponuntur;
1485 3725 1530 3780 si
1577 3723 1808 3779 tundunt

198 3837 430 3901 pectora
459 3827 548 3897 qui
580 3826 695 3882 hac
716 3825 942 3894 implere
971 3830 1257 3886 conantur;
1288 3819 1336 3875 si
1367 3827 1473 3874 tam
1504 3817 1806 3873 innumera-

195 3923 351 3977 bibas
395 3919 775 3991 aggrediuntur
819 3917 955 3972 hanc
999 3915 1172 3982 viam,
1205 3921 1282 3979 ut,
1329 3911 1558 3967 desertis
1604 3909 1808 3966 divitiis

196 4023 262 4069 et
293 4012 590 4068 honoribus
610 4012 768 4078 hujus
794 4007 998 4072 mundi,
1022 4022 1090 4061 ex
1115 4006 1264 4060 omni
1296 4003 1576 4058 hominum
1605 4015 1806 4071 genere

197 4106 306 4160 uni
341 4105 452 4158 Deo
479 4116 690 4156 summo
730 4109 896 4154 totam
939 4099 1103 4153 vitam
1153 4097 1338 4151 dicare
1378 4095 1674 4150 volentium
1712 4096 1809 4152 dc-

196 4203 378 4252 εει-ιω
411 4191 680 4264 quondam
712 4191 901 4246 insulas
941 4204 1003 4244 ac
1052 4188 1346 4243 multarum
1386 4195 1652 4242 terrarum
1682 4183 1810 4240 soli-

198 4287 348 4346 tudo
374 4285 736 4354 compleatur;
759 4281 804 4337 si
826 4282 1056 4350 denique
1082 4294 1176 4348 per
1204 4278 1367 4333 urbes
1390 4286 1552 4347 atque
1579 4276 1804 4345 oppida,

195 4379 461 4444 castella,
486 4377 653 4443 vicos,
704 4388 864 4445 agros
913 4373 1078 4430 etiam
1126 4370 1390 4438 villasque
1445 4368 1704 4438 privatas,
1751 4368 1804 4422 in

199 4481 422 4530 tantum
449 4479 637 4540 aperte
664 4466 922 4522 suadetur
945 4472 1002 4520 et
1040 4464 1310 4532 appetitur
1331 4476 1360 4518 a
1391 4461 1620 4517 terrenis
1650 4475 1808 4515 aver«

197 4569 315 4628 sio.
341 4574 398 4621 et
426 4564 480 4618 in
512 4577 676 4618 unum
710 4561 876 4615 Deum
925 4571 1223 4626 verumque
1250 4554 1558 4620 conversio,
1589 4561 1648 4608 ut
1674 4568 1808 4624 quo-

1900 1977 2223 2045 potuissent,
2259 1975 2502 2029 viderent
2545 1973 2784 2044 profecto
2819 1974 2973 2041 cujus
3022 1974 3338 2027 auctoritate
3368 1973 3498 2026 laci-

1903 2071 2012 2126 lius
2038 2069 2415 2125 consuleretur
2445 2069 2772 2130 hominibus,
2804 2076 2878 2130 ct,
2911 2065 3091 2136 paucis-
3126 2067 3346 2120 mutatis
3378 2080 3498 2118 vcr-

1901 2162 1982 2216 bis
2007 2171 2166 2229 at-‘iue
2189 2161 2496 2226 sententiis,
2521 2159 2812 2215 Christiani
2848 2160 3056 2222 tierent,
3088 2156 3226 2212 sicut
3255 2155 3502 2226 plerique

1902 2257 2265 2310 recentiorum
2291 2265 2598 2310 nostrorum
2626 2264 2925 2322 temporum
2947 2250 3207 2305 Platonici
3231 2251 3497 2303 iecerunt.

1903 2348 2008 2400 Aut
2037 2348 2079 2400 si
2105 2347 2205 2400 hoc
2236 2361 2343 2399 non
2391 2344 2709 2404 faterentur,
2744 2357 2844 2396 nec
2872 2341 3129 2405 facerent,
3164 2340 3218 2394 in
3248 2337 3505 2406 superbia

1903 2445 1959 2491 et
1992 2437 2188 2491 invidia
2237 2447 2613 2500 remanentcs,
2647 2435 2830 2490 nescio
2877 2441 3055 2486 utrum
3097 2439 3319 2500 possent
3347 2429 3413 2482 ad
3438 2443 3505 2484 ea

1908 2528 2022 2597 ipsa
2069 2544 2186 2598 qua:
2233 2529 2533 2595 appetenda
2583 2537 2638 2582 et
2687 2523 3048 2580 desideranda
3092 2537 3212 2578 esse
3257 2520 3507 2576 dixerant

1907 2637 2030 2679 cum
2082 2623 2202 2677 istis
2246 2622 2500 2676 sordibus
2547 2622 2802 2690 viscoque
2839 2618 3102 2674 revolare.
3159 2615 3290 2670 Nam
3348 2612 3507 2669 tertio

1907 2717 2041 2772 vitio
2089 2715 2419 2772 curiositatis
2457 2717 2509 2771 in
2553 2713 2971 2784 percunctandis
3013 2707 3366 2772 dremonihus,
3397 2721 3508 2775 quo

1911 2809 1999 2864 isti
2030 2811 2262 2864 maxime
2291 2824 2413 2864 cum
2459 2808 2656 2879 quibus
2685 2821 2828 2862 nunc
2866 2807 3043 2876 agitur
3072 2801 3264 2872 pagani
3291 2815 3318 2853 a
3349 2799 3513 2855 Chri-f

1909 2903 2082 2958 stiana
2128 2903 2302 2958 salute
2354 2910 2675 2957 revocantur
2725 2899 2871 2971 (quia
2923 2896 3082 2952 nimis
3129 2893 3333 2964 puerile
3376 2891 3509 2958 cst).

1913 2996 2095 3049 nescio
2128 3004 2306 3049 utrum
2338 2995 2472 3050 tales
2503 2995 2579 3049 illi
2610 2992 2746 3067 [isti]
2789 2990 3216 3061 przepedirentur
3245 2985 3382 3044 viri:
3411 2982 3509 3042 sed

1909 3101 2128 3155 quoquo
2170 3087 2329 3139 modo
2376 3101 2434 3140 se
2481 3086 2674 3140 habeat
2722 3082 3167 3154 philosophorum
3209 3075 3509 3148 iactantia,

1909 3179 2041 3234 illud
2072 3180 2224 3248 cujus
2254 3179 2469 3253 [cuivis]
2500 3179 2802 3249 intelligere
2849 3175 3004 3232 facile
3043 3183 3126 3230 est
3150 3192 3163 3226 :
3189 3171 3510 3241 religionem

1909 3273 1979 3327 ab
2005 3274 2084 3328 eis
2113 3288 2218 3328 non
2247 3288 2368 3330 esse
2411 3272 2791 3343 quaerendam,
2816 3270 2908 3341 qui
2936 3267 3128 3325 eadem
3155 3279 3306 3322 sacra
3335 3263 3509 3319 susci-

1909 3366 2126 3436 piebant
2172 3381 2292 3420 cum
2342 3364 2575 3436 populis,
2608 3374 2663 3420 et
2704 3364 2772 3419 de
2802 3378 3020 3419 suorum
3050 3361 3270 3417 deorum
3313 3367 3509 3413 natura

1911 3472 1976 3512 ac
1996 3472 2208 3512 summo
2235 3457 2377 3511 bono
2418 3457 2658 3511 diversas
2688 3454 3096 3524 contrariasque
3120 3450 3418 3508 sententias
3449 3449 3510 3505 in

1912 3547 2114 3602 scholis
2160 3548 2273 3601 suis
2317 3546 2504 3602 eadem
2557 3557 2696 3602 teste
2734 3545 3075 3600 multitudine
3121 3542 3510 3613 personabant.

1911 3639 2066 3704 Quod
2097 3639 2142 3693 si
2184 3638 2285 3694 hoc
2313 3653 2478 3693 unum
2519 3648 2726 3694 tantum
2755 3638 2946 3693 vitium
3000 3635 3308 3693 Christiana
3339 3634 3508 3692 disci-

1916 3730 2057 3798 plina
2085 3739 2334 3788 sanatum
2379 3729 2703 3796 videremus,
2740 3729 2995 3788 inelIabili
3027 3729 3181 3785 laude
3211 3728 3508 3799 pradican-

1911 3821 2036 3878 dam
2065 3837 2188 3879 esse
2217 3825 2486 3880 neminem
2518 3839 2713 3894 negare
2742 3832 3050 3895 oporteret;
3085 3823 3322 3880 hereses
3351 3835 3507 3884 nam-

1911 3928 2017 3984 qus
2071 3923 2178 3969 tam
2237 3915 2698 3979 innumerabiles,
2745 3930 2776 3970 a
2844 3914 3027 3985 regula
3086 3911 3509 3973 Christianitatis

1913 4023 2138 4072 aversa,
2167 4018 2334 4065 testes
2362 3997 2488 4064 sunt
2530 4024 2638 4065 non
2691 4007 2900 4063 admitti
2946 4008 3013 4062 ad
3057 4005 3509 4064 communicanda

1911 4111 2248 4158 sacramenta
2278 4117 2372 4157 eos
2398 4100 2487 4172 qui
2515 4101 2585 4156 de
2626 4101 2787 4156 Patre
2814 4101 2947 4166 Deo,
2980 4110 3035 4155 et
3063 4099 3336 4166 Sapientia
3363 4098 3506 4169 eius,

1911 4201 1966 4247 et
1995 4207 2220 4249 munere
2243 4193 2448 4259 divino,
2478 4192 2634 4248 aliter
2658 4193 2919 4255 sentiunt,
2946 4198 3004 4245 et
3031 4189 3342 4246 hominibus
3371 4204 3509 4258 pen-

1911 4285 2142 4341 auadere
2179 4293 2466 4351 conantur,
2498 4300 2659 4354 quam
2705 4283 2904 4338 veritas
2946 4281 3198 4353 postulat.
3229 4282 3318 4337 Sic
3361 4282 3510 4340 enim

1911 4375 2150 4432 creditur
2177 4387 2232 4433 et
2261 4377 2502 4442 docetur,
2535 4375 2678 4447 quod
2707 4384 2788 4432 est
2819 4375 3066 4430 humana
3105 4375 3295 4430 salutis
3322 4382 3506 4445 caput,

1913 4481 2018 4524 non
2046 4468 2205 4524 aliam
2246 4482 2367 4525 esse
2394 4469 2698 4542 φιλοσοφία,
2730 4465 2782 4522 id
2813 4475 2896 4522 est
2921 4465 3201 4532 sapientia:
3232 4464 3509 4534 studium,
3573 4485 3578 4490 ·

1911 4567 1972 4614 et
1995 4559 2154 4614 aliam
2181 4557 2517 4630 religionem,
2549 4573 2674 4615 cum
2713 4557 2768 4612 hi
2803 4571 3032 4627 quorum
3061 4555 3356 4612 doctrinam
3399 4570 3508 4613 non

199 4660 342 4716 tidie
390 4673 486 4727 per
538 4654 844 4710 universum
888 4651 1073 4708 orbem
1135 4649 1427 4704 humanum
1485 4663 1653 4718 genus
1705 4662 1799 4703 una

1915 4653 2275 4723 approbemus
2302 4695 2318 4720 ,
2352 4667 2454 4709 nec
2501 4658 2835 4708 sacramenta
2882 4649 3160 4704 nobiscum
3207 4650 3507 4706 communi-

199 4765 352 4818 pene
373 4762 504 4804 voce
534 4745 856 4816 respondeat
879 4757 1090 4799 sursum
1118 4756 1213 4798 cor
1235 4741 1435 4798 habere
1460 4755 1520 4797 se
1544 4743 1610 4795 ad
1634 4740 1806 4798 Deum

198 4838 544 4918 [Dominum]
571 4857 584 4904 ;
618 4837 744 4908 quid
773 4835 948 4891 adhuc
970 4836 1263 4890 oscitamus
1288 4833 1561 4903 crapulam
1603 4833 1806 4892 hester-

197 4949 362 4998 nam,
392 4941 446 4986 et
483 4932 537 4988 in
583 4927 810 4985 mortuis
857 4924 1147 4994 pecudibus
1192 4923 1376 4978 divina
1423 4923 1634 4993 eloquia
1683 4939 1806 4994 per-

195 5025 553 5085 scrutamur?
583 5023 640 5081 Si
686 5021 902 5094 quando
948 5029 1126 5075 autem
1151 5017 1217 5072 ad
1246 5018 1663 5087 disputationem
1707 5035 1804 5076 vo-

198 5133 383 5190 nitur,
417 5121 692 5176 Platonico
722 5118 942 5173 nomine
963 5130 1058 5170 ora
1086 5113 1406 5184 crepitantia
1425 5128 1585 5182 quam
1618 5124 1805 5182 pectus

197 5235 340 5276 vero
398 5216 550 5289 [vero
601 5212 728 5284 Deo]
772 5213 988 5283 plenum
1032 5210 1199 5280 magis
1245 5208 1442 5264 habere
1488 5208 1805 5277 gestimus?

195 5313 306 5382 Qui
344 5325 476 5379 ergo
505 5307 811 5364 sensibilem
861 5306 1022 5360 istum
1067 5301 1326 5359 mundum
1357 5310 1721 5365 contemnere,
1750 5309 1806 5359 et

195 5407 446 5463 animam
495 5401 690 5455 virtute
737 5399 1067 5469 purgandam
1118 5409 1329 5451 summo
1377 5394 1488 5450 Deo
1536 5395 1804 5465 subjicere

193 5511 373 5568 atque
401 5494 732 5562 subiungere
760 5486 1093 5563 [subjugare]
1120 5503 1314 5543 vanum
1345 5497 1436 5543 aut
1472 5488 1671 5544 malum
1704 5506 1802 5560 pu-

195 5599 346 5653 tant,
378 5587 484 5642 alia
523 5584 732 5641 ratione
767 5582 1046 5638 refellendi
1091 5591 1244 5649 sunt,
1279 5581 1323 5636 si
1355 5591 1532 5638 tamen
1561 5598 1681 5638 cum
1715 5584 1800 5640 his

195 5685 434 5747 dignum
464 5687 545 5731 est
567 5679 857 5744 di~putare.
897 5677 998 5741 Qui
1025 5684 1201 5730 autem
1235 5675 1430 5729 bonmn
1462 5688 1514 5730 et
1545 5685 1800 5744 appeten-

196 5780 336 5832 dum
370 5772 624 5832 fa'ctitur,
649 5785 974 5842 cognoscant
1009 5770 1193 5836 Deum,
1223 5780 1279 5826 et
1307 5771 1499 5826 cedant
1530 5768 1798 5843 [credant]

200 5872 344 5934 Deo,
371 5883 462 5936 per
487 5882 644 5938 quem
676 5865 888 5936 pupulis
922 5863 1034 5934 jam
1075 5865 1324 5920 omnibus
1371 5864 1487 5918 lucc
1528 5867 1798 5922 credenda

197 5975 465 6036 persuasa
489 5968 636 6018 sunt.
665 5956 819 6029 Quod
848 5959 1031 6032 utique
1057 5958 1126 6016 ab
1149 5957 1279 6030 ipsis
1305 5957 1480 6028 ﬁeret,
1511 5957 1558 6014 si
1587 5967 1796 6018 tantum

1915 4755 2059 4800 cant.
2095 4744 2250 4812 Quod
2289 4745 2340 4800 in
2375 4743 2482 4800 illis
2510 4744 2687 4798 minus
2718 4740 3020 4797 mirandum
3051 4750 3157 4806 est,
3199 4741 3289 4810 qui
3317 4754 3506 4796 eorum

1914 4853 2127 4909 quoque
2149 4844 2612 4893 sacramentorum
2641 4835 2748 4890 ritu
2772 4834 3018 4904 dispares
3046 4846 3166 4889 esse
3196 4833 3504 4890 voluerunt:

1914 4931 2055 4985 sicut
2080 4931 2263 4986 nescio
2293 4929 2382 4998 qui
2415 4927 2722 4996 Serpentini
2759 4927 3127 4997 appellantur,
3156 4927 3292 4981 sicut
3337 4926 3506 4987 Mani-

1912 5021 2215 5086 cha:i,sicut
2239 5021 2327 5075 alii
2358 5020 2732 5087 nonnulli;sed
2756 5020 2810 5076 in
2839 5021 2949 5077 illis
2968 5019 3140 5090 magis
3166 5004 3506 5079 animadver-l

1913 5114 2134 5170 tendum
2165 5113 2269 5170 hoc
2296 5113 2570 5184 magisque
2608 5113 3027 5184 praedicandum,
3082 5112 3171 5181 qui
3210 5110 3354 5179 paria
3409 5123 3500 5166 aa-

1909 5219 2183 5264 cramenta
2222 5207 2560 5264 celebrantes
2577 5249 2591 5271 ,
2621 5217 2799 5264 tamen
2825 5209 2949 5278 quia
2975 5205 3240 5278 sententia
3260 5203 3502 5273 dispares

1908 5309 2067 5367 sunt,
2114 5308 2170 5358 et
2214 5316 2427 5358 errores
2474 5317 2602 5358 suos
2648 5302 2944 5358 animosius
2989 5297 3288 5356 defendere
3336 5312 3501 5365 quam

1908 5393 2117 5450 cautius
2169 5395 2437 5465 corrigere
2499 5397 2853 5462 maluerunt,
2915 5393 3120 5449 exclusi
3159 5408 3188 5446 a
3235 5393 3500 5448 catholica

1907 5493 2285 5548 communione
2334 5502 2389 5549 et
2427 5507 2455 5546 a
2501 5494 2945 5562 participatione,
2992 5491 3242 5561 quamvis
3289 5490 3496 5557 parium

1911 5594 2370 5641 sacramentorum
2421 5586 2637 5656 propria
2682 5582 2940 5638 vocabula
2987 5584 3340 5651 propriosque
3369 5595 3499 5635 cnn-

1909 5690 2100 5734 ventus
2133 5694 2236 5733 non
2269 5679 2320 5732 in
2345 5691 2593 5732 sermone
2622 5684 2828 5730 tantttm
2851 5715 2867 5738 ,
2895 5673 2988 5728 sed
3030 5673 3188 5727 etiam
3221 5676 3274 5725 in
3305 5686 3494 5737 snper-

1909 5772 2126 5825 stitione
2158 5779 2492 5832 meruerunt,
2513 5779 2565 5822 ut
2588 5765 2914 5827 Photiniani,
2934 5775 2988 5819 et
3015 5764 3219 5828 Ariani,
3237 5762 3496 5828 multique

1907 5877 2168 5935 praeterea
2197 5884 2206 5917 :
2235 5880 2356 5920 nam
2402 5865 2470 5918 de
2509 5863 2592 5917 his
2633 5861 2724 5932 qui
2772 5860 3061 5914 schismata
3108 5858 3350 5912 fecerunt
3393 5857 3496 5910 alia

1908 5961 2283 6033 quaestioest:
2315 5967 2496 6030 posset
2525 5955 2667 6015 enim
2714 5969 2810 6016 eos
2846 5967 2977 6011 area
2999 5950 3498 6037 dominicanusque
