3968 6390
1548 354 1611 410 Ῑ).
1656 348 1973 411 EUGYPPII
2013 347 2305 407 ABBATIS
2343 346 2663 407 AFRICANI

3661 346 3770 404 (τοο

476 478 546 534 ad
566 484 780 545 tempus
803 472 1005 530 ultimae
1024 470 1390 530 ventilationis
1412 440 1560 527 velut
1584 469 1764 539 paleas
1785 468 2071 532 sustinere,
2103 469 2156 527 Α
2181 462 2324 520 enim
2360 466 2499 519 Deus
2548 462 2872 533 apparebat,
2902 461 3146 517 aetatibus
3176 450 3367 518 homo.
3405 463 3539 545 ltem
3571 477 3767 532 aquam

474 570 583 628 nisi
601 579 760 626 vento
797 570 897 641 17
927 568 1212 638 superbiae,
1244 566 1407 621 nimia
1436 565 1655 619 levitate
1679 565 1991 632 cessissent,
2022 574 2075 617 et

476 679 599 722 sese
625 678 655 719 ι
686 664 841 719 nobis
866 664 1006 718 ultro
1039 670 1401 731 separassent.
1449 659 1618 716 Judari
1646 675 1797 723 vero,
1831 660 2073 730 quamvis

475 759 571 813 uni
602 756 954 827 omnipotenti
984 755 1097 810 Deo
1142 753 1474 824 supplicent,
1505 754 1616 808 sola
1650 762 1829 808 tamen
1862 762 2071 822 tempo-

473 852 611 908 ralia
657 861 712 907 et
756 850 988 906 visibilia
1038 850 1176 905 bona
1226 849 1294 904 de
1340 848 1434 903 illo
1480 856 1890 918 exspectantes,
1925 846 2073 902 rudi—

475 953 657 1001 menta
690 944 811 999 novi
838 942 1019 1015 pepuli
1064 944 1133 999 ab
1182 943 1485 997 humilitate
1532 942 1804 1013 surgentia
1857 943 1910 996 in
1939 940 2073 1009 ipsis

476 1037 590 1091 suis
610 1035 901 1107 Scripturis
928 1035 1091 1089 nimia
1121 1035 1411 1090 securitate
1445 1033 1734 1088 noluerunt
1764 1032 2066 1097 advertere,

474 1135 637 1198 atque
667 1130 738 1183 ita
765 1130 817 1184 in
848 1137 1029 1184 vetere
1060 1126 1280 1181 homine
1328 1134 1727 1181 remanserunt.
1776 1123 1905 1191 Quae
1946 1138 2069 1177 cum

472 1222 553 1277 ita
595 1225 721 1290 sint,
755 1238 929 1294 neque
959 1224 1011 1278 in
1041 1221 1356 1279 confusione
1400 1234 1726 1289 paganorum
1748 1260 1762 1287 ,
1804 1234 1983 1288 neque
2017 1219 2070 1273 in

408 1344 411 1349 ·
473 1318 846 1392 purgamentis
875 1317 1278 1377 haereticorum,
1318 1327 1491 1383 neque
1520 1312 1573 1365 in
1605 1311 1861 1381 languore
1898 1308 2072 1364 soliis-

473 1412 795 1469 maticorum
817 1450 831 1475 ,
864 1423 1040 1477 neque
1070 1408 1123 1461 in
1154 1405 1396 1461 caecitate
1430 1402 1739 1459 Judaeorum
1781 1401 2069 1471 quaerenda

472 1507 667 1576 religio
687 1514 788 1570 est,
815 1502 909 1558 sed
951 1500 1091 1571 apud
1120 1515 1215 1555 eos
1247 1499 1395 1554 solos
1432 1498 1520 1567 qui
1561 1495 1851 1552 Christiani
1880 1495 2069 1550 catho-

472 1600 590 1668 lici,
617 1600 700 1654 vel
747 1596 1034 1653 orthodoxi
1076 1595 1441 1661 nominantur,
1494 1591 1548 1646 id
1600 1600 1718 1656 est,
1748 1588 2069 1653 integritatis

472 1693 726 1750 custodes
756 1700 811 1747 et
853 1697 1003 1745 recta
1031 1696 1320 1743 sectantes.
1354 1686 1478 1740 llaec
1517 1684 1662 1740 enim
1706 1682 1943 1737 Ecclesia
1974 1694 2066 1735 ca-

471 1785 697 1845 tholica,
752 1798 847 1851 per
888 1790 1061 1836 totum
1113 1781 1297 1834 orbem
1346 1778 1522 1833 valide
1568 1779 1780 1846 lateque
1840 1774 2065 1839 diffusa,

2179 557 2231 610 in
2256 556 2436 609 vinum
2484 568 2843 609 conversurus
2870 561 2931 607 ut
2960 552 3122 618 Deus,
3149 553 3281 609 dicit
3308 571 3321 607 :
3353 541 3566 608 Recede
3597 567 3628 605 a
3658 568 3766 619 me,

2179 649 2410 708 mulier;
2462 646 2595 701 mihi
2644 655 2700 702 et
2738 646 2831 702 tibi
2876 646 3002 717 quid
3042 648 3158 703 est?
3188 647 3427 702 nonduin
3459 648 3609 702 venit
3636 647 3769 700 hora

2180 755 2319 795 mea.
2354 740 2486 795 Cum
2525 748 2703 795 autem
2746 740 2983 794 venisset
3014 739 3148 794 hora
3171 756 3272 810 qua
3305 747 3365 793 ut
3395 738 3562 793 homo
3592 752 3768 792 more-

2176 842 2349 901 retur,
2396 835 2466 889 de
2500 848 2662 889 cruce
2702 834 2973 901 cognitam
3005 843 3234 889 matrem
3264 833 3664 888 commendavit
3688 831 3767 884 di-

2178 926 2387 996 scipulo
2427 942 2586 993 quem
2633 941 2742 996 prie
2775 926 2985 981 caeteris
3024 925 3301 993 diligebat.
3359 924 3634 979 Satellites
3672 940 3765 977 vo-

2170 1012 2441 1089 luptatum
2466 1018 2681 1074 divitias
2711 1018 3009 1087 perniciose
3049 1018 3225 1088 populi
3258 1017 3608 1088 appetebant,
3632 1030 3761 1084 pau-

2176 1126 2274 1183 per
2296 1127 2416 1168 esse
2436 1113 2632 1178 voluit;
2664 1113 2958 1167 honoribus
2980 1120 3035 1168 et
3063 1111 3302 1182 imperiis
3329 1111 3613 1166 inhiabant
3629 1151 3643 1175 ,
3673 1125 3760 1164 rex

2175 1204 2293 1259 ﬁeri
2325 1204 2530 1269 noluit;
2560 1206 2804 1259 carnales
2833 1205 2971 1259 ﬁlios
2986 1219 3235 1275 magnum
3258 1204 3459 1259 bonum
3483 1203 3762 1272 putabant,

2177 1296 2287 1352 tale
2312 1297 2619 1373 coniugium
2660 1298 2974 1367 prolemque
3014 1297 3373 1365 contempsit;
3409 1294 3760 1350 contumelias

2179 1391 2572 1462 superbissime
2605 1391 2918 1459 horrebant,
2942 1406 3102 1445 omne
3122 1405 3292 1460 genus
3316 1389 3758 1444 contumeliarum

2175 1485 2464 1550 sustinuit;
2498 1484 2724 1553 injurias
2776 1484 3146 1540 intolerabiles
3192 1498 3312 1539 esse
3340 1482 3753 1547 arbitrabantur,

2175 1593 2295 1647 quae
2353 1576 2527 1647 major
2587 1576 2783 1645 injuria
2839 1591 2997 1646 quam
3051 1575 3253 1646 justum
3312 1576 3756 1643 innocentemque

2176 1668 2457 1724 damnari?
2474 1668 2700 1724 Dolores
2724 1669 2968 1739 corporis
2995 1668 3441 1733 exsecrabantur,
3470 1667 3754 1736 flagellatus

2174 1773 2335 1834 atque
2349 1763 2618 1818 cruciatus
2642 1770 2760 1827 est;
2792 1763 2926 1817 mori
2958 1762 3483 1826 mctuebant,morte
3516 1759 3753 1813 multatus

472 1877 725 1933 omnibus
755 1875 1062 1929 errantibus
1106 1872 1270 1927 utitur
1310 1872 1377 1926 ad
1417 1878 1701 1940 provectus
1727 1884 1880 1933 suos,
1910 1878 1964 1922 et
2001 1867 2066 1921 ad

2177 1862 2294 1918 est;
2351 1851 2921 1923 ignominiosissimum
2966 1851 3156 1905 mortis
3215 1864 3384 1919 genus
3423 1863 3640 1903 crucem
3667 1864 3750 1916 pu-

474 1985 664 2025 eorum
692 1970 1103 2033 correctionem,
1132 1981 1253 2019 cum
1286 1964 1540 2034 evigilare
1568 1964 1857 2018 voluerint.
1893 1961 2067 2016 Utitur

474 2058 621 2115 enim
646 2057 932 2127 gentilibus
956 2056 1023 2109 ad
1060 2055 1342 2109 materiam
1374 2053 1702 2123 operationis
1732 2067 1865 2117 suae,
1897 2053 2070 2107 haere-

473 2150 600 2206 ticis
625 2150 691 2204 ad
725 2149 1092 2219 probationem
1133 2146 1394 2201 doctrinae
1428 2160 1567 2207 suae,
1596 2144 1956 2199 scliismaticis
2001 2145 2067 2199 ad

474 2243 852 2298 docmnentum
881 2240 1189 2295 stabilitatis
1217 2254 1343 2303 sum,
1370 2235 1572 2292 Judreis
1604 2235 1669 2290 ad
1710 2236 2070 2305 comparatio-

473 2349 602 2392 nem
650 2333 1061 2401 pulchritudinis
1112 2345 1246 2386 suat.
1289 2330 1439 2385 Alios
1491 2344 1618 2399 ergo
1668 2330 1893 2395 invitat,
1933 2328 2071 2383 alios

474 2428 733 2493 excludit,
774 2426 909 2481 alios
956 2425 1230 2495 relinquit,
1278 2423 1413 2479 alios
1460 2422 1773 2488 antecedit,
1819 2422 2071 2477 omnibus

472 2525 655 2574 tamen
689 2518 876 2588 gratia:
904 2517 997 2571 Dei
1029 2515 1415 2585 participanda:
1441 2514 1534 2569 dat
1580 2523 1923 2583 potestatem,
1957 2512 2071 2568 sive

472 2610 552 2669 illi
602 2611 865 2666 formandi
912 2609 1024 2664 sint
1063 2609 1262 2674 adhuc,
1289 2609 1404 2662 sive
1448 2607 1796 2671 reformandi,
1822 2605 1936 2660 sive
1988 2620 2073 2661 re-

473 2704 790 2776 colligendi,
824 2701 939 2758 sive
971 2701 1324 2768 admittendi;
1358 2700 1605 2755 carnales
1625 2711 1803 2753 autem
1833 2713 1985 2764 suos,
2018 2698 2069 2752 id

476 2806 563 2853 est
588 2797 830 2850 viventes
864 2804 956 2848 aut
998 2794 1291 2848 sentientes
1320 2792 1642 2856 carnaliter,
1680 2802 1931 2861 tanquam
1975 2804 2069 2859 pa-

470 2889 593 2947 leas
632 2889 849 2954 tolerat,
878 2887 1074 2958 quibus
1114 2888 1167 2940 in
1208 2900 1332 2939 area
1375 2884 1645 2940 frumenta
1686 2884 1881 2938 tutiora
1923 2892 2070 2948 sunt,

478 2985 656 3041 donec
684 2984 877 3040 talibus
908 2984 1237 3052 tegminibus
1268 2990 1559 3037 exuantur.

1080 3157 1310 3215 CAPUT
1348 3157 1470 3213 XX.

484 3299 659 3368 Quam
690 3313 914 3369 congrue
955 3296 1248 3352 hominibus
1293 3295 1563 3366 Sapientia
1596 3295 1689 3349 Dei
1721 3293 1954 3350 Christus
1978 3297 2075 3350 Itu-

554 3395 806 3448 manitate
849 3393 1174 3457 subvenerit,
1219 3393 1341 3447 item
1377 3408 1442 3447 ea:
1477 3392 1655 3447 eodem
1683 3390 1812 3447 libro
1843 3395 1906 3465 de
1956 3408 2074 3447 vera

552 3485 840 3556 Religione.

552 3621 715 3677 Nullo
744 3618 906 3676 modo
942 3618 1332 3675 beneﬁcentius
1369 3617 1643 3672 consuluit
1675 3616 1862 3688 generi
1889 3602 2077 3673 huma-

483 3729 582 3779 no,
631 3729 790 3783 quam
844 3728 967 3766 cum
1016 3713 1131 3781 ipsa
1184 3712 1279 3766 Dei
1326 3711 1716 3779 Sapientia,id
1763 3722 1846 3767 est
1884 3712 2076 3768 unicus

482 3807 690 3871 Filius,
740 3805 1213 3860 consubstantialis
1258 3804 1404 3858 Patri
1447 3815 1499 3859 et
1527 3813 1863 3870 coaeternus,
1904 3813 2075 3860 totum

483 3897 761 3954 hominem
809 3896 1084 3965 suscipere
1130 3897 1378 3965 dignatus
1421 3904 1537 3984 est,
1580 3906 1633 3951 et
1677 3896 1911 3973 Yerbum
1951 3912 2077 3954 caro

482 3989 687 4046 factum
724 3999 842 4056 est,
895 3999 950 4044 et
982 3990 1248 4045 habitavit
1276 3991 1327 4045 in
1358 3991 1533 4046 nobis.
1570 3990 1643 4045 lta
1678 3992 1821 4047 enim
1851 3993 2077 4048 demon-

484 4082 678 4137 stravit
706 4081 1035 4145 carnalibus,
1050 4088 1222 4136 etnon
1241 4082 1751 4138 valentibusiutueri
1782 4095 1960 4140 mente
1983 4101 2077 4142 ve-

480 4174 701 4229 ritatem
724 4213 740 4238 ,
777 4173 1161 4243 corporeisque
1184 4173 1435 4228 sensibus
1459 4174 1680 4241 deditis,
1713 4191 1870 4245 quam
1898 4178 2079 4232 excel-

482 4279 605 4322 sum
637 4266 813 4320 locum
845 4264 987 4320 inter
1031 4276 1305 4320 creaturas
1352 4266 1549 4321 haheat
1593 4269 1824 4322 humana
1863 4279 2074 4337 natura,

482 4355 630 4427 quod
662 4370 767 4409 non
796 4354 973 4408 solum
1011 4355 1300 4410 visibiliter
1326 4358 1472 4425 (nam
1499 4357 1553 4411 id
1581 4366 1793 4426 poterat
1822 4370 1878 4415 et
1897 4359 1950 4415 in
1978 4362 2077 4416 ali-

484 4466 594 4523 quo
644 4452 883 4506 aethereo
949 4466 1215 4520 corpore,
1284 4452 1350 4506 ad
1399 4461 1711 4508 nostrorum
1759 4467 2074 4525 aspectuum

485 4544 831 4599 tolerantiam
872 4542 1227 4613 temperato),
1271 4544 1365 4600 sed
1395 4544 1706 4602 hominibus
1742 4548 1793 4601 in
1820 4564 1949 4604 vero
1980 4549 2076 4604 ho-

2175 1943 2379 2009 tabant,
2418 1943 2709 1997 cruciﬁxus
2738 1952 2822 1998 est
2847 1961 2861 1997 :
2892 1942 3068 1997 omnia
3113 1956 3231 2011 quae
3260 1940 3468 1995 habere
3487 1941 3749 2010 cupientes

2174 2049 2282 2090 non
2328 2044 2476 2090 recte
2516 2035 2867 2105 vivebamus,
2930 2033 3163 2089 carendo
3229 2033 3503 2099 vilefecit;
3583 2034 3750 2087 omnia

2173 2143 2296 2199 qum
2333 2128 2502 2183 vitare
2550 2130 2828 2197 cupientes
2868 2143 2901 2181 a
2971 2128 3148 2182 studio
3208 2127 3561 2182 deviabamus
3625 2126 3748 2181 veri-

2176 2222 2320 2287 tatis,
2352 2220 2705 2291 perpetieudo
2734 2220 2953 2291 deiecit.
2972 2220 3087 2275 Non
3116 2220 3260 2276 enim
3289 2220 3456 2274 ullum
3481 2232 3740 2288 peccatum

2175 2312 2435 2367 committi
2464 2321 2659 2383 potest,
2686 2312 2790 2367 nisi
2814 2322 2905 2367 aut
2927 2313 3054 2367 dum
3079 2321 3403 2382 appetuntur
3423 2326 3484 2367 ea
3509 2328 3622 2381 qua:
3648 2312 3738 2366 ille

2175 2406 2529 2475 contempsit,
2565 2415 2655 2460 aut
2687 2405 2959 2475 fugiuntur
3010 2419 3129 2476 quae
3179 2405 3271 2460 ille
3318 2406 3583 2460 sustinuit.
3617 2403 3747 2460 Tota

2176 2500 2358 2570 itaque
2386 2500 2504 2571 ejus
2525 2500 2656 2567 vita,
2699 2499 2753 2555 in
2795 2499 2954 2555 terris
3003 2514 3100 2570 per
3139 2499 3416 2556 hominem
3466 2514 3621 2569 quem
3668 2516 3748 2554 suo

2176 2592 2384 2663 scipere
2430 2593 2680 2662 dignatus
2707 2601 2812 2659 est,
2853 2593 3129 2660 disciplina
3193 2607 3405 2648 morum
3480 2594 3598 2648 fuit.
3658 2593 3745 2647 Re-

2176 2686 2443 2743 surrectio
2485 2701 2616 2742 vero
2655 2686 2772 2755 eius
2800 2687 3101 2755 amortuis,
3133 2686 3265 2741 nihil
3311 2687 3549 2741 hominis
3592 2688 3741 2755 perire

2178 2788 2413 2846 naturae,
2443 2795 2564 2835 cum
2589 2780 2769 2835 omnia
2791 2779 2936 2834 salva
2980 2790 3107 2835 sunt
3155 2781 3288 2847 Deo,
3314 2783 3449 2837 satis
3492 2780 3739 2845 indicavit,

2177 2880 2233 2927 et
2263 2871 2713 2941 quemadmodum
2746 2880 2940 2925 cuncta
2974 2871 3208 2926 serviant
3248 2874 3483 2927 creatori
3513 2888 3621 2937 suo,
3637 2872 3736 2925 sive

2180 2964 2245 3018 ad
2308 2962 2597 3018 vindictam
2664 2972 3003 3033 peccatorum
3062 2963 3176 3018 sive
3235 2963 3302 3017 ad
3355 2964 3593 3019 hominis
3618 2964 3738 3017 libe-

2178 3060 2478 3124 rationem,
2534 3072 2802 3128 quamque
2849 3057 3003 3112 facile
3050 3071 3247 3127 corpus
3287 3058 3486 3111 animae
3529 3056 3730 3124 serviat,

2180 3166 2304 3207 cum
2337 3156 2448 3221 ipsa
2472 3150 2756 3221 subjicitur
2785 3150 2915 3217 Deo,
2946 3150 3138 3221 quibus
3166 3148 3424 3220 perfectis
3457 3165 3562 3205 non
3589 3149 3739 3204 solum

2108 3264 2154 3329 ρ
2184 3244 2331 3300 nulla
2360 3242 2658 3298 substantia
2689 3242 2887 3296 malum
2916 3252 3021 3307 est,
3050 3242 3189 3311 quod
3215 3241 3327 3295 ﬁeri
3362 3257 3636 3311 nunquam
3665 3256 3743 3309 po-

2184 3345 2309 3402 test,
2344 3336 2439 3391 sed
2471 3335 2633 3391 etiam
2668 3334 2815 3389 nullo
2864 3334 3009 3388 malo
3056 3334 3312 3399 afﬁcitur,
3365 3334 3511 3403 quod
3544 3333 3653 3387 fieri
3675 3347 3749 3402 per

2179 3438 2460 3503 peccatum
2490 3439 2544 3485 et
2573 3428 2865 3483 vindictam
2898 3427 3092 3497 potuit.
3146 3426 3213 3480 Et
3245 3429 3361 3481 haec
3390 3436 3475 3481 est
3496 3425 3753 3495 disciplina

2180 3522 2446 3577 naturalis
2471 3520 2796 3576 Christianis
2826 3520 3003 3573 minus
3035 3518 3462 3589 intelligentibus
3493 3519 3647 3588 plena
3666 3516 3753 3571 ﬁde

2179 3615 2374 3688 digna,
2407 3614 2830 3685 intelligentihus
2876 3622 3055 3668 autem
3102 3613 3250 3668 omni
3300 3628 3491 3669 errore
3532 3622 3752 3682 purgata.

2181 3706 2299 3765 Jam
2330 3722 2461 3762 vero
2507 3708 2625 3777 ipse
2672 3707 2835 3761 totius
2885 3706 3146 3761 doctrina:
3175 3706 3372 3761 modus
3398 3707 3585 3775 partim
3610 3720 3755 3773 aper-

2182 3803 2452 3866 tissimus,
2495 3801 2686 3871 partim
2733 3800 3175 3856 similitudinibus
3206 3801 3261 3855 in
3292 3801 3472 3866 dictis,
3500 3799 3550 3853 in
3577 3798 3745 3865 factis,

2182 3894 2238 3949 in
2261 3895 2614 3948 sacramentis
2635 3893 2701 3947 ad
2723 3908 2939 3948 omnem
2969 3896 3161 3948 anima:
3189 3894 3589 3948 instructionem
3607 3905 3755 3946 exer-

2184 3984 2605 4054 citationemque
2644 3984 3079 4039 accommodatus
3098 4027 3114 4052 ,
3156 3985 3285 4055 quid
3314 3984 3461 4039 aliud
3487 3999 3638 4054 quam
3667 3997 3751 4037 ra-

2184 4077 2400 4131 tionalis
2423 4076 2725 4145 disciplinae
2747 4077 2984 4146 regulam
3010 4075 3287 4147 implevit?
3312 4076 3447 4131 Nam
3493 4086 3545 4130 et
3572 4086 3757 4147 myste~

2182 4170 2384 4226 riorum
2402 4170 2664 4240 expositio
2686 4171 2752 4225 ad
2769 4185 2830 4225 ea
2860 4171 3104 4241 dirigitur
3128 4186 3246 4240 quae
3264 4171 3599 4240 apertissime
3626 4170 3755 4225 dicta

2183 4273 2324 4329 sunt,
2335 4272 2389 4319 et
2405 4265 2450 4319 si
2464 4280 2525 4319 ea
2548 4273 2751 4319 tantum
2767 4275 2944 4320 essent
2959 4280 3079 4334 quae
3109 4263 3361 4320 facillime
3385 4265 3757 4335 intelliguntur,

2183 4370 2285 4412 nec
2313 4356 2551 4412 studiose
2573 4368 2927 4428 quaereretur,
2944 4373 3043 4413 nec
3072 4359 3646 4415 suaviterinveuiretur
3671 4373 3757 4415 ve-

2180 4450 2334 4505 ritas.
2368 4450 2552 4520 Neque
2574 4451 2618 4505 si
2650 4460 2834 4507 essent
2864 4452 2919 4506 in
2947 4451 3240 4521 Scripturis
3294 4464 3660 4513 sacramenta,
3710 4460 3757 4505 et

2182 4541 2237 4594 in
2268 4542 2626 4597 sacramentis
2658 4559 2765 4597 non
2797 4553 2981 4599 essent
3007 4544 3283 4614 signacula
3312 4545 3562 4601 veritatis
3584 4586 3599 4611 ,
3642 4544 3758 4598 satis

483 4634 636 4690 mine
686 4635 955 4704 apparuit.
996 4635 1112 4705 Ipsa
1159 4637 1301 4690 enim
1347 4646 1535 4691 natura
1577 4640 1917 4709 suscipienda
1959 4651 2074 4698 erat
2104 4662 2158 4721 D
2184 4649 2305 4689 cum
2351 4635 2660 4705 cognitione
2703 4637 2845 4691 actio
2889 4638 3225 4693 conveniret.
3288 4638 3439 4693 Nunc
3483 4655 3616 4695 vero
3636 4654 3755 4709 quo-

483 4742 607 4797 qua:
639 4728 935 4785 liberanda.
955 4730 1019 4785 Et
1048 4746 1115 4785 ne
1146 4732 1269 4800 quis
1293 4732 1429 4788 forte
1458 4748 1619 4788 sexus
1643 4749 1671 4788 a
1701 4750 1799 4790 suo
1828 4746 2072 4793 creatore

481 4833 548 4875 se
596 4829 965 4891 contemptum
1012 4835 1252 4895 putaret,
1307 4827 1479 4882 virum
1530 4831 1787 4900 suscipit,
1821 4839 1977 4885 natus
2006 4847 2073 4887 ex

482 4909 705 4968 femina.
746 4913 889 4968 Nihil
945 4917 1052 4985 egit
1099 4919 1191 4987 vi,
1233 4918 1326 4974 sed
1383 4920 1561 4974 omnia
1613 4920 1925 4986 suadendo,
1957 4938 2073 4977 mo-

481 5005 693 5071 nendo,
730 5007 856 5062 licet
879 5009 1172 5065 vendentes
1198 5020 1255 5066 et
1280 5021 1523 5067 ementes
1551 5012 1870 5082 ﬁagellando
1898 5013 2072 5082 ejece-

479 5096 557 5150 tit
581 5112 611 5152 e
644 5098 861 5167 templo.
906 5100 1008 5155 Sed
1044 5101 1143 5155 hoc
1180 5102 1309 5171 quid
1337 5113 1428 5155 aut
1465 5113 1720 5172 quantum
1749 5114 1860 5171 est,
1884 5120 2073 5174 quam-

480 5188 569 5244 vis
594 5199 647 5244 ct
673 5192 949 5247 daemones
974 5194 1224 5247 nolentes
1254 5196 1322 5248 ab
1355 5195 1660 5251 hominibus
1691 5214 1797 5250 non
1825 5212 2077 5254 sermone

482 5286 773 5347 suasionis,
805 5285 899 5339 sed
936 5286 987 5339 vi
1040 5288 1320 5354 potestatis
1348 5286 1616 5358 ejecerit?
1659 5290 1853 5345 Vetere
1879 5290 2077 5360 quippe

485 5377 751 5430 servitute
810 5385 1080 5438 mnsacta
1108 5418 1122 5443 ,
1153 5385 1364 5447 tempus
1400 5379 1665 5434 libertatis
1697 5381 1981 5447 illuxerat,
2022 5392 2077 5438 et

480 5474 782 5535 opportune
819 5465 931 5537 jam
982 5466 1185 5521 homini
1238 5469 1567 5525 suadebatur
1597 5482 1759 5539 atque
1788 5472 2077 5527 salubriter

478 5574 642 5629 quam
667 5559 843 5613 libero
871 5568 1016 5614 esset
1048 5570 1265 5616 creatus
1293 5562 1519 5617 arbitrio
1549 5581 1561 5614 :
1598 5564 1869 5619 miraculis
1897 5566 2075 5620 conci-

481 5647 633 5702 liavit
680 5648 840 5705 ﬁdem
888 5650 999 5704 Deo
1044 5653 1131 5721 qui
1179 5662 1339 5719 erat,
1386 5654 1641 5724 passione
1681 5655 1883 5709 homini
1917 5671 2076 5725 quem

482 5740 727 5808 gerebat.
772 5743 955 5809 Itaque
1003 5746 1230 5813 loquens
1273 5746 1338 5799 ad
1371 5746 1553 5801 turbas
1584 5758 1640 5801 ut
1667 5748 1831 5815 Deus,
1866 5751 2079 5802 nuntia-

484 5839 599 5885 tam
628 5832 725 5886 sibi
770 5848 997 5891 matrem
1030 5839 1279 5907 negavit;
1312 5849 1366 5894 et
1393 5849 1569 5895 tamen
1595 5882 1608 5906 ,
1634 5852 1691 5896 ut
1724 5844 2076 5913 Evangelium

488 5918 767 5995 loquitur,
822 5925 960 5981 Puer
1007 5929 1320 5995 parentibus
1369 5931 1613 5987 subditus
1643 5942 1777 5991 crat.
1822 5934 2075 5997 Doctrina

2182 4726 2324 4783 niam
2380 4729 2547 4797 pietas
2593 4730 2786 4785 timore
2818 4730 3121 4797 inchoatur,
3173 4731 3444 4789 charitate
3471 4734 3755 4803 perﬁcitur,

2185 4820 2415 4891 populus
2466 4820 2661 4877 timore
2706 4822 3076 4887 constrictus.
3126 4832 3373 4892 tempore
3419 4826 3693 4880 servitutis
3716 4825 3759 4879 iu

2184 4916 2367 4966 vetere
2384 4913 2521 4982 lege,
2549 4913 2732 4967 multis
2750 4916 3105 4970 sacramentis
3127 4915 3471 4970 onerabatur.
3502 4917 3617 4972 lloc
3632 4919 3761 4973 enim

2180 5004 2315 5059 utile
2343 5005 2540 5059 talibus
2567 5013 2686 5060 erat
2707 5008 2775 5060 ad
2804 5005 3217 5061 desiderandam
3244 5010 3471 5078 gratiam
3505 5009 3629 5076 Dei,
3657 5023 3761 5076 qua

2182 5112 2279 5167 per
2312 5096 2603 5166 prophetas
2638 5107 2863 5153 ventura
2906 5099 3234 5154 cauebatur:
3266 5116 3385 5169 quae
3417 5102 3506 5155 ubi
3530 5102 3678 5157 venit
3705 5100 3765 5153 ab

2181 5196 2296 5263 ipsa
2328 5193 2421 5247 Dei
2448 5192 2719 5263 Sapientia
2744 5194 2963 5249 homine
2993 5183 3273 5265 assumpio
3293 5238 3308 5263 ,
3341 5210 3371 5250 a
3393 5211 3500 5267 quo
3527 5197 3584 5252 in
3616 5197 3764 5252 liber-

2186 5294 2350 5341 tatem
2385 5288 2564 5342 vocati
2607 5301 2816 5353 sumus,
2850 5302 3018 5358 pauca
3051 5299 3389 5343 sacramenta
3418 5290 3761 5345 saluberrima

2183 5381 2473 5435 constituta
2525 5390 2689 5448 sunt,
2739 5396 2859 5451 quae
2904 5382 3216 5436 societatem
3250 5380 3543 5437 Christiani
3572 5383 3763 5453 populi,

2183 5470 2285 5527 hoc
2310 5484 2391 5528 est
2419 5473 2520 5528 sub
2543 5488 2650 5529 uno
2669 5475 2779 5530 Deo
2804 5474 2990 5530 liberae
3010 5475 3383 5540 multitudinis,
3409 5476 3763 5532 continerent.

2178 5568 2341 5624 Multa
2376 5584 2506 5624 vero
2531 5585 2650 5639 quae
2682 5570 2878 5638 populo
2910 5570 3156 5635 Hebraeo,
3184 5571 3283 5625 hoc
3308 5579 3414 5636 est,
3446 5571 3553 5626 sub
3581 5570 3764 5626 eodem

2181 5674 2289 5715 uno
2342 5659 2454 5713 Deo
2509 5660 2832 5731 compeditte
2877 5662 3206 5717 multitudini
3237 5662 3483 5731 imposita
3504 5672 3675 5727 erant,
3704 5661 3766 5714 ab

2184 5752 2396 5808 actione
2429 5764 2633 5827 remota
2660 5763 2817 5821 sunt,
2871 5758 2922 5811 in
2954 5757 3060 5814 ﬁde
3102 5767 3263 5827 atque
3319 5758 3768 5828 interpretatione

2182 5856 2518 5900 manserunt.
2555 5846 2630 5901 lta
2661 5863 2802 5904 nunc
2833 5865 2931 5906 nec
2951 5850 3220 5909 serviliter
3246 5850 3499 5921 alligant,
3533 5861 3587 5907 et
3616 5865 3766 5907 exer-

2182 5946 2305 5993 cent
2332 5937 2623 6003 liberaliter
2649 5941 2907 6003 animum.
