3968 6390
172 393 271 452 σοι

767 510 992 569 CAPUT
1021 510 1159 568 XXI.

175 624 352 697 Arguit
377 626 730 698 t'oluptuosos,
763 628 1011 691 curiosos,
1042 629 1308 698 superbos,
1336 644 1401 684 ea:
1427 608 1759 684 eodem‘libro

700 698 763 753 de
785 714 902 752 vera
932 698 1219 769 Religione.

245 812 393 883 Nego
422 827 540 868 esse
568 827 891 883 quemquam
922 812 1145 868 istorum
1183 812 1273 885 qui
1310 816 1443 870 nihil
1474 814 1758 871 colendum

174 904 525 970 existimant,
568 905 658 975 qui
692 921 796 961 non
818 913 910 960 aut
940 906 1246 962 carnalibus
1274 906 1486 977 gaudiis
1512 906 1761 961 subditus

171 997 274 1063 sit,
304 1006 397 1052 aut
444 997 735 1066 potentiam
765 1013 957 1053 vanam
989 997 1201 1064 foveat,
1225 1008 1317 1054 aut
1342 1001 1522 1071 aliquo
1552 1010 1762 1070 specta-

171 1091 293 1146 culo
314 1092 620 1147 delectatus
648 1093 903 1148 insaniat.
938 1094 1009 1147 Ita
1040 1094 1341 1149 nescientes
1369 1095 1601 1165 diligunt
1628 1105 1762 1149 tem-

171 1183 373 1253 poralia
399 1225 416 1251 ,
473 1193 529 1237 ut
560 1183 684 1239 inde
716 1184 1101 1240 beatitudinem
1139 1194 1419 1255 expetant.
1455 1185 1549 1240 His
1581 1195 1759 1239 autem

170 1275 331 1330 rebus
363 1275 564 1344 quibus
611 1277 836 1346 quisque
876 1277 1066 1332 beatus
1097 1278 1210 1332 vult
1241 1277 1403 1341 elliei.
1437 1276 1637 1332 serviat
1668 1291 1759 1332 ne-

169 1380 325 1422 cesse
356 1376 440 1421 est
464 1408 479 1433 ,
529 1366 659 1421 velit
688 1368 843 1422 nolit.
891 1366 1023 1422 Nam
1052 1383 1372 1439 quocunque
1399 1366 1652 1423 duxerint
1678 1382 1761 1423 se-

167 1459 366 1529 quitur,
424 1467 478 1513 et
527 1459 770 1530 quisquis
819 1475 880 1515 ea
926 1460 1073 1543 visus
1116 1461 1279 1516 fuerit
1329 1459 1541 1517 auferre
1580 1476 1760 1531 posse,

167 1553 446 1609 metuitur.
478 1552 710 1608 Possunt
757 1564 936 1611 autem
986 1558 1091 1628 ιε
1119 1556 1319 1611 auferri
1351 1556 1448 1611 ista
1475 1601 1490 1625 ,
1540 1566 1596 1614 et
1622 1557 1762 1613 scin-

168 1644 283 1700 tilla
338 1646 475 1715 ignis
500 1688 514 1710 ,
570 1653 624 1701 et
653 1646 826 1716 aliqua
871 1663 1035 1717 parva
1067 1648 1314 1703 bestiola.
1366 1649 1673 1711 Postremo,
1705 1657 1764 1703 ut

166 1735 418 1792 omittam
466 1738 887 1795 innumerabiles
918 1741 1273 1797 adversitates
1297 1784 1311 1807 ,
1342 1750 1555 1811 tempus
1587 1743 1759 1812 ipsum

167 1826 379 1883 auferat
426 1844 646 1886 necesse
696 1840 781 1885 est
826 1831 1006 1887 omnia
1034 1833 1383 1888 transeuntia.
1419 1833 1603 1905 Itaque
1634 1849 1757 1889 cum

1390 391 1824 450 THESAURUS.
1854 392 2012 450 CAP.
2040 391 2207 449 XXII.

1783 512 1833 573 Δ
1863 526 2183 582 superamur
2209 509 2278 565 ab
2319 508 2572 564 omnibus
2598 522 2717 580 quae
2748 521 2845 565 nos
2871 521 3218 566 commovere
3247 526 3309 568 ac
3332 527 3453 581 per-

3345 398 3450 456 σοι

1864 606 2085 661 turbare
2128 604 2417 675 potuerint.
2482 602 2665 673 Itaque
2726 603 2976 658 nolumus
3019 604 3088 657 ab
3137 602 3449 665 hominibus

1861 698 2039 765 vinci,
2075 708 2130 753 et
2161 699 2293 753 iram
2324 712 2433 752 non
2467 710 2755 766 possumus
2783 695 3019 753 vincere.
3075 696 3190 765 Qua
3225 698 3455 767 turpitu-

1862 792 1988 846 dine
2017 792 2146 861 quid
2192 789 2578 845 exsecrabilius
2624 789 2729 843 dici
2759 790 2972 859 potest?
3000 789 3256 843 Fatemur
3280 788 3455 843 homi-

1862 897 1986 939 nem
2010 882 2114 938 boc
2140 897 2262 938 esse
2291 883 2433 952 quod
2466 897 2564 937 nos
2594 896 2801 951 sumus,
2838 881 2927 952 qui
2966 889 3170 947 tamen,
3224 880 3325 936 etsi
3355 882 3453 935 lia-

1863 976 1989 1033 beat
2019 976 2142 1030 vitia
2164 1019 2179 1041 ,
2212 991 2317 1030 non
2345 987 2430 1031 est
2453 984 2631 1030 tamen
2657 976 2772 1046 ipse
2795 976 3008 1031 vitium.
3055 974 3268 1041 Quanto
3295 973 3455 1051 igitur

1864 1067 2145 1122 honestius
2189 1068 2351 1121 homo
2401 1081 2497 1121 nos
2526 1068 2693 1123 vincit
2722 1083 2879 1137 quam
2914 1067 3150 1121 vitium?
3196 1064 3329 1132 Quis
3354 1080 3452 1119 au—

1866 1168 1973 1215 tem
1998 1158 2207 1213 dubitet
2256 1158 2491 1213 immane
2528 1160 2719 1214 vitium
2749 1175 2871 1215 esse
2901 1158 3286 1214 invidentiam?
3339 1160 3454 1225 Qua

1867 1267 2091 1309 necesse
2138 1261 2221 1307 est
2266 1260 2580 1321 torqueatur
2624 1260 2679 1306 et
2710 1252 3051 1322 subjiciatur,
3085 1253 3177 1321 qui
3208 1265 3315 1305 non
3342 1248 3454 1305 vult

1868 1348 1922 1401 in
1951 1348 2113 1403 rebus
2162 1345 2555 1416 temporalibus
2582 1346 2748 1401 vinei.
2799 1346 2988 1401 Melius
3011 1354 3095 1400 est
3117 1359 3248 1414 ergo
3275 1354 3331 1411 ut
3357 1343 3453 1399 lio-

1867 1454 1957 1495 mo
1981 1454 2080 1494 nos
2124 1439 2304 1494 vincat
2329 1454 2489 1508 quam
2522 1438 2841 1505 invidentia,
2890 1440 2975 1495 vel
3004 1439 3280 1510 quodlibet
3305 1438 3449 1494 aliud

1867 1534 2095 1600 vitium;
2146 1535 2238 1587 sed
2287 1547 2386 1587 nec
2431 1532 2501 1585 ab
2548 1532 2767 1587 homine
2810 1531 2948 1587 vinci
2976 1531 3295 1603 potest,qui
3324 1530 3453 1584 vitia

1868 1643 1963 1682 sua
1990 1627 2201 1681 vicerit.
2256 1626 2372 1681 Non
2419 1627 2564 1681 enim
2605 1626 2855 1692 vincitur,
2898 1626 3001 1680 nisi
3026 1626 3111 1680 cui
3138 1624 3363 1695 eripitur
3388 1623 3455 1678 ab

1870 1719 2183 1775 adversario
2233 1720 2372 1791 quod
2416 1729 2581 1774 amat.
2661 1718 2763 1786 Qui
2810 1732 2939 1788 ergo
2988 1718 3041 1773 id
3089 1726 3237 1771 amat
3280 1717 3455 1772 solum

1868 1813 2009 1884 quod
2043 1813 2242 1867 amanti
2292 1811 2428 1882 eripi
2470 1827 2577 1867 non
2620 1822 2826 1882 potest,
2860 1810 2949 1866 ille
2974 1809 3341 1865 indubitanter
3372 1808 3455 1862 in-

164 1920 367 1991 omnia‘
400 1921 715 1989 lemporana
746 1923 978 1979 mundus
1028 1924 1129 1981 is“,
1154 1925 1466 1995 concludat,
1501 1898 1755 1983 5mm“,
1786 1899 1836 1961 Β
1867 1903 2039 1959 victus
2061 1914 2164 1966 esu
2194 1917 2294 1957 nec
2343 1904 2449 1957 ulla
2482 1902 2750 1959 cruciatur
2777 1900 2996 1956 invidia.
3024 1900 3079 1955 Id
3111 1901 3257 1956 enim
3283 1898 3457 1969 diligit

165 2014 359 2069 mundi
386 2014 629 2084 partibus
655 2018 932 2085 serviunt,
979 2024 1069 2091 qui
1104 2032 1387 2092 propterea
1418 2032 1604 2088 putant
1628 2023 1761 2080 nihil

165 2108 463 2165 colendum
491 2125 635 2178 esse,
665 2128 732 2168 ne
756 2116 1017 2171 serviant.
1055 2115 1435 2173 Verumtamen
1459 2134 1761 2188 quanquam

165 2204 222 2260 in
269 2203 374 2261 hac
423 2220 603 2262 rerum
648 2210 990 2265 extremitate
1040 2212 1222 2267 miseri
1254 2212 1471 2281 jaceant
1499 2255 1513 2277 ,
1549 2223 1604 2267 ut
1632 2213 1761 2267 vitia

162 2306 264 2349 sua
294 2295 395 2349 sibi
424 2294 691 2351 dominari
722 2300 1016 2367 patiantur,
1060 2302 1143 2355 vel
1183 2302 1435 2367 libidine,
1470 2304 1549 2359 vel
1577 2317 1765 2371 super-

160 2381 280 2451 bia,
314 2386 398 2440 vel
425 2386 737 2442 curiositate
758 2389 1032 2456 damnati,
1065 2392 1147 2445 vel
1176 2392 1387 2447 duobus
1422 2394 1645 2457 borum,
1680 2395 1765 2450 vel

161 2475 446 2542 omnibus,
474 2478 710 2545 quandiu
741 2490 867 2535 sunt
899 2482 952 2535 in
994 2482 1097 2537 boc
1135 2484 1310 2537 stadio
1341 2484 1463 2538 vitae
1495 2485 1763 2549 humanm,

162 2565 299 2621 licet
321 2568 401 2621 eis
445 2570 698 2638 congredi
748 2582 803 2625 et
832 2573 1071 2641 vincere,
1122 2575 1167 2629 si
1195 2577 1343 2644 prius
1370 2578 1594 2632 credant
1624 2581 1764 2647 quod

161 2658 482 2727 intelligere
508 2661 745 2716 nondum
774 2665 983 2732 valent,
1015 2676 1068 2721 et
1098 2681 1203 2721 non
1236 2667 1463 2737 diligant
1485 2669 1761 2723 mundum.

158 2747 436 2813 Quoniam
480 2762 643 2804 omne
689 2752 830 2820 quod
870 2753 923 2807 in
970 2755 1170 2809 mundo
1200 2763 1302 2819 est,
1336 2760 1477 2811 sicut
1502 2757 1766 2814 divinitus

157 2835 372 2891 dictum
419 2848 504 2892 est
527 2882 541 2906 ,
577 2844 1016 2911 concupiscentia
1048 2848 1227 2902 carnis
1259 2857 1341 2902 est
1363 2889 1378 2913 ,
1427 2859 1480 2903 et
1510 2853 1765 2920 concupi-

160 2930 375 2985 scentia
406 2930 714 3000 oculorum,
751 2943 805 2989 et
832 2935 1058 2991 ambitio
1087 2939 1291 2993 saeculi.
1330 2938 1443 2994 lIoe
1471 2942 1631 2996 modo
1660 2944 1764 2997 tria

118 3042 129 3055 -
156 3020 259 3075 illa
281 3031 409 3075 sunt
428 3031 633 3079 notata.
658 3023 790 3078 Nam
816 3027 1252 3096 concupiscentia
1265 3032 1765 3101 carnis,voluptatis

154 3112 372 3169 inﬁmae
396 3122 665 3171 amatores
682 3116 969 3187 significat;
1000 3122 1436 3190 concupiscentia
1461 3122 1762 3192 oculorum,

154 3203 448 3269 curiosos;
493 3205 717 3261 ambitio
747 3208 971 3274 saeculi,
1004 3210 1288 3278 superbos.
1332 3212 1551 3281 Triplex
1600 3215 1760 3270 etiam

1866 1997 2010 2068 quod
2059 1996 2387 2065 diligendum
2436 2007 2488 2053 et
2538 1996 2977 2067 percipiendum;
3029 2005 3230 2065 quanto
3274 1994 3455 2064 plures

1865 2092 2107 2147 venerint
2138 2132 2153 2158 ,
2190 2100 2339 2145 tanto
2381 2090 2459 2145 eis
2500 2089 2721 2144 uberius
2750 2088 3066 2159 gratulatur.
3096 2087 3281 2158 Diligit
3310 2088 3455 2142 enim

1867 2183 2035 2238 Deum
2072 2198 2136 2237 ex
2183 2190 2296 2236 toto
2337 2181 2500 2237 corde
2525 2223 2539 2246 ,
2588 2190 2643 2235 ct
2689 2196 2754 2234 ex
2802 2188 2913 2234 tota
2944 2178 3145 2245 anima,
3177 2188 3321 2255 etex
3344 2186 3458 2233 tota

1868 2283 2090 2337 mente;
2142 2274 2394 2343 etdiligit
2443 2272 2743 2342 proximum
2769 2280 3022 2341 tanquam
3047 2271 3304 2340 seipsum.
3340 2271 3456 2325 Non

1870 2368 1944 2421 illi
1989 2380 2118 2435 ergo
2164 2366 2403 2432 invidet,
2440 2374 2499 2419 ut
2548 2365 2619 2419 sit
2660 2362 2802 2432 quod
2836 2365 2950 2432 ipse
2972 2373 3072 2427 est,
3105 2362 3213 2416 imo
3241 2363 3459 2432 adjuvat

1870 2460 2035 2515 etiam
2086 2470 2345 2529 quantum
2397 2467 2592 2528 potest.
2646 2458 2757 2513 Nec
2790 2466 2967 2527 potest
2994 2459 3242 2512 amittere
3271 2457 3459 2526 proxi-

1870 2566 2016 2606 mum
2063 2566 2221 2620 quem
2265 2549 2436 2619 diligit
2466 2559 2717 2619 tanquam
2758 2549 3025 2618 seipsum,
3056 2548 3179 2619 quia
3213 2563 3385 2617 neque
3408 2549 3461 2601 in

1870 2645 2050 2711 seipso
2081 2659 2143 2699 ea
2171 2642 2346 2713 diligit
2384 2657 2505 2713 quae
2530 2642 2698 2697 oculis
2726 2641 3005 2711 subjacent
3026 2682 3040 2705 ,
3070 2650 3163 2694 aut
3190 2640 3313 2695 ullis
3341 2639 3463 2694 aliis

1869 2734 2115 2805 corporis
2160 2734 2449 2799 sensibus;
2484 2748 2614 2803 ergo
2655 2733 2796 2802 apud
2820 2733 3057 2803 seipsum
3099 2732 3259 2788 habet
3297 2748 3459 2801 quem

1869 2827 2045 2898 diligit
2074 2835 2327 2897 tanquam
2375 2828 2614 2897 seipsum
2640 2844 2652 2880 :
2684 2841 2746 2882 ea
2776 2835 2859 2882 est
2892 2835 3072 2882 autem
3116 2826 3299 2895 regula
3327 2824 3464 2881 dile-

1873 2920 2094 2985 ctionis,
2127 2928 2184 2973 ut
2205 2934 2324 2989 qua:
2353 2918 2453 2973 sibi
2486 2920 2601 2973 vult
2624 2918 2763 2975 bona
2785 2918 3094 2988 provenire,
3122 2926 3177 2971 et
3202 2916 3278 2972 illi
3310 2915 3463 2982 velit;

1870 3030 1927 3077 et
1956 3036 2074 3091 qua:
2102 3020 2351 3076 accidere
2373 3020 2476 3075 sibi
2508 3020 2649 3076 mala
2680 3034 2787 3074 non
2827 3018 2961 3082 vult,
2978 3027 3032 3074 et
3052 3018 3129 3073 illi
3144 3016 3298 3072 nolit.
3316 3016 3464 3072 Hanc

1869 3112 2197 3168 voluntatem
2250 3126 2379 3180 erga
2420 3126 2611 3167 omnes
2660 3111 2907 3167 homines
2936 3119 3155 3176 servat,
3186 3125 3308 3164 nam
3336 3124 3464 3180 erga

1870 3206 2140 3263 neminem
2185 3208 2521 3276 operandum
2553 3213 2639 3261 est
2666 3205 2904 3271 malum,
2942 3212 2996 3259 et
3036 3203 3255 3259 dilectio
3286 3204 3464 3274 proxi-

154 3296 463 3350 tentatioin
484 3296 702 3354 homine
716 3316 875 3370 quem
892 3303 1091 3358 veritas
1122 3305 1233 3374 ipsa
1260 3306 1499 3375 suscepit
1527 3309 1761 3366 cavenda

1871 3302 1944 3355 mi
1978 3300 2177 3354 malum
2208 3314 2314 3354 non
2345 3312 2623 3370 operatur.
2656 3298 2952 3369 Diligamus
2974 3312 3125 3368 ergo,
3164 3306 3220 3352 ut
3258 3312 3463 3367 praece-

153 3396 470 3444 monstrata
496 3400 599 3446 est.
650 3393 776 3462 Dic,
808 3395 983 3464 inquit
1028 3406 1286 3470 tentator,
1338 3401 1602 3469 lapidibus
1649 3404 1765 3460 istis

152 3490 222 3538 ut
275 3498 443 3553 panes
503 3485 653 3540 fiant.
705 3489 792 3542 Ait
846 3488 923 3543 illi
984 3490 1077 3562 [aL
1108 3502 1166 3546 at
1207 3492 1319 3565 ille]
1368 3511 1505 3550 unus
1569 3507 1624 3553 et
1678 3514 1766 3554 so-

150 3573 250 3629 lus
279 3576 578 3646 magister:
632 3577 747 3632 Non
794 3580 846 3634 in
874 3596 1011 3649 pane
1041 3582 1160 3637 solo
1194 3584 1325 3638 vivit
1358 3587 1521 3639 homo
1542 3629 1555 3652 ,
1591 3590 1685 3643 sed
1712 3589 1766 3643 in

146 3670 316 3725 omni
343 3669 507 3725 verbo
539 3670 657 3727 Dei.
718 3672 793 3726 lta
814 3675 957 3728 enim
980 3676 1236 3731 domitam
1264 3677 1444 3733 docuit
1465 3694 1585 3735 esse
1608 3696 1767 3750 opor-

148 3767 285 3815 tere
325 3761 673 3830 cupiditatem
722 3765 1038 3834 voluptatis,
1075 3776 1132 3821 ut
1178 3784 1278 3825 nec
1310 3769 1434 3825 fami
1465 3774 1764 3829 cedendum

144 3852 258 3906 sit.
312 3851 417 3907 Sed
458 3850 595 3909 forte
640 3854 1025 3912 dominationis
1072 3861 1384 3929 temporalis
1426 3862 1567 3920 fastu
1592 3865 1767 3937 decipi

146 3951 425 4012 poterat,
476 3947 566 4015 qui
613 3949 794 4002 carnis
849 3948 1124 4018 voluptate
1163 3967 1267 4007 non
1316 3955 1525 4022 potuit?
1573 3956 1765 4013 Omnia

140 4049 303 4104 ergo
347 4036 532 4089 mundi
584 4052 751 4108 regna
797 4049 1090 4094 monstrata
1142 4052 1297 4111 sunt,
1335 4055 1390 4099 et
1411 4046 1610 4100 dictum
1643 4059 1763 4104 est:

140 4125 364 4181 Omnia
395 4126 489 4181 tibi
521 4127 696 4197 dabo,
751 4131 797 4184 si
828 4141 1129 4200 prostratus
1170 4135 1478 4190 adoraveris
1505 4154 1611 4192 me.
1670 4138 1766 4193 Cui

136 4231 488 4285 responsum
518 4228 641 4274 est:
696 4221 985 4277 Dominum
1012 4224 1179 4279 Deum
1212 4234 1358 4280 tuum
1390 4228 1641 4283 adorabis
1663 4273 1678 4297 ,
1712 4240 1768 4285 et

134 4309 231 4367 illi
268 4307 372 4362 soli
422 4311 646 4365 servies.
702 4310 777 4365 Ita
823 4312 1025 4367 calcata
1058 4315 1307 4383 superbia
1338 4325 1441 4371 est.
1515 4319 1766 4389 Subjecta

136 4409 238 4458 est
275 4407 459 4455 autem
496 4414 741 4457 extrema
781 4404 943 4459 etiam
973 4407 1303 4471 curiositatis
1331 4408 1624 4475 illecebra;
1658 4427 1765 4467 non

134 4495 306 4553 enim
350 4503 405 4549 ut
449 4508 509 4550 se
538 4496 605 4550 de
651 4495 869 4567 fastigio
899 4499 1085 4568 templi
1113 4501 1483 4569 praecipitaret
1516 4504 1757 4573 urgebat,

137 4587 261 4645 nisi
297 4580 700 4643 causaltantum
730 4588 929 4659 aliquid
956 4574 1271 4660 experiendi
1298 4610 1311 4657 ;
1354 4593 1449 4648 sed
1482 4611 1655 4664 neque
1679 4596 1766 4651 hic

1872 3398 2021 3460 ptum
2050 3400 2155 3454 est,
2182 3391 2343 3444 etiam
2376 3390 2625 3445 inimicos
2649 3400 2886 3457 nostros,
2919 3390 2964 3444 si
2989 3405 3117 3445 vere
3137 3390 3322 3446 invicti
3343 3404 3465 3445 esse

1870 3482 2143 3538 volumus.
2206 3481 2321 3535 Non
2361 3484 2504 3537 enim
2545 3498 2640 3551 per
2683 3484 2922 3551 seipsum
2976 3482 3260 3551 quisquam
3290 3484 3464 3538 homi-

1872 3582 2001 3627 num
2032 3574 2265 3628 invictus
2294 3582 2407 3641 est,
2439 3574 2532 3629 sed
2561 3589 2658 3643 per
2685 3574 2832 3629 illam
2861 3574 3359 3630 incommutabilem
3388 3576 3464 3632 le-

1871 3667 2115 3736 gem,cui
2140 3667 2445 3736 quicunque
2465 3666 2731 3733 serviunt,
2746 3666 2983 3721 solisunt
2998 3667 3155 3723 liberi
3176 3684 3192 3733 ;
3217 3666 3489 3723 sic-enim.

1871 3760 1952 3815 eis
1980 3760 2122 3830 quod
2156 3760 2386 3829 diligunt
2439 3760 2638 3816 auferri
2668 3774 2774 3815 non
2820 3768 3034 3829 potest,
3079 3775 3201 3830 qua:
3242 3774 3331 3815 res
3359 3774 3463 3815 una

1871 3852 2100 3907 invictos
2144 3852 2265 3906 facit
2304 3862 2358 3907 et
2400 3852 2665 3922 perfectos
2708 3854 2872 3908 viros.
2938 3852 3072 3908 Nam
3104 3852 3151 3907 si
3174 3853 3256 3908 vel
3285 3854 3461 3919 ipsum

1874 3946 2145 4001 hominem
2200 3945 2362 4001 homo
2405 3947 2655 4002 dilexerit
2679 3988 2719 4014 ,,
2747 3963 2855 4002 non
2899 3956 3151 4017 tanquam
3200 3948 3463 4015 seipsum,

1871 4037 1966 4090 sed
1997 4045 2251 4105 tanquam
2284 4036 2587 4105 jumentum
2614 4077 2628 4098 ,
2668 4045 2762 4091 aut
2788 4036 3008 4091 balneas
3034 4077 3051 4102 ,
3082 4046 3174 4091 aut
3198 4037 3463 4092 aviculam

1872 4127 2073 4195 pictam
2108 4126 2193 4179 vel
2219 4127 2511 4195 garrulam,
2542 4126 2594 4181 id
2626 4137 2728 4191 est,
2761 4137 2819 4182 ut
2848 4142 2915 4182 ex
2942 4142 3010 4181 eo
3036 4127 3235 4195 aliquid
3259 4136 3464 4198 tempo-

1871 4217 2003 4272 ralis
2022 4218 2315 4287 voluptatis
2346 4228 2440 4271 aut
2468 4219 2741 4273 commodi
2772 4218 2983 4289 capiat,
3014 4218 3211 4273 serviat
3244 4234 3465 4275 necesse

1872 4317 1957 4365 est
1985 4325 2094 4363 non
2127 4309 2355 4377 homini,
2390 4311 2507 4378 sed,
2540 4311 2683 4381 quod
2716 4312 2953 4380 turpius,
2983 4319 3094 4366 tam
3124 4310 3268 4367 foedo
3294 4319 3349 4367 et
3374 4312 3465 4367 de-

1873 4406 2107 4462 testabili
2153 4405 2310 4475 vitio,
2356 4420 2463 4477 quo
2493 4422 2601 4461 non
2642 4416 2788 4461 amat
2830 4406 3102 4462 hominem
3133 4406 3275 4461 sicut
3304 4405 3465 4462 homo

1870 4499 2134 4555 amandus
2154 4509 2372 4571 est,quo
2393 4501 2525 4555 vitio
2546 4500 2859 4557 dominante
2883 4517 3053 4572 usque
3077 4501 3144 4557 ad
3168 4512 3463 4558 extremam

1868 4591 2033 4647 vitam
2063 4593 2148 4649 vel
2180 4593 2359 4662 potius
2390 4603 2617 4649 mortem
2650 4594 2977 4663 perducitur.
3005 4595 3112 4651 Sed
3140 4610 3207 4651 ne
3229 4597 3308 4651 sic
3342 4596 3463 4667 qui-

141 4684 343 4737 victus
374 4690 459 4736 est
481 4723 498 4749 ,
543 4691 597 4738 et
628 4683 750 4739 ideo
788 4682 869 4763 sic
897 4684 1175 4754 respondit
1201 4726 1218 4753 ,
1250 4694 1307 4739 ut
1338 4686 1763 4757 intelligeremus
1793 4671 1847 4732 Ῐ)
1871 4682 1996 4740 dem
2026 4684 2095 4738 ab
2134 4685 2356 4741 homine
2398 4685 2561 4741 homo
2590 4686 2893 4756 diligendus
2919 4696 3033 4757 est,
3076 4696 3135 4743 ut
3172 4688 3464 4759 diliguntur

134 4792 260 4834 non
300 4790 438 4845 opus
466 4791 587 4831 esse
613 4778 678 4831 ad
701 4778 1131 4846 cognoscendum
1165 4780 1329 4834 Deum
1365 4781 1750 4837 tentationibus

135 4868 453 4925 visibiliter
481 4868 662 4924 divina
700 4869 983 4937 explorare
1012 4870 1355 4925 molientibus
1393 4871 1549 4925 :Non
1583 4883 1759 4927 tenta-

133 4964 266 5031 bis,
330 4962 545 5032 inquit,
599 4962 883 5017 Dominum
933 4963 1097 5019 Deum
1146 4972 1315 5017 tuum.
1374 4966 1755 5033 Quamobrem,

132 5056 409 5130 quisquis
439 5058 581 5111 intus
610 5057 701 5112 Dei
731 5057 896 5112 verbo
921 5059 1178 5127 pascitur,
1212 5074 1316 5113 non
1341 5062 1534 5129 quaerit
1567 5060 1620 5115 in
1658 5062 1759 5117 ista

133 5164 345 5206 eremo
381 5149 734 5216 voluptatem.
792 5149 895 5216 Qui
956 5152 1046 5205 uni
1094 5151 1205 5207 Deo
1252 5159 1457 5205 tantum
1486 5152 1761 5220 subjectus

131 5253 254 5309 est,
287 5258 401 5297 non
432 5244 626 5313 quaerit
673 5242 726 5297 in
755 5254 939 5300 monte
965 5284 981 5309 ,
1011 5245 1062 5299 id
1095 5253 1178 5301 est
1200 5287 1215 5311 ,
1248 5244 1299 5299 in
1334 5254 1545 5300 terrena
1573 5245 1761 5300 elatio-

134 5351 212 5391 ne
237 5378 255 5401 ,
284 5334 627 5404 jactantiam.
677 5334 930 5404 Quisquis
972 5344 1179 5391 :eterno
1208 5337 1521 5405 spectaculo
1549 5337 1758 5393 incom-

132 5425 437 5484 mutabilis
486 5428 731 5483 veritatis
779 5428 1143 5499 adhzerescit,
1193 5444 1299 5485 non
1341 5446 1437 5500 per
1488 5430 1755 5501 fastigium

134 5519 323 5588 hujus
351 5522 625 5589 corporis,
656 5520 710 5576 id
742 5530 824 5577 est
845 5563 861 5586 ,
893 5538 989 5593 per
1029 5522 1125 5579 hos
1154 5525 1339 5581 oculos
1365 5526 1754 5597 praecipitatur,

132 5623 203 5670 ut
236 5616 572 5683 temporalia
606 5624 662 5672 et
691 5616 946 5673 inferiora
977 5629 1289 5688 cognoscat.

747 5728 974 5787 CAPUT
1005 5729 1172 5785 XXII.

137 5820 320 5890 Quod
347 5819 530 5875 melius
569 5823 635 5875 sit
673 5821 736 5876 ab
764 5822 967 5877 homine
996 5841 1151 5893 quam
1181 5840 1212 5877 a
1234 5825 1358 5878 vitio
1384 5825 1516 5879 vinci
1533 5867 1547 5891 ,
1583 5840 1644 5879 ea:
1669 5840 1756 5879 eo-

545 5895 659 5947 dem
689 5894 818 5949 libro
844 5896 907 5947 de
935 5912 1050 5949 vera
1086 5894 1382 5965 -Religionc.

219 5983 351 6043 Nos
379 5983 429 6039 in
460 5993 597 6041 terra
625 5986 964 6056 laboramus,
1019 5997 1071 6043 et
1114 6003 1234 6045 cum
1270 6002 1464 6057 magno
1491 5986 1757 6044 dedecore

1815 4817 1829 4827 .
1868 4777 2117 4833 carnales
2148 4776 2347 4833 fratres
2370 4819 2385 4844 ,
2429 4778 2515 4833 vel
2549 4778 2675 4843 filii,
2710 4779 2790 4833 vel
2824 4779 3082 4850 conjuges
3103 4821 3117 4846 ,
3152 4780 3235 4835 vel
3264 4781 3462 4851 quique

1866 4870 2110 4939 cognati,
2156 4880 2247 4924 aut
2276 4870 2502 4938 attines,
2544 4878 2636 4924 aut
2665 4870 2845 4937 cives,
2876 4886 2998 4927 nam
3030 4883 3085 4929 et
3115 4873 3215 4928 ista
3245 4874 3463 4929 dilectio

1867 4965 2183 5035 temporalis
2229 4974 2333 5019 est.
2403 4964 2588 5032 Itaque
2628 4963 2694 5017 ad
2742 4965 3019 5034 pristinam
3062 4965 3462 5035 perfectamque

1867 5066 2119 5111 naturam
2153 5070 2250 5110 nos
2279 5057 2392 5125 ipsa
2426 5055 2633 5111 Veritas
2660 5071 2882 5122 vocans,
2909 5059 3147 5129 praecipit
3177 5066 3234 5111 ut
3260 5058 3462 5112 carnali

1866 5146 2239 5202 consuetudini
2292 5147 2648 5212 resistamus,
2713 5147 2916 5204 docens
2969 5149 3235 5202 neminem
3276 5157 3458 5217 aptum

1865 5254 1987 5295 esse
2016 5255 2183 5309 regno
2228 5239 2356 5305 Dei,
2410 5239 2498 5309 qui
2532 5254 2638 5293 non
2672 5238 2803 5294 istas
2833 5241 3077 5294 carnales
3108 5238 3461 5294 necessitudi-

1863 5345 1961 5387 nes
1984 5330 2197 5387 oderit:
2252 5344 2426 5401 neque
2475 5330 2580 5385 hoc
2620 5330 2870 5395 cuiquam
2905 5330 3252 5384 inhumanum
3284 5329 3457 5383 videri

1863 5424 2022 5479 debet
2069 5425 2283 5493 :magis
2315 5423 2459 5479 enim
2510 5432 2593 5478 est
2642 5422 2993 5476 inhumanum
3036 5435 3140 5475 non
3189 5436 3372 5475 amare
3409 5424 3459 5475 in

1862 5518 2083 5574 homine
2108 5518 2250 5587 quod
2284 5518 2447 5572 homo
2478 5526 2561 5571 est
2587 5561 2602 5583 ,
2653 5516 2748 5569 sed
2778 5529 2964 5570 amare
3004 5515 3143 5585 quod
3170 5514 3311 5569 filius
3335 5524 3417 5568 est
3442 5531 3458 5581 ;

1864 5609 1968 5665 hoc
1990 5618 2073 5666 est
2098 5609 2242 5664 enim
2276 5624 2382 5662 nou
2413 5609 2467 5661 in
2517 5622 2582 5661 eo
2626 5621 2808 5662 amare
2857 5606 2986 5661 illud
3014 5608 3156 5676 quod
3200 5607 3265 5661 ad
3291 5606 3457 5662 Deum

1864 5705 2120 5773 pertinet,
2150 5700 2243 5756 sed
2274 5715 2455 5756 amare
2487 5698 2618 5753 illud
2651 5700 2797 5768 quod
2822 5698 2890 5754 ad
2919 5713 2979 5755 se
3012 5698 3263 5768 pertinet.
3318 5698 3456 5766 Quid

1864 5812 1993 5867 ergo
2039 5797 2235 5851 mirum
2283 5796 2327 5848 si
2374 5793 2439 5848 ad
2492 5808 2717 5864 regnum
2771 5808 2879 5848 non
2934 5793 3200 5862 pervenit,
3230 5793 3317 5862 qui
3350 5808 3456 5850 non

1864 5904 2207 5946 communem
2230 5887 2325 5943 sed
2353 5887 2617 5957 privatam
2639 5901 2753 5941 rem
2780 5885 2993 5956 diligit?
3017 5884 3126 5941 lmo
3147 5894 3449 5955 utrumque,

1864 5986 1940 6042 ait
1966 5984 2254 6057 quispiam,
2282 5982 2389 6038 imo
2417 5982 2545 6039 illud
2578 5997 2765 6052 unum,
2795 5980 2924 6039 dicit
2954 5982 3112 6039 Deus.
3141 5981 3277 6039 Dicit
3307 5981 3451 6037 enim
