  <div class='ocr_page' id='page_1' title='image "/cluster/home/n/w/nwhite01/storage/ocr_20150623/62/hvd.32044015706393/309.png"; bbox 0 0 3968 6390; ppageno 0'>
   <div class='ocr_carea' id='block_1_1' title="bbox 539 295 651 356">
    <p class='ocr_par' dir='ltr' id='par_1_1' title="bbox 539 295 651 356">
     <span class='ocr_line' id='line_1_1' title="bbox 539 295 651 356; baseline -0.018 0"><span class='ocrx_word' id='word_1_1' title='bbox 539 295 651 356; x_wconf 66' lang='grc'><strong>605</strong></span> 
     </span>
    </p>
   </div>
   <div class='ocr_carea' id='block_1_2' title="bbox 1616 291 2720 360">
    <p class='ocr_par' dir='ltr' id='par_1_2' title="bbox 1616 291 2720 360">
     <span class='ocr_line' id='line_1_2' title="bbox 1616 291 2720 360; baseline 0.002 -8"><span class='ocrx_word' id='word_1_2' title='bbox 1616 297 1684 352; x_wconf 86' lang='lat' dir='ltr'><strong>D.</strong></span> <span class='ocrx_word' id='word_1_3' title='bbox 1724 291 2048 360; x_wconf 70' lang='grc' dir='ltr'><strong>Ευρῐρριι</strong></span> <span class='ocrx_word' id='word_1_4' title='bbox 2083 294 2375 354; x_wconf 72' lang='grc' dir='ltr'><strong>ΔΒΒΑἸΊΞ</strong></span> <span class='ocrx_word' id='word_1_5' title='bbox 2400 295 2720 356; x_wconf 77' lang='lat' dir='ltr'><strong>AFRICANI</strong></span> 
     </span>
    </p>
   </div>
   <div class='ocr_carea' id='block_1_3' title="bbox 3709 309 3805 370">
    <p class='ocr_par' dir='ltr' id='par_1_3' title="bbox 3709 309 3805 370">
     <span class='ocr_line' id='line_1_3' title="bbox 3709 309 3805 370; baseline 0.052 -5"><span class='ocrx_word' id='word_1_6' title='bbox 3709 309 3805 370; x_wconf 58' lang='grc' dir='ltr'><strong>ωδ</strong></span> 
     </span>
    </p>
   </div>
   <div class='ocr_carea' id='block_1_4' title="bbox 546 411 3800 486">
    <p class='ocr_par' dir='ltr' id='par_1_4' title="bbox 546 411 3800 486">
     <span class='ocr_line' id='line_1_4' title="bbox 546 411 3800 486; baseline 0.004 -16"><span class='ocrx_word' id='word_1_7' title='bbox 546 414 833 472; x_wconf 85' lang='lat' dir='ltr'><strong>verissime</strong></span> <span class='ocrx_word' id='word_1_8' title='bbox 856 413 1106 472; x_wconf 81' lang='lat' dir='ltr'><strong>Veritas:</strong></span> <span class='ocrx_word' id='word_1_9' title='bbox 1128 413 1297 472; x_wconf 84' lang='lat' dir='ltr'><strong>Nemo</strong></span> <span class='ocrx_word' id='word_1_10' title='bbox 1317 423 1496 486; x_wconf 88' lang='lat' dir='ltr'><strong>potest</strong></span> <span class='ocrx_word' id='word_1_11' title='bbox 1517 414 1726 475; x_wconf 83' lang='lat' dir='ltr'><strong>duobus</strong></span> <span class='ocrx_word' id='word_1_12' title='bbox 1750 413 1984 470; x_wconf 90' lang='lat' dir='ltr'><strong>dominis</strong></span> <span class='ocrx_word' id='word_1_13' title='bbox 2012 428 2133 470; x_wconf 90' lang='lat' dir='ltr'><strong>ser-</strong></span> <span class='ocrx_word' id='word_1_14' title='bbox 2159 414 2212 476; x_wconf 79' lang='grc' dir='ltr'><strong>Α</strong></span> <span class='ocrx_word' id='word_1_15' title='bbox 2239 421 2295 466; x_wconf 91' lang='lat' dir='ltr'><strong>ut</strong></span> <span class='ocrx_word' id='word_1_16' title='bbox 2324 412 2393 467; x_wconf 87' lang='lat' dir='ltr'><strong>ab</strong></span> <span class='ocrx_word' id='word_1_17' title='bbox 2422 427 2487 468; x_wconf 92' lang='lat' dir='ltr'><strong>eo</strong></span> <span class='ocrx_word' id='word_1_18' title='bbox 2513 411 2712 483; x_wconf 89' lang='lat' dir='ltr'><strong>aliquid</strong></span> <span class='ocrx_word' id='word_1_19' title='bbox 2741 412 2868 469; x_wconf 87' lang='lat' dir='ltr'><strong>boni</strong></span> <span class='ocrx_word' id='word_1_20' title='bbox 2899 420 3049 470; x_wconf 84' lang='lat' dir='ltr'><strong>extra</strong></span> <span class='ocrx_word' id='word_1_21' title='bbox 3091 423 3385 482; x_wconf 89' lang='lat' dir='ltr'><strong>mereatur,</strong></span> <span class='ocrx_word' id='word_1_22' title='bbox 3413 418 3506 475; x_wconf 93' lang='lat' dir='ltr'><strong>sed</strong></span> <span class='ocrx_word' id='word_1_23' title='bbox 3552 421 3636 476; x_wconf 91' lang='lat' dir='ltr'><strong>cui</strong></span> <span class='ocrx_word' id='word_1_24' title='bbox 3684 425 3800 484; x_wconf 82' lang='lat' dir='ltr'><strong>nihil</strong></span> 
     </span>
    </p>
   </div>
   <div class='ocr_carea' id='block_1_5' title="bbox 542 509 2124 581">
    <p class='ocr_par' dir='ltr' id='par_1_5' title="bbox 542 509 2124 581">
     <span class='ocr_line' id='line_1_5' title="bbox 542 509 2124 581; baseline 0.002 -18"><span class='ocrx_word' id='word_1_25' title='bbox 542 509 692 566; x_wconf 88' lang='lat' dir='ltr'><strong>vire:</strong></span> <span class='ocrx_word' id='word_1_26' title='bbox 717 524 877 567; x_wconf 91' lang='lat' dir='ltr'><strong>nemo</strong></span> <span class='ocrx_word' id='word_1_27' title='bbox 919 509 1064 564; x_wconf 89' lang='lat' dir='ltr'><strong>enim</strong></span> <span class='ocrx_word' id='word_1_28' title='bbox 1105 517 1279 577; x_wconf 87' lang='lat' dir='ltr'><strong>potest</strong></span> <span class='ocrx_word' id='word_1_29' title='bbox 1310 511 1544 580; x_wconf 89' lang='lat' dir='ltr'><strong>perfecte</strong></span> <span class='ocrx_word' id='word_1_30' title='bbox 1578 509 1798 581; x_wconf 73' lang='lat' dir='ltr'><strong>diligere</strong></span> <span class='ocrx_word' id='word_1_31' title='bbox 1829 525 1934 581; x_wconf 93' lang='lat' dir='ltr'><strong>quo</strong></span> <span class='ocrx_word' id='word_1_32' title='bbox 1966 524 2124 566; x_wconf 88' lang='lat' dir='ltr'><strong>voca-</strong></span> 
     </span>
    </p>
   </div>
   <div class='ocr_carea' id='block_1_6' title="bbox 537 601 2118 670">
    <p class='ocr_par' dir='ltr' id='par_1_6' title="bbox 537 601 2118 670">
     <span class='ocr_line' id='line_1_6' title="bbox 537 601 2118 670; baseline -0.001 -11"><span class='ocrx_word' id='word_1_33' title='bbox 537 615 678 670; x_wconf 86' lang='lat' dir='ltr'><strong>mur,</strong></span> <span class='ocrx_word' id='word_1_34' title='bbox 725 602 828 658; x_wconf 87' lang='lat' dir='ltr'><strong>nisi</strong></span> <span class='ocrx_word' id='word_1_35' title='bbox 857 602 1032 656; x_wconf 84' lang='lat' dir='ltr'><strong>oderit</strong></span> <span class='ocrx_word' id='word_1_36' title='bbox 1059 601 1202 657; x_wconf 91' lang='lat' dir='ltr'><strong>unde</strong></span> <span class='ocrx_word' id='word_1_37' title='bbox 1244 617 1584 659; x_wconf 83' lang='lat' dir='ltr'><strong>revocamur.</strong></span> <span class='ocrx_word' id='word_1_38' title='bbox 1637 603 1908 660; x_wconf 82' lang='lat' dir='ltr'><strong>Vocamur</strong></span> <span class='ocrx_word' id='word_1_39' title='bbox 1937 612 2118 660; x_wconf 91' lang='lat' dir='ltr'><strong>autem</strong></span> 
     </span>
    </p>
   </div>
   <div class='ocr_carea' id='block_1_7' title="bbox 535 694 2121 768">
    <p class='ocr_par' dir='ltr' id='par_1_7' title="bbox 535 694 2121 768">
     <span class='ocr_line' id='line_1_7' title="bbox 535 694 2121 768; baseline 0.001 -17"><span class='ocrx_word' id='word_1_40' title='bbox 535 697 606 751; x_wconf 86' lang='lat' dir='ltr'><strong>a‘d</strong></span> <span class='ocrx_word' id='word_1_41' title='bbox 653 694 946 765; x_wconf 77' lang='lat' dir='ltr'><strong>perfectam</strong></span> <span class='ocrx_word' id='word_1_42' title='bbox 996 704 1239 750; x_wconf 86' lang='lat' dir='ltr'><strong>naturam</strong></span> <span class='ocrx_word' id='word_1_43' title='bbox 1263 695 1574 760; x_wconf 84' lang='lat' dir='ltr'><strong>humanam,</strong></span> <span class='ocrx_word' id='word_1_44' title='bbox 1605 697 1818 768; x_wconf 88' lang='lat' dir='ltr'><strong>qualem</strong></span> <span class='ocrx_word' id='word_1_45' title='bbox 1848 705 1970 751; x_wconf 84' lang='lat' dir='ltr'><strong>ante</strong></span> <span class='ocrx_word' id='word_1_46' title='bbox 1996 711 2121 767; x_wconf 89' lang='lat' dir='ltr'><strong>pec-</strong></span> 
     </span>
    </p>
   </div>
   <div class='ocr_carea' id='block_1_8' title="bbox 533 788 2118 859">
    <p class='ocr_par' dir='ltr' id='par_1_8' title="bbox 533 788 2118 859">
     <span class='ocr_line' id='line_1_8' title="bbox 533 788 2118 859; baseline 0 -15"><span class='ocrx_word' id='word_1_47' title='bbox 533 799 716 844; x_wconf 88' lang='lat' dir='ltr'><strong>eatum</strong></span> <span class='ocrx_word' id='word_1_48' title='bbox 743 799 989 844; x_wconf 87' lang='lat' dir='ltr'><strong>nostrum</strong></span> <span class='ocrx_word' id='word_1_49' title='bbox 1018 788 1156 844; x_wconf 91' lang='lat' dir='ltr'><strong>Deus</strong></span> <span class='ocrx_word' id='word_1_50' title='bbox 1191 789 1338 857; x_wconf 89' lang='lat' dir='ltr'><strong>fecit,</strong></span> <span class='ocrx_word' id='word_1_51' title='bbox 1365 805 1678 846; x_wconf 81' lang='lat' dir='ltr'><strong>revocamur</strong></span> <span class='ocrx_word' id='word_1_52' title='bbox 1707 798 1886 846; x_wconf 88' lang='lat' dir='ltr'><strong>autem</strong></span> <span class='ocrx_word' id='word_1_53' title='bbox 1916 791 1981 848; x_wconf 88' lang='lat' dir='ltr'><strong>ab</strong></span> <span class='ocrx_word' id='word_1_54' title='bbox 2002 790 2118 859; x_wconf 88' lang='lat' dir='ltr'><strong>ejus</strong></span> 
     </span>
    </p>
   </div>
   <div class='ocr_carea' id='block_1_9' title="bbox 530 869 2117 952">
    <p class='ocr_par' dir='ltr' id='par_1_9' title="bbox 530 869 2117 952">
     <span class='ocr_line' id='line_1_9' title="bbox 530 869 2117 952; baseline 0 -14"><span class='ocrx_word' id='word_1_55' title='bbox 530 881 820 938; x_wconf 77' lang='lat' dir='ltr'><strong>dilectione</strong></span> <span class='ocrx_word' id='word_1_56' title='bbox 864 896 1023 952; x_wconf 90' lang='lat' dir='ltr'><strong>quam</strong></span> <span class='ocrx_word' id='word_1_57' title='bbox 1051 886 1325 952; x_wconf 81' lang='lat' dir='ltr'><strong>peccando</strong></span> <span class='ocrx_word' id='word_1_58' title='bbox 1369 885 1684 940; x_wconf 87' lang='lat' dir='ltr'><strong>meruimus.</strong></span> <span class='ocrx_word' id='word_1_59' title='bbox 1730 869 1908 952; x_wconf 84' lang='lat' dir='ltr'><strong>Quare</strong></span> <span class='ocrx_word' id='word_1_60' title='bbox 1935 883 2117 940; x_wconf 88' lang='lat' dir='ltr'><strong>oderi-</strong></span> 
     </span>
    </p>
   </div>
   <div class='ocr_carea' id='block_1_10' title="bbox 532 977 2116 1048">
    <p class='ocr_par' dir='ltr' id='par_1_10' title="bbox 532 977 2116 1048">
     <span class='ocr_line' id='line_1_10' title="bbox 532 977 2116 1048; baseline -0.001 -16"><span class='ocrx_word' id='word_1_61' title='bbox 532 992 652 1032; x_wconf 89' lang='lat' dir='ltr'><strong>mus</strong></span> <span class='ocrx_word' id='word_1_62' title='bbox 679 985 892 1048; x_wconf 85' lang='lat' dir='ltr'><strong>oportet</strong></span> <span class='ocrx_word' id='word_1_63' title='bbox 944 977 1088 1032; x_wconf 88' lang='lat' dir='ltr'><strong>unde</strong></span> <span class='ocrx_word' id='word_1_64' title='bbox 1115 987 1171 1033; x_wconf 90' lang='lat' dir='ltr'><strong>ut</strong></span> <span class='ocrx_word' id='word_1_65' title='bbox 1201 977 1494 1035; x_wconf 90' lang='lat' dir='ltr'><strong>liberemur</strong></span> <span class='ocrx_word' id='word_1_66' title='bbox 1516 988 1782 1047; x_wconf 81' lang='lat' dir='ltr'><strong>optamus.</strong></span> <span class='ocrx_word' id='word_1_67' title='bbox 1832 978 2116 1034; x_wconf 87' lang='lat' dir='ltr'><strong>Oderimus</strong></span> 
     </span>
    </p>
   </div>
   <div class='ocr_carea' id='block_1_11' title="bbox 530 1069 2112 1143">
    <p class='ocr_par' dir='ltr' id='par_1_11' title="bbox 530 1069 2112 1143">
     <span class='ocr_line' id='line_1_11' title="bbox 530 1069 2112 1143; baseline -0.002 -16"><span class='ocrx_word' id='word_1_68' title='bbox 530 1085 662 1143; x_wconf 86' lang='lat' dir='ltr'><strong>ergo</strong></span> <span class='ocrx_word' id='word_1_69' title='bbox 691 1070 1014 1140; x_wconf 82' lang='lat' dir='ltr'><strong>temporales</strong></span> <span class='ocrx_word' id='word_1_70' title='bbox 1042 1072 1470 1128; x_wconf 86' lang='lat' dir='ltr'><strong>necessitudines</strong></span> <span class='ocrx_word' id='word_1_71' title='bbox 1496 1113 1512 1141; x_wconf 92' lang='lat'><strong>,</strong></span> <span class='ocrx_word' id='word_1_72' title='bbox 1544 1070 1592 1126; x_wconf 92' lang='lat' dir='ltr'><strong>si</strong></span> <span class='ocrx_word' id='word_1_73' title='bbox 1632 1070 1950 1126; x_wconf 73' lang='lat' dir='ltr'><strong>mternitatis</strong></span> <span class='ocrx_word' id='word_1_74' title='bbox 1980 1069 2112 1126; x_wconf 89' lang='lat' dir='ltr'><strong>cha-</strong></span> 
     </span>
    </p>
   </div>
   <div class='ocr_carea' id='block_1_12' title="bbox 527 1168 2112 1239">
    <p class='ocr_par' dir='ltr' id='par_1_12' title="bbox 527 1168 2112 1239">
     <span class='ocr_line' id='line_1_12' title="bbox 527 1168 2112 1239; baseline -0.003 -13"><span class='ocrx_word' id='word_1_75' title='bbox 527 1171 688 1226; x_wconf 88' lang='lat' dir='ltr'><strong>ritate</strong></span> <span class='ocrx_word' id='word_1_76' title='bbox 721 1169 1034 1239; x_wconf 85' lang='lat' dir='ltr'><strong>ﬂagramus.</strong></span> <span class='ocrx_word' id='word_1_77' title='bbox 1088 1169 1286 1239; x_wconf 79' lang='lat' dir='ltr'><strong>Diligat</strong></span> <span class='ocrx_word' id='word_1_78' title='bbox 1334 1169 1496 1225; x_wconf 90' lang='lat' dir='ltr'><strong>homo</strong></span> <span class='ocrx_word' id='word_1_79' title='bbox 1524 1168 1823 1237; x_wconf 77' lang='lat' dir='ltr'><strong>proximum</strong></span> <span class='ocrx_word' id='word_1_80' title='bbox 1858 1176 2112 1238; x_wconf 85' lang='lat' dir='ltr'><strong>tanquam</strong></span> 
     </span>
    </p>
   </div>
   <div class='ocr_carea' id='block_1_13' title="bbox 522 1263 2114 1336">
    <p class='ocr_par' dir='ltr' id='par_1_13' title="bbox 522 1263 2114 1336">
     <span class='ocr_line' id='line_1_13' title="bbox 522 1263 2114 1336; baseline -0.004 -15"><span class='ocrx_word' id='word_1_81' title='bbox 522 1264 782 1336; x_wconf 84' lang='lat' dir='ltr'><strong>aeipsum.</strong></span> <span class='ocrx_word' id='word_1_82' title='bbox 836 1263 995 1321; x_wconf 88' lang='lat' dir='ltr'><strong>Certe</strong></span> <span class='ocrx_word' id='word_1_83' title='bbox 1041 1264 1187 1319; x_wconf 89' lang='lat' dir='ltr'><strong>enim</strong></span> <span class='ocrx_word' id='word_1_84' title='bbox 1229 1264 1333 1319; x_wconf 86' lang='lat' dir='ltr'><strong>sibi</strong></span> <span class='ocrx_word' id='word_1_85' title='bbox 1375 1264 1490 1332; x_wconf 90' lang='lat' dir='ltr'><strong>ipse</strong></span> <span class='ocrx_word' id='word_1_86' title='bbox 1519 1276 1677 1320; x_wconf 91' lang='lat' dir='ltr'><strong>nemo</strong></span> <span class='ocrx_word' id='word_1_87' title='bbox 1706 1269 1790 1318; x_wconf 89' lang='lat' dir='ltr'><strong>est</strong></span> <span class='ocrx_word' id='word_1_88' title='bbox 1815 1271 1987 1331; x_wconf 87' lang='lat' dir='ltr'><strong>pater,</strong></span> <span class='ocrx_word' id='word_1_89' title='bbox 2020 1268 2114 1316; x_wconf 92' lang='lat' dir='ltr'><strong>aut</strong></span> 
     </span>
    </p>
   </div>
   <div class='ocr_carea' id='block_1_14' title="bbox 526 1352 2109 1424">
    <p class='ocr_par' dir='ltr' id='par_1_14' title="bbox 526 1352 2109 1424">
     <span class='ocr_line' id='line_1_14' title="bbox 526 1352 2109 1424; baseline -0.001 -14"><span class='ocrx_word' id='word_1_90' title='bbox 526 1357 692 1424; x_wconf 92' lang='lat' dir='ltr'><strong>ﬁlius,</strong></span> <span class='ocrx_word' id='word_1_91' title='bbox 720 1367 812 1411; x_wconf 89' lang='lat' dir='ltr'><strong>aut</strong></span> <span class='ocrx_word' id='word_1_92' title='bbox 837 1355 1033 1423; x_wconf 87' lang='lat' dir='ltr'><strong>afﬁnis,</strong></span> <span class='ocrx_word' id='word_1_93' title='bbox 1067 1365 1159 1410; x_wconf 89' lang='lat' dir='ltr'><strong>aut</strong></span> <span class='ocrx_word' id='word_1_94' title='bbox 1188 1353 1392 1424; x_wconf 89' lang='lat' dir='ltr'><strong>aliquid</strong></span> <span class='ocrx_word' id='word_1_95' title='bbox 1427 1352 1755 1423; x_wconf 91' lang='lat' dir='ltr'><strong>hujusmodi,</strong></span> <span class='ocrx_word' id='word_1_96' title='bbox 1786 1352 1878 1408; x_wconf 86' lang='lat' dir='ltr'><strong>sed</strong></span> <span class='ocrx_word' id='word_1_97' title='bbox 1902 1360 2109 1408; x_wconf 89' lang='lat' dir='ltr'><strong>tantum</strong></span> 
     </span>
    </p>
   </div>
   <div class='ocr_carea' id='block_1_15' title="bbox 523 1443 2109 1516">
    <p class='ocr_par' dir='ltr' id='par_1_15' title="bbox 523 1443 2109 1516">
     <span class='ocr_line' id='line_1_15' title="bbox 523 1443 2109 1516; baseline -0.001 -16"><span class='ocrx_word' id='word_1_98' title='bbox 523 1447 704 1502; x_wconf 92' lang='lat' dir='ltr'><strong>homo.</strong></span> <span class='ocrx_word' id='word_1_99' title='bbox 729 1446 828 1514; x_wconf 93' lang='lat' dir='ltr'><strong>Qui</strong></span> <span class='ocrx_word' id='word_1_100' title='bbox 850 1460 978 1516; x_wconf 87' lang='lat' dir='ltr'><strong>ergo</strong></span> <span class='ocrx_word' id='word_1_101' title='bbox 995 1443 1167 1516; x_wconf 78' lang='lat' dir='ltr'><strong>diligit</strong></span> <span class='ocrx_word' id='word_1_102' title='bbox 1194 1444 1426 1513; x_wconf 86' lang='lat' dir='ltr'><strong>aliquem</strong></span> <span class='ocrx_word' id='word_1_103' title='bbox 1454 1453 1702 1514; x_wconf 81' lang='lat' dir='ltr'><strong>tanquam</strong></span> <span class='ocrx_word' id='word_1_104' title='bbox 1727 1444 1984 1512; x_wconf 91' lang='lat' dir='ltr'><strong>seipsum,</strong></span> <span class='ocrx_word' id='word_1_105' title='bbox 2008 1444 2109 1499; x_wconf 88' lang='lat' dir='ltr'><strong>hoc</strong></span> 
     </span>
    </p>
   </div>
   <div class='ocr_carea' id='block_1_16' title="bbox 526 1536 2108 1608">
    <p class='ocr_par' dir='ltr' id='par_1_16' title="bbox 526 1536 2108 1608">
     <span class='ocr_line' id='line_1_16' title="bbox 526 1536 2108 1608; baseline 0 -14"><span class='ocrx_word' id='word_1_106' title='bbox 526 1539 578 1594; x_wconf 91' lang='lat' dir='ltr'><strong>in</strong></span> <span class='ocrx_word' id='word_1_107' title='bbox 611 1554 676 1594; x_wconf 94' lang='lat' dir='ltr'><strong>eo</strong></span> <span class='ocrx_word' id='word_1_108' title='bbox 698 1538 863 1593; x_wconf 89' lang='lat' dir='ltr'><strong>debet</strong></span> <span class='ocrx_word' id='word_1_109' title='bbox 899 1538 1124 1608; x_wconf 85' lang='lat' dir='ltr'><strong>diligere</strong></span> <span class='ocrx_word' id='word_1_110' title='bbox 1149 1539 1291 1608; x_wconf 89' lang='lat' dir='ltr'><strong>quod</strong></span> <span class='ocrx_word' id='word_1_111' title='bbox 1315 1539 1416 1593; x_wconf 87' lang='lat' dir='ltr'><strong>sibi</strong></span> <span class='ocrx_word' id='word_1_112' title='bbox 1445 1538 1558 1607; x_wconf 92' lang='lat' dir='ltr'><strong>ipse</strong></span> <span class='ocrx_word' id='word_1_113' title='bbox 1583 1546 1686 1593; x_wconf 90' lang='lat' dir='ltr'><strong>est.</strong></span> <span class='ocrx_word' id='word_1_114' title='bbox 1709 1536 1948 1607; x_wconf 87' lang='lat' dir='ltr'><strong>Corpora</strong></span> <span class='ocrx_word' id='word_1_115' title='bbox 1978 1551 2108 1594; x_wconf 89' lang='lat' dir='ltr'><strong>vero</strong></span> 
     </span>
    </p>
   </div>
   <div class='ocr_carea' id='block_1_17' title="bbox 520 1629 2106 1702">
    <p class='ocr_par' dir='ltr' id='par_1_17' title="bbox 520 1629 2106 1702">
     <span class='ocr_line' id='line_1_17' title="bbox 520 1629 2106 1702; baseline 0.001 -17"><span class='ocrx_word' id='word_1_116' title='bbox 520 1645 630 1685; x_wconf 91' lang='lat' dir='ltr'><strong>non</strong></span> <span class='ocrx_word' id='word_1_117' title='bbox 655 1639 780 1686; x_wconf 90' lang='lat' dir='ltr'><strong>sunt</strong></span> <span class='ocrx_word' id='word_1_118' title='bbox 803 1629 945 1700; x_wconf 91' lang='lat' dir='ltr'><strong>quod</strong></span> <span class='ocrx_word' id='word_1_119' title='bbox 975 1646 1074 1687; x_wconf 89' lang='lat' dir='ltr'><strong>nos</strong></span> <span class='ocrx_word' id='word_1_120' title='bbox 1101 1646 1307 1698; x_wconf 88' lang='lat' dir='ltr'><strong>sumus,</strong></span> <span class='ocrx_word' id='word_1_121' title='bbox 1326 1646 1431 1686; x_wconf 91' lang='lat' dir='ltr'><strong>non</strong></span> <span class='ocrx_word' id='word_1_122' title='bbox 1457 1647 1585 1702; x_wconf 87' lang='lat' dir='ltr'><strong>ergo</strong></span> <span class='ocrx_word' id='word_1_123' title='bbox 1603 1631 1656 1686; x_wconf 93' lang='lat' dir='ltr'><strong>in</strong></span> <span class='ocrx_word' id='word_1_124' title='bbox 1681 1631 1895 1688; x_wconf 86' lang='lat' dir='ltr'><strong>homine</strong></span> <span class='ocrx_word' id='word_1_125' title='bbox 1911 1645 2106 1702; x_wconf 85' lang='lat' dir='ltr'><strong>corpus</strong></span> 
     </span>
    </p>
   </div>
   <div class='ocr_carea' id='block_1_18' title="bbox 519 1723 2100 1792">
    <p class='ocr_par' dir='ltr' id='par_1_18' title="bbox 519 1723 2100 1792">
     <span class='ocr_line' id='line_1_18' title="bbox 519 1723 2100 1792; baseline 0.001 -14"><span class='ocrx_word' id='word_1_126' title='bbox 519 1732 603 1778; x_wconf 90' lang='lat' dir='ltr'><strong>est</strong></span> <span class='ocrx_word' id='word_1_127' title='bbox 632 1723 1016 1792; x_wconf 81' lang='lat' dir='ltr'><strong>expetendum,</strong></span> <span class='ocrx_word' id='word_1_128' title='bbox 1074 1732 1166 1779; x_wconf 88' lang='lat' dir='ltr'><strong>aut</strong></span> <span class='ocrx_word' id='word_1_129' title='bbox 1210 1724 1639 1780; x_wconf 90' lang='lat' dir='ltr'><strong>desiderandum.</strong></span> <span class='ocrx_word' id='word_1_130' title='bbox 1684 1725 1838 1780; x_wconf 88' lang='lat' dir='ltr'><strong>Valet</strong></span> <span class='ocrx_word' id='word_1_131' title='bbox 1864 1725 2008 1781; x_wconf 91' lang='lat' dir='ltr'><strong>enim</strong></span> <span class='ocrx_word' id='word_1_132' title='bbox 2033 1725 2100 1780; x_wconf 90' lang='lat' dir='ltr'><strong>ad</strong></span> 
     </span>
    </p>
   </div>
   <div class='ocr_carea' id='block_1_19' title="bbox 2229 506 3800 577">
    <p class='ocr_par' dir='ltr' id='par_1_19' title="bbox 2229 506 3800 577">
     <span class='ocr_line' id='line_1_19' title="bbox 2229 506 3800 577; baseline 0.008 -16"><span class='ocrx_word' id='word_1_133' title='bbox 2229 507 2369 561; x_wconf 89' lang='lat' dir='ltr'><strong>aliud</strong></span> <span class='ocrx_word' id='word_1_134' title='bbox 2401 522 2557 576; x_wconf 92' lang='lat' dir='ltr'><strong>quam</strong></span> <span class='ocrx_word' id='word_1_135' title='bbox 2586 508 2758 577; x_wconf 89' lang='lat' dir='ltr'><strong>ipsum</strong></span> <span class='ocrx_word' id='word_1_136' title='bbox 2787 506 3070 564; x_wconf 62' lang='lat' dir='ltr'><strong>adhaerere</strong></span> <span class='ocrx_word' id='word_1_137' title='bbox 3100 508 3209 565; x_wconf 90' lang='lat' dir='ltr'><strong>Deo</strong></span> <span class='ocrx_word' id='word_1_138' title='bbox 3238 512 3436 567; x_wconf 87' lang='lat' dir='ltr'><strong>bonum</strong></span> <span class='ocrx_word' id='word_1_139' title='bbox 3481 522 3582 568; x_wconf 90' lang='lat' dir='ltr'><strong>est.</strong></span> <span class='ocrx_word' id='word_1_140' title='bbox 3613 515 3708 571; x_wconf 76' lang='lat' dir='ltr'><strong>ilic</strong></span> <span class='ocrx_word' id='word_1_141' title='bbox 3734 519 3800 576; x_wconf 77' lang='lat' dir='ltr'><strong>vir</strong></span> 
     </span>
    </p>
   </div>
   <div class='ocr_carea' id='block_1_20' title="bbox 2227 601 3962 676">
    <p class='ocr_par' dir='ltr' id='par_1_20' title="bbox 2227 601 3962 676">
     <span class='ocr_line' id='line_1_20' title="bbox 2227 601 3962 676; baseline 0.008 -21"><span class='ocrx_word' id='word_1_142' title='bbox 2227 601 2461 672; x_wconf 91' lang='lat' dir='ltr'><strong>quandiu</strong></span> <span class='ocrx_word' id='word_1_143' title='bbox 2488 610 2571 657; x_wconf 92' lang='lat' dir='ltr'><strong>est</strong></span> <span class='ocrx_word' id='word_1_144' title='bbox 2601 602 2652 657; x_wconf 95' lang='lat' dir='ltr'><strong>in</strong></span> <span class='ocrx_word' id='word_1_145' title='bbox 2684 601 2783 658; x_wconf 87' lang='lat' dir='ltr'><strong>hac</strong></span> <span class='ocrx_word' id='word_1_146' title='bbox 2798 604 2902 658; x_wconf 91' lang='lat' dir='ltr'><strong>vita</strong></span> <span class='ocrx_word' id='word_1_147' title='bbox 2934 604 3104 660; x_wconf 89' lang='lat' dir='ltr'><strong>utitur</strong></span> <span class='ocrx_word' id='word_1_148' title='bbox 3119 607 3294 662; x_wconf 89' lang='lat' dir='ltr'><strong>amico</strong></span> <span class='ocrx_word' id='word_1_149' title='bbox 3321 609 3388 662; x_wconf 89' lang='lat' dir='ltr'><strong>ad</strong></span> <span class='ocrx_word' id='word_1_150' title='bbox 3418 611 3796 676; x_wconf 89' lang='lat' dir='ltr'><strong>rependendam</strong></span> <span class='ocrx_word' id='word_1_151' title='bbox 3957 601 3962 656; x_wconf 68' lang='grc' dir='ltr'><strong>ἶ</strong></span> 
     </span>
    </p>
   </div>
   <div class='ocr_carea' id='block_1_21' title="bbox 2223 694 3797 774">
    <p class='ocr_par' dir='ltr' id='par_1_21' title="bbox 2223 694 3797 774">
     <span class='ocr_line' id='line_1_21' title="bbox 2223 694 3797 774; baseline 0.01 -28"><span class='ocrx_word' id='word_1_152' title='bbox 2223 695 2474 764; x_wconf 89' lang='lat' dir='ltr'><strong>gratiam,</strong></span> <span class='ocrx_word' id='word_1_153' title='bbox 2504 695 2672 750; x_wconf 88' lang='lat' dir='ltr'><strong>utitur</strong></span> <span class='ocrx_word' id='word_1_154' title='bbox 2709 694 2926 751; x_wconf 90' lang='lat' dir='ltr'><strong>inimico</strong></span> <span class='ocrx_word' id='word_1_155' title='bbox 2959 697 3027 752; x_wconf 91' lang='lat' dir='ltr'><strong>ad</strong></span> <span class='ocrx_word' id='word_1_156' title='bbox 3059 699 3397 770; x_wconf 86' lang='lat' dir='ltr'><strong>patientiam,</strong></span> <span class='ocrx_word' id='word_1_157' title='bbox 3431 705 3597 757; x_wconf 88' lang='lat' dir='ltr'><strong>utitur</strong></span> <span class='ocrx_word' id='word_1_158' title='bbox 3626 704 3797 774; x_wconf 82' lang='lat' dir='ltr'><strong>quibus</strong></span> 
     </span>
    </p>
   </div>
   <div class='ocr_carea' id='block_1_22' title="bbox 2223 787 3796 860">
    <p class='ocr_par' dir='ltr' id='par_1_22' title="bbox 2223 787 3796 860">
     <span class='ocr_line' id='line_1_22' title="bbox 2223 787 3796 860; baseline 0.006 -20"><span class='ocrx_word' id='word_1_159' title='bbox 2223 796 2398 857; x_wconf 86' lang='lat' dir='ltr'><strong>potest</strong></span> <span class='ocrx_word' id='word_1_160' title='bbox 2425 787 2490 842; x_wconf 91' lang='lat' dir='ltr'><strong>ad</strong></span> <span class='ocrx_word' id='word_1_161' title='bbox 2521 787 2948 858; x_wconf 87' lang='lat' dir='ltr'><strong>beneficentiam,</strong></span> <span class='ocrx_word' id='word_1_162' title='bbox 2979 792 3148 847; x_wconf 87' lang='lat' dir='ltr'><strong>utitur</strong></span> <span class='ocrx_word' id='word_1_163' title='bbox 3169 794 3422 850; x_wconf 88' lang='lat' dir='ltr'><strong>omnibus</strong></span> <span class='ocrx_word' id='word_1_164' title='bbox 3475 796 3543 850; x_wconf 89' lang='lat' dir='ltr'><strong>ad</strong></span> <span class='ocrx_word' id='word_1_165' title='bbox 3583 797 3796 860; x_wconf 76' lang='lat' dir='ltr'><strong>benevo4</strong></span> 
     </span>
    </p>
   </div>
   <div class='ocr_carea' id='block_1_23' title="bbox 2222 882 3795 962">
    <p class='ocr_par' dir='ltr' id='par_1_23' title="bbox 2222 882 3795 962">
     <span class='ocr_line' id='line_1_23' title="bbox 2222 882 3795 962; baseline 0.006 -25"><span class='ocrx_word' id='word_1_166' title='bbox 2222 882 2443 937; x_wconf 89' lang='lat' dir='ltr'><strong>lentiam</strong></span> <span class='ocrx_word' id='word_1_167' title='bbox 2472 901 2483 936; x_wconf 90' lang='lat'>:</span> <span class='ocrx_word' id='word_1_168' title='bbox 2512 893 2567 939; x_wconf 89' lang='lat' dir='ltr'><strong>et</strong></span> <span class='ocrx_word' id='word_1_169' title='bbox 2594 899 2896 954; x_wconf 81' lang='lat' dir='ltr'><strong>quanquam</strong></span> <span class='ocrx_word' id='word_1_170' title='bbox 2937 889 3254 956; x_wconf 87' lang='lat' dir='ltr'><strong>temporalia</strong></span> <span class='ocrx_word' id='word_1_171' title='bbox 3299 904 3406 944; x_wconf 88' lang='lat' dir='ltr'><strong>non</strong></span> <span class='ocrx_word' id='word_1_172' title='bbox 3446 890 3642 962; x_wconf 79' lang='lat' dir='ltr'><strong>diligat</strong></span> <span class='ocrx_word' id='word_1_173' title='bbox 3677 893 3795 962; x_wconf 66' lang='lat' dir='ltr'><strong>ipse,</strong></span> 
     </span>
    </p>
   </div>
   <div class='ocr_carea' id='block_1_24' title="bbox 2220 979 3794 1053">
    <p class='ocr_par' dir='ltr' id='par_1_24' title="bbox 2220 979 3794 1053">
     <span class='ocr_line' id='line_1_24' title="bbox 2220 979 3794 1053; baseline 0.006 -22"><span class='ocrx_word' id='word_1_174' title='bbox 2220 987 2367 1032; x_wconf 86' lang='lat' dir='ltr'><strong>recte</strong></span> <span class='ocrx_word' id='word_1_175' title='bbox 2397 979 2563 1034; x_wconf 87' lang='lat' dir='ltr'><strong>utitur</strong></span> <span class='ocrx_word' id='word_1_176' title='bbox 2589 980 3000 1049; x_wconf 88' lang='lat' dir='ltr'><strong>temporalibus,</strong></span> <span class='ocrx_word' id='word_1_177' title='bbox 3025 990 3081 1038; x_wconf 89' lang='lat' dir='ltr'><strong>et</strong></span> <span class='ocrx_word' id='word_1_178' title='bbox 3112 997 3210 1053; x_wconf 90' lang='lat' dir='ltr'><strong>pro</strong></span> <span class='ocrx_word' id='word_1_179' title='bbox 3238 996 3422 1038; x_wconf 92' lang='lat' dir='ltr'><strong>eorum</strong></span> <span class='ocrx_word' id='word_1_180' title='bbox 3455 995 3612 1041; x_wconf 90' lang='lat' dir='ltr'><strong>sorte</strong></span> <span class='ocrx_word' id='word_1_181' title='bbox 3648 986 3794 1041; x_wconf 54' lang='lat' dir='ltr'><strong>humi.</strong></span> 
     </span>
    </p>
   </div>
   <div class='ocr_carea' id='block_1_25' title="bbox 2219 1070 3790 1146">
    <p class='ocr_par' dir='ltr' id='par_1_25' title="bbox 2219 1070 3790 1146">
     <span class='ocr_line' id='line_1_25' title="bbox 2219 1070 3790 1146; baseline 0.007 -23"><span class='ocrx_word' id='word_1_182' title='bbox 2219 1070 2376 1126; x_wconf 89' lang='lat' dir='ltr'><strong>nibus</strong></span> <span class='ocrx_word' id='word_1_183' title='bbox 2421 1073 2676 1139; x_wconf 90' lang='lat' dir='ltr'><strong>consulit,</strong></span> <span class='ocrx_word' id='word_1_184' title='bbox 2730 1074 2774 1128; x_wconf 92' lang='lat' dir='ltr'><strong>si</strong></span> <span class='ocrx_word' id='word_1_185' title='bbox 2819 1073 3101 1144; x_wconf 65' lang='lat' dir='ltr'><strong>aequaliter</strong></span> <span class='ocrx_word' id='word_1_186' title='bbox 3147 1089 3253 1129; x_wconf 92' lang='lat' dir='ltr'><strong>non</strong></span> <span class='ocrx_word' id='word_1_187' title='bbox 3308 1085 3483 1146; x_wconf 82' lang='lat' dir='ltr'><strong>potest</strong></span> <span class='ocrx_word' id='word_1_188' title='bbox 3538 1079 3790 1134; x_wconf 79' lang='lat' dir='ltr'><strong>omnibus.</strong></span> 
     </span>
    </p>
   </div>
   <div class='ocr_carea' id='block_1_26' title="bbox 2216 1160 3791 1240">
    <p class='ocr_par' dir='ltr' id='par_1_26' title="bbox 2216 1160 3791 1240">
     <span class='ocr_line' id='line_1_26' title="bbox 2216 1160 3791 1240; baseline 0.004 -23"><span class='ocrx_word' id='word_1_189' title='bbox 2216 1160 2394 1228; x_wconf 85' lang='lat' dir='ltr'><strong>Quare</strong></span> <span class='ocrx_word' id='word_1_190' title='bbox 2435 1163 2480 1218; x_wconf 94' lang='lat' dir='ltr'><strong>si</strong></span> <span class='ocrx_word' id='word_1_191' title='bbox 2522 1163 2756 1234; x_wconf 79' lang='lat' dir='ltr'><strong>aliquem</strong></span> <span class='ocrx_word' id='word_1_192' title='bbox 2814 1163 3156 1222; x_wconf 90' lang='lat' dir='ltr'><strong>familiarium</strong></span> <span class='ocrx_word' id='word_1_193' title='bbox 3219 1181 3439 1223; x_wconf 90' lang='lat' dir='ltr'><strong>suorum</strong></span> <span class='ocrx_word' id='word_1_194' title='bbox 3508 1172 3791 1240; x_wconf 78' lang='lat' dir='ltr'><strong>promptius</strong></span> 
     </span>
    </p>
   </div>
   <div class='ocr_carea' id='block_1_27' title="bbox 2217 1256 3791 1334">
    <p class='ocr_par' dir='ltr' id='par_1_27' title="bbox 2217 1256 3791 1334">
     <span class='ocr_line' id='line_1_27' title="bbox 2217 1256 3791 1334; baseline 0.004 -24"><span class='ocrx_word' id='word_1_195' title='bbox 2217 1271 2372 1327; x_wconf 86' lang='lat' dir='ltr'><strong>quam</strong></span> <span class='ocrx_word' id='word_1_196' title='bbox 2404 1256 2699 1328; x_wconf 88' lang='lat' dir='ltr'><strong>quemlibet</strong></span> <span class='ocrx_word' id='word_1_197' title='bbox 2734 1258 3061 1329; x_wconf 84' lang='lat' dir='ltr'><strong>alloquitur,</strong></span> <span class='ocrx_word' id='word_1_198' title='bbox 3096 1275 3204 1315; x_wconf 92' lang='lat' dir='ltr'><strong>non</strong></span> <span class='ocrx_word' id='word_1_199' title='bbox 3232 1274 3356 1317; x_wconf 86' lang='lat' dir='ltr'><strong>eum</strong></span> <span class='ocrx_word' id='word_1_200' title='bbox 3404 1262 3586 1332; x_wconf 83' lang='lat' dir='ltr'><strong>magis</strong></span> <span class='ocrx_word' id='word_1_201' title='bbox 3624 1262 3791 1334; x_wconf 80' lang='lat' dir='ltr'><strong>diligit,</strong></span> 
     </span>
    </p>
   </div>
   <div class='ocr_carea' id='block_1_28' title="bbox 2215 1347 3788 1422">
    <p class='ocr_par' dir='ltr' id='par_1_28' title="bbox 2215 1347 3788 1422">
     <span class='ocr_line' id='line_1_28' title="bbox 2215 1347 3788 1422; baseline 0.004 -21"><span class='ocrx_word' id='word_1_202' title='bbox 2215 1347 2310 1402; x_wconf 90' lang='lat' dir='ltr'><strong>sed</strong></span> <span class='ocrx_word' id='word_1_203' title='bbox 2339 1347 2407 1402; x_wconf 88' lang='lat' dir='ltr'><strong>ad</strong></span> <span class='ocrx_word' id='word_1_204' title='bbox 2441 1364 2566 1404; x_wconf 91' lang='lat' dir='ltr'><strong>eum</strong></span> <span class='ocrx_word' id='word_1_205' title='bbox 2599 1349 2759 1405; x_wconf 84' lang='lat' dir='ltr'><strong>habet</strong></span> <span class='ocrx_word' id='word_1_206' title='bbox 2788 1350 3046 1420; x_wconf 81' lang='lat' dir='ltr'><strong>majorem</strong></span> <span class='ocrx_word' id='word_1_207' title='bbox 3070 1352 3349 1420; x_wconf 89' lang='lat' dir='ltr'><strong>ﬁduciam,</strong></span> <span class='ocrx_word' id='word_1_208' title='bbox 3385 1364 3442 1408; x_wconf 89' lang='lat' dir='ltr'><strong>et</strong></span> <span class='ocrx_word' id='word_1_209' title='bbox 3481 1355 3788 1422; x_wconf 83' lang='lat' dir='ltr'><strong>apertiorem</strong></span> 
     </span>
    </p>
   </div>
   <div class='ocr_carea' id='block_1_29' title="bbox 2213 1441 3790 1517">
    <p class='ocr_par' dir='ltr' id='par_1_29' title="bbox 2213 1441 3790 1517">
     <span class='ocr_line' id='line_1_29' title="bbox 2213 1441 3790 1517; baseline 0.005 -23"><span class='ocrx_word' id='word_1_210' title='bbox 2213 1441 2473 1509; x_wconf 84' lang='lat' dir='ltr'><strong>temporis</strong></span> <span class='ocrx_word' id='word_1_211' title='bbox 2527 1441 2766 1513; x_wconf 91' lang='lat' dir='ltr'><strong>januam.</strong></span> <span class='ocrx_word' id='word_1_212' title='bbox 2835 1444 3057 1501; x_wconf 85' lang='lat' dir='ltr'><strong>Tractat</strong></span> <span class='ocrx_word' id='word_1_213' title='bbox 3105 1446 3249 1501; x_wconf 90' lang='lat' dir='ltr'><strong>enim</strong></span> <span class='ocrx_word' id='word_1_214' title='bbox 3306 1448 3537 1517; x_wconf 87' lang='lat' dir='ltr'><strong>tempori</strong></span> <span class='ocrx_word' id='word_1_215' title='bbox 3605 1447 3790 1502; x_wconf 85' lang='lat' dir='ltr'><strong>deditos</strong></span> 
     </span>
    </p>
   </div>
   <div class='ocr_carea' id='block_1_30' title="bbox 2211 1535 3786 1608">
    <p class='ocr_par' dir='ltr' id='par_1_30' title="bbox 2211 1535 3786 1608">
     <span class='ocr_line' id='line_1_30' title="bbox 2211 1535 3786 1608; baseline 0.004 -21"><span class='ocrx_word' id='word_1_216' title='bbox 2211 1542 2362 1588; x_wconf 88' lang='lat' dir='ltr'><strong>tanto</strong></span> <span class='ocrx_word' id='word_1_217' title='bbox 2392 1535 2604 1602; x_wconf 88' lang='lat' dir='ltr'><strong>melius,</strong></span> <span class='ocrx_word' id='word_1_218' title='bbox 2641 1546 2845 1606; x_wconf 90' lang='lat' dir='ltr'><strong>quanto</strong></span> <span class='ocrx_word' id='word_1_219' title='bbox 2891 1538 3007 1606; x_wconf 82' lang='lat' dir='ltr'><strong>ipse</strong></span> <span class='ocrx_word' id='word_1_220' title='bbox 3035 1541 3210 1594; x_wconf 78' lang='lat' dir='ltr'><strong>minus</strong></span> <span class='ocrx_word' id='word_1_221' title='bbox 3239 1538 3506 1608; x_wconf 89' lang='lat' dir='ltr'><strong>obligatus</strong></span> <span class='ocrx_word' id='word_1_222' title='bbox 3546 1550 3635 1595; x_wconf 86' lang='lat' dir='ltr'><strong>est</strong></span> <span class='ocrx_word' id='word_1_223' title='bbox 3672 1553 3786 1594; x_wconf 86' lang='lat' dir='ltr'><strong>tem-</strong></span> 
     </span>
    </p>
   </div>
   <div class='ocr_carea' id='block_1_31' title="bbox 2216 1627 3786 1702">
    <p class='ocr_par' dir='ltr' id='par_1_31' title="bbox 2216 1627 3786 1702">
     <span class='ocr_line' id='line_1_31' title="bbox 2216 1627 3786 1702; baseline 0.004 -22"><span class='ocrx_word' id='word_1_224' title='bbox 2216 1628 2356 1695; x_wconf 92' lang='lat' dir='ltr'><strong>pori.</strong></span> <span class='ocrx_word' id='word_1_225' title='bbox 2387 1627 2518 1682; x_wconf 89' lang='lat' dir='ltr'><strong>Cum</strong></span> <span class='ocrx_word' id='word_1_226' title='bbox 2542 1628 2720 1699; x_wconf 85' lang='lat' dir='ltr'><strong>itaque</strong></span> <span class='ocrx_word' id='word_1_227' title='bbox 2752 1630 2999 1685; x_wconf 92' lang='lat' dir='ltr'><strong>omnibus</strong></span> <span class='ocrx_word' id='word_1_228' title='bbox 3030 1645 3164 1700; x_wconf 88' lang='lat' dir='ltr'><strong>quos</strong></span> <span class='ocrx_word' id='word_1_229' title='bbox 3204 1631 3408 1699; x_wconf 89' lang='lat' dir='ltr'><strong>pariter</strong></span> <span class='ocrx_word' id='word_1_230' title='bbox 3463 1630 3644 1702; x_wconf 78' lang='lat' dir='ltr'><strong>diligit</strong></span> <span class='ocrx_word' id='word_1_231' title='bbox 3685 1645 3786 1699; x_wconf 87' lang='lat' dir='ltr'><strong>pro-</strong></span> 
     </span>
    </p>
   </div>
   <div class='ocr_carea' id='block_1_32' title="bbox 2209 1715 3784 1791">
    <p class='ocr_par' dir='ltr' id='par_1_32' title="bbox 2209 1715 3784 1791">
     <span class='ocr_line' id='line_1_32' title="bbox 2209 1715 3784 1791; baseline 0.004 -21"><span class='ocrx_word' id='word_1_232' title='bbox 2209 1715 2368 1773; x_wconf 83' lang='lat' dir='ltr'><strong>desse</strong></span> <span class='ocrx_word' id='word_1_233' title='bbox 2394 1733 2496 1773; x_wconf 92' lang='lat' dir='ltr'><strong>non</strong></span> <span class='ocrx_word' id='word_1_234' title='bbox 2527 1720 2717 1789; x_wconf 89' lang='lat' dir='ltr'><strong>possit,</strong></span> <span class='ocrx_word' id='word_1_235' title='bbox 2744 1722 2844 1776; x_wconf 92' lang='lat' dir='ltr'><strong>nisi</strong></span> <span class='ocrx_word' id='word_1_236' title='bbox 2866 1720 3324 1790; x_wconf 89' lang='lat' dir='ltr'><strong>conjunctioribus</strong></span> <span class='ocrx_word' id='word_1_237' title='bbox 3347 1723 3617 1791; x_wconf 85' lang='lat' dir='ltr'><strong>prodesse</strong></span> <span class='ocrx_word' id='word_1_238' title='bbox 3638 1724 3784 1786; x_wconf 85' lang='lat' dir='ltr'><strong>malit,</strong></span> 
     </span>
    </p>
   </div>
   <div class='ocr_carea' id='block_1_33' title="bbox 512 1806 3784 1888">
    <p class='ocr_par' dir='ltr' id='par_1_33' title="bbox 512 1806 3784 1888">
     <span class='ocr_line' id='line_1_33' title="bbox 512 1806 3784 1888; baseline 0 -18"><span class='ocrx_word' id='word_1_239' title='bbox 512 1814 616 1871; x_wconf 88' lang='lat' dir='ltr'><strong>hoc</strong></span> <span class='ocrx_word' id='word_1_240' title='bbox 641 1817 801 1871; x_wconf 88' lang='lat' dir='ltr'><strong>etiam</strong></span> <span class='ocrx_word' id='word_1_241' title='bbox 834 1819 973 1886; x_wconf 92' lang='lat' dir='ltr'><strong>quod</strong></span> <span class='ocrx_word' id='word_1_242' title='bbox 1004 1827 1329 1888; x_wconf 57' lang='lat' dir='ltr'><strong>praeceptum</strong></span> <span class='ocrx_word' id='word_1_243' title='bbox 1356 1828 1473 1874; x_wconf 89' lang='lat' dir='ltr'><strong>est:</strong></span> <span class='ocrx_word' id='word_1_244' title='bbox 1506 1819 1583 1875; x_wconf 86' lang='lat' dir='ltr'><strong>Ne</strong></span> <span class='ocrx_word' id='word_1_245' title='bbox 1609 1819 1960 1887; x_wconf 79' lang='lat' dir='ltr'><strong>concupiscas</strong></span> <span class='ocrx_word' id='word_1_246' title='bbox 1984 1834 2098 1875; x_wconf 74' lang='lat' dir='ltr'><strong>rem</strong></span> <span class='ocrx_word' id='word_1_247' title='bbox 2131 1806 2178 1870; x_wconf 83' lang='lat' dir='ltr'><strong>B</strong></span> <span class='ocrx_word' id='word_1_248' title='bbox 2206 1810 2436 1881; x_wconf 91' lang='lat' dir='ltr'><strong>injustus</strong></span> <span class='ocrx_word' id='word_1_249' title='bbox 2459 1821 2563 1868; x_wconf 91' lang='lat' dir='ltr'><strong>est.</strong></span> <span class='ocrx_word' id='word_1_250' title='bbox 2589 1813 2768 1868; x_wconf 85' lang='lat' dir='ltr'><strong>Animi</strong></span> <span class='ocrx_word' id='word_1_251' title='bbox 2799 1826 2978 1870; x_wconf 87' lang='lat' dir='ltr'><strong>autem</strong></span> <span class='ocrx_word' id='word_1_252' title='bbox 3001 1816 3312 1886; x_wconf 90' lang='lat' dir='ltr'><strong>conjunctio</strong></span> <span class='ocrx_word' id='word_1_253' title='bbox 3342 1815 3518 1885; x_wconf 84' lang='lat' dir='ltr'><strong>major</strong></span> <span class='ocrx_word' id='word_1_254' title='bbox 3539 1826 3628 1872; x_wconf 88' lang='lat' dir='ltr'><strong>est</strong></span> <span class='ocrx_word' id='word_1_255' title='bbox 3646 1831 3784 1885; x_wconf 85' lang='lat' dir='ltr'><strong>quam</strong></span> 
     </span>
    </p>
   </div>
   <div class='ocr_carea' id='block_1_34' title="bbox 512 1907 2098 1981">
    <p class='ocr_par' dir='ltr' id='par_1_34' title="bbox 512 1907 2098 1981">
     <span class='ocr_line' id='line_1_34' title="bbox 512 1907 2098 1981; baseline 0.004 -19"><span class='ocrx_word' id='word_1_256' title='bbox 512 1907 746 1978; x_wconf 84' lang='lat' dir='ltr'><strong>proximi</strong></span> <span class='ocrx_word' id='word_1_257' title='bbox 771 1909 847 1962; x_wconf 92' lang='lat' dir='ltr'><strong>tui</strong></span> <span class='ocrx_word' id='word_1_258' title='bbox 870 1925 884 1973; x_wconf 88' lang='lat'><strong>;</strong></span> <span class='ocrx_word' id='word_1_259' title='bbox 906 1919 1230 1980; x_wconf 85' lang='lat' dir='ltr'><strong>quapropter</strong></span> <span class='ocrx_word' id='word_1_260' title='bbox 1253 1912 1494 1981; x_wconf 91' lang='lat' dir='ltr'><strong>quisquis</strong></span> <span class='ocrx_word' id='word_1_261' title='bbox 1515 1911 1567 1965; x_wconf 92' lang='lat' dir='ltr'><strong>in</strong></span> <span class='ocrx_word' id='word_1_262' title='bbox 1593 1913 1836 1981; x_wconf 80' lang='lat' dir='ltr'><strong>proximo</strong></span> <span class='ocrx_word' id='word_1_263' title='bbox 1850 1913 1994 1968; x_wconf 86' lang='lat' dir='ltr'><strong>aliud</strong></span> <span class='ocrx_word' id='word_1_264' title='bbox 2016 1913 2098 1969; x_wconf 90' lang='lat' dir='ltr'><strong>di-</strong></span> 
     </span>
    </p>
   </div>
   <div class='ocr_carea' id='block_1_35' title="bbox 510 2000 2096 2076">
    <p class='ocr_par' dir='ltr' id='par_1_35' title="bbox 510 2000 2096 2076">
     <span class='ocr_line' id='line_1_35' title="bbox 510 2000 2096 2076; baseline 0.005 -23"><span class='ocrx_word' id='word_1_265' title='bbox 510 2000 801 2069; x_wconf 90' lang='lat' dir='ltr'><strong>ligitquam</strong></span> <span class='ocrx_word' id='word_1_266' title='bbox 821 2001 923 2055; x_wconf 88' lang='lat' dir='ltr'><strong>sibi</strong></span> <span class='ocrx_word' id='word_1_267' title='bbox 944 2002 1059 2072; x_wconf 90' lang='lat' dir='ltr'><strong>ipse</strong></span> <span class='ocrx_word' id='word_1_268' title='bbox 1075 2011 1178 2070; x_wconf 88' lang='lat' dir='ltr'><strong>est,</strong></span> <span class='ocrx_word' id='word_1_269' title='bbox 1203 2019 1309 2058; x_wconf 92' lang='lat' dir='ltr'><strong>non</strong></span> <span class='ocrx_word' id='word_1_270' title='bbox 1329 2020 1451 2058; x_wconf 90' lang='lat' dir='ltr'><strong>eum</strong></span> <span class='ocrx_word' id='word_1_271' title='bbox 1475 2004 1646 2076; x_wconf 83' lang='lat' dir='ltr'><strong>diligit</strong></span> <span class='ocrx_word' id='word_1_272' title='bbox 1681 2015 1931 2073; x_wconf 85' lang='lat' dir='ltr'><strong>tanquam</strong></span> <span class='ocrx_word' id='word_1_273' title='bbox 1953 2006 2096 2076; x_wconf 79' lang='lat' dir='ltr'><strong>seip-</strong></span> 
     </span>
    </p>
   </div>
   <div class='ocr_carea' id='block_1_36' title="bbox 509 2092 2096 2162">
    <p class='ocr_par' dir='ltr' id='par_1_36' title="bbox 509 2092 2096 2162">
     <span class='ocr_line' id='line_1_36' title="bbox 509 2092 2096 2162; baseline 0.004 -16"><span class='ocrx_word' id='word_1_274' title='bbox 509 2106 629 2146; x_wconf 88' lang='lat' dir='ltr'><strong>sum</strong></span> <span class='ocrx_word' id='word_1_275' title='bbox 651 2110 665 2159; x_wconf 88' lang='lat'><strong>;</strong></span> <span class='ocrx_word' id='word_1_276' title='bbox 693 2093 805 2162; x_wconf 89' lang='lat' dir='ltr'><strong>ipsa</strong></span> <span class='ocrx_word' id='word_1_277' title='bbox 832 2092 994 2162; x_wconf 81' lang='lat' dir='ltr'><strong>igitur</strong></span> <span class='ocrx_word' id='word_1_278' title='bbox 1011 2103 1202 2150; x_wconf 90' lang='lat' dir='ltr'><strong>natura</strong></span> <span class='ocrx_word' id='word_1_279' title='bbox 1224 2095 1454 2150; x_wconf 89' lang='lat' dir='ltr'><strong>humana</strong></span> <span class='ocrx_word' id='word_1_280' title='bbox 1475 2098 1592 2152; x_wconf 88' lang='lat' dir='ltr'><strong>sine</strong></span> <span class='ocrx_word' id='word_1_281' title='bbox 1616 2097 1816 2151; x_wconf 89' lang='lat' dir='ltr'><strong>carnali</strong></span> <span class='ocrx_word' id='word_1_282' title='bbox 1841 2098 2096 2153; x_wconf 91' lang='lat' dir='ltr'><strong>conditio-</strong></span> 
     </span>
    </p>
   </div>
   <div class='ocr_carea' id='block_1_37' title="bbox 505 2187 2089 2261">
    <p class='ocr_par' dir='ltr' id='par_1_37' title="bbox 505 2187 2089 2261">
     <span class='ocr_line' id='line_1_37' title="bbox 505 2187 2089 2261; baseline 0.001 -17"><span class='ocrx_word' id='word_1_283' title='bbox 505 2201 574 2244; x_wconf 88' lang='lat' dir='ltr'><strong>ne</strong></span> <span class='ocrx_word' id='word_1_284' title='bbox 593 2187 864 2257; x_wconf 85' lang='lat' dir='ltr'><strong>diligeuda</strong></span> <span class='ocrx_word' id='word_1_285' title='bbox 902 2199 1009 2254; x_wconf 91' lang='lat' dir='ltr'><strong>est,</strong></span> <span class='ocrx_word' id='word_1_286' title='bbox 1043 2188 1157 2244; x_wconf 90' lang='lat' dir='ltr'><strong>sive</strong></span> <span class='ocrx_word' id='word_1_287' title='bbox 1195 2189 1266 2244; x_wconf 88' lang='lat' dir='ltr'><strong>sit</strong></span> <span class='ocrx_word' id='word_1_288' title='bbox 1307 2190 1653 2258; x_wconf 85' lang='lat' dir='ltr'><strong>perﬁcienda,</strong></span> <span class='ocrx_word' id='word_1_289' title='bbox 1685 2191 1798 2246; x_wconf 88' lang='lat' dir='ltr'><strong>sive</strong></span> <span class='ocrx_word' id='word_1_290' title='bbox 1831 2192 2089 2261; x_wconf 83' lang='lat' dir='ltr'><strong>perfecta.</strong></span> 
     </span>
    </p>
   </div>
   <div class='ocr_carea' id='block_1_38' title="bbox 504 2278 2101 2353">
    <p class='ocr_par' dir='ltr' id='par_1_38' title="bbox 504 2278 2101 2353">
     <span class='ocr_line' id='line_1_38' title="bbox 504 2278 2101 2353; baseline 0.004 -18"><span class='ocrx_word' id='word_1_291' title='bbox 504 2278 705 2336; x_wconf 87' lang='lat' dir='ltr'><strong>Omnes</strong></span> <span class='ocrx_word' id='word_1_292' title='bbox 717 2282 817 2335; x_wconf 93' lang='lat' dir='ltr'><strong>sub</strong></span> <span class='ocrx_word' id='word_1_293' title='bbox 832 2296 938 2335; x_wconf 91' lang='lat' dir='ltr'><strong>uno</strong></span> <span class='ocrx_word' id='word_1_294' title='bbox 951 2281 1061 2336; x_wconf 91' lang='lat' dir='ltr'><strong>Deo</strong></span> <span class='ocrx_word' id='word_1_295' title='bbox 1080 2290 1230 2352; x_wconf 89' lang='lat' dir='ltr'><strong>patre</strong></span> <span class='ocrx_word' id='word_1_296' title='bbox 1250 2284 1462 2351; x_wconf 80' lang='lat' dir='ltr'><strong>cognati</strong></span> <span class='ocrx_word' id='word_1_297' title='bbox 1477 2285 1706 2353; x_wconf 90' lang='lat' dir='ltr'><strong>suntqui</strong></span> <span class='ocrx_word' id='word_1_298' title='bbox 1728 2299 1849 2339; x_wconf 92' lang='lat' dir='ltr'><strong>eum</strong></span> <span class='ocrx_word' id='word_1_299' title='bbox 1863 2285 2101 2353; x_wconf 76' lang='lat' dir='ltr'><strong>diligunt</strong></span> 
     </span>
    </p>
   </div>
   <div class='ocr_carea' id='block_1_39' title="bbox 501 2382 2090 2453">
    <p class='ocr_par' dir='ltr' id='par_1_39' title="bbox 501 2382 2090 2453">
     <span class='ocr_line' id='line_1_39' title="bbox 501 2382 2090 2453; baseline 0.003 -14"><span class='ocrx_word' id='word_1_300' title='bbox 501 2391 557 2439; x_wconf 88' lang='lat' dir='ltr'><strong>et</strong></span> <span class='ocrx_word' id='word_1_301' title='bbox 582 2384 780 2438; x_wconf 90' lang='lat' dir='ltr'><strong>faciunt</strong></span> <span class='ocrx_word' id='word_1_302' title='bbox 802 2383 1130 2439; x_wconf 84' lang='lat' dir='ltr'><strong>voluntatem</strong></span> <span class='ocrx_word' id='word_1_303' title='bbox 1167 2382 1358 2453; x_wconf 86' lang='lat' dir='ltr'><strong>ipsius,</strong></span> <span class='ocrx_word' id='word_1_304' title='bbox 1382 2393 1436 2439; x_wconf 88' lang='lat' dir='ltr'><strong>et</strong></span> <span class='ocrx_word' id='word_1_305' title='bbox 1457 2383 1687 2440; x_wconf 85' lang='lat' dir='ltr'><strong>invicem</strong></span> <span class='ocrx_word' id='word_1_306' title='bbox 1709 2385 1811 2440; x_wconf 89' lang='lat' dir='ltr'><strong>sibi</strong></span> <span class='ocrx_word' id='word_1_307' title='bbox 1835 2398 1957 2442; x_wconf 89' lang='lat' dir='ltr'><strong>sunt</strong></span> <span class='ocrx_word' id='word_1_308' title='bbox 1987 2427 2003 2453; x_wconf 95' lang='lat'><strong>,</strong></span> <span class='ocrx_word' id='word_1_309' title='bbox 2037 2399 2090 2443; x_wconf 92' lang='lat' dir='ltr'><strong>et</strong></span> 
     </span>
    </p>
   </div>
   <div class='ocr_carea' id='block_1_40' title="bbox 500 2483 2091 2559">
    <p class='ocr_par' dir='ltr' id='par_1_40' title="bbox 500 2483 2091 2559">
     <span class='ocr_line' id='line_1_40' title="bbox 500 2483 2091 2559; baseline 0.007 -23"><span class='ocrx_word' id='word_1_310' title='bbox 500 2490 680 2554; x_wconf 87' lang='lat' dir='ltr'><strong>patres</strong></span> <span class='ocrx_word' id='word_1_311' title='bbox 707 2497 828 2538; x_wconf 91' lang='lat' dir='ltr'><strong>cum</strong></span> <span class='ocrx_word' id='word_1_312' title='bbox 851 2483 954 2538; x_wconf 85' lang='lat' dir='ltr'><strong>sibi</strong></span> <span class='ocrx_word' id='word_1_313' title='bbox 987 2484 1298 2551; x_wconf 88' lang='lat' dir='ltr'><strong>consulunt,</strong></span> <span class='ocrx_word' id='word_1_314' title='bbox 1333 2494 1387 2539; x_wconf 91' lang='lat' dir='ltr'><strong>et</strong></span> <span class='ocrx_word' id='word_1_315' title='bbox 1415 2484 1511 2540; x_wconf 88' lang='lat' dir='ltr'><strong>ﬁlii</strong></span> <span class='ocrx_word' id='word_1_316' title='bbox 1537 2500 1658 2542; x_wconf 88' lang='lat' dir='ltr'><strong>cum</strong></span> <span class='ocrx_word' id='word_1_317' title='bbox 1688 2486 1788 2541; x_wconf 89' lang='lat' dir='ltr'><strong>sibi</strong></span> <span class='ocrx_word' id='word_1_318' title='bbox 1809 2488 2091 2559; x_wconf 88' lang='lat' dir='ltr'><strong>obtempe-</strong></span> 
     </span>
    </p>
   </div>
   <div class='ocr_carea' id='block_1_41' title="bbox 501 2576 2088 2648">
    <p class='ocr_par' dir='ltr' id='par_1_41' title="bbox 501 2576 2088 2648">
     <span class='ocr_line' id='line_1_41' title="bbox 501 2576 2088 2648; baseline 0.004 -18"><span class='ocrx_word' id='word_1_319' title='bbox 501 2585 646 2642; x_wconf 89' lang='lat' dir='ltr'><strong>rant,</strong></span> <span class='ocrx_word' id='word_1_320' title='bbox 671 2577 773 2648; x_wconf 75' lang='grc' dir='ltr'><strong>ιθ</strong></span> <span class='ocrx_word' id='word_1_321' title='bbox 785 2583 840 2631; x_wconf 92' lang='lat' dir='ltr'><strong>et</strong></span> <span class='ocrx_word' id='word_1_322' title='bbox 859 2576 1053 2632; x_wconf 87' lang='lat' dir='ltr'><strong>fratres</strong></span> <span class='ocrx_word' id='word_1_323' title='bbox 1067 2577 1321 2640; x_wconf 81' lang='lat' dir='ltr'><strong>maxime,</strong></span> <span class='ocrx_word' id='word_1_324' title='bbox 1338 2577 1459 2647; x_wconf 91' lang='lat' dir='ltr'><strong>quia</strong></span> <span class='ocrx_word' id='word_1_325' title='bbox 1477 2592 1570 2634; x_wconf 86' lang='lat' dir='ltr'><strong>eos</strong></span> <span class='ocrx_word' id='word_1_326' title='bbox 1594 2594 1733 2633; x_wconf 87' lang='lat' dir='ltr'><strong>unus</strong></span> <span class='ocrx_word' id='word_1_327' title='bbox 1750 2589 1901 2648; x_wconf 90' lang='lat' dir='ltr'><strong>pater</strong></span> <span class='ocrx_word' id='word_1_328' title='bbox 1926 2591 2088 2638; x_wconf 86' lang='lat' dir='ltr'><strong>testa-</strong></span> 
     </span>
    </p>
   </div>
   <div class='ocr_carea' id='block_1_42' title="bbox 505 2669 2090 2743">
    <p class='ocr_par' dir='ltr' id='par_1_42' title="bbox 505 2669 2090 2743">
     <span class='ocr_line' id='line_1_42' title="bbox 505 2669 2090 2743; baseline 0.006 -22"><span class='ocrx_word' id='word_1_329' title='bbox 505 2677 690 2723; x_wconf 91' lang='lat' dir='ltr'><strong>mento</strong></span> <span class='ocrx_word' id='word_1_330' title='bbox 713 2683 813 2724; x_wconf 91' lang='lat' dir='ltr'><strong>suo</strong></span> <span class='ocrx_word' id='word_1_331' title='bbox 843 2669 908 2723; x_wconf 91' lang='lat' dir='ltr'><strong>ad</strong></span> <span class='ocrx_word' id='word_1_332' title='bbox 939 2685 1100 2725; x_wconf 90' lang='lat' dir='ltr'><strong>unam</strong></span> <span class='ocrx_word' id='word_1_333' title='bbox 1134 2669 1508 2725; x_wconf 70' lang='lat' dir='ltr'><strong>haereditatem</strong></span> <span class='ocrx_word' id='word_1_334' title='bbox 1550 2679 1722 2726; x_wconf 83' lang='lat' dir='ltr'><strong>vocat.</strong></span> <span class='ocrx_word' id='word_1_335' title='bbox 1753 2671 2090 2743; x_wconf 80' lang='lat' dir='ltr'><strong>Quapropter</strong></span> 
     </span>
    </p>
   </div>
   <div class='ocr_carea' id='block_1_43' title="bbox 498 2762 2085 2834">
    <p class='ocr_par' dir='ltr' id='par_1_43' title="bbox 498 2762 2085 2834">
     <span class='ocr_line' id='line_1_43' title="bbox 498 2762 2085 2834; baseline 0.003 -17"><span class='ocrx_word' id='word_1_336' title='bbox 498 2776 600 2818; x_wconf 90' lang='lat' dir='ltr'><strong>cur</strong></span> <span class='ocrx_word' id='word_1_337' title='bbox 625 2764 728 2818; x_wconf 90' lang='lat' dir='ltr'><strong>iste</strong></span> <span class='ocrx_word' id='word_1_338' title='bbox 754 2777 860 2819; x_wconf 92' lang='lat' dir='ltr'><strong>non</strong></span> <span class='ocrx_word' id='word_1_339' title='bbox 890 2764 958 2818; x_wconf 88' lang='lat' dir='ltr'><strong>sit</strong></span> <span class='ocrx_word' id='word_1_340' title='bbox 987 2763 1219 2818; x_wconf 86' lang='lat' dir='ltr'><strong>invictus</strong></span> <span class='ocrx_word' id='word_1_341' title='bbox 1245 2762 1517 2818; x_wconf 87' lang='lat' dir='ltr'><strong>hominem</strong></span> <span class='ocrx_word' id='word_1_342' title='bbox 1554 2763 1846 2834; x_wconf 88' lang='lat' dir='ltr'><strong>diligendo,</strong></span> <span class='ocrx_word' id='word_1_343' title='bbox 1879 2779 2000 2821; x_wconf 90' lang='lat' dir='ltr'><strong>cum</strong></span> <span class='ocrx_word' id='word_1_344' title='bbox 2028 2765 2085 2821; x_wconf 92' lang='lat' dir='ltr'><strong>in</strong></span> 
     </span>
    </p>
   </div>
   <div class='ocr_carea' id='block_1_44' title="bbox 496 2855 2084 2926">
    <p class='ocr_par' dir='ltr' id='par_1_44' title="bbox 496 2855 2084 2926">
     <span class='ocr_line' id='line_1_44' title="bbox 496 2855 2084 2926; baseline 0.002 -15"><span class='ocrx_word' id='word_1_345' title='bbox 496 2869 566 2911; x_wconf 89' lang='lat' dir='ltr'><strong>eo</strong></span> <span class='ocrx_word' id='word_1_346' title='bbox 594 2855 728 2910; x_wconf 90' lang='lat' dir='ltr'><strong>nihil</strong></span> <span class='ocrx_word' id='word_1_347' title='bbox 762 2864 957 2925; x_wconf 77' lang='lat' dir='ltr'><strong>przeter</strong></span> <span class='ocrx_word' id='word_1_348' title='bbox 988 2856 1262 2912; x_wconf 86' lang='lat' dir='ltr'><strong>hominem</strong></span> <span class='ocrx_word' id='word_1_349' title='bbox 1300 2856 1504 2926; x_wconf 89' lang='lat' dir='ltr'><strong>diligat,</strong></span> <span class='ocrx_word' id='word_1_350' title='bbox 1538 2855 1590 2910; x_wconf 89' lang='lat' dir='ltr'><strong>id</strong></span> <span class='ocrx_word' id='word_1_351' title='bbox 1628 2865 1730 2922; x_wconf 87' lang='lat' dir='ltr'><strong>est,</strong></span> <span class='ocrx_word' id='word_1_352' title='bbox 1779 2867 2084 2914; x_wconf 70' lang='lat' dir='ltr'><strong>creatura-</strong></span> 
     </span>
    </p>
   </div>
   <div class='ocr_carea' id='block_1_45' title="bbox 496 2951 2083 3024">
    <p class='ocr_par' dir='ltr' id='par_1_45' title="bbox 496 2951 2083 3024">
     <span class='ocr_line' id='line_1_45' title="bbox 496 2951 2083 3024; baseline 0.003 -17"><span class='ocrx_word' id='word_1_353' title='bbox 496 2951 616 3020; x_wconf 92' lang='lat' dir='ltr'><strong>Dei,</strong></span> <span class='ocrx_word' id='word_1_354' title='bbox 643 2953 709 3008; x_wconf 90' lang='lat' dir='ltr'><strong>ad</strong></span> <span class='ocrx_word' id='word_1_355' title='bbox 735 2953 851 3024; x_wconf 89' lang='lat' dir='ltr'><strong>ejus</strong></span> <span class='ocrx_word' id='word_1_356' title='bbox 885 2954 1173 3023; x_wconf 90' lang='lat' dir='ltr'><strong>imaginem</strong></span> <span class='ocrx_word' id='word_1_357' title='bbox 1203 2954 1422 3021; x_wconf 88' lang='lat' dir='ltr'><strong>factam,</strong></span> <span class='ocrx_word' id='word_1_358' title='bbox 1455 2967 1557 3008; x_wconf 90' lang='lat' dir='ltr'><strong>nec</strong></span> <span class='ocrx_word' id='word_1_359' title='bbox 1580 2954 1632 3008; x_wconf 90' lang='lat' dir='ltr'><strong>ei</strong></span> <span class='ocrx_word' id='word_1_360' title='bbox 1675 2956 1841 3022; x_wconf 90' lang='lat' dir='ltr'><strong>possit</strong></span> <span class='ocrx_word' id='word_1_361' title='bbox 1887 2955 2083 3011; x_wconf 86' lang='lat' dir='ltr'><strong>deesse</strong></span> 
     </span>
    </p>
   </div>
   <div class='ocr_carea' id='block_1_46' title="bbox 495 3045 2083 3116">
    <p class='ocr_par' dir='ltr' id='par_1_46' title="bbox 495 3045 2083 3116">
     <span class='ocr_line' id='line_1_46' title="bbox 495 3045 2083 3116; baseline 0 -16"><span class='ocrx_word' id='word_1_362' title='bbox 495 3045 731 3115; x_wconf 88' lang='lat' dir='ltr'><strong>perfecta</strong></span> <span class='ocrx_word' id='word_1_363' title='bbox 764 3055 952 3100; x_wconf 89' lang='lat' dir='ltr'><strong>natura</strong></span> <span class='ocrx_word' id='word_1_364' title='bbox 981 3061 1142 3115; x_wconf 88' lang='lat' dir='ltr'><strong>quam</strong></span> <span class='ocrx_word' id='word_1_365' title='bbox 1172 3046 1345 3116; x_wconf 86' lang='lat' dir='ltr'><strong>diligit</strong></span> <span class='ocrx_word' id='word_1_366' title='bbox 1370 3059 1490 3100; x_wconf 90' lang='lat' dir='ltr'><strong>cum</strong></span> <span class='ocrx_word' id='word_1_367' title='bbox 1517 3046 1634 3113; x_wconf 82' lang='lat' dir='ltr'><strong>ipse</strong></span> <span class='ocrx_word' id='word_1_368' title='bbox 1663 3046 1930 3115; x_wconf 87' lang='lat' dir='ltr'><strong>perfectus</strong></span> <span class='ocrx_word' id='word_1_369' title='bbox 1959 3045 2083 3103; x_wconf 74' lang='lat' dir='ltr'><strong>est?</strong></span> 
     </span>
    </p>
   </div>
   <div class='ocr_carea' id='block_1_47' title="bbox 493 3137 2152 3232">
    <p class='ocr_par' dir='ltr' id='par_1_47' title="bbox 493 3137 2152 3232">
     <span class='ocr_line' id='line_1_47' title="bbox 493 3137 2152 3232; baseline 0.001 -38"><span class='ocrx_word' id='word_1_370' title='bbox 493 3137 646 3195; x_wconf 89' lang='lat' dir='ltr'><strong>Sicut</strong></span> <span class='ocrx_word' id='word_1_371' title='bbox 675 3141 842 3208; x_wconf 89' lang='lat' dir='ltr'><strong>enim,</strong></span> <span class='ocrx_word' id='word_1_372' title='bbox 865 3140 1016 3196; x_wconf 88' lang='lat' dir='ltr'><strong>verbi</strong></span> <span class='ocrx_word' id='word_1_373' title='bbox 1052 3140 1243 3211; x_wconf 88' lang='lat' dir='ltr'><strong>gratia,</strong></span> <span class='ocrx_word' id='word_1_374' title='bbox 1273 3138 1646 3232; x_wconf 12' lang='lat' dir='ltr'><strong>sirquisquam</strong></span> <span class='ocrx_word' id='word_1_375' title='bbox 1693 3139 1883 3209; x_wconf 86' lang='lat' dir='ltr'><strong>diligat</strong></span> <span class='ocrx_word' id='word_1_376' title='bbox 1936 3141 2076 3232; x_wconf 81' lang='lat' dir='ltr'><strong>bene</strong></span> <span class='ocrx_word' id='word_1_377' title='bbox 2103 3169 2152 3232; x_wconf 68' lang='grc' dir='ltr'>ο</span> 
     </span>
    </p>
   </div>
   <div class='ocr_carea' id='block_1_48' title="bbox 492 3229 2078 3298">
    <p class='ocr_par' dir='ltr' id='par_1_48' title="bbox 492 3229 2078 3298">
     <span class='ocr_line' id='line_1_48' title="bbox 492 3229 2078 3298; baseline 0 -12"><span class='ocrx_word' id='word_1_378' title='bbox 492 3240 818 3298; x_wconf 85' lang='lat' dir='ltr'><strong>cantantem,</strong></span> <span class='ocrx_word' id='word_1_379' title='bbox 866 3245 972 3287; x_wconf 88' lang='lat' dir='ltr'><strong>non</strong></span> <span class='ocrx_word' id='word_1_380' title='bbox 1002 3232 1166 3298; x_wconf 87' lang='lat' dir='ltr'><strong>hunc,</strong></span> <span class='ocrx_word' id='word_1_381' title='bbox 1198 3240 1290 3286; x_wconf 87' lang='lat' dir='ltr'><strong>aut</strong></span> <span class='ocrx_word' id='word_1_382' title='bbox 1330 3231 1501 3296; x_wconf 89' lang='lat' dir='ltr'><strong>illum,</strong></span> <span class='ocrx_word' id='word_1_383' title='bbox 1541 3229 1640 3285; x_wconf 89' lang='lat' dir='ltr'><strong>sed</strong></span> <span class='ocrx_word' id='word_1_384' title='bbox 1685 3236 1888 3284; x_wconf 90' lang='lat' dir='ltr'><strong>tantum</strong></span> <span class='ocrx_word' id='word_1_385' title='bbox 1940 3229 2078 3286; x_wconf 81' lang='lat' dir='ltr'><strong>bene</strong></span> 
     </span>
    </p>
   </div>
   <div class='ocr_carea' id='block_1_49' title="bbox 492 3320 2077 3397">
    <p class='ocr_par' dir='ltr' id='par_1_49' title="bbox 492 3320 2077 3397">
     <span class='ocr_line' id='line_1_49' title="bbox 492 3320 2077 3397; baseline -0.001 -17"><span class='ocrx_word' id='word_1_386' title='bbox 492 3335 799 3382; x_wconf 86' lang='lat' dir='ltr'><strong>cantantem</strong></span> <span class='ocrx_word' id='word_1_387' title='bbox 825 3325 1144 3397; x_wconf 89' lang='lat' dir='ltr'><strong>quemlibet,</strong></span> <span class='ocrx_word' id='word_1_388' title='bbox 1174 3339 1295 3380; x_wconf 90' lang='lat' dir='ltr'><strong>cum</strong></span> <span class='ocrx_word' id='word_1_389' title='bbox 1323 3324 1393 3379; x_wconf 87' lang='lat' dir='ltr'><strong>sit</strong></span> <span class='ocrx_word' id='word_1_390' title='bbox 1420 3332 1666 3379; x_wconf 86' lang='lat' dir='ltr'><strong>cantator</strong></span> <span class='ocrx_word' id='word_1_391' title='bbox 1706 3320 1935 3397; x_wconf 89' lang='lat' dir='ltr'><strong>[cantor]</strong></span> <span class='ocrx_word' id='word_1_392' title='bbox 1963 3323 2077 3394; x_wconf 88' lang='lat' dir='ltr'><strong>ipse</strong></span> 
     </span>
    </p>
   </div>
   <div class='ocr_carea' id='block_1_50' title="bbox 492 3415 2075 3487">
    <p class='ocr_par' dir='ltr' id='par_1_50' title="bbox 492 3415 2075 3487">
     <span class='ocr_line' id='line_1_50' title="bbox 492 3415 2075 3487; baseline -0.002 -15"><span class='ocrx_word' id='word_1_393' title='bbox 492 3416 793 3487; x_wconf 88' lang='lat' dir='ltr'><strong>perfectus;</strong></span> <span class='ocrx_word' id='word_1_394' title='bbox 828 3418 900 3472; x_wconf 88' lang='lat' dir='ltr'><strong>ita</strong></span> <span class='ocrx_word' id='word_1_395' title='bbox 928 3417 1043 3473; x_wconf 87' lang='lat' dir='ltr'><strong>vult</strong></span> <span class='ocrx_word' id='word_1_396' title='bbox 1068 3430 1257 3471; x_wconf 89' lang='lat' dir='ltr'><strong>omnes</strong></span> <span class='ocrx_word' id='word_1_397' title='bbox 1281 3415 1413 3470; x_wconf 87' lang='lat' dir='ltr'><strong>tales</strong></span> <span class='ocrx_word' id='word_1_398' title='bbox 1439 3427 1581 3481; x_wconf 86' lang='lat' dir='ltr'><strong>esse,</strong></span> <span class='ocrx_word' id='word_1_399' title='bbox 1608 3424 1663 3469; x_wconf 86' lang='lat' dir='ltr'><strong>ut</strong></span> <span class='ocrx_word' id='word_1_400' title='bbox 1689 3424 1865 3471; x_wconf 88' lang='lat' dir='ltr'><strong>tamen</strong></span> <span class='ocrx_word' id='word_1_401' title='bbox 1899 3416 1947 3470; x_wconf 86' lang='lat' dir='ltr'><strong>ei</strong></span> <span class='ocrx_word' id='word_1_402' title='bbox 1969 3429 2075 3471; x_wconf 88' lang='lat' dir='ltr'><strong>non</strong></span> 
     </span>
    </p>
   </div>
   <div class='ocr_carea' id='block_1_51' title="bbox 487 3507 2072 3582">
    <p class='ocr_par' dir='ltr' id='par_1_51' title="bbox 487 3507 2072 3582">
     <span class='ocr_line' id='line_1_51' title="bbox 487 3507 2072 3582; baseline -0.001 -17"><span class='ocrx_word' id='word_1_403' title='bbox 487 3509 629 3565; x_wconf 89' lang='lat' dir='ltr'><strong>desit</strong></span> <span class='ocrx_word' id='word_1_404' title='bbox 672 3511 814 3581; x_wconf 91' lang='lat' dir='ltr'><strong>quod</strong></span> <span class='ocrx_word' id='word_1_405' title='bbox 843 3510 1015 3580; x_wconf 87' lang='lat' dir='ltr'><strong>diligit</strong></span> <span class='ocrx_word' id='word_1_406' title='bbox 1055 3507 1305 3582; x_wconf 88' lang='lat' dir='ltr'><strong>[diligat],</strong></span> <span class='ocrx_word' id='word_1_407' title='bbox 1345 3510 1468 3579; x_wconf 88' lang='lat' dir='ltr'><strong>quia</strong></span> <span class='ocrx_word' id='word_1_408' title='bbox 1519 3509 1634 3579; x_wconf 89' lang='lat' dir='ltr'><strong>ipse</strong></span> <span class='ocrx_word' id='word_1_409' title='bbox 1681 3508 1820 3565; x_wconf 90' lang='lat' dir='ltr'><strong>bene</strong></span> <span class='ocrx_word' id='word_1_410' title='bbox 1869 3519 2072 3564; x_wconf 88' lang='lat' dir='ltr'><strong>cantat.</strong></span> 
     </span>
    </p>
   </div>
   <div class='ocr_carea' id='block_1_52' title="bbox 488 3600 2076 3671">
    <p class='ocr_par' dir='ltr' id='par_1_52' title="bbox 488 3600 2076 3671">
     <span class='ocr_line' id='line_1_52' title="bbox 488 3600 2076 3671; baseline 0.001 -15"><span class='ocrx_word' id='word_1_411' title='bbox 488 3600 622 3656; x_wconf 80' lang='lat' dir='ltr'><strong>Nam</strong></span> <span class='ocrx_word' id='word_1_412' title='bbox 651 3601 697 3655; x_wconf 89' lang='lat' dir='ltr'><strong>si</strong></span> <span class='ocrx_word' id='word_1_413' title='bbox 724 3603 970 3671; x_wconf 89' lang='lat' dir='ltr'><strong>cuiquam</strong></span> <span class='ocrx_word' id='word_1_414' title='bbox 993 3601 1197 3657; x_wconf 87' lang='lat' dir='ltr'><strong>invidet</strong></span> <span class='ocrx_word' id='word_1_415' title='bbox 1216 3602 1354 3657; x_wconf 87' lang='lat' dir='ltr'><strong>bene</strong></span> <span class='ocrx_word' id='word_1_416' title='bbox 1382 3601 1644 3667; x_wconf 86' lang='lat' dir='ltr'><strong>cantanti,</strong></span> <span class='ocrx_word' id='word_1_417' title='bbox 1674 3617 1780 3656; x_wconf 89' lang='lat' dir='ltr'><strong>non</strong></span> <span class='ocrx_word' id='word_1_418' title='bbox 1811 3601 1920 3670; x_wconf 88' lang='lat' dir='ltr'><strong>jam</strong></span> <span class='ocrx_word' id='word_1_419' title='bbox 1943 3602 2076 3658; x_wconf 92' lang='lat' dir='ltr'><strong>illud</strong></span> 
     </span>
    </p>
   </div>
   <div class='ocr_carea' id='block_1_53' title="bbox 487 3691 2075 3764">
    <p class='ocr_par' dir='ltr' id='par_1_53' title="bbox 487 3691 2075 3764">
     <span class='ocr_line' id='line_1_53' title="bbox 487 3691 2075 3764; baseline 0.004 -19"><span class='ocrx_word' id='word_1_420' title='bbox 487 3691 681 3759; x_wconf 90' lang='lat' dir='ltr'><strong>diligit,</strong></span> <span class='ocrx_word' id='word_1_421' title='bbox 715 3693 809 3746; x_wconf 91' lang='lat' dir='ltr'><strong>sed</strong></span> <span class='ocrx_word' id='word_1_422' title='bbox 838 3703 932 3745; x_wconf 90' lang='lat' dir='ltr'><strong>aut</strong></span> <span class='ocrx_word' id='word_1_423' title='bbox 969 3693 1205 3757; x_wconf 88' lang='lat' dir='ltr'><strong>laudem,</strong></span> <span class='ocrx_word' id='word_1_424' title='bbox 1262 3703 1356 3748; x_wconf 91' lang='lat' dir='ltr'><strong>aut</strong></span> <span class='ocrx_word' id='word_1_425' title='bbox 1383 3693 1583 3763; x_wconf 90' lang='lat' dir='ltr'><strong>aliquid</strong></span> <span class='ocrx_word' id='word_1_426' title='bbox 1611 3694 1776 3758; x_wconf 87' lang='lat' dir='ltr'><strong>aliud,</strong></span> <span class='ocrx_word' id='word_1_427' title='bbox 1807 3709 1912 3764; x_wconf 91' lang='lat' dir='ltr'><strong>quo</strong></span> <span class='ocrx_word' id='word_1_428' title='bbox 1937 3695 2075 3752; x_wconf 87' lang='lat' dir='ltr'><strong>bene</strong></span> 
     </span>
    </p>
   </div>
   <div class='ocr_carea' id='block_1_54' title="bbox 487 3785 2071 3858">
    <p class='ocr_par' dir='ltr' id='par_1_54' title="bbox 487 3785 2071 3858">
     <span class='ocr_line' id='line_1_54' title="bbox 487 3785 2071 3858; baseline 0.006 -21"><span class='ocrx_word' id='word_1_429' title='bbox 487 3785 757 3839; x_wconf 89' lang='lat' dir='ltr'><strong>cantando</strong></span> <span class='ocrx_word' id='word_1_430' title='bbox 777 3786 888 3839; x_wconf 87' lang='lat' dir='ltr'><strong>vult</strong></span> <span class='ocrx_word' id='word_1_431' title='bbox 911 3788 1213 3856; x_wconf 89' lang='lat' dir='ltr'><strong>pervenire,</strong></span> <span class='ocrx_word' id='word_1_432' title='bbox 1231 3798 1284 3843; x_wconf 91' lang='lat' dir='ltr'><strong>et</strong></span> <span class='ocrx_word' id='word_1_433' title='bbox 1307 3797 1482 3858; x_wconf 88' lang='lat' dir='ltr'><strong>potest</strong></span> <span class='ocrx_word' id='word_1_434' title='bbox 1504 3788 1553 3842; x_wconf 92' lang='lat' dir='ltr'><strong>ei</strong></span> <span class='ocrx_word' id='word_1_435' title='bbox 1575 3786 1742 3842; x_wconf 90' lang='lat' dir='ltr'><strong>minui</strong></span> <span class='ocrx_word' id='word_1_436' title='bbox 1764 3790 1844 3844; x_wconf 91' lang='lat' dir='ltr'><strong>vel</strong></span> <span class='ocrx_word' id='word_1_437' title='bbox 1871 3790 2071 3847; x_wconf 88' lang='lat' dir='ltr'><strong>auferri</strong></span> 
     </span>
    </p>
   </div>
   <div class='ocr_carea' id='block_1_55' title="bbox 485 3879 2072 3951">
    <p class='ocr_par' dir='ltr' id='par_1_55' title="bbox 485 3879 2072 3951">
     <span class='ocr_line' id='line_1_55' title="bbox 485 3879 2072 3951; baseline 0.004 -17"><span class='ocrx_word' id='word_1_438' title='bbox 485 3879 532 3934; x_wconf 80' lang='lat' dir='ltr'><strong>si</strong></span> <span class='ocrx_word' id='word_1_439' title='bbox 564 3885 617 3933; x_wconf 86' lang='lat' dir='ltr'><strong>et</strong></span> <span class='ocrx_word' id='word_1_440' title='bbox 638 3879 779 3934; x_wconf 84' lang='lat' dir='ltr'><strong>allus</strong></span> <span class='ocrx_word' id='word_1_441' title='bbox 821 3880 960 3936; x_wconf 87' lang='lat' dir='ltr'><strong>bene</strong></span> <span class='ocrx_word' id='word_1_442' title='bbox 1009 3881 1326 3937; x_wconf 80' lang='lat' dir='ltr'><strong>cantaverit.</strong></span> <span class='ocrx_word' id='word_1_443' title='bbox 1355 3882 1456 3950; x_wconf 87' lang='lat' dir='ltr'><strong>Qui</strong></span> <span class='ocrx_word' id='word_1_444' title='bbox 1503 3897 1633 3951; x_wconf 85' lang='lat' dir='ltr'><strong>ergo</strong></span> <span class='ocrx_word' id='word_1_445' title='bbox 1681 3882 1885 3938; x_wconf 90' lang='lat' dir='ltr'><strong>invidet</strong></span> <span class='ocrx_word' id='word_1_446' title='bbox 1932 3884 2072 3941; x_wconf 90' lang='lat' dir='ltr'><strong>bene</strong></span> 
     </span>
    </p>
   </div>
   <div class='ocr_carea' id='block_1_56' title="bbox 483 3971 2074 4048">
    <p class='ocr_par' dir='ltr' id='par_1_56' title="bbox 483 3971 2074 4048">
     <span class='ocr_line' id='line_1_56' title="bbox 483 3971 2074 4048; baseline 0.005 -24"><span class='ocrx_word' id='word_1_447' title='bbox 483 3971 746 4037; x_wconf 84' lang='lat' dir='ltr'><strong>cantanti,</strong></span> <span class='ocrx_word' id='word_1_448' title='bbox 778 3987 884 4027; x_wconf 89' lang='lat' dir='ltr'><strong>non</strong></span> <span class='ocrx_word' id='word_1_449' title='bbox 913 3981 1056 4028; x_wconf 90' lang='lat' dir='ltr'><strong>amat</strong></span> <span class='ocrx_word' id='word_1_450' title='bbox 1082 3973 1220 4029; x_wconf 87' lang='lat' dir='ltr'><strong>bene</strong></span> <span class='ocrx_word' id='word_1_451' title='bbox 1262 3982 1597 4037; x_wconf 89' lang='lat' dir='ltr'><strong>cantantem;</strong></span> <span class='ocrx_word' id='word_1_452' title='bbox 1627 3974 1722 4029; x_wconf 90' lang='lat' dir='ltr'><strong>sed</strong></span> <span class='ocrx_word' id='word_1_453' title='bbox 1767 3990 1955 4031; x_wconf 86' lang='lat' dir='ltr'><strong>rursus</strong></span> <span class='ocrx_word' id='word_1_454' title='bbox 1983 3976 2074 4048; x_wconf 90' lang='lat' dir='ltr'><strong>qui</strong></span> 
     </span>
    </p>
   </div>
   <div class='ocr_carea' id='block_1_57' title="bbox 484 4065 2074 4137">
    <p class='ocr_par' dir='ltr' id='par_1_57' title="bbox 484 4065 2074 4137">
     <span class='ocr_line' id='line_1_57' title="bbox 484 4065 2074 4137; baseline 0.003 -15"><span class='ocrx_word' id='word_1_455' title='bbox 484 4080 551 4122; x_wconf 90' lang='lat' dir='ltr'><strong>eo</strong></span> <span class='ocrx_word' id='word_1_456' title='bbox 573 4065 796 4137; x_wconf 87' lang='lat' dir='ltr'><strong>indiget,</strong></span> <span class='ocrx_word' id='word_1_457' title='bbox 830 4082 934 4122; x_wconf 91' lang='lat' dir='ltr'><strong>non</strong></span> <span class='ocrx_word' id='word_1_458' title='bbox 962 4077 1144 4123; x_wconf 87' lang='lat' dir='ltr'><strong>cantat</strong></span> <span class='ocrx_word' id='word_1_459' title='bbox 1167 4069 1327 4125; x_wconf 87' lang='lat' dir='ltr'><strong>bene.</strong></span> <span class='ocrx_word' id='word_1_460' title='bbox 1361 4068 1514 4137; x_wconf 90' lang='lat' dir='ltr'><strong>Quod</strong></span> <span class='ocrx_word' id='word_1_461' title='bbox 1549 4069 1719 4124; x_wconf 90' lang='lat' dir='ltr'><strong>multo</strong></span> <span class='ocrx_word' id='word_1_462' title='bbox 1763 4083 2074 4127; x_wconf 89' lang='lat' dir='ltr'><strong>accommo-</strong></span> 
     </span>
    </p>
   </div>
   <div class='ocr_carea' id='block_1_58' title="bbox 481 4169 2074 4241">
    <p class='ocr_par' dir='ltr' id='par_1_58' title="bbox 481 4169 2074 4241">
     <span class='ocr_line' id='line_1_58' title="bbox 481 4169 2074 4241; baseline 0.003 -17"><span class='ocrx_word' id='word_1_463' title='bbox 481 4169 659 4226; x_wconf 87' lang='lat' dir='ltr'><strong>datius</strong></span> <span class='ocrx_word' id='word_1_464' title='bbox 691 4171 756 4226; x_wconf 90' lang='lat' dir='ltr'><strong>de</strong></span> <span class='ocrx_word' id='word_1_465' title='bbox 787 4171 925 4228; x_wconf 89' lang='lat' dir='ltr'><strong>bene</strong></span> <span class='ocrx_word' id='word_1_466' title='bbox 955 4173 1171 4228; x_wconf 91' lang='lat' dir='ltr'><strong>vivente</strong></span> <span class='ocrx_word' id='word_1_467' title='bbox 1212 4172 1319 4227; x_wconf 85' lang='lat' dir='ltr'><strong>dici</strong></span> <span class='ocrx_word' id='word_1_468' title='bbox 1353 4179 1546 4241; x_wconf 89' lang='lat' dir='ltr'><strong>potest,</strong></span> <span class='ocrx_word' id='word_1_469' title='bbox 1591 4170 1713 4241; x_wconf 89' lang='lat' dir='ltr'><strong>quia</strong></span> <span class='ocrx_word' id='word_1_470' title='bbox 1741 4179 1794 4226; x_wconf 89' lang='lat' dir='ltr'><strong>et</strong></span> <span class='ocrx_word' id='word_1_471' title='bbox 1829 4171 2074 4229; x_wconf 85' lang='lat' dir='ltr'><strong>invidere</strong></span> 
     </span>
    </p>
   </div>
   <div class='ocr_carea' id='block_1_59' title="bbox 480 4270 2070 4342">
    <p class='ocr_par' dir='ltr' id='par_1_59' title="bbox 480 4270 2070 4342">
     <span class='ocr_line' id='line_1_59' title="bbox 480 4270 2070 4342; baseline 0.003 -19"><span class='ocrx_word' id='word_1_472' title='bbox 480 4270 613 4324; x_wconf 88' lang='lat' dir='ltr'><strong>nulli</strong></span> <span class='ocrx_word' id='word_1_473' title='bbox 673 4280 906 4339; x_wconf 87' lang='lat' dir='ltr'><strong>potest:</strong></span> <span class='ocrx_word' id='word_1_474' title='bbox 959 4287 1066 4341; x_wconf 93' lang='lat' dir='ltr'><strong>quo</strong></span> <span class='ocrx_word' id='word_1_475' title='bbox 1117 4272 1261 4327; x_wconf 91' lang='lat' dir='ltr'><strong>enim</strong></span> <span class='ocrx_word' id='word_1_476' title='bbox 1317 4274 1636 4342; x_wconf 90' lang='lat' dir='ltr'><strong>perveniunt</strong></span> <span class='ocrx_word' id='word_1_477' title='bbox 1686 4271 1825 4327; x_wconf 89' lang='lat' dir='ltr'><strong>bene</strong></span> <span class='ocrx_word' id='word_1_478' title='bbox 1878 4273 2070 4329; x_wconf 84' lang='lat' dir='ltr'><strong>viven-</strong></span> 
     </span>
    </p>
   </div>
   <div class='ocr_carea' id='block_1_60' title="bbox 481 4364 2075 4429">
    <p class='ocr_par' dir='ltr' id='par_1_60' title="bbox 481 4364 2075 4429">
     <span class='ocr_line' id='line_1_60' title="bbox 481 4364 2075 4429; baseline 0.004 -14"><span class='ocrx_word' id='word_1_479' title='bbox 481 4370 612 4426; x_wconf 90' lang='lat' dir='ltr'><strong>tes,</strong></span> <span class='ocrx_word' id='word_1_480' title='bbox 675 4364 1007 4418; x_wconf 87' lang='lat' dir='ltr'><strong>tantumdem</strong></span> <span class='ocrx_word' id='word_1_481' title='bbox 1075 4373 1160 4418; x_wconf 91' lang='lat' dir='ltr'><strong>est</strong></span> <span class='ocrx_word' id='word_1_482' title='bbox 1232 4365 1519 4429; x_wconf 91' lang='lat' dir='ltr'><strong>omnibus,</strong></span> <span class='ocrx_word' id='word_1_483' title='bbox 1590 4379 1690 4419; x_wconf 89' lang='lat' dir='ltr'><strong>nec</strong></span> <span class='ocrx_word' id='word_1_484' title='bbox 1775 4365 1952 4421; x_wconf 89' lang='lat' dir='ltr'><strong>minus</strong></span> <span class='ocrx_word' id='word_1_485' title='bbox 2012 4365 2075 4421; x_wconf 94' lang='lat' dir='ltr'><strong>ﬁt</strong></span> 
     </span>
    </p>
   </div>
   <div class='ocr_carea' id='block_1_61' title="bbox 478 4455 2071 4529">
    <p class='ocr_par' dir='ltr' id='par_1_61' title="bbox 478 4455 2071 4529">
     <span class='ocr_line' id='line_1_61' title="bbox 478 4455 2071 4529; baseline 0.001 -16"><span class='ocrx_word' id='word_1_486' title='bbox 478 4472 603 4513; x_wconf 90' lang='lat' dir='ltr'><strong>cum</strong></span> <span class='ocrx_word' id='word_1_487' title='bbox 651 4455 833 4526; x_wconf 91' lang='lat' dir='ltr'><strong>plures</strong></span> <span class='ocrx_word' id='word_1_488' title='bbox 881 4457 1186 4514; x_wconf 85' lang='lat' dir='ltr'><strong>habuerint.</strong></span> <span class='ocrx_word' id='word_1_489' title='bbox 1237 4457 1303 4512; x_wconf 87' lang='lat' dir='ltr'><strong>Et</strong></span> <span class='ocrx_word' id='word_1_490' title='bbox 1333 4466 1509 4528; x_wconf 88' lang='lat' dir='ltr'><strong>potest</strong></span> <span class='ocrx_word' id='word_1_491' title='bbox 1556 4471 1676 4513; x_wconf 85' lang='lat' dir='ltr'><strong>esse</strong></span> <span class='ocrx_word' id='word_1_492' title='bbox 1719 4468 1931 4529; x_wconf 88' lang='lat' dir='ltr'><strong>tempus</strong></span> <span class='ocrx_word' id='word_1_493' title='bbox 1964 4474 2071 4529; x_wconf 87' lang='lat' dir='ltr'><strong>quo</strong></span> 
     </span>
    </p>
   </div>
   <div class='ocr_carea' id='block_1_62' title="bbox 477 4644 2064 4716">
    <p class='ocr_par' dir='ltr' id='par_1_62' title="bbox 477 4644 2064 4716">
     <span class='ocr_line' id='line_1_62' title="bbox 477 4644 2064 4716; baseline 0.003 -21"><span class='ocrx_word' id='word_1_494' title='bbox 477 4650 600 4712; x_wconf 86' lang='lat' dir='ltr'><strong>geat</strong></span> <span class='ocrx_word' id='word_1_495' title='bbox 644 4658 777 4698; x_wconf 91' lang='lat' dir='ltr'><strong>voce</strong></span> <span class='ocrx_word' id='word_1_496' title='bbox 817 4645 1039 4699; x_wconf 88' lang='lat' dir='ltr'><strong>alterius</strong></span> <span class='ocrx_word' id='word_1_497' title='bbox 1064 4661 1165 4716; x_wconf 90' lang='lat' dir='ltr'><strong>qua</strong></span> <span class='ocrx_word' id='word_1_498' title='bbox 1192 4645 1290 4700; x_wconf 90' lang='lat' dir='ltr'><strong>sibi</strong></span> <span class='ocrx_word' id='word_1_499' title='bbox 1322 4645 1642 4702; x_wconf 81' lang='lat' dir='ltr'><strong>exhibeatur</strong></span> <span class='ocrx_word' id='word_1_500' title='bbox 1692 4644 1834 4715; x_wconf 93' lang='lat' dir='ltr'><strong>quod</strong></span> <span class='ocrx_word' id='word_1_501' title='bbox 1868 4644 2064 4713; x_wconf 77' lang='lat' dir='ltr'><strong>diligit,</strong></span> 
     </span>
    </p>
   </div>
   <div class='ocr_carea' id='block_1_63' title="bbox 475 4738 2068 4807">
    <p class='ocr_par' dir='ltr' id='par_1_63' title="bbox 475 4738 2068 4807">
     <span class='ocr_line' id='line_1_63' title="bbox 475 4738 2068 4807; baseline 0.003 -17"><span class='ocrx_word' id='word_1_502' title='bbox 475 4747 728 4807; x_wconf 71' lang='lat' dir='ltr'><strong>tanquam</strong></span> <span class='ocrx_word' id='word_1_503' title='bbox 774 4738 819 4792; x_wconf 91' lang='lat' dir='ltr'><strong>si</strong></span> <span class='ocrx_word' id='word_1_504' title='bbox 855 4739 1051 4794; x_wconf 90' lang='lat' dir='ltr'><strong>alicubi</strong></span> <span class='ocrx_word' id='word_1_505' title='bbox 1100 4739 1459 4807; x_wconf 91' lang='lat' dir='ltr'><strong>convivetur,</strong></span> <span class='ocrx_word' id='word_1_506' title='bbox 1504 4739 1594 4792; x_wconf 89' lang='lat' dir='ltr'><strong>ubi</strong></span> <span class='ocrx_word' id='word_1_507' title='bbox 1663 4753 1786 4792; x_wconf 89' lang='lat' dir='ltr'><strong>eum</strong></span> <span class='ocrx_word' id='word_1_508' title='bbox 1847 4747 2068 4794; x_wconf 88' lang='lat' dir='ltr'><strong>cantare</strong></span> 
     </span>
    </p>
   </div>
   <div class='ocr_carea' id='block_1_64' title="bbox 472 4830 2064 4900">
    <p class='ocr_par' dir='ltr' id='par_1_64' title="bbox 472 4830 2064 4900">
     <span class='ocr_line' id='line_1_64' title="bbox 472 4830 2064 4900; baseline 0.002 -17"><span class='ocrx_word' id='word_1_509' title='bbox 472 4837 633 4900; x_wconf 85' lang='lat' dir='ltr'><strong>turpe</strong></span> <span class='ocrx_word' id='word_1_510' title='bbox 657 4830 747 4900; x_wconf 86' lang='lat' dir='ltr'><strong>sit,</strong></span> <span class='ocrx_word' id='word_1_511' title='bbox 783 4831 878 4885; x_wconf 88' lang='lat' dir='ltr'><strong>sed</strong></span> <span class='ocrx_word' id='word_1_512' title='bbox 907 4832 1095 4886; x_wconf 89' lang='lat' dir='ltr'><strong>deceat</strong></span> <span class='ocrx_word' id='word_1_513' title='bbox 1124 4833 1310 4887; x_wconf 89' lang='lat' dir='ltr'><strong>audire</strong></span> <span class='ocrx_word' id='word_1_514' title='bbox 1356 4841 1685 4897; x_wconf 86' lang='lat' dir='ltr'><strong>cantantem,</strong></span> <span class='ocrx_word' id='word_1_515' title='bbox 1718 4831 1858 4885; x_wconf 86' lang='lat' dir='ltr'><strong>bene</strong></span> <span class='ocrx_word' id='word_1_516' title='bbox 1885 4840 2064 4886; x_wconf 89' lang='lat' dir='ltr'><strong>autem</strong></span> 
     </span>
    </p>
   </div>
   <div class='ocr_carea' id='block_1_65' title="bbox 470 4924 2066 4998">
    <p class='ocr_par' dir='ltr' id='par_1_65' title="bbox 470 4924 2066 4998">
     <span class='ocr_line' id='line_1_65' title="bbox 470 4924 2066 4998; baseline 0.002 -22"><span class='ocrx_word' id='word_1_517' title='bbox 470 4925 656 4981; x_wconf 88' lang='lat' dir='ltr'><strong>vivere</strong></span> <span class='ocrx_word' id='word_1_518' title='bbox 700 4941 918 4997; x_wconf 90' lang='lat' dir='ltr'><strong>semper</strong></span> <span class='ocrx_word' id='word_1_519' title='bbox 960 4926 1135 4981; x_wconf 87' lang='lat' dir='ltr'><strong>decet.</strong></span> <span class='ocrx_word' id='word_1_520' title='bbox 1162 4927 1338 4993; x_wconf 88' lang='lat' dir='ltr'><strong>Quare</strong></span> <span class='ocrx_word' id='word_1_521' title='bbox 1382 4927 1624 4998; x_wconf 84' lang='lat' dir='ltr'><strong>quisquis</strong></span> <span class='ocrx_word' id='word_1_522' title='bbox 1671 4926 1771 4980; x_wconf 86' lang='lat' dir='ltr'><strong>hoc</strong></span> <span class='ocrx_word' id='word_1_523' title='bbox 1802 4924 1978 4995; x_wconf 89' lang='lat' dir='ltr'><strong>diligit</strong></span> <span class='ocrx_word' id='word_1_524' title='bbox 2007 4933 2066 4981; x_wconf 90' lang='lat' dir='ltr'><strong>et</strong></span> 
     </span>
    </p>
   </div>
   <div class='ocr_carea' id='block_1_66' title="bbox 472 5017 2064 5087">
    <p class='ocr_par' dir='ltr' id='par_1_66' title="bbox 472 5017 2064 5087">
     <span class='ocr_line' id='line_1_66' title="bbox 472 5017 2064 5087; baseline 0 -15"><span class='ocrx_word' id='word_1_525' title='bbox 472 5017 623 5087; x_wconf 88' lang='lat' dir='ltr'><strong>facit,</strong></span> <span class='ocrx_word' id='word_1_526' title='bbox 667 5035 774 5075; x_wconf 92' lang='lat' dir='ltr'><strong>non</strong></span> <span class='ocrx_word' id='word_1_527' title='bbox 809 5020 982 5074; x_wconf 90' lang='lat' dir='ltr'><strong>solum</strong></span> <span class='ocrx_word' id='word_1_528' title='bbox 1029 5035 1133 5074; x_wconf 90' lang='lat' dir='ltr'><strong>non</strong></span> <span class='ocrx_word' id='word_1_529' title='bbox 1184 5020 1388 5075; x_wconf 89' lang='lat' dir='ltr'><strong>invidet</strong></span> <span class='ocrx_word' id='word_1_530' title='bbox 1431 5019 1788 5084; x_wconf 88' lang='lat' dir='ltr'><strong>imitantibus,</strong></span> <span class='ocrx_word' id='word_1_531' title='bbox 1838 5018 1933 5073; x_wconf 86' lang='lat' dir='ltr'><strong>sed</strong></span> <span class='ocrx_word' id='word_1_532' title='bbox 1982 5019 2064 5073; x_wconf 92' lang='lat' dir='ltr'><strong>eis</strong></span> 
     </span>
    </p>
   </div>
   <div class='ocr_carea' id='block_1_67' title="bbox 468 5120 2062 5191">
    <p class='ocr_par' dir='ltr' id='par_1_67' title="bbox 468 5120 2062 5191">
     <span class='ocr_line' id='line_1_67' title="bbox 468 5120 2062 5191; baseline -0.002 -15"><span class='ocrx_word' id='word_1_533' title='bbox 468 5135 530 5178; x_wconf 83' lang='lat' dir='ltr'><strong>se</strong></span> <span class='ocrx_word' id='word_1_534' title='bbox 559 5122 761 5191; x_wconf 67' lang='lat' dir='ltr'><strong>prmbet</strong></span> <span class='ocrx_word' id='word_1_535' title='bbox 792 5120 1149 5177; x_wconf 88' lang='lat' dir='ltr'><strong>libentissime</strong></span> <span class='ocrx_word' id='word_1_536' title='bbox 1176 5129 1335 5191; x_wconf 90' lang='lat' dir='ltr'><strong>atque</strong></span> <span class='ocrx_word' id='word_1_537' title='bbox 1363 5122 1757 5176; x_wconf 90' lang='lat' dir='ltr'><strong>humanissime</strong></span> <span class='ocrx_word' id='word_1_538' title='bbox 1803 5129 2062 5190; x_wconf 87' lang='lat' dir='ltr'><strong>quantum</strong></span> 
     </span>
    </p>
   </div>
   <div class='ocr_carea' id='block_1_68' title="bbox 465 5212 2065 5288">
    <p class='ocr_par' dir='ltr' id='par_1_68' title="bbox 465 5212 2065 5288">
     <span class='ocr_line' id='line_1_68' title="bbox 465 5212 2065 5288; baseline -0.004 -15"><span class='ocrx_word' id='word_1_539' title='bbox 465 5226 660 5288; x_wconf 90' lang='lat' dir='ltr'><strong>potest,</strong></span> <span class='ocrx_word' id='word_1_540' title='bbox 685 5232 782 5272; x_wconf 90' lang='lat' dir='ltr'><strong>nec</strong></span> <span class='ocrx_word' id='word_1_541' title='bbox 812 5216 892 5273; x_wconf 88' lang='lat' dir='ltr'><strong>eis</strong></span> <span class='ocrx_word' id='word_1_542' title='bbox 923 5225 1100 5272; x_wconf 89' lang='lat' dir='ltr'><strong>tamen</strong></span> <span class='ocrx_word' id='word_1_543' title='bbox 1137 5215 1361 5284; x_wconf 83' lang='lat' dir='ltr'><strong>indiget.</strong></span> <span class='ocrx_word' id='word_1_544' title='bbox 1386 5213 1518 5269; x_wconf 87' lang='lat' dir='ltr'><strong>Nam</strong></span> <span class='ocrx_word' id='word_1_545' title='bbox 1543 5214 1684 5284; x_wconf 91' lang='lat' dir='ltr'><strong>quod</strong></span> <span class='ocrx_word' id='word_1_546' title='bbox 1717 5214 1768 5268; x_wconf 92' lang='lat' dir='ltr'><strong>in</strong></span> <span class='ocrx_word' id='word_1_547' title='bbox 1804 5213 1912 5268; x_wconf 90' lang='lat' dir='ltr'><strong>illis</strong></span> <span class='ocrx_word' id='word_1_548' title='bbox 1941 5212 2065 5267; x_wconf 87' lang='lat' dir='ltr'><strong>dili-</strong></span> 
     </span>
    </p>
   </div>
   <div class='ocr_carea' id='block_1_69' title="bbox 462 5304 2063 5381">
    <p class='ocr_par' dir='ltr' id='par_1_69' title="bbox 462 5304 2063 5381">
     <span class='ocr_line' id='line_1_69' title="bbox 462 5304 2063 5381; baseline -0.004 -18"><span class='ocrx_word' id='word_1_549' title='bbox 462 5312 561 5381; x_wconf 88' lang='lat' dir='ltr'><strong>git,</strong></span> <span class='ocrx_word' id='word_1_550' title='bbox 614 5311 668 5364; x_wconf 90' lang='lat' dir='ltr'><strong>in</strong></span> <span class='ocrx_word' id='word_1_551' title='bbox 709 5324 769 5364; x_wconf 88' lang='lat' dir='ltr'><strong>se</strong></span> <span class='ocrx_word' id='word_1_552' title='bbox 799 5309 917 5378; x_wconf 85' lang='lat' dir='ltr'><strong>ipso</strong></span> <span class='ocrx_word' id='word_1_553' title='bbox 957 5307 1120 5362; x_wconf 88' lang='lat' dir='ltr'><strong>habet</strong></span> <span class='ocrx_word' id='word_1_554' title='bbox 1165 5314 1337 5362; x_wconf 91' lang='lat' dir='ltr'><strong>totum</strong></span> <span class='ocrx_word' id='word_1_555' title='bbox 1394 5317 1555 5376; x_wconf 88' lang='lat' dir='ltr'><strong>atque</strong></span> <span class='ocrx_word' id='word_1_556' title='bbox 1604 5304 1898 5374; x_wconf 88' lang='lat' dir='ltr'><strong>perfectum</strong></span> <span class='ocrx_word' id='word_1_557' title='bbox 1936 5322 1947 5357; x_wconf 92' lang='lat'>:</span> <span class='ocrx_word' id='word_1_558' title='bbox 1991 5304 2063 5358; x_wconf 85' lang='lat' dir='ltr'><strong>ita</strong></span> 
     </span>
    </p>
   </div>
   <div class='ocr_carea' id='block_1_70' title="bbox 462 5397 2063 5474">
    <p class='ocr_par' dir='ltr' id='par_1_70' title="bbox 462 5397 2063 5474">
     <span class='ocr_line' id='line_1_70' title="bbox 462 5397 2063 5474; baseline -0.006 -12"><span class='ocrx_word' id='word_1_559' title='bbox 462 5421 584 5462; x_wconf 90' lang='lat' dir='ltr'><strong>cum</strong></span> <span class='ocrx_word' id='word_1_560' title='bbox 608 5403 782 5474; x_wconf 80' lang='lat' dir='ltr'><strong>diligit</strong></span> <span class='ocrx_word' id='word_1_561' title='bbox 821 5402 1122 5472; x_wconf 83' lang='lat' dir='ltr'><strong>proximum</strong></span> <span class='ocrx_word' id='word_1_562' title='bbox 1153 5411 1403 5471; x_wconf 89' lang='lat' dir='ltr'><strong>tanquam</strong></span> <span class='ocrx_word' id='word_1_563' title='bbox 1429 5401 1689 5470; x_wconf 90' lang='lat' dir='ltr'><strong>seipsum,</strong></span> <span class='ocrx_word' id='word_1_564' title='bbox 1720 5413 1826 5452; x_wconf 93' lang='lat' dir='ltr'><strong>non</strong></span> <span class='ocrx_word' id='word_1_565' title='bbox 1858 5397 2063 5454; x_wconf 87' lang='lat' dir='ltr'><strong>invidet</strong></span> 
     </span>
    </p>
   </div>
   <div class='ocr_carea' id='block_1_71' title="bbox 461 5501 2060 5578">
    <p class='ocr_par' dir='ltr' id='par_1_71' title="bbox 461 5501 2060 5578">
     <span class='ocr_line' id='line_1_71' title="bbox 461 5501 2060 5578; baseline -0.006 -15"><span class='ocrx_word' id='word_1_566' title='bbox 461 5507 539 5578; x_wconf 85' lang='lat' dir='ltr'><strong>ei,</strong></span> <span class='ocrx_word' id='word_1_567' title='bbox 567 5508 690 5578; x_wconf 90' lang='lat' dir='ltr'><strong>quia</strong></span> <span class='ocrx_word' id='word_1_568' title='bbox 724 5519 822 5561; x_wconf 90' lang='lat' dir='ltr'><strong>nec</strong></span> <span class='ocrx_word' id='word_1_569' title='bbox 845 5504 1161 5576; x_wconf 89' lang='lat' dir='ltr'><strong>sibimetipsi</strong></span> <span class='ocrx_word' id='word_1_570' title='bbox 1183 5547 1196 5570; x_wconf 92' lang='lat'><strong>,</strong></span> <span class='ocrx_word' id='word_1_571' title='bbox 1225 5512 1444 5573; x_wconf 65' lang='lat' dir='ltr'><strong>praestat</strong></span> <span class='ocrx_word' id='word_1_572' title='bbox 1471 5504 1519 5556; x_wconf 89' lang='lat' dir='ltr'><strong>ei</strong></span> <span class='ocrx_word' id='word_1_573' title='bbox 1545 5502 1687 5573; x_wconf 91' lang='lat' dir='ltr'><strong>quod</strong></span> <span class='ocrx_word' id='word_1_574' title='bbox 1713 5511 1908 5572; x_wconf 88' lang='lat' dir='ltr'><strong>potest,</strong></span> <span class='ocrx_word' id='word_1_575' title='bbox 1936 5501 2060 5572; x_wconf 88' lang='lat' dir='ltr'><strong>quia</strong></span> 
     </span>
    </p>
   </div>
   <div class='ocr_carea' id='block_1_72' title="bbox 459 5607 2062 5681">
    <p class='ocr_par' dir='ltr' id='par_1_72' title="bbox 459 5607 2062 5681">
     <span class='ocr_line' id='line_1_72' title="bbox 459 5607 2062 5681; baseline -0.006 -13"><span class='ocrx_word' id='word_1_576' title='bbox 459 5626 509 5668; x_wconf 77' lang='lat' dir='ltr'><strong>et</strong></span> <span class='ocrx_word' id='word_1_577' title='bbox 536 5614 635 5666; x_wconf 90' lang='lat' dir='ltr'><strong>sibi</strong></span> <span class='ocrx_word' id='word_1_578' title='bbox 669 5612 801 5680; x_wconf 87' lang='lat' dir='ltr'><strong>ipsi;</strong></span> <span class='ocrx_word' id='word_1_579' title='bbox 836 5608 1103 5681; x_wconf 84' lang='lat' dir='ltr'><strong>non[uec]</strong></span> <span class='ocrx_word' id='word_1_580' title='bbox 1123 5624 1188 5663; x_wconf 91' lang='lat' dir='ltr'><strong>eo</strong></span> <span class='ocrx_word' id='word_1_581' title='bbox 1208 5607 1427 5673; x_wconf 76' lang='lat' dir='ltr'><strong>indiget,</strong></span> <span class='ocrx_word' id='word_1_582' title='bbox 1445 5607 1566 5676; x_wconf 90' lang='lat' dir='ltr'><strong>quia</strong></span> <span class='ocrx_word' id='word_1_583' title='bbox 1591 5620 1688 5661; x_wconf 91' lang='lat' dir='ltr'><strong>nec</strong></span> <span class='ocrx_word' id='word_1_584' title='bbox 1704 5607 1916 5676; x_wconf 84' lang='lat' dir='ltr'><strong>seipse;</strong></span> <span class='ocrx_word' id='word_1_585' title='bbox 1944 5613 2062 5659; x_wconf 89' lang='lat' dir='ltr'><strong>tan-</strong></span> 
     </span>
    </p>
   </div>
   <div class='ocr_carea' id='block_1_73' title="bbox 461 5699 2060 5771">
    <p class='ocr_par' dir='ltr' id='par_1_73' title="bbox 461 5699 2060 5771">
     <span class='ocr_line' id='line_1_73' title="bbox 461 5699 2060 5771; baseline -0.001 -16"><span class='ocrx_word' id='word_1_586' title='bbox 461 5716 572 5756; x_wconf 86' lang='lat' dir='ltr'><strong>tum</strong></span> <span class='ocrx_word' id='word_1_587' title='bbox 625 5705 735 5758; x_wconf 88' lang='lat' dir='ltr'><strong>Deo</strong></span> <span class='ocrx_word' id='word_1_588' title='bbox 783 5704 1006 5771; x_wconf 73' lang='lat' dir='ltr'><strong>indiget,</strong></span> <span class='ocrx_word' id='word_1_589' title='bbox 1039 5701 1124 5755; x_wconf 89' lang='lat' dir='ltr'><strong>cui</strong></span> <span class='ocrx_word' id='word_1_590' title='bbox 1165 5700 1493 5755; x_wconf 73' lang='lat' dir='ltr'><strong>adhmrendo</strong></span> <span class='ocrx_word' id='word_1_591' title='bbox 1536 5700 1722 5754; x_wconf 89' lang='lat' dir='ltr'><strong>beatus</strong></span> <span class='ocrx_word' id='word_1_592' title='bbox 1753 5709 1852 5754; x_wconf 75' lang='lat' dir='ltr'><strong>est.</strong></span> <span class='ocrx_word' id='word_1_593' title='bbox 1889 5699 2060 5754; x_wconf 82' lang='lat' dir='ltr'><strong>Nemo</strong></span> 
     </span>
    </p>
   </div>
   <div class='ocr_carea' id='block_1_74' title="bbox 459 5794 2056 5864">
    <p class='ocr_par' dir='ltr' id='par_1_74' title="bbox 459 5794 2056 5864">
     <span class='ocr_line' id='line_1_74' title="bbox 459 5794 2056 5864; baseline -0.001 -12"><span class='ocrx_word' id='word_1_594' title='bbox 459 5807 641 5852; x_wconf 83' lang='lat' dir='ltr'><strong>autem</strong></span> <span class='ocrx_word' id='word_1_595' title='bbox 686 5797 764 5851; x_wconf 87' lang='lat' dir='ltr'><strong>illi</strong></span> <span class='ocrx_word' id='word_1_596' title='bbox 811 5797 971 5862; x_wconf 84' lang='lat' dir='ltr'><strong>eripit</strong></span> <span class='ocrx_word' id='word_1_597' title='bbox 1004 5797 1203 5862; x_wconf 83' lang='lat' dir='ltr'><strong>Deum;</strong></span> <span class='ocrx_word' id='word_1_598' title='bbox 1252 5795 1340 5850; x_wconf 86' lang='lat' dir='ltr'><strong>ille</strong></span> <span class='ocrx_word' id='word_1_599' title='bbox 1384 5809 1512 5864; x_wconf 86' lang='lat' dir='ltr'><strong>ergo</strong></span> <span class='ocrx_word' id='word_1_600' title='bbox 1563 5794 1847 5849; x_wconf 87' lang='lat' dir='ltr'><strong>verissime</strong></span> <span class='ocrx_word' id='word_1_601' title='bbox 1895 5803 2056 5864; x_wconf 85' lang='lat' dir='ltr'><strong>atque</strong></span> 
     </span>
    </p>
   </div>
   <div class='ocr_carea' id='block_1_75' title="bbox 461 5885 2055 5962">
    <p class='ocr_par' dir='ltr' id='par_1_75' title="bbox 461 5885 2055 5962">
     <span class='ocr_line' id='line_1_75' title="bbox 461 5885 2055 5962; baseline -0.001 -18"><span class='ocrx_word' id='word_1_602' title='bbox 461 5889 772 5949; x_wconf 72' lang='lat' dir='ltr'><strong>certissime</strong></span> <span class='ocrx_word' id='word_1_603' title='bbox 802 5890 1034 5947; x_wconf 87' lang='lat' dir='ltr'><strong>invictus</strong></span> <span class='ocrx_word' id='word_1_604' title='bbox 1068 5890 1230 5946; x_wconf 87' lang='lat' dir='ltr'><strong>homo</strong></span> <span class='ocrx_word' id='word_1_605' title='bbox 1260 5895 1367 5958; x_wconf 88' lang='lat' dir='ltr'><strong>est,</strong></span> <span class='ocrx_word' id='word_1_606' title='bbox 1395 5887 1486 5962; x_wconf 91' lang='lat' dir='ltr'><strong>qui</strong></span> <span class='ocrx_word' id='word_1_607' title='bbox 1516 5885 1756 5944; x_wconf 66' lang='lat' dir='ltr'><strong>cohaeret</strong></span> <span class='ocrx_word' id='word_1_608' title='bbox 1782 5886 1913 5955; x_wconf 92' lang='lat' dir='ltr'><strong>Dco,</strong></span> <span class='ocrx_word' id='word_1_609' title='bbox 1947 5903 2055 5948; x_wconf 87' lang='lat' dir='ltr'><strong>non</strong></span> 
     </span>
    </p>
   </div>
   <div class='ocr_carea' id='block_1_76' title="bbox 1928 4495 3787 4571">
    <p class='ocr_par' dir='ltr' id='par_1_76' title="bbox 1928 4495 3787 4571">
     <span class='ocr_line' id='line_1_76' title="bbox 1928 4495 3787 4571; baseline 0.005 -22"><span class='ocrx_word' id='word_1_610' title='bbox 1928 4495 2071 4571; x_wconf 48' lang='grc' dir='ltr'><strong>ρξίςξν</strong></span> <span class='ocrx_word' id='word_1_611' title='bbox 2093 4530 2150 4571; x_wconf 78' lang='lat'><strong>_-</strong></span> <span class='ocrx_word' id='word_1_612' title='bbox 2176 4510 2294 4549; x_wconf 90' lang='lat' dir='ltr'><strong>mus</strong></span> <span class='ocrx_word' id='word_1_613' title='bbox 2323 4495 2466 4564; x_wconf 89' lang='lat' dir='ltr'><strong>quod</strong></span> <span class='ocrx_word' id='word_1_614' title='bbox 2493 4510 2600 4550; x_wconf 92' lang='lat' dir='ltr'><strong>non</strong></span> <span class='ocrx_word' id='word_1_615' title='bbox 2613 4497 2994 4569; x_wconf 89' lang='lat' dir='ltr'><strong>eadiligamus;</strong></span> <span class='ocrx_word' id='word_1_616' title='bbox 3017 4499 3111 4555; x_wconf 85' lang='lat' dir='ltr'><strong>sed</strong></span> <span class='ocrx_word' id='word_1_617' title='bbox 3136 4516 3256 4555; x_wconf 91' lang='lat' dir='ltr'><strong>cum</strong></span> <span class='ocrx_word' id='word_1_618' title='bbox 3281 4500 3472 4556; x_wconf 87' lang='lat' dir='ltr'><strong>abesse</strong></span> <span class='ocrx_word' id='word_1_619' title='bbox 3489 4505 3787 4571; x_wconf 61' lang='lat' dir='ltr'><strong>ceperint,</strong></span> 
     </span>
    </p>
   </div>
   <div class='ocr_carea' id='block_1_77' title="bbox 478 4548 2148 4623">
    <p class='ocr_par' dir='ltr' id='par_1_77' title="bbox 478 4548 2148 4623">
     <span class='ocr_line' id='line_1_77' title="bbox 478 4548 2148 4623; baseline 0.002 -20"><span class='ocrx_word' id='word_1_620' title='bbox 478 4548 650 4603; x_wconf 91' lang='lat' dir='ltr'><strong>bonus</strong></span> <span class='ocrx_word' id='word_1_621' title='bbox 674 4559 916 4604; x_wconf 87' lang='lat' dir='ltr'><strong>cantator</strong></span> <span class='ocrx_word' id='word_1_622' title='bbox 942 4558 1161 4606; x_wconf 84' lang='lat' dir='ltr'><strong>cantare</strong></span> <span class='ocrx_word' id='word_1_623' title='bbox 1191 4566 1298 4606; x_wconf 94' lang='lat' dir='ltr'><strong>non</strong></span> <span class='ocrx_word' id='word_1_624' title='bbox 1329 4550 1586 4606; x_wconf 89' lang='lat' dir='ltr'><strong>decenter</strong></span> <span class='ocrx_word' id='word_1_625' title='bbox 1615 4562 1796 4622; x_wconf 90' lang='lat' dir='ltr'><strong>queat,</strong></span> <span class='ocrx_word' id='word_1_626' title='bbox 1828 4561 1884 4606; x_wconf 90' lang='lat' dir='ltr'><strong>et</strong></span> <span class='ocrx_word' id='word_1_627' title='bbox 1925 4552 2068 4606; x_wconf 89' lang='lat' dir='ltr'><strong>indi—</strong></span> <span class='ocrx_word' id='word_1_628' title='bbox 2092 4561 2148 4623; x_wconf 84' lang='grc' dir='ltr'><strong>Ῑ)</strong></span> 
     </span>
    </p>
   </div>
   <div class='ocr_carea' id='block_1_78' title="bbox 2205 1905 3783 1981">
    <p class='ocr_par' dir='ltr' id='par_1_78' title="bbox 2205 1905 3783 1981">
     <span class='ocr_line' id='line_1_78' title="bbox 2205 1905 3783 1981; baseline 0.003 -21"><span class='ocrx_word' id='word_1_629' title='bbox 2205 1905 2445 1962; x_wconf 92' lang='lat' dir='ltr'><strong>locorum</strong></span> <span class='ocrx_word' id='word_1_630' title='bbox 2477 1916 2569 1961; x_wconf 82' lang='lat' dir='ltr'><strong>aut</strong></span> <span class='ocrx_word' id='word_1_631' title='bbox 2593 1915 2924 1978; x_wconf 90' lang='lat' dir='ltr'><strong>temporum,</strong></span> <span class='ocrx_word' id='word_1_632' title='bbox 2946 1908 3140 1976; x_wconf 90' lang='lat' dir='ltr'><strong>quibus</strong></span> <span class='ocrx_word' id='word_1_633' title='bbox 3160 1909 3213 1962; x_wconf 92' lang='lat' dir='ltr'><strong>in</strong></span> <span class='ocrx_word' id='word_1_634' title='bbox 3238 1907 3341 1963; x_wconf 90' lang='lat' dir='ltr'><strong>hoc</strong></span> <span class='ocrx_word' id='word_1_635' title='bbox 3363 1924 3597 1980; x_wconf 87' lang='lat' dir='ltr'><strong>corpore</strong></span> <span class='ocrx_word' id='word_1_636' title='bbox 3623 1910 3783 1981; x_wconf 82' lang='lat' dir='ltr'><strong>jungi-</strong></span> 
     </span>
    </p>
   </div>
   <div class='ocr_carea' id='block_1_79' title="bbox 2201 1999 3780 2073">
    <p class='ocr_par' dir='ltr' id='par_1_79' title="bbox 2201 1999 3780 2073">
     <span class='ocr_line' id='line_1_79' title="bbox 2201 1999 3780 2073; baseline 0.003 -22"><span class='ocrx_word' id='word_1_637' title='bbox 2201 2013 2342 2064; x_wconf 91' lang='lat' dir='ltr'><strong>mur,</strong></span> <span class='ocrx_word' id='word_1_638' title='bbox 2377 1999 2470 2054; x_wconf 90' lang='lat' dir='ltr'><strong>sed</strong></span> <span class='ocrx_word' id='word_1_639' title='bbox 2517 2014 2579 2054; x_wconf 90' lang='lat' dir='ltr'><strong>ea</strong></span> <span class='ocrx_word' id='word_1_640' title='bbox 2631 2001 2863 2055; x_wconf 86' lang='lat' dir='ltr'><strong>maxima</strong></span> <span class='ocrx_word' id='word_1_641' title='bbox 2920 2009 3003 2056; x_wconf 89' lang='lat' dir='ltr'><strong>est</strong></span> <span class='ocrx_word' id='word_1_642' title='bbox 3054 2017 3173 2070; x_wconf 66' lang='lat' dir='ltr'><strong>qua:</strong></span> <span class='ocrx_word' id='word_1_643' title='bbox 3215 2002 3468 2058; x_wconf 88' lang='lat' dir='ltr'><strong>omnibus</strong></span> <span class='ocrx_word' id='word_1_644' title='bbox 3518 2003 3780 2073; x_wconf 66' lang='lat' dir='ltr'><strong>pratvalet.</strong></span> 
     </span>
    </p>
   </div>
   <div class='ocr_carea' id='block_1_80' title="bbox 2199 2089 3782 2163">
    <p class='ocr_par' dir='ltr' id='par_1_80' title="bbox 2199 2089 3782 2163">
     <span class='ocr_line' id='line_1_80' title="bbox 2199 2089 3782 2163; baseline 0.003 -18"><span class='ocrx_word' id='word_1_645' title='bbox 2199 2089 2314 2145; x_wconf 86' lang='lat' dir='ltr'><strong>Non</strong></span> <span class='ocrx_word' id='word_1_646' title='bbox 2350 2107 2480 2161; x_wconf 88' lang='lat' dir='ltr'><strong>ergo</strong></span> <span class='ocrx_word' id='word_1_647' title='bbox 2518 2093 2616 2148; x_wconf 90' lang='lat' dir='ltr'><strong>iste</strong></span> <span class='ocrx_word' id='word_1_648' title='bbox 2647 2092 2898 2163; x_wconf 85' lang='lat' dir='ltr'><strong>affligitur</strong></span> <span class='ocrx_word' id='word_1_649' title='bbox 2943 2104 3117 2149; x_wconf 89' lang='lat' dir='ltr'><strong>morte</strong></span> <span class='ocrx_word' id='word_1_650' title='bbox 3166 2093 3504 2162; x_wconf 85' lang='lat' dir='ltr'><strong>cujusquam,</strong></span> <span class='ocrx_word' id='word_1_651' title='bbox 3546 2097 3782 2163; x_wconf 83' lang='lat' dir='ltr'><strong>quoniam</strong></span> 
     </span>
    </p>
   </div>
   <div class='ocr_carea' id='block_1_81' title="bbox 2197 2185 3780 2256">
    <p class='ocr_par' dir='ltr' id='par_1_81' title="bbox 2197 2185 3780 2256">
     <span class='ocr_line' id='line_1_81' title="bbox 2197 2185 3780 2256; baseline 0.003 -20"><span class='ocrx_word' id='word_1_652' title='bbox 2197 2186 2287 2254; x_wconf 91' lang='lat' dir='ltr'><strong>qui</strong></span> <span class='ocrx_word' id='word_1_653' title='bbox 2317 2195 2428 2240; x_wconf 91' lang='lat' dir='ltr'><strong>toto</strong></span> <span class='ocrx_word' id='word_1_654' title='bbox 2466 2186 2646 2241; x_wconf 91' lang='lat' dir='ltr'><strong>animo</strong></span> <span class='ocrx_word' id='word_1_655' title='bbox 2692 2187 2861 2241; x_wconf 92' lang='lat' dir='ltr'><strong>Deum</strong></span> <span class='ocrx_word' id='word_1_656' title='bbox 2899 2186 3091 2254; x_wconf 87' lang='lat' dir='ltr'><strong>diligit,</strong></span> <span class='ocrx_word' id='word_1_657' title='bbox 3128 2185 3277 2241; x_wconf 93' lang='lat' dir='ltr'><strong>novit</strong></span> <span class='ocrx_word' id='word_1_658' title='bbox 3306 2200 3406 2241; x_wconf 92' lang='lat' dir='ltr'><strong>nec</strong></span> <span class='ocrx_word' id='word_1_659' title='bbox 3449 2187 3547 2242; x_wconf 86' lang='lat' dir='ltr'><strong>sibi</strong></span> <span class='ocrx_word' id='word_1_660' title='bbox 3587 2189 3780 2256; x_wconf 79' lang='lat' dir='ltr'><strong>perire,</strong></span> 
     </span>
    </p>
   </div>
   <div class='ocr_carea' id='block_1_82' title="bbox 2197 2275 3776 2347">
    <p class='ocr_par' dir='ltr' id='par_1_82' title="bbox 2197 2275 3776 2347">
     <span class='ocr_line' id='line_1_82' title="bbox 2197 2275 3776 2347; baseline 0.004 -20"><span class='ocrx_word' id='word_1_661' title='bbox 2197 2276 2288 2344; x_wconf 92' lang='lat' dir='ltr'><strong>qui</strong></span> <span class='ocrx_word' id='word_1_662' title='bbox 2313 2275 2424 2330; x_wconf 88' lang='lat' dir='ltr'><strong>Deo</strong></span> <span class='ocrx_word' id='word_1_663' title='bbox 2459 2293 2564 2331; x_wconf 85' lang='lat' dir='ltr'><strong>non</strong></span> <span class='ocrx_word' id='word_1_664' title='bbox 2598 2279 2758 2347; x_wconf 88' lang='lat' dir='ltr'><strong>perit.</strong></span> <span class='ocrx_word' id='word_1_665' title='bbox 2795 2277 2934 2332; x_wconf 88' lang='lat' dir='ltr'><strong>Deus</strong></span> <span class='ocrx_word' id='word_1_666' title='bbox 2964 2291 3144 2332; x_wconf 90' lang='lat' dir='ltr'><strong>autem</strong></span> <span class='ocrx_word' id='word_1_667' title='bbox 3177 2277 3433 2333; x_wconf 89' lang='lat' dir='ltr'><strong>Dominus</strong></span> <span class='ocrx_word' id='word_1_668' title='bbox 3481 2289 3561 2332; x_wconf 88' lang='lat' dir='ltr'><strong>est</strong></span> <span class='ocrx_word' id='word_1_669' title='bbox 3600 2289 3651 2332; x_wconf 90' lang='lat' dir='ltr'><strong>ct</strong></span> <span class='ocrx_word' id='word_1_670' title='bbox 3695 2277 3776 2333; x_wconf 86' lang='lat' dir='ltr'><strong>vi-</strong></span> 
     </span>
    </p>
   </div>
   <div class='ocr_carea' id='block_1_83' title="bbox 2194 2371 3782 2441">
    <p class='ocr_par' dir='ltr' id='par_1_83' title="bbox 2194 2371 3782 2441">
     <span class='ocr_line' id='line_1_83' title="bbox 2194 2371 3782 2441; baseline 0.004 -19"><span class='ocrx_word' id='word_1_671' title='bbox 2194 2384 2383 2423; x_wconf 90' lang='lat' dir='ltr'><strong>vorum</strong></span> <span class='ocrx_word' id='word_1_672' title='bbox 2408 2379 2462 2424; x_wconf 91' lang='lat' dir='ltr'><strong>et</strong></span> <span class='ocrx_word' id='word_1_673' title='bbox 2487 2382 2844 2425; x_wconf 91' lang='lat' dir='ltr'><strong>mortuorum.</strong></span> <span class='ocrx_word' id='word_1_674' title='bbox 2880 2371 2996 2425; x_wconf 89' lang='lat' dir='ltr'><strong>Non</strong></span> <span class='ocrx_word' id='word_1_675' title='bbox 3022 2371 3339 2441; x_wconf 87' lang='lat' dir='ltr'><strong>cujusquam</strong></span> <span class='ocrx_word' id='word_1_676' title='bbox 3386 2372 3590 2425; x_wconf 86' lang='lat' dir='ltr'><strong>miseria</strong></span> <span class='ocrx_word' id='word_1_677' title='bbox 3618 2372 3782 2428; x_wconf 73' lang='lat' dir='ltr'><strong>miser</strong></span> 
     </span>
    </p>
   </div>
   <div class='ocr_carea' id='block_1_84' title="bbox 2198 2465 3774 2535">
    <p class='ocr_par' dir='ltr' id='par_1_84' title="bbox 2198 2465 3774 2535">
     <span class='ocr_line' id='line_1_84' title="bbox 2198 2465 3774 2535; baseline 0.003 -18"><span class='ocrx_word' id='word_1_678' title='bbox 2198 2475 2307 2529; x_wconf 91' lang='lat' dir='ltr'><strong>est,</strong></span> <span class='ocrx_word' id='word_1_679' title='bbox 2341 2465 2467 2532; x_wconf 86' lang='lat' dir='ltr'><strong>quia</strong></span> <span class='ocrx_word' id='word_1_680' title='bbox 2500 2479 2600 2518; x_wconf 92' lang='lat' dir='ltr'><strong>nec</strong></span> <span class='ocrx_word' id='word_1_681' title='bbox 2629 2465 2943 2534; x_wconf 90' lang='lat' dir='ltr'><strong>cujusquam</strong></span> <span class='ocrx_word' id='word_1_682' title='bbox 2979 2466 3238 2535; x_wconf 80' lang='lat' dir='ltr'><strong>injuSIitia</strong></span> <span class='ocrx_word' id='word_1_683' title='bbox 3268 2465 3324 2520; x_wconf 91' lang='lat' dir='ltr'><strong>ﬁt</strong></span> <span class='ocrx_word' id='word_1_684' title='bbox 3350 2467 3607 2535; x_wconf 75' lang='lat' dir='ltr'><strong>injustas;</strong></span> <span class='ocrx_word' id='word_1_685' title='bbox 3641 2477 3694 2521; x_wconf 90' lang='lat' dir='ltr'><strong>et</strong></span> <span class='ocrx_word' id='word_1_686' title='bbox 3723 2479 3774 2523; x_wconf 91' lang='lat' dir='ltr'><strong>ut</strong></span> 
     </span>
    </p>
   </div>
   <div class='ocr_carea' id='block_1_85' title="bbox 2194 2555 3778 2630">
    <p class='ocr_par' dir='ltr' id='par_1_85' title="bbox 2194 2555 3778 2630">
     <span class='ocr_line' id='line_1_85' title="bbox 2194 2555 3778 2630; baseline 0.003 -23"><span class='ocrx_word' id='word_1_687' title='bbox 2194 2570 2353 2609; x_wconf 92' lang='lat' dir='ltr'><strong>nemo</strong></span> <span class='ocrx_word' id='word_1_688' title='bbox 2378 2555 2448 2609; x_wconf 93' lang='lat' dir='ltr'><strong>illi</strong></span> <span class='ocrx_word' id='word_1_689' title='bbox 2471 2555 2732 2626; x_wconf 88' lang='lat' dir='ltr'><strong>justitiam</strong></span> <span class='ocrx_word' id='word_1_690' title='bbox 2756 2567 2809 2611; x_wconf 89' lang='lat' dir='ltr'><strong>et</strong></span> <span class='ocrx_word' id='word_1_691' title='bbox 2839 2557 3003 2611; x_wconf 90' lang='lat' dir='ltr'><strong>Deum</strong></span> <span class='ocrx_word' id='word_1_692' title='bbox 3033 2556 3355 2630; x_wconf 83' lang='lat' dir='ltr'><strong>[deitatem],</strong></span> <span class='ocrx_word' id='word_1_693' title='bbox 3391 2557 3469 2613; x_wconf 90' lang='lat' dir='ltr'><strong>sic</strong></span> <span class='ocrx_word' id='word_1_694' title='bbox 3507 2573 3665 2612; x_wconf 88' lang='lat' dir='ltr'><strong>nemo</strong></span> <span class='ocrx_word' id='word_1_695' title='bbox 3695 2574 3778 2612; x_wconf 64' lang='lat' dir='ltr'><strong>auo</strong></span> 
     </span>
    </p>
   </div>
   <div class='ocr_carea' id='block_1_86' title="bbox 2193 2647 3776 2720">
    <p class='ocr_par' dir='ltr' id='par_1_86' title="bbox 2193 2647 3776 2720">
     <span class='ocr_line' id='line_1_86' title="bbox 2193 2647 3776 2720; baseline 0.001 -20"><span class='ocrx_word' id='word_1_696' title='bbox 2193 2647 2297 2701; x_wconf 87' lang='lat' dir='ltr'><strong>fert</strong></span> <span class='ocrx_word' id='word_1_697' title='bbox 2320 2647 2746 2715; x_wconf 88' lang='lat' dir='ltr'><strong>beatitudinem;</strong></span> <span class='ocrx_word' id='word_1_698' title='bbox 2777 2659 2832 2704; x_wconf 91' lang='lat' dir='ltr'><strong>et</strong></span> <span class='ocrx_word' id='word_1_699' title='bbox 2859 2651 2903 2704; x_wconf 87' lang='lat' dir='ltr'><strong>si</strong></span> <span class='ocrx_word' id='word_1_700' title='bbox 2927 2649 3143 2720; x_wconf 87' lang='lat' dir='ltr'><strong>quando</strong></span> <span class='ocrx_word' id='word_1_701' title='bbox 3187 2649 3323 2704; x_wconf 91' lang='lat' dir='ltr'><strong>forte</strong></span> <span class='ocrx_word' id='word_1_702' title='bbox 3369 2650 3601 2719; x_wconf 85' lang='lat' dir='ltr'><strong>alicujus</strong></span> <span class='ocrx_word' id='word_1_703' title='bbox 3644 2650 3776 2719; x_wconf 85' lang='lat' dir='ltr'><strong>peri-</strong></span> 
     </span>
    </p>
   </div>
   <div class='ocr_carea' id='block_1_87' title="bbox 2191 2741 3772 2811">
    <p class='ocr_par' dir='ltr' id='par_1_87' title="bbox 2191 2741 3772 2811">
     <span class='ocr_line' id='line_1_87' title="bbox 2191 2741 3772 2811; baseline 0.002 -17"><span class='ocrx_word' id='word_1_704' title='bbox 2191 2742 2337 2808; x_wconf 90' lang='lat' dir='ltr'><strong>culo,</strong></span> <span class='ocrx_word' id='word_1_705' title='bbox 2372 2742 2458 2797; x_wconf 88' lang='lat' dir='ltr'><strong>vel</strong></span> <span class='ocrx_word' id='word_1_706' title='bbox 2488 2757 2698 2808; x_wconf 89' lang='lat' dir='ltr'><strong>errore,</strong></span> <span class='ocrx_word' id='word_1_707' title='bbox 2742 2744 2829 2798; x_wconf 91' lang='lat' dir='ltr'><strong>vel</strong></span> <span class='ocrx_word' id='word_1_708' title='bbox 2867 2744 3057 2799; x_wconf 88' lang='lat' dir='ltr'><strong>dolore</strong></span> <span class='ocrx_word' id='word_1_709' title='bbox 3091 2753 3488 2807; x_wconf 89' lang='lat' dir='ltr'><strong>commovetur,</strong></span> <span class='ocrx_word' id='word_1_710' title='bbox 3523 2759 3690 2811; x_wconf 86' lang='lat' dir='ltr'><strong>usque</strong></span> <span class='ocrx_word' id='word_1_711' title='bbox 3713 2741 3772 2797; x_wconf 90' lang='lat' dir='ltr'><strong>ad</strong></span> 
     </span>
    </p>
   </div>
   <div class='ocr_carea' id='block_1_88' title="bbox 2190 2832 3775 2904">
    <p class='ocr_par' dir='ltr' id='par_1_88' title="bbox 2190 2832 3775 2904">
     <span class='ocr_line' id='line_1_88' title="bbox 2190 2832 3775 2904; baseline 0 -16"><span class='ocrx_word' id='word_1_712' title='bbox 2190 2832 2333 2888; x_wconf 90' lang='lat' dir='ltr'><strong>illius</strong></span> <span class='ocrx_word' id='word_1_713' title='bbox 2361 2834 2640 2900; x_wconf 83' lang='lat' dir='ltr'><strong>auxilium,</strong></span> <span class='ocrx_word' id='word_1_714' title='bbox 2662 2843 2757 2889; x_wconf 91' lang='lat' dir='ltr'><strong>aut</strong></span> <span class='ocrx_word' id='word_1_715' title='bbox 2777 2836 3191 2902; x_wconf 88' lang='lat' dir='ltr'><strong>correctionem,</strong></span> <span class='ocrx_word' id='word_1_716' title='bbox 3220 2843 3312 2890; x_wconf 90' lang='lat' dir='ltr'><strong>aut</strong></span> <span class='ocrx_word' id='word_1_717' title='bbox 3335 2835 3775 2904; x_wconf 84' lang='lat' dir='ltr'><strong>consolationem,</strong></span> 
     </span>
    </p>
   </div>
   <div class='ocr_carea' id='block_1_89' title="bbox 2187 2923 3773 2996">
    <p class='ocr_par' dir='ltr' id='par_1_89' title="bbox 2187 2923 3773 2996">
     <span class='ocr_line' id='line_1_89' title="bbox 2187 2923 3773 2996; baseline 0.002 -20"><span class='ocrx_word' id='word_1_718' title='bbox 2187 2937 2295 2976; x_wconf 92' lang='lat' dir='ltr'><strong>non</strong></span> <span class='ocrx_word' id='word_1_719' title='bbox 2327 2938 2496 2992; x_wconf 91' lang='lat' dir='ltr'><strong>usque</strong></span> <span class='ocrx_word' id='word_1_720' title='bbox 2524 2923 2590 2976; x_wconf 90' lang='lat' dir='ltr'><strong>ad</strong></span> <span class='ocrx_word' id='word_1_721' title='bbox 2617 2939 2769 2978; x_wconf 91' lang='lat' dir='ltr'><strong>suam</strong></span> <span class='ocrx_word' id='word_1_722' title='bbox 2794 2924 3204 2980; x_wconf 91' lang='lat' dir='ltr'><strong>subversionem</strong></span> <span class='ocrx_word' id='word_1_723' title='bbox 3237 2927 3418 2981; x_wconf 72' lang='lat' dir='ltr'><strong>valere</strong></span> <span class='ocrx_word' id='word_1_724' title='bbox 3455 2927 3667 2996; x_wconf 88' lang='lat' dir='ltr'><strong>patitur.</strong></span> <span class='ocrx_word' id='word_1_725' title='bbox 3714 2923 3773 2979; x_wconf 86' lang='grc' dir='ltr'><strong>1η</strong></span> 
     </span>
    </p>
   </div>
   <div class='ocr_carea' id='block_1_90' title="bbox 2185 3013 3774 3086">
    <p class='ocr_par' dir='ltr' id='par_1_90' title="bbox 2185 3013 3774 3086">
     <span class='ocr_line' id='line_1_90' title="bbox 2185 3013 3774 3086; baseline 0.004 -20"><span class='ocrx_word' id='word_1_726' title='bbox 2185 3013 2436 3068; x_wconf 89' lang='lat' dir='ltr'><strong>omnibus</strong></span> <span class='ocrx_word' id='word_1_727' title='bbox 2491 3025 2671 3069; x_wconf 89' lang='lat' dir='ltr'><strong>autem</strong></span> <span class='ocrx_word' id='word_1_728' title='bbox 2713 3015 2969 3072; x_wconf 89' lang='lat' dir='ltr'><strong>officiosis</strong></span> <span class='ocrx_word' id='word_1_729' title='bbox 3019 3017 3294 3073; x_wconf 86' lang='lat' dir='ltr'><strong>laboribus</strong></span> <span class='ocrx_word' id='word_1_730' title='bbox 3342 3017 3540 3073; x_wconf 71' lang='lat' dir='ltr'><strong>futurae</strong></span> <span class='ocrx_word' id='word_1_731' title='bbox 3584 3016 3774 3086; x_wconf 82' lang='lat' dir='ltr'><strong>quietis</strong></span> 
     </span>
    </p>
   </div>
   <div class='ocr_carea' id='block_1_91' title="bbox 2185 3110 3775 3182">
    <p class='ocr_par' dir='ltr' id='par_1_91' title="bbox 2185 3110 3775 3182">
     <span class='ocr_line' id='line_1_91' title="bbox 2185 3110 3775 3182; baseline 0.003 -22"><span class='ocrx_word' id='word_1_732' title='bbox 2185 3116 2332 3160; x_wconf 89' lang='lat' dir='ltr'><strong>certa</strong></span> <span class='ocrx_word' id='word_1_733' title='bbox 2354 3110 2754 3176; x_wconf 84' lang='lat' dir='ltr'><strong>exspectatione</strong></span> <span class='ocrx_word' id='word_1_734' title='bbox 2787 3124 2894 3163; x_wconf 92' lang='lat' dir='ltr'><strong>non</strong></span> <span class='ocrx_word' id='word_1_735' title='bbox 2919 3110 3203 3182; x_wconf 87' lang='lat' dir='ltr'><strong>frangitur.</strong></span> <span class='ocrx_word' id='word_1_736' title='bbox 3249 3110 3389 3177; x_wconf 88' lang='lat' dir='ltr'><strong>Quid</strong></span> <span class='ocrx_word' id='word_1_737' title='bbox 3429 3112 3576 3166; x_wconf 89' lang='lat' dir='ltr'><strong>enim</strong></span> <span class='ocrx_word' id='word_1_738' title='bbox 3611 3112 3660 3165; x_wconf 86' lang='lat' dir='ltr'><strong>ei</strong></span> <span class='ocrx_word' id='word_1_739' title='bbox 3689 3124 3775 3164; x_wconf 81' lang='lat' dir='ltr'><strong>no-</strong></span> 
     </span>
    </p>
   </div>
   <div class='ocr_carea' id='block_1_92' title="bbox 2183 3198 3776 3274">
    <p class='ocr_par' dir='ltr' id='par_1_92' title="bbox 2183 3198 3776 3274">
     <span class='ocr_line' id='line_1_92' title="bbox 2183 3198 3776 3274; baseline 0.003 -22"><span class='ocrx_word' id='word_1_740' title='bbox 2183 3198 2347 3264; x_wconf 89' lang='lat' dir='ltr'><strong>cebit,</strong></span> <span class='ocrx_word' id='word_1_741' title='bbox 2372 3200 2461 3269; x_wconf 90' lang='lat' dir='ltr'><strong>qui</strong></span> <span class='ocrx_word' id='word_1_742' title='bbox 2490 3200 2626 3255; x_wconf 91' lang='lat' dir='ltr'><strong>bene</strong></span> <span class='ocrx_word' id='word_1_743' title='bbox 2656 3201 2733 3254; x_wconf 91' lang='lat' dir='ltr'><strong>uti</strong></span> <span class='ocrx_word' id='word_1_744' title='bbox 2767 3203 2931 3256; x_wconf 92' lang='lat' dir='ltr'><strong>etiam</strong></span> <span class='ocrx_word' id='word_1_745' title='bbox 2965 3204 3185 3258; x_wconf 90' lang='lat' dir='ltr'><strong>inimico</strong></span> <span class='ocrx_word' id='word_1_746' title='bbox 3216 3204 3427 3274; x_wconf 82' lang='lat' dir='ltr'><strong>putest?</strong></span> <span class='ocrx_word' id='word_1_747' title='bbox 3462 3204 3596 3273; x_wconf 82' lang='lat' dir='ltr'><strong>Ejus</strong></span> <span class='ocrx_word' id='word_1_748' title='bbox 3641 3205 3776 3258; x_wconf 87' lang='lat' dir='ltr'><strong>enim</strong></span> 
     </span>
    </p>
   </div>
   <div class='ocr_carea' id='block_1_93' title="bbox 2184 3290 3774 3361">
    <p class='ocr_par' dir='ltr' id='par_1_93' title="bbox 2184 3290 3774 3361">
     <span class='ocr_line' id='line_1_93' title="bbox 2184 3290 3774 3361; baseline 0.002 -16"><span class='ocrx_word' id='word_1_749' title='bbox 2184 3290 2432 3359; x_wconf 67' lang='lat' dir='ltr'><strong>praesidio</strong></span> <span class='ocrx_word' id='word_1_750' title='bbox 2459 3299 2619 3360; x_wconf 90' lang='lat' dir='ltr'><strong>atque</strong></span> <span class='ocrx_word' id='word_1_751' title='bbox 2647 3293 2978 3348; x_wconf 89' lang='lat' dir='ltr'><strong>munimento</strong></span> <span class='ocrx_word' id='word_1_752' title='bbox 3017 3293 3325 3349; x_wconf 88' lang='lat' dir='ltr'><strong>inimicitias</strong></span> <span class='ocrx_word' id='word_1_753' title='bbox 3365 3308 3473 3348; x_wconf 91' lang='lat' dir='ltr'><strong>non</strong></span> <span class='ocrx_word' id='word_1_754' title='bbox 3512 3295 3774 3361; x_wconf 85' lang='lat' dir='ltr'><strong>pertime-</strong></span> 
     </span>
    </p>
   </div>
   <div class='ocr_carea' id='block_1_94' title="bbox 2180 3380 3774 3456">
    <p class='ocr_par' dir='ltr' id='par_1_94' title="bbox 2180 3380 3774 3456">
     <span class='ocr_line' id='line_1_94' title="bbox 2180 3380 3774 3456; baseline 0 -19"><span class='ocrx_word' id='word_1_755' title='bbox 2180 3381 2303 3450; x_wconf 89' lang='lat' dir='ltr'><strong>scit,</strong></span> <span class='ocrx_word' id='word_1_756' title='bbox 2343 3380 2492 3451; x_wconf 91' lang='lat' dir='ltr'><strong>cujus</strong></span> <span class='ocrx_word' id='word_1_757' title='bbox 2524 3392 2793 3453; x_wconf 75' lang='lat' dir='ltr'><strong>prmcepto</strong></span> <span class='ocrx_word' id='word_1_758' title='bbox 2827 3391 2884 3439; x_wconf 89' lang='lat' dir='ltr'><strong>et</strong></span> <span class='ocrx_word' id='word_1_759' title='bbox 2929 3383 3074 3440; x_wconf 92' lang='lat' dir='ltr'><strong>dono</strong></span> <span class='ocrx_word' id='word_1_760' title='bbox 3119 3384 3292 3456; x_wconf 89' lang='lat' dir='ltr'><strong>diligit</strong></span> <span class='ocrx_word' id='word_1_761' title='bbox 3327 3385 3598 3452; x_wconf 90' lang='lat' dir='ltr'><strong>inimicos,</strong></span> <span class='ocrx_word' id='word_1_762' title='bbox 3654 3385 3774 3438; x_wconf 86' lang='lat' dir='ltr'><strong>huic</strong></span> 
     </span>
    </p>
   </div>
   <div class='ocr_carea' id='block_1_95' title="bbox 2180 3475 3778 3548">
    <p class='ocr_par' dir='ltr' id='par_1_95' title="bbox 2180 3475 3778 3548">
     <span class='ocr_line' id='line_1_95' title="bbox 2180 3475 3778 3548; baseline 0.004 -20"><span class='ocrx_word' id='word_1_763' title='bbox 2180 3475 2298 3529; x_wconf 90' lang='lat' dir='ltr'><strong>viro</strong></span> <span class='ocrx_word' id='word_1_764' title='bbox 2329 3475 2380 3529; x_wconf 92' lang='lat' dir='ltr'><strong>in</strong></span> <span class='ocrx_word' id='word_1_765' title='bbox 2407 3475 2841 3532; x_wconf 82' lang='lat' dir='ltr'><strong>tribulationibus</strong></span> <span class='ocrx_word' id='word_1_766' title='bbox 2863 3492 3051 3548; x_wconf 91' lang='lat' dir='ltr'><strong>parum</strong></span> <span class='ocrx_word' id='word_1_767' title='bbox 3075 3488 3158 3535; x_wconf 91' lang='lat' dir='ltr'><strong>est</strong></span> <span class='ocrx_word' id='word_1_768' title='bbox 3190 3494 3295 3535; x_wconf 92' lang='lat' dir='ltr'><strong>non</strong></span> <span class='ocrx_word' id='word_1_769' title='bbox 3318 3481 3652 3548; x_wconf 86' lang='lat' dir='ltr'><strong>contristari,</strong></span> <span class='ocrx_word' id='word_1_770' title='bbox 3682 3479 3778 3534; x_wconf 88' lang='lat' dir='ltr'><strong>nisi</strong></span> 
     </span>
    </p>
   </div>
   <div class='ocr_carea' id='block_1_96' title="bbox 2179 3570 3776 3642">
    <p class='ocr_par' dir='ltr' id='par_1_96' title="bbox 2179 3570 3776 3642">
     <span class='ocr_line' id='line_1_96' title="bbox 2179 3570 3776 3642; baseline 0.001 -17"><span class='ocrx_word' id='word_1_771' title='bbox 2179 3570 2340 3625; x_wconf 91' lang='lat' dir='ltr'><strong>etiam</strong></span> <span class='ocrx_word' id='word_1_772' title='bbox 2409 3570 2659 3641; x_wconf 87' lang='lat' dir='ltr'><strong>gaudeat,</strong></span> <span class='ocrx_word' id='word_1_773' title='bbox 2717 3570 2894 3627; x_wconf 90' lang='lat' dir='ltr'><strong>sciens</strong></span> <span class='ocrx_word' id='word_1_774' title='bbox 2940 3573 3082 3642; x_wconf 89' lang='lat' dir='ltr'><strong>quod</strong></span> <span class='ocrx_word' id='word_1_775' title='bbox 3137 3572 3409 3628; x_wconf 89' lang='lat' dir='ltr'><strong>tribulatio</strong></span> <span class='ocrx_word' id='word_1_776' title='bbox 3461 3573 3776 3642; x_wconf 83' lang='lat' dir='ltr'><strong>patientiam</strong></span> 
     </span>
    </p>
   </div>
   <div class='ocr_carea' id='block_1_97' title="bbox 2179 3664 3782 3738">
    <p class='ocr_par' dir='ltr' id='par_1_97' title="bbox 2179 3664 3782 3738">
     <span class='ocr_line' id='line_1_97' title="bbox 2179 3664 3782 3738; baseline 0.001 -19"><span class='ocrx_word' id='word_1_777' title='bbox 2179 3672 2473 3734; x_wconf 89' lang='lat' dir='ltr'><strong>operatur,</strong></span> <span class='ocrx_word' id='word_1_778' title='bbox 2525 3664 2782 3735; x_wconf 90' lang='lat' dir='ltr'><strong>patientia</strong></span> <span class='ocrx_word' id='word_1_779' title='bbox 2839 3666 3253 3736; x_wconf 91' lang='lat' dir='ltr'><strong>probationem,</strong></span> <span class='ocrx_word' id='word_1_780' title='bbox 3304 3667 3544 3737; x_wconf 89' lang='lat' dir='ltr'><strong>probatio</strong></span> <span class='ocrx_word' id='word_1_781' title='bbox 3594 3681 3782 3738; x_wconf 76' lang='lat' dir='ltr'><strong>Spem,</strong></span> 
     </span>
    </p>
   </div>
   <div class='ocr_carea' id='block_1_98' title="bbox 2179 3755 3786 3830">
    <p class='ocr_par' dir='ltr' id='par_1_98' title="bbox 2179 3755 3786 3830">
     <span class='ocr_line' id='line_1_98' title="bbox 2179 3755 3786 3830; baseline 0.001 -20"><span class='ocrx_word' id='word_1_782' title='bbox 2179 3771 2302 3825; x_wconf 86' lang='lat' dir='ltr'><strong>spes</strong></span> <span class='ocrx_word' id='word_1_783' title='bbox 2327 3766 2504 3812; x_wconf 91' lang='lat' dir='ltr'><strong>autem</strong></span> <span class='ocrx_word' id='word_1_784' title='bbox 2534 3772 2640 3812; x_wconf 90' lang='lat' dir='ltr'><strong>non</strong></span> <span class='ocrx_word' id='word_1_785' title='bbox 2669 3755 2969 3823; x_wconf 88' lang='lat' dir='ltr'><strong>confundit,</strong></span> <span class='ocrx_word' id='word_1_786' title='bbox 3000 3759 3254 3830; x_wconf 88' lang='lat' dir='ltr'><strong>quoniam</strong></span> <span class='ocrx_word' id='word_1_787' title='bbox 3287 3758 3511 3813; x_wconf 88' lang='lat' dir='ltr'><strong>charitas</strong></span> <span class='ocrx_word' id='word_1_788' title='bbox 3537 3758 3642 3811; x_wconf 86' lang='lat' dir='ltr'><strong>Dei</strong></span> <span class='ocrx_word' id='word_1_789' title='bbox 3667 3757 3786 3811; x_wconf 64' lang='lat' dir='ltr'><strong>dif.</strong></span> 
     </span>
    </p>
   </div>
   <div class='ocr_carea' id='block_1_99' title="bbox 2179 3848 3790 3924">
    <p class='ocr_par' dir='ltr' id='par_1_99' title="bbox 2179 3848 3790 3924">
     <span class='ocr_line' id='line_1_99' title="bbox 2179 3848 3790 3924; baseline 0.003 -22"><span class='ocrx_word' id='word_1_790' title='bbox 2179 3848 2291 3903; x_wconf 91' lang='lat' dir='ltr'><strong>fusa</strong></span> <span class='ocrx_word' id='word_1_791' title='bbox 2319 3859 2404 3904; x_wconf 90' lang='lat' dir='ltr'><strong>est</strong></span> <span class='ocrx_word' id='word_1_792' title='bbox 2434 3852 2488 3904; x_wconf 89' lang='lat' dir='ltr'><strong>in</strong></span> <span class='ocrx_word' id='word_1_793' title='bbox 2518 3851 2774 3906; x_wconf 90' lang='lat' dir='ltr'><strong>cordibus</strong></span> <span class='ocrx_word' id='word_1_794' title='bbox 2806 3853 3006 3906; x_wconf 91' lang='lat' dir='ltr'><strong>nostris</strong></span> <span class='ocrx_word' id='word_1_795' title='bbox 3058 3868 3152 3922; x_wconf 89' lang='lat' dir='ltr'><strong>per</strong></span> <span class='ocrx_word' id='word_1_796' title='bbox 3199 3852 3449 3924; x_wconf 87' lang='lat' dir='ltr'><strong>Spiritum</strong></span> <span class='ocrx_word' id='word_1_797' title='bbox 3492 3861 3790 3923; x_wconf 84' lang='lat' dir='ltr'><strong>sanctum,</strong></span> 
     </span>
    </p>
   </div>
   <div class='ocr_carea' id='block_1_100' title="bbox 2180 3942 3786 4019">
    <p class='ocr_par' dir='ltr' id='par_1_100' title="bbox 2180 3942 3786 4019">
     <span class='ocr_line' id='line_1_100' title="bbox 2180 3942 3786 4019; baseline 0.005 -22"><span class='ocrx_word' id='word_1_798' title='bbox 2180 3943 2271 4013; x_wconf 91' lang='lat' dir='ltr'><strong>qui</strong></span> <span class='ocrx_word' id='word_1_799' title='bbox 2299 3943 2453 3999; x_wconf 90' lang='lat' dir='ltr'><strong>datus</strong></span> <span class='ocrx_word' id='word_1_800' title='bbox 2481 3955 2564 4001; x_wconf 90' lang='lat' dir='ltr'><strong>est</strong></span> <span class='ocrx_word' id='word_1_801' title='bbox 2595 3946 2749 4002; x_wconf 90' lang='lat' dir='ltr'><strong>nobis</strong></span> <span class='ocrx_word' id='word_1_802' title='bbox 2775 3964 2790 4013; x_wconf 93' lang='lat'><strong>;</strong></span> <span class='ocrx_word' id='word_1_803' title='bbox 2820 3947 2941 4018; x_wconf 91' lang='lat' dir='ltr'><strong>quis</strong></span> <span class='ocrx_word' id='word_1_804' title='bbox 2965 3942 3117 4005; x_wconf 61' lang='lat' dir='ltr'><strong>&#39;huic</strong></span> <span class='ocrx_word' id='word_1_805' title='bbox 3166 3949 3425 4004; x_wconf 78' lang='lat' dir='ltr'><strong>nocebit?</strong></span> <span class='ocrx_word' id='word_1_806' title='bbox 3457 3949 3574 4019; x_wconf 86' lang='lat' dir='ltr'><strong>quis</strong></span> <span class='ocrx_word' id='word_1_807' title='bbox 3631 3950 3786 4005; x_wconf 79' lang='lat' dir='ltr'><strong>hunc</strong></span> 
     </span>
    </p>
   </div>
   <div class='ocr_carea' id='block_1_101' title="bbox 2178 4035 3779 4113">
    <p class='ocr_par' dir='ltr' id='par_1_101' title="bbox 2178 4035 3779 4113">
     <span class='ocr_line' id='line_1_101' title="bbox 2178 4035 3779 4113; baseline 0.005 -23"><span class='ocrx_word' id='word_1_808' title='bbox 2178 4035 2522 4106; x_wconf 83' lang='lat' dir='ltr'><strong>subjugabit?</strong></span> <span class='ocrx_word' id='word_1_809' title='bbox 2550 4038 2712 4095; x_wconf 92' lang='lat' dir='ltr'><strong>homo</strong></span> <span class='ocrx_word' id='word_1_810' title='bbox 2733 4041 2822 4108; x_wconf 93' lang='lat' dir='ltr'><strong>qui</strong></span> <span class='ocrx_word' id='word_1_811' title='bbox 2849 4042 3120 4111; x_wconf 88' lang='lat' dir='ltr'><strong>prosperis</strong></span> <span class='ocrx_word' id='word_1_812' title='bbox 3153 4041 3315 4097; x_wconf 88' lang='lat' dir='ltr'><strong>rebus</strong></span> <span class='ocrx_word' id='word_1_813' title='bbox 3345 4040 3576 4108; x_wconf 88' lang='lat' dir='ltr'><strong>proﬁcit,</strong></span> <span class='ocrx_word' id='word_1_814' title='bbox 3609 4058 3779 4113; x_wconf 84' lang='lat' dir='ltr'><strong>aspe-</strong></span> 
     </span>
    </p>
   </div>
   <div class='ocr_carea' id='block_1_102' title="bbox 2184 4129 3784 4208">
    <p class='ocr_par' dir='ltr' id='par_1_102' title="bbox 2184 4129 3784 4208">
     <span class='ocr_line' id='line_1_102' title="bbox 2184 4129 3784 4208; baseline 0.006 -26"><span class='ocrx_word' id='word_1_815' title='bbox 2184 4129 2258 4182; x_wconf 91' lang='lat' dir='ltr'><strong>ris</strong></span> <span class='ocrx_word' id='word_1_816' title='bbox 2286 4130 2410 4200; x_wconf 92' lang='lat' dir='ltr'><strong>quid</strong></span> <span class='ocrx_word' id='word_1_817' title='bbox 2443 4131 2738 4201; x_wconf 89' lang='lat' dir='ltr'><strong>profecerit</strong></span> <span class='ocrx_word' id='word_1_818' title='bbox 2761 4134 2931 4189; x_wconf 88' lang='lat' dir='ltr'><strong>discet</strong></span> <span class='ocrx_word' id='word_1_819' title='bbox 2959 4133 3184 4208; x_wconf 88' lang='lat' dir='ltr'><strong>[discit].</strong></span> <span class='ocrx_word' id='word_1_820' title='bbox 3236 4131 3370 4190; x_wconf 89' lang='lat' dir='ltr'><strong>Cum</strong></span> <span class='ocrx_word' id='word_1_821' title='bbox 3401 4135 3545 4192; x_wconf 90' lang='lat' dir='ltr'><strong>enim</strong></span> <span class='ocrx_word' id='word_1_822' title='bbox 3596 4147 3784 4191; x_wconf 73' lang='lat' dir='ltr'><strong>muta-</strong></span> 
     </span>
    </p>
   </div>
   <div class='ocr_carea' id='block_1_103' title="bbox 2177 4220 3787 4295">
    <p class='ocr_par' dir='ltr' id='par_1_103' title="bbox 2177 4220 3787 4295">
     <span class='ocr_line' id='line_1_103' title="bbox 2177 4220 3787 4295; baseline 0.006 -19"><span class='ocrx_word' id='word_1_823' title='bbox 2177 4220 2360 4276; x_wconf 88' lang='lat' dir='ltr'><strong>bilium</strong></span> <span class='ocrx_word' id='word_1_824' title='bbox 2399 4222 2661 4279; x_wconf 90' lang='lat' dir='ltr'><strong>bonorum</strong></span> <span class='ocrx_word' id='word_1_825' title='bbox 2707 4225 2859 4281; x_wconf 81' lang='lat' dir='ltr'><strong>adest</strong></span> <span class='ocrx_word' id='word_1_826' title='bbox 2886 4227 3060 4294; x_wconf 87' lang='lat' dir='ltr'><strong>cepia,</strong></span> <span class='ocrx_word' id='word_1_827' title='bbox 3112 4241 3220 4281; x_wconf 90' lang='lat' dir='ltr'><strong>non</strong></span> <span class='ocrx_word' id='word_1_828' title='bbox 3269 4227 3348 4282; x_wconf 89' lang='lat' dir='ltr'><strong>eis</strong></span> <span class='ocrx_word' id='word_1_829' title='bbox 3398 4225 3652 4295; x_wconf 85' lang='lat' dir='ltr'><strong>conlidit;</strong></span> <span class='ocrx_word' id='word_1_830' title='bbox 3691 4228 3787 4286; x_wconf 82' lang='lat' dir='ltr'><strong>sed</strong></span> 
     </span>
    </p>
   </div>
   <div class='ocr_carea' id='block_1_104' title="bbox 2178 4308 3786 4392">
    <p class='ocr_par' dir='ltr' id='par_1_104' title="bbox 2178 4308 3786 4392">
     <span class='ocr_line' id='line_1_104' title="bbox 2178 4308 3786 4392; baseline 0.006 -26"><span class='ocrx_word' id='word_1_831' title='bbox 2178 4328 2298 4367; x_wconf 91' lang='lat' dir='ltr'><strong>cum</strong></span> <span class='ocrx_word' id='word_1_832' title='bbox 2327 4315 3066 4387; x_wconf 88' lang='lat' dir='ltr'><strong>subtrahuntur,agnoscitur</strong></span> <span class='ocrx_word' id='word_1_833' title='bbox 3096 4308 3381 4392; x_wconf 84' lang='lat' dir='ltr'><strong>[agnoscitl</strong></span> <span class='ocrx_word' id='word_1_834' title='bbox 3428 4329 3615 4374; x_wconf 90' lang='lat' dir='ltr'><strong>utrum</strong></span> <span class='ocrx_word' id='word_1_835' title='bbox 3660 4336 3786 4376; x_wconf 86' lang='lat' dir='ltr'><strong>cum</strong></span> 
     </span>
    </p>
   </div>
   <div class='ocr_carea' id='block_1_105' title="bbox 2178 4406 3789 4480">
    <p class='ocr_par' dir='ltr' id='par_1_105' title="bbox 2178 4406 3789 4480">
     <span class='ocr_line' id='line_1_105' title="bbox 2178 4406 3789 4480; baseline 0.006 -23"><span class='ocrx_word' id='word_1_836' title='bbox 2178 4419 2284 4457; x_wconf 91' lang='lat' dir='ltr'><strong>non</strong></span> <span class='ocrx_word' id='word_1_837' title='bbox 2306 4406 2568 4474; x_wconf 89' lang='lat' dir='ltr'><strong>ceperint,</strong></span> <span class='ocrx_word' id='word_1_838' title='bbox 2592 4407 2716 4474; x_wconf 91' lang='lat' dir='ltr'><strong>quia</strong></span> <span class='ocrx_word' id='word_1_839' title='bbox 2738 4407 3050 4479; x_wconf 88' lang='lat' dir='ltr'><strong>plerumque</strong></span> <span class='ocrx_word' id='word_1_840' title='bbox 3071 4424 3190 4463; x_wconf 91' lang='lat' dir='ltr'><strong>cum</strong></span> <span class='ocrx_word' id='word_1_841' title='bbox 3213 4409 3406 4462; x_wconf 90' lang='lat' dir='ltr'><strong>adsunt</strong></span> <span class='ocrx_word' id='word_1_842' title='bbox 3429 4409 3613 4477; x_wconf 89' lang='lat' dir='ltr'><strong>nobis,</strong></span> <span class='ocrx_word' id='word_1_843' title='bbox 3644 4423 3789 4480; x_wconf 85' lang='lat' dir='ltr'><strong>puta-</strong></span> 
     </span>
    </p>
   </div>
   <div class='ocr_carea' id='block_1_106' title="bbox 2178 4565 3968 4659">
    <p class='ocr_par' dir='ltr' id='par_1_106' title="bbox 2178 4565 3968 4659">
     <span class='ocr_line' id='line_1_106' title="bbox 2178 4565 3968 4659; baseline 0.007 -19"><span class='ocrx_word' id='word_1_844' title='bbox 2178 4586 2483 4642; x_wconf 85' lang='lat' dir='ltr'><strong>invenimus</strong></span> <span class='ocrx_word' id='word_1_845' title='bbox 2505 4588 2596 4659; x_wconf 93' lang='lat' dir='ltr'><strong>qui</strong></span> <span class='ocrx_word' id='word_1_846' title='bbox 2619 4590 2944 4646; x_wconf 90' lang='lat' dir='ltr'><strong>simus.lloc</strong></span> <span class='ocrx_word' id='word_1_847' title='bbox 2990 4592 3132 4647; x_wconf 88' lang='lat' dir='ltr'><strong>enim</strong></span> <span class='ocrx_word' id='word_1_848' title='bbox 3179 4594 3298 4647; x_wconf 90' lang='lat' dir='ltr'><strong>sine</strong></span> <span class='ocrx_word' id='word_1_849' title='bbox 3347 4609 3536 4650; x_wconf 89' lang='lat' dir='ltr'><strong>amore</strong></span> <span class='ocrx_word' id='word_1_850' title='bbox 3591 4608 3795 4652; x_wconf 84' lang='lat' dir='ltr'><strong>nostro</strong></span> <span class='ocrx_word' id='word_1_851' title='bbox 3966 4565 3968 4596; x_wconf 60' lang='grc' dir='ltr'><strong>Ι</strong></span> 
     </span>
    </p>
   </div>
   <div class='ocr_carea' id='block_1_107' title="bbox 2178 4675 3791 4758">
    <p class='ocr_par' dir='ltr' id='par_1_107' title="bbox 2178 4675 3791 4758">
     <span class='ocr_line' id='line_1_107' title="bbox 2178 4675 3791 4758; baseline 0.007 -29"><span class='ocrx_word' id='word_1_852' title='bbox 2178 4675 2381 4740; x_wconf 88' lang='lat' dir='ltr'><strong>aderat,</strong></span> <span class='ocrx_word' id='word_1_853' title='bbox 2411 4678 2553 4748; x_wconf 90' lang='lat' dir='ltr'><strong>quod</strong></span> <span class='ocrx_word' id='word_1_854' title='bbox 2584 4678 2700 4734; x_wconf 89' lang='lat' dir='ltr'><strong>sine</strong></span> <span class='ocrx_word' id='word_1_855' title='bbox 2723 4680 2911 4735; x_wconf 91' lang='lat' dir='ltr'><strong>dolore</strong></span> <span class='ocrx_word' id='word_1_856' title='bbox 2954 4682 3191 4738; x_wconf 89' lang='lat' dir='ltr'><strong>discedet</strong></span> <span class='ocrx_word' id='word_1_857' title='bbox 3223 4683 3520 4758; x_wconf 76' lang='lat' dir='ltr'><strong>[discedit].</strong></span> <span class='ocrx_word' id='word_1_858' title='bbox 3553 4685 3791 4742; x_wconf 77' lang='lat' dir='ltr'><strong>Videtur</strong></span> 
     </span>
    </p>
   </div>
   <div class='ocr_carea' id='block_1_108' title="bbox 2177 4769 3790 4848">
    <p class='ocr_par' dir='ltr' id='par_1_108' title="bbox 2177 4769 3790 4848">
     <span class='ocr_line' id='line_1_108' title="bbox 2177 4769 3790 4848; baseline 0.007 -24"><span class='ocrx_word' id='word_1_859' title='bbox 2177 4783 2305 4840; x_wconf 88' lang='lat' dir='ltr'><strong>ergo</strong></span> <span class='ocrx_word' id='word_1_860' title='bbox 2333 4769 2550 4825; x_wconf 89' lang='lat' dir='ltr'><strong>vincere</strong></span> <span class='ocrx_word' id='word_1_861' title='bbox 2579 4786 2701 4826; x_wconf 89' lang='lat' dir='ltr'><strong>cum</strong></span> <span class='ocrx_word' id='word_1_862' title='bbox 2724 4773 2988 4842; x_wconf 88' lang='lat' dir='ltr'><strong>vincatur,</strong></span> <span class='ocrx_word' id='word_1_863' title='bbox 3014 4775 3102 4844; x_wconf 91' lang='lat' dir='ltr'><strong>qui</strong></span> <span class='ocrx_word' id='word_1_864' title='bbox 3131 4775 3436 4844; x_wconf 86' lang='lat' dir='ltr'><strong>superando</strong></span> <span class='ocrx_word' id='word_1_865' title='bbox 3468 4779 3538 4831; x_wconf 90' lang='lat' dir='ltr'><strong>ad</strong></span> <span class='ocrx_word' id='word_1_866' title='bbox 3567 4778 3622 4832; x_wconf 90' lang='lat' dir='ltr'><strong>id</strong></span> <span class='ocrx_word' id='word_1_867' title='bbox 3654 4793 3790 4848; x_wconf 82' lang='lat' dir='ltr'><strong>per-</strong></span> 
     </span>
    </p>
   </div>
   <div class='ocr_carea' id='block_1_109' title="bbox 2175 4863 3794 4934">
    <p class='ocr_par' dir='ltr' id='par_1_109' title="bbox 2175 4863 3794 4934">
     <span class='ocr_line' id='line_1_109' title="bbox 2175 4863 3794 4934; baseline 0.007 -18"><span class='ocrx_word' id='word_1_868' title='bbox 2175 4863 2321 4917; x_wconf 92' lang='lat' dir='ltr'><strong>venit</strong></span> <span class='ocrx_word' id='word_1_869' title='bbox 2351 4863 2493 4933; x_wconf 88' lang='lat' dir='ltr'><strong>quod</strong></span> <span class='ocrx_word' id='word_1_870' title='bbox 2523 4879 2642 4919; x_wconf 93' lang='lat' dir='ltr'><strong>cum</strong></span> <span class='ocrx_word' id='word_1_871' title='bbox 2675 4865 2862 4922; x_wconf 89' lang='lat' dir='ltr'><strong>dolore</strong></span> <span class='ocrx_word' id='word_1_872' title='bbox 2886 4867 3180 4927; x_wconf 79' lang='lat' dir='ltr'><strong>amissurus</strong></span> <span class='ocrx_word' id='word_1_873' title='bbox 3212 4877 3295 4923; x_wconf 90' lang='lat' dir='ltr'><strong>est</strong></span> <span class='ocrx_word' id='word_1_874' title='bbox 3333 4886 3347 4934; x_wconf 91' lang='lat'>;</span> <span class='ocrx_word' id='word_1_875' title='bbox 3379 4880 3432 4924; x_wconf 90' lang='lat' dir='ltr'><strong>et</strong></span> <span class='ocrx_word' id='word_1_876' title='bbox 3465 4869 3637 4925; x_wconf 86' lang='lat' dir='ltr'><strong>vincit</strong></span> <span class='ocrx_word' id='word_1_877' title='bbox 3658 4887 3794 4928; x_wconf 86' lang='lat' dir='ltr'><strong>cum</strong></span> 
     </span>
    </p>
   </div>
   <div class='ocr_carea' id='block_1_110' title="bbox 2173 4955 3801 5036">
    <p class='ocr_par' dir='ltr' id='par_1_110' title="bbox 2173 4955 3801 5036">
     <span class='ocr_line' id='line_1_110' title="bbox 2173 4955 3801 5036; baseline 0.009 -26"><span class='ocrx_word' id='word_1_878' title='bbox 2173 4956 2314 5011; x_wconf 91' lang='lat' dir='ltr'><strong>vinci</strong></span> <span class='ocrx_word' id='word_1_879' title='bbox 2344 4955 2613 5024; x_wconf 90' lang='lat' dir='ltr'><strong>videatur,</strong></span> <span class='ocrx_word' id='word_1_880' title='bbox 2639 4959 2878 5029; x_wconf 90' lang='lat' dir='ltr'><strong>quisquis</strong></span> <span class='ocrx_word' id='word_1_881' title='bbox 2901 4959 3143 5015; x_wconf 86' lang='lat' dir='ltr'><strong>cedendo</strong></span> <span class='ocrx_word' id='word_1_882' title='bbox 3173 4961 3240 5015; x_wconf 86' lang='lat' dir='ltr'><strong>ad</strong></span> <span class='ocrx_word' id='word_1_883' title='bbox 3275 4962 3326 5015; x_wconf 90' lang='lat' dir='ltr'><strong>id</strong></span> <span class='ocrx_word' id='word_1_884' title='bbox 3361 4965 3612 5032; x_wconf 88' lang='lat' dir='ltr'><strong>pervenit</strong></span> <span class='ocrx_word' id='word_1_885' title='bbox 3636 4967 3801 5036; x_wconf 74' lang='lat' dir='ltr'><strong>quod</strong></span> 
     </span>
    </p>
   </div>
   <div class='ocr_carea' id='block_1_111' title="bbox 2173 5049 3796 5124">
    <p class='ocr_par' dir='ltr' id='par_1_111' title="bbox 2173 5049 3796 5124">
     <span class='ocr_line' id='line_1_111' title="bbox 2173 5049 3796 5124; baseline 0.007 -20"><span class='ocrx_word' id='word_1_886' title='bbox 2173 5065 2280 5104; x_wconf 91' lang='lat' dir='ltr'><strong>non</strong></span> <span class='ocrx_word' id='word_1_887' title='bbox 2301 5049 2500 5104; x_wconf 85' lang='lat' dir='ltr'><strong>amittit</strong></span> <span class='ocrx_word' id='word_1_888' title='bbox 2524 5050 2746 5106; x_wconf 88' lang='lat' dir='ltr'><strong>invitus.</strong></span> <span class='ocrx_word' id='word_1_889' title='bbox 2775 5052 2944 5117; x_wconf 90' lang='lat' dir='ltr'><strong>Quem</strong></span> <span class='ocrx_word' id='word_1_890' title='bbox 2978 5052 3211 5108; x_wconf 85' lang='lat' dir='ltr'><strong>delectat</strong></span> <span class='ocrx_word' id='word_1_891' title='bbox 3248 5067 3382 5123; x_wconf 88' lang='lat' dir='ltr'><strong>ergo</strong></span> <span class='ocrx_word' id='word_1_892' title='bbox 3425 5055 3683 5124; x_wconf 80' lang='lat' dir='ltr'><strong>libertas,</strong></span> <span class='ocrx_word' id='word_1_893' title='bbox 3721 5062 3796 5116; x_wconf 72' lang='lat' dir='ltr'><strong>ab</strong></span> 
     </span>
    </p>
   </div>
   <div class='ocr_carea' id='block_1_112' title="bbox 2170 5141 3808 5216">
    <p class='ocr_par' dir='ltr' id='par_1_112' title="bbox 2170 5141 3808 5216">
     <span class='ocr_line' id='line_1_112' title="bbox 2170 5141 3808 5216; baseline 0.009 -21"><span class='ocrx_word' id='word_1_894' title='bbox 2170 5155 2354 5196; x_wconf 89' lang='lat' dir='ltr'><strong>amore</strong></span> <span class='ocrx_word' id='word_1_895' title='bbox 2405 5141 2747 5196; x_wconf 82' lang='lat' dir='ltr'><strong>mutabilium</strong></span> <span class='ocrx_word' id='word_1_896' title='bbox 2799 5159 2980 5198; x_wconf 89' lang='lat' dir='ltr'><strong>rerum</strong></span> <span class='ocrx_word' id='word_1_897' title='bbox 3040 5143 3178 5198; x_wconf 88' lang='lat' dir='ltr'><strong>liber</strong></span> <span class='ocrx_word' id='word_1_898' title='bbox 3228 5159 3350 5200; x_wconf 92' lang='lat' dir='ltr'><strong>esse</strong></span> <span class='ocrx_word' id='word_1_899' title='bbox 3405 5158 3661 5216; x_wconf 88' lang='lat' dir='ltr'><strong>appetat;</strong></span> <span class='ocrx_word' id='word_1_900' title='bbox 3743 5162 3808 5209; x_wconf 80' lang='lat' dir='ltr'><strong>et</strong></span> 
     </span>
    </p>
   </div>
   <div class='ocr_carea' id='block_1_113' title="bbox 2170 5233 3806 5308">
    <p class='ocr_par' dir='ltr' id='par_1_113' title="bbox 2170 5233 3806 5308">
     <span class='ocr_line' id='line_1_113' title="bbox 2170 5233 3806 5308; baseline 0.01 -22"><span class='ocrx_word' id='word_1_901' title='bbox 2170 5249 2325 5305; x_wconf 90' lang='lat' dir='ltr'><strong>quem</strong></span> <span class='ocrx_word' id='word_1_902' title='bbox 2358 5248 2585 5305; x_wconf 82' lang='lat' dir='ltr'><strong>regnare</strong></span> <span class='ocrx_word' id='word_1_903' title='bbox 2615 5233 2870 5306; x_wconf 87' lang='lat' dir='ltr'><strong>delectat,</strong></span> <span class='ocrx_word' id='word_1_904' title='bbox 2923 5237 3010 5290; x_wconf 92' lang='lat' dir='ltr'><strong>uni</strong></span> <span class='ocrx_word' id='word_1_905' title='bbox 3053 5239 3294 5292; x_wconf 90' lang='lat' dir='ltr'><strong>omnium</strong></span> <span class='ocrx_word' id='word_1_906' title='bbox 3327 5243 3611 5308; x_wconf 84' lang='lat' dir='ltr'><strong>regnatori</strong></span> <span class='ocrx_word' id='word_1_907' title='bbox 3671 5244 3806 5302; x_wconf 79' lang='lat' dir='ltr'><strong>Deo</strong></span> 
     </span>
    </p>
   </div>
   <div class='ocr_carea' id='block_1_114' title="bbox 2169 5326 3813 5404">
    <p class='ocr_par' dir='ltr' id='par_1_114' title="bbox 2169 5326 3813 5404">
     <span class='ocr_line' id='line_1_114' title="bbox 2169 5326 3813 5404; baseline 0.01 -24"><span class='ocrx_word' id='word_1_908' title='bbox 2169 5326 2415 5383; x_wconf 90' lang='lat' dir='ltr'><strong>subditus</strong></span> <span class='ocrx_word' id='word_1_909' title='bbox 2446 5328 2670 5393; x_wconf 57' lang='lat' dir='ltr'><strong>haereat,</strong></span> <span class='ocrx_word' id='word_1_910' title='bbox 2703 5329 2822 5398; x_wconf 90' lang='lat' dir='ltr'><strong>plus</strong></span> <span class='ocrx_word' id='word_1_911' title='bbox 2849 5345 2970 5386; x_wconf 90' lang='lat' dir='ltr'><strong>eum</strong></span> <span class='ocrx_word' id='word_1_912' title='bbox 2995 5329 3271 5403; x_wconf 85' lang='lat' dir='ltr'><strong>diligendo</strong></span> <span class='ocrx_word' id='word_1_913' title='bbox 3296 5349 3456 5403; x_wconf 89' lang='lat' dir='ltr'><strong>quam</strong></span> <span class='ocrx_word' id='word_1_914' title='bbox 3485 5335 3758 5404; x_wconf 86' lang='lat' dir='ltr'><strong>seipsum</strong></span> <span class='ocrx_word' id='word_1_915' title='bbox 3784 5359 3813 5396; x_wconf 64' lang='grc' dir='ltr'>ι</span> 
     </span>
    </p>
   </div>
   <div class='ocr_carea' id='block_1_115' title="bbox 2168 5419 3820 5493">
    <p class='ocr_par' dir='ltr' id='par_1_115' title="bbox 2168 5419 3820 5493">
     <span class='ocr_line' id='line_1_115' title="bbox 2168 5419 3820 5493; baseline 0.007 -19"><span class='ocrx_word' id='word_1_916' title='bbox 2168 5427 2224 5474; x_wconf 90' lang='lat' dir='ltr'><strong>et</strong></span> <span class='ocrx_word' id='word_1_917' title='bbox 2265 5419 2381 5474; x_wconf 62' lang='lat' dir='ltr'><strong>hare</strong></span> <span class='ocrx_word' id='word_1_918' title='bbox 2412 5428 2494 5476; x_wconf 87' lang='lat' dir='ltr'><strong>est</strong></span> <span class='ocrx_word' id='word_1_919' title='bbox 2534 5419 2772 5491; x_wconf 88' lang='lat' dir='ltr'><strong>perfecta</strong></span> <span class='ocrx_word' id='word_1_920' title='bbox 2805 5421 3038 5491; x_wconf 88' lang='lat' dir='ltr'><strong>justitia,</strong></span> <span class='ocrx_word' id='word_1_921' title='bbox 3074 5438 3177 5493; x_wconf 88' lang='lat' dir='ltr'><strong>qua</strong></span> <span class='ocrx_word' id='word_1_922' title='bbox 3221 5423 3401 5493; x_wconf 91' lang='lat' dir='ltr'><strong>potius</strong></span> <span class='ocrx_word' id='word_1_923' title='bbox 3449 5427 3704 5493; x_wconf 76' lang='lat' dir='ltr'><strong>potiora,</strong></span> <span class='ocrx_word' id='word_1_924' title='bbox 3749 5439 3820 5488; x_wconf 70' lang='lat' dir='ltr'><strong>et</strong></span> 
     </span>
    </p>
   </div>
   <div class='ocr_carea' id='block_1_116' title="bbox 2169 5515 3828 5591">
    <p class='ocr_par' dir='ltr' id='par_1_116' title="bbox 2169 5515 3828 5591">
     <span class='ocr_line' id='line_1_116' title="bbox 2169 5515 3828 5591; baseline 0.005 -22"><span class='ocrx_word' id='word_1_925' title='bbox 2169 5515 2347 5570; x_wconf 90' lang='lat' dir='ltr'><strong>minus</strong></span> <span class='ocrx_word' id='word_1_926' title='bbox 2376 5515 2582 5570; x_wconf 91' lang='lat' dir='ltr'><strong>minora</strong></span> <span class='ocrx_word' id='word_1_927' title='bbox 2620 5515 2928 5586; x_wconf 83' lang='lat' dir='ltr'><strong>diligimus;</strong></span> <span class='ocrx_word' id='word_1_928' title='bbox 2975 5517 3273 5586; x_wconf 89' lang='lat' dir='ltr'><strong>sapientem</strong></span> <span class='ocrx_word' id='word_1_929' title='bbox 3322 5520 3557 5574; x_wconf 78' lang='lat' dir='ltr'><strong>animam</strong></span> <span class='ocrx_word' id='word_1_930' title='bbox 3609 5532 3828 5591; x_wconf 66' lang='lat' dir='ltr'><strong>atque</strong></span> 
     </span>
    </p>
   </div>
   <div class='ocr_carea' id='block_1_117' title="bbox 2169 5607 3822 5692">
    <p class='ocr_par' dir='ltr' id='par_1_117' title="bbox 2169 5607 3822 5692">
     <span class='ocr_line' id='line_1_117' title="bbox 2169 5607 3822 5692; baseline 0.007 -32"><span class='ocrx_word' id='word_1_931' title='bbox 2169 5607 2456 5677; x_wconf 85' lang='lat' dir='ltr'><strong>perlectam</strong></span> <span class='ocrx_word' id='word_1_932' title='bbox 2489 5607 2649 5661; x_wconf 90' lang='lat' dir='ltr'><strong>talem</strong></span> <span class='ocrx_word' id='word_1_933' title='bbox 2681 5607 2886 5677; x_wconf 88' lang='lat' dir='ltr'><strong>diligat,</strong></span> <span class='ocrx_word' id='word_1_934' title='bbox 2917 5609 3130 5678; x_wconf 88' lang='lat' dir='ltr'><strong>qttalem</strong></span> <span class='ocrx_word' id='word_1_935' title='bbox 3162 5611 3307 5663; x_wconf 87' lang='lat' dir='ltr'><strong>illam</strong></span> <span class='ocrx_word' id='word_1_936' title='bbox 3342 5612 3525 5665; x_wconf 86' lang='lat' dir='ltr'><strong>videat</strong></span> <span class='ocrx_word' id='word_1_937' title='bbox 3553 5611 3822 5692; x_wconf 69' lang='lat' dir='ltr'><strong>[videt],</strong></span> 
     </span>
    </p>
   </div>
   <div class='ocr_carea' id='block_1_118' title="bbox 2168 5702 3836 5774">
    <p class='ocr_par' dir='ltr' id='par_1_118' title="bbox 2168 5702 3836 5774">
     <span class='ocr_line' id='line_1_118' title="bbox 2168 5702 3836 5774; baseline 0.004 -19"><span class='ocrx_word' id='word_1_938' title='bbox 2168 5703 2386 5756; x_wconf 84' lang='lat' dir='ltr'><strong>stultam</strong></span> <span class='ocrx_word' id='word_1_939' title='bbox 2423 5718 2530 5756; x_wconf 90' lang='lat' dir='ltr'><strong>non</strong></span> <span class='ocrx_word' id='word_1_940' title='bbox 2558 5702 2738 5766; x_wconf 86' lang='lat' dir='ltr'><strong>talem,</strong></span> <span class='ocrx_word' id='word_1_941' title='bbox 2769 5703 2861 5755; x_wconf 80' lang='lat' dir='ltr'><strong>sed</strong></span> <span class='ocrx_word' id='word_1_942' title='bbox 2893 5705 3014 5769; x_wconf 86' lang='lat' dir='ltr'><strong>quia</strong></span> <span class='ocrx_word' id='word_1_943' title='bbox 3047 5719 3163 5758; x_wconf 88' lang='lat' dir='ltr'><strong>esse</strong></span> <span class='ocrx_word' id='word_1_944' title='bbox 3186 5704 3426 5771; x_wconf 81' lang='lat' dir='ltr'><strong>perfecta</strong></span> <span class='ocrx_word' id='word_1_945' title='bbox 3458 5715 3507 5758; x_wconf 56' lang='lat' dir='ltr'><strong>ei</strong></span> <span class='ocrx_word' id='word_1_946' title='bbox 3551 5712 3836 5774; x_wconf 54' lang='lat' dir='ltr'><strong>sapipug</strong></span> 
     </span>
    </p>
   </div>
   <div class='ocr_carea' id='block_1_119' title="bbox 2166 5796 3834 5868">
    <p class='ocr_par' dir='ltr' id='par_1_119' title="bbox 2166 5796 3834 5868">
     <span class='ocr_line' id='line_1_119' title="bbox 2166 5796 3834 5868; baseline 0.002 -17"><span class='ocrx_word' id='word_1_947' title='bbox 2166 5805 2361 5866; x_wconf 90' lang='lat' dir='ltr'><strong>potest,</strong></span> <span class='ocrx_word' id='word_1_948' title='bbox 2386 5797 2507 5867; x_wconf 89' lang='lat' dir='ltr'><strong>quia</strong></span> <span class='ocrx_word' id='word_1_949' title='bbox 2535 5811 2633 5851; x_wconf 90' lang='lat' dir='ltr'><strong>nec</strong></span> <span class='ocrx_word' id='word_1_950' title='bbox 2653 5798 2888 5866; x_wconf 81' lang='lat' dir='ltr'><strong>seipsum</strong></span> <span class='ocrx_word' id='word_1_951' title='bbox 2918 5796 3078 5852; x_wconf 89' lang='lat' dir='ltr'><strong>debet</strong></span> <span class='ocrx_word' id='word_1_952' title='bbox 3106 5799 3324 5851; x_wconf 79' lang='lat' dir='ltr'><strong>Stultum</strong></span> <span class='ocrx_word' id='word_1_953' title='bbox 3351 5799 3602 5868; x_wconf 80' lang='lat' dir='ltr'><strong>diligere.</strong></span> <span class='ocrx_word' id='word_1_954' title='bbox 3633 5801 3834 5865; x_wconf 68' lang='lat' dir='ltr'><strong>Nam</strong></span> 
     </span>
    </p>
   </div>
   <div class='ocr_carea' id='block_1_120' title="bbox 2164 5889 3840 5972">
    <p class='ocr_par' dir='ltr' id='par_1_120' title="bbox 2164 5889 3840 5972">
     <span class='ocr_line' id='line_1_120' title="bbox 2164 5889 3840 5972; baseline 0.004 -26"><span class='ocrx_word' id='word_1_955' title='bbox 2164 5891 2254 5964; x_wconf 88' lang='lat' dir='ltr'><strong>qui</strong></span> <span class='ocrx_word' id='word_1_956' title='bbox 2279 5905 2338 5948; x_wconf 90' lang='lat' dir='ltr'><strong>se</strong></span> <span class='ocrx_word' id='word_1_957' title='bbox 2371 5890 2544 5962; x_wconf 87' lang='lat' dir='ltr'><strong>diligit</strong></span> <span class='ocrx_word' id='word_1_958' title='bbox 2595 5891 2840 5960; x_wconf 89' lang='lat' dir='ltr'><strong>stultum,</strong></span> <span class='ocrx_word' id='word_1_959' title='bbox 2880 5905 2988 5948; x_wconf 91' lang='lat' dir='ltr'><strong>non</strong></span> <span class='ocrx_word' id='word_1_960' title='bbox 3018 5889 3262 5961; x_wconf 87' lang='lat' dir='ltr'><strong>proﬁciet</strong></span> <span class='ocrx_word' id='word_1_961' title='bbox 3292 5891 3360 5948; x_wconf 85' lang='lat' dir='ltr'><strong>ad</strong></span> <span class='ocrx_word' id='word_1_962' title='bbox 3409 5894 3840 5972; x_wconf 64' lang='lat' dir='ltr'><strong>sapientiam,</strong></span> 
     </span>
    </p>
   </div>
  </div>
