3968 6390
151 341 254 400 605

1357 338 1799 398 TIIESAURUS.
1835 339 1990 399 CAP.
2029 339 2217 398 XXIII.

1946 260 2012 270 Α

3323 344 3432 407 006

152 475 247 518 nec
277 458 373 518 fiet
391 461 618 532 quisque
642 459 820 532 qualis
840 459 988 531 cupit
1011 471 1155 522 esse.
1184 456 1288 514 nisi
1317 471 1376 513 se
1402 456 1578 514 oderit
1597 470 1732 525 qua-
1759 453 1814 518 Α
1839 455 1933 523 sit,
1963 471 2089 512 cum
2129 456 2437 526 ignoscunt,
2465 468 2535 512 ne
2572 470 2784 526 parum.
2830 455 2977 514 Nlhil
3016 457 3243 528 puniant
3282 462 3428 532 quod

152 553 214 610 lis
259 563 364 608 est.
395 552 501 608 Sed
549 554 723 610 donec
753 555 830 618 ad
879 553 1195 624 sapientiam
1240 553 1734 622 perfectionemque

155 645 418 710 veniatur,
460 661 525 704 eo
570 646 748 704 animo
802 645 940 702 ferat
986 644 1272 701 stultitiam
1326 644 1578 714 proximi,
1627 658 1737 714 quo

154 755 299 796 suam
329 740 494 796 ferret
521 740 568 796 si
599 741 797 796 stultus
849 749 1014 807 esset,
1047 749 1100 795 et
1143 747 1348 796 amaret
1393 739 1733 808 sapientiam.

156 833 486 904 QuaprOpter
514 833 557 887 si
587 841 642 889 et
664 833 777 904 ipsa
806 832 1055 904 superbia
1081 848 1225 888 verre
1255 832 1518 890 libertatis
1542 842 1598 888 et
1625 832 1738 888 veri

155 926 301 994 regni
329 926 514 982 umbra
544 934 650 993 est,
674 925 836 982 etiam
871 941 964 996 per
995 927 1166 996 ipsam
1211 941 1310 982 nos
1349 936 1740 984 commemorat

156 1019 328 1074 divina
361 1017 712 1087 providentia,
748 1019 873 1089 quid
900 1019 1269 1089 significemur
1301 1019 1504 1087 vitiosi,
1535 1029 1590 1076 et
1631 1034 1740 1090 quo

157 1113 446 1170 debeamus
489 1111 669 1170 redire
713 1115 965 1171 correcti.
991 1114 1110 1170 .lam
1146 1129 1274 1169 vero
1302 1128 1497 1172 cuncta
1524 1123 1737 1186 speeta-

157 1207 295 1275 cula,
328 1215 382 1260 et
413 1207 589 1264 omnis
623 1207 712 1262 illa
745 1223 863 1277 qua:
909 1208 1208 1279 appellatur
1259 1209 1561 1275 curiositas,
1611 1209 1740 1279 quid

157 1299 300 1354 aliud
337 1301 527 1371 quaerit
574 1315 737 1372 quam
775 1301 846 1356 de
894 1317 1073 1358 rerum
1115 1301 1424 1368 cognitione
1466 1303 1741 1360 laetitiam?

156 1392 291 1460 Quid
325 1407 452 1466 ergo
478 1392 866 1461 admirabilius,
899 1395 1030 1464 quid
1068 1395 1368 1465 speciosius
1426 1395 1540 1465 ipsa
1594 1397 1739 1452 veri-

156 1496 280 1554 tate,
311 1487 378 1542 ad
405 1503 563 1558 quam
594 1497 865 1558 spectator
900 1490 1078 1545 omnis
1108 1491 1394 1560 pervenire
1441 1504 1500 1545 se
1547 1505 1743 1560 cupere

155 1581 467 1648 conﬁtetur,
508 1595 632 1638 cum
678 1583 1033 1639 vehementer
1064 1600 1132 1640 ne
1159 1581 1378 1640 fallatur
1401 1583 1682 1654 invigilat?

706 1734 934 1791 CAPUT
975 1735 1166 1794 XXIII.

1840 564 1946 604 non
1975 549 2150 603 valeat
2177 548 2244 603 ad
2277 548 2494 612 melius,
2527 548 2666 602 nihil
2691 546 3003 618 indulgeant
3027 548 3170 617 quod
3195 560 3431 608 vertatur

1841 642 1893 696 in
1923 641 2096 711 pejus,
2147 655 2275 695 suos
2307 650 2494 710 putent
2519 655 2709 696 omnes
2752 639 2806 694 in
2853 655 2990 710 quos
3038 641 3139 695 sibi
3192 651 3430 709 potestas

1839 732 1962 788 data
1993 733 2186 798 fuerit;
2221 733 2293 786 ita
2314 733 2574 800 serviant,
2601 743 2656 786 ut
2685 732 2764 788 eis
2792 732 3058 788 dominari
3105 734 3331 802 pudeat;
3357 735 3430 789 ita

1849 824 2219 892 dominentur,
2253 833 2310 880 ut
2353 825 2434 879 eis
2479 825 2688 882 servire
2735 825 2988 880 delectet.
3034 824 3091 880 In
3133 825 3433 882 alienorum

1841 925 2018 972 autem
2053 916 2290 984 peccatis
2317 915 2528 969 molesti
2579 930 2686 970 non
2732 915 2840 970 sint
2886 916 3074 968 invito.
3124 914 3434 970 Inimicitias

1843 1009 2012 1066 vitent
2033 1007 2368 1072 cautissime,
2385 1006 2564 1062 ferant.
2585 1007 2918 1078 aequissime,
2939 1008 3127 1062 ﬁniant
3151 1006 3432 1062 citissime.

1844 1102 1902 1158 In
1947 1102 2096 1159 omni
2137 1115 2270 1157 vero
2309 1110 2592 1156 contractu
2641 1109 2802 1169 atque
2852 1101 3268 1156 conversatione
3315 1113 3435 1154 cum

1845 1193 2179 1258 hominibus,
2210 1191 2343 1247 satis
2363 1200 2448 1246 est
2479 1205 2696 1247 servare
2725 1206 2888 1246 unum
2931 1190 3034 1245 hoc
3063 1190 3280 1260 vulgare
3316 1203 3439 1258 pro-

1845 1287 2092 1343 verbium
2125 1304 2136 1339 :
2166 1285 2378 1342 Nemini
2420 1284 2617 1340 faciant
2643 1285 2786 1355 quod
2813 1285 2920 1355 pati
2960 1287 3166 1340 nolunt.
3202 1283 3440 1354 Rempu-

1847 1382 2043 1437 blicam
2071 1381 2244 1436 nolint
2273 1378 2652 1434 administrare
2682 1378 2785 1434 nisi
2816 1377 3063 1449 perfecti.
3091 1379 3318 1435 Perfecti
3350 1393 3436 1433 au-

1848 1484 1956 1531 tem
1988 1475 2072 1532 vel
2103 1475 2248 1529 intra
2280 1482 2494 1530 aetatem
2518 1475 2849 1529 senatoriam
2882 1473 3154 1539 festinent,
3183 1473 3266 1528 vel
3288 1483 3438 1530 certe

1849 1569 1990 1624 intra
2010 1568 2383 1638 juventutetn;
2414 1568 2509 1624 sed
2545 1568 2792 1637 quisquis
2816 1581 2938 1623 sero
2964 1583 3022 1623 se
3060 1568 3126 1623 ad
3180 1570 3278 1622 ista
3314 1583 3444 1624 con-

1857 1663 2102 1726 verterit,
2135 1679 2242 1716 nun
2285 1661 2575 1716 arbitretur
2608 1659 2739 1713 nihil
2781 1660 2883 1714 sibi
2935 1674 3056 1715 esse
3093 1669 3442 1732 praeceptum,

1850 1771 1974 1811 nam
2027 1758 2121 1810 ista
2166 1755 2351 1826 utique
2401 1757 2606 1812 lacilius
2633 1755 2858 1811 decocta
2899 1765 3059 1812 aetate
3100 1757 3359 1812 servabit.
3388 1755 3446 1813 In

157 1848 306 1916 Quod
329 1847 426 1906 Dei
457 1850 546 1922 ιω
567 1850 674 1905 alta
701 1851 938 1920 quadam
967 1851 1246 1919 disciplina
1271 1852 1356 1916 sit,
1385 1869 1449 1908 ex
1473 1852 1604 1909 libro
1626 1868 1667 1908 tt
1687 1852 1751 1907 de
1781 1855 1828 1918 Β
1852 1854 1999 1908 omni
2033 1864 2217 1908 autem
2247 1855 2376 1916 vita,
2403 1853 2540 1917 loco,
2575 1862 2838 1922 tempore,
2871 1853 3076 1909 amicos
3107 1864 3198 1908 aut
3219 1855 3448 1912 habeant

511 1921 723 1987 Ordine,
747 1932 793 1976 et
816 1933 1018 1987 artem,
1040 1932 1087 1976 et
1108 1925 1175 1976 ad
1196 1923 1385 1976 locum.

221 2034 362 2092 Cum
406 2049 595 2092 omnes
644 2050 923 2093 cernerem
992 2037 1386 2094 studiosissime
1415 2053 1480 2093 ac
1517 2053 1614 2108 pro
1637 2041 1749 2096 suis

153 2142 422 2197 quemque
452 2128 656 2184 viribus
683 2129 849 2184 Deum
881 2144 1148 2199 quaerere,
1181 2131 1275 2186 sed
1335 2131 1508 2200 ipsum
1540 2132 1607 2188 de
1645 2147 1751 2200 quo

157 2221 451 2290 agebamus
468 2220 711 2276 ordinem
728 2236 832 2276 non
855 2231 1058 2285 tenere,
1072 2236 1180 2292 quo
1205 2223 1269 2276 ad
1295 2223 1440 2276 illius
1467 2224 1751 2280 inelfabilis

154 2311 452 2381 majestatis
495 2311 902 2383 intelligentiam
953 2316 1291 2382 pervenitur,
1343 2330 1439 2367 oro
1485 2331 1618 2378 vos,
1667 2318 1750 2370 in-

152 2418 335 2472 quam,
369 2404 439 2468 si,
473 2413 529 2458 ut
559 2403 736 2470 video,
770 2405 998 2458 multum
1021 2404 1241 2473 diligitis
1264 2405 1530 2469 ordinem,
1567 2421 1634 2459 ne
1655 2422 1752 2461 nos

163 2507 531 2566 praposteros
571 2505 626 2552 et
655 2496 994 2552 inordinatos
1033 2511 1153 2552 esse
1204 2499 1505 2566 patiamini.
1554 2500 1752 2565 Quam-

150 2605 316 2659 quam
359 2588 502 2646 enitn
547 2589 916 2643 occultissima
968 2589 1102 2642 ratio
1148 2603 1207 2644 se
1260 2589 1752 2646 demoustraturam

152 2681 475 2752 polliceatur
514 2681 648 2737 nihil
708 2694 904 2753 praeter
931 2682 1172 2737 divinum
1213 2684 1458 2740 ordinem
1494 2685 1630 2750 ﬁeri,
1677 2695 1754 2740 ta-

151 2789 280 2830 men
305 2775 349 2828 si
379 2775 685 2844 quempiam
729 2774 1160 2844 ludimagistrum
1202 2775 1516 2833 audiremus
1553 2794 1755 2835 conan-

153 2875 266 2923 tem
319 2865 512 2921 docere
560 2881 784 2934 puerum
843 2867 1078 2938 syllabas
1133 2883 1294 2937 quem
1347 2869 1492 2937 prius
1545 2870 1753 2928 littetas

153 2975 314 3018 nemo
335 2961 628 3027 docuisset,
650 2976 756 3016 non
778 2961 900 3015 dico
920 2962 1203 3018 ridendum
1231 2973 1486 3031 tanquam
1501 2965 1750 3032 stultum,

161 3057 259 3114 sed
294 3056 632 3112 vinciendum
677 3065 932 3126 tanquam
973 3055 1239 3113 furiosum
1268 3067 1617 3126 putaremus:
1644 3074 1749 3114 non

152 3149 224 3205 ob
259 3149 683 3216 aliud,_oplnor,
716 3148 818 3202 nisi
872 3148 1014 3217 quod
1063 3148 1294 3204 docendi
1344 3149 1590 3206 ordinem
1640 3166 1748 3206 non

1854 1955 1946 2000 aut
1975 1945 2172 2001 habere
2215 1947 2439 2002 instent.
2477 1945 2857 2014 Obsequantnr
2884 1946 3080 2016 dignis,
3127 1949 3291 2003 etiam
3340 1962 3450 2007 non

1855 2040 1958 2096 hoc
1986 2040 2450 2109 exspectantibus,
2476 2040 2742 2108 superbos
2768 2043 2948 2095 minus
2984 2051 3194 2106 curent,
3229 2044 3450 2099 minime

1854 2133 1984 2198 sint,
2021 2145 2144 2202 apte
2169 2145 2643 2203 congruenterque
2677 2137 2879 2189 vivant.
2918 2135 3087 2191 Deum
3129 2138 3326 2202 colant,
3362 2153 3450 2191 co-

1853 2226 2042 2294 gitent,
2077 2238 2324 2294 quarunt
2372 2228 2494 2291 ﬁde,
2539 2244 2657 2297 spe,
2688 2229 2955 2283 charitate
3001 2231 3234 2295 subnixi,
3269 2238 3453 2300 optent

1855 2319 2302 2387 tranquillitatem
2351 2330 2516 2390 atque
2567 2332 2774 2376 certum
2832 2338 3050 2377 cursum
3107 2325 3298 2378 studiis
3341 2326 3452 2380 suis

1856 2411 2204 2479 omniumque
2254 2414 2550 2476 sociorum,
2607 2424 2660 2468 et
2705 2414 2808 2468 sibi
2865 2416 3170 2485 quibusque
3229 2426 3454 2486 possunt

1859 2510 2099 2556 mentem
2135 2503 2329 2556 bonam
2367 2513 2722 2574 pacatamque
2751 2509 2936 2562 vitam.
2976 2508 3231 2577 Sequitur
3269 2521 3327 2562 ut
3372 2510 3450 2564 di-

1857 2609 1973 2646 cam
2025 2596 2295 2662 quontodo
2347 2595 2575 2650 studiosi
2607 2598 2808 2652 erudiri
2853 2600 3109 2666 debeant,
3155 2604 3268 2669 qtti,
3316 2603 3454 2656 sicut

1856 2685 2060 2739 dictum
2090 2697 2192 2754 est,
2223 2689 2402 2743 vivere
2430 2687 2778 2745 instituerunt
2821 2692 2886 2746 ad
2934 2693 3277 2749 discendum.
3323 2695 3454 2750 Item

1860 2781 2171 2832 necessario
2223 2780 2508 2848 dupliciter
2579 2782 2858 2850 ducimur,
2914 2786 3233 2841 auctoritate
3289 2795 3455 2856 atque

1856 2873 2098 2936 ratione;
2147 2884 2390 2944 tempore
2443 2878 2756 2946 auctoritas,
2810 2894 2868 2934 re
2917 2888 3095 2934 autem
3127 2881 3260 2935 ratio
3311 2883 3454 2950 prior

1857 2976 1959 3020 est.
1991 2967 2152 3020 Aliud
2196 2978 2277 3022 est
2320 2971 2460 3023 cnim
2511 2971 2653 3039 quod
2711 2971 2762 3024 in
2822 2972 3032 3042 agendo
3088 2975 3450 3044 anteponitur,

1856 3060 1998 3115 aliud
2037 3061 2181 3130 quod
2228 3063 2396 3130 pluris
2446 3063 2498 3116 in
2541 3065 2845 3132 appetendo
2893 3067 3213 3122 aestimatur.
3265 3067 3454 3136 Itaque

1856 3168 2164 3224 quanquam
2190 3154 2455 3210 bonorum
2498 3157 2788 3211 auctoritas
2828 3158 3090 3228 imperitae
3123 3160 3454 3217 multitudini

153 3250 382 3298 teneret.
412 3242 481 3296 At
527 3241 692 3295 multa
723 3241 847 3295 talia
896 3247 952 3295 et
994 3241 1275 3312 imperitos
1321 3257 1441 3312 qua:
1491 3258 1521 3298 a
1573 3243 1746 3300 doctis
1777 3230 1825 3298 C
1854 3250 2104 3306 videatur
2144 3264 2266 3306 esse
2315 3249 2604 3315 salubrior,
2659 3251 2794 3305 ratio
2823 3266 2950 3306 vero
2980 3252 3176 3320 aptior,
3228 3253 3455 3309 eruditis

151 3334 620 3404 reprehendantur
641 3348 704 3388 ac
723 3333 1089 3399 derideantur,
1117 3343 1172 3390 et
1191 3335 1473 3392 dementes
1499 3335 1748 3392 homines

149 3443 272 3498 qua:
316 3442 416 3483 nec
462 3425 750 3481 stultorum
796 3425 1058 3495 judicium
1109 3426 1342 3499 fugiunt,
1376 3429 1557 3485 facere
1588 3445 1748 3486 nemo

149 3519 395 3589 ambigit,
437 3525 493 3574 et
531 3527 713 3574 tamen
755 3517 918 3574 etiam
971 3519 1070 3573 ista
1119 3521 1298 3576 omnia
1348 3536 1468 3590 quae
1517 3520 1751 3576 fatemur

148 3626 272 3667 esse
305 3626 584 3679 perversa,
617 3625 726 3664 non
772 3623 894 3666 esse
947 3617 1144 3679 praeter
1187 3610 1428 3666 divinum
1477 3613 1749 3670 ordinem.

146 3705 270 3760 Alta
302 3705 546 3775 quaedam
562 3715 659 3760 cla
675 3705 1036 3760 multitudinis
1067 3705 1152 3760 vel
1173 3706 1476 3774 suspicione
1498 3708 1749 3764 remotis-

145 3801 285 3855 sima
314 3799 620 3869 disciplina,
652 3815 712 3855 se
744 3799 813 3853 ita
844 3799 1123 3866 studiosis,
1158 3809 1212 3856 et
1243 3801 1407 3856 Deum
1432 3811 1593 3871 atque
1623 3801 1745 3858 ani-

146 3908 270 3948 mas
306 3903 512 3946 tantum
543 3893 850 3947 amantibus
879 3894 1096 3959 animis,
1123 3893 1586 3982 manifestaturatn
1619 3909 1748 3953 esse

145 3987 446 4054 promittit,
481 3995 537 4039 ut
565 4002 671 4040 non
706 3988 862 4040 nobis
893 4001 1120 4042 summa:
1149 4004 1493 4043 numerorum
1540 3993 1747 4059 possint

142 4092 272 4131 csse
294 4077 574 4132 certiores.
601 4077 727 4133 Ilaec
747 4087 926 4133 autem
949 4078 1236 4146 disciplina
1270 4081 1380 4148 ipsa
1412 4082 1501 4136 Dei
1530 4083 1613 4136 lex
1637 4092 1742 4151 est,

141 4183 272 4238 qua:
299 4168 441 4237 apud
468 4183 590 4224 eum
619 4169 720 4222 ﬁsa
743 4175 798 4223 et
830 4169 1148 4222 inconcussa
1171 4185 1384 4238 semper
1415 4188 1664 4237 manens,
1691 4174 1745 4230 in

140 4265 425 4330 sapientes
474 4261 685 4316 animas
728 4262 884 4332 quasi
925 4263 1338 4328 transcribitur,
1381 4273 1440 4318 ut
1487 4273 1636 4321 tanto
1686 4280 1748 4322 se

142 4359 328 4414 sciant
376 4357 556 4414 vivere
584 4357 810 4422 melius,
840 4365 1095 4427 tantoque
1121 4356 1426 4424 sublimius,
1461 4368 1660 4426 quanto
1689 4368 1745 4414 et

145 4451 441 4520 perfectius
482 4467 601 4506 eam
647 4453 1083 4520 contemplantur
1128 4452 1496 4521 intelligendo,
1558 4462 1612 4508 et
1660 4469 1745 4508 vt-

145 4545 322 4600 vendo
349 4545 659 4599 custodiunt
700 4546 1030 4614 diligentius.
1076 4545 1201 4601 Ilaec
1247 4546 1407 4615 igitur
1454 4546 1741 4613 disciplina

1858 3353 2038 3398 tamen
2069 3341 2218 3412 (quia
2247 3342 2426 3397 nullus
2454 3342 2728 3397 hominum
2766 3343 2871 3397 nisi
2915 3359 2979 3398 ex
3031 3345 3279 3414 imperito
3312 3347 3454 3415 peri-

1861 3447 1946 3491 tus
1975 3436 2055 3502 ﬁt,
2087 3435 2264 3490 nullus
2291 3445 2472 3490 autem
2506 3435 2788 3503 imperitus
2811 3435 2964 3490 novit
2986 3437 3196 3506 qualem
3239 3451 3300 3493 se
3351 3438 3450 3492 de-

1855 3527 1981 3583 beat
2011 3528 2258 3597 przebere
2285 3527 2628 3591 docentibus,
2660 3537 2712 3582 et
2740 3527 2884 3596 quali
2917 3529 3022 3581 vita
3051 3543 3174 3584 esse
3202 3531 3452 3587 docibitis

1856 3621 2050 3691 possit)
2095 3621 2272 3675 evenit
2325 3629 2386 3675 ut
2429 3620 2683 3675 omnibus
2713 3621 2850 3675 bona
2912 3636 3102 3693 magna
3146 3633 3200 3678 et
3242 3625 3453 3682 occulta

1853 3715 2063 3771 discere
2115 3715 2460 3784 cupientibus
2512 3732 2616 3772 non
2649 3717 2857 3786 aperiat
2887 3717 2992 3772 nisi
3033 3719 3326 3776 auctoritas
3364 3721 3450 3791 ja-

1853 3823 2036 3873 nuam,
2065 3823 2224 3877 quam
2257 3808 2486 3879 quisque
2518 3809 2808 3880 ingressus,
2834 3811 2952 3866 sine
2980 3811 3089 3865 ulla
3116 3811 3453 3870 dubitatione

1853 3901 1979 3955 vitae
2010 3904 2227 3969 Optima:
2259 3911 2524 3972 praecepta
2555 3911 2811 3967 sectatur,
2839 3918 2934 3973 per
2955 3919 3094 3974 quae,
3121 3921 3240 3960 cum
3264 3904 3454 3964 docilis

1849 3991 2023 4046 factus
2052 3993 2233 4060 fuerit,
2269 4003 2380 4047 tum
2429 3993 2643 4047 demum
2687 3994 2860 4048 discet
2917 4005 2970 4049 et
3004 4007 3198 4063 quanta
3245 3999 3453 4053 ratione

1853 4086 2080 4151 praedita
2119 4087 2228 4138 sint
2256 4101 2318 4140 ea
2354 4086 2465 4146 ipsa
2496 4101 2616 4152 quae
2645 4096 2858 4140 secutus
2885 4095 2967 4139 est
3002 4097 3126 4140 ante
3161 4088 3446 4155 rationem,

1849 4185 1901 4231 et
1933 4177 2061 4245 quid
2097 4177 2165 4230 sit
2198 4177 2311 4244 ipsa
2355 4181 2512 4240 ratio,
2551 4192 2671 4244 quae
2702 4176 2906 4250 [quam]
2953 4184 3071 4245 post
3115 4180 3452 4236 auctoritatis

1849 4267 2114 4320 cunabula
2144 4267 2331 4320 ﬁrmus
2361 4275 2416 4320 et
2444 4266 2669 4322 idoneus
2698 4267 2806 4336 jam
2841 4269 3086 4336 sequitur
3113 4280 3273 4340 atque
3299 4286 3450 4326 com-

1852 4356 2160 4426 prehendit.
2196 4357 2260 4410 Et
2286 4357 2412 4427 quid
2437 4357 2746 4413 intellectus
2781 4362 2964 4430 inquo
3007 4361 3252 4417 universa
3301 4373 3446 4431 sunt,

1846 4450 1932 4504 vel
1980 4450 2094 4517 ipse
2127 4449 2304 4518 potius
2348 4449 2629 4517 universa,
2679 4459 2735 4507 et
2777 4451 2906 4522 quid
2957 4463 3154 4523 praeter
3198 4456 3448 4516 universa

1849 4539 2220 4594 universorum
2256 4541 2620 4611 principium?
2653 4541 2734 4597 Ad
2777 4556 2936 4611 quam
2988 4545 3346 4613 cognitionem
3390 4547 3448 4604 in

153 4638 230 4692 eis
260 4637 352 4705 qui
384 4637 528 4690 illam
558 4650 721 4690 nosse
747 4636 1061 4692 desiderant
1087 4637 1246 4692 simul
1276 4637 1548 4708 geminum
1597 4641 1742 4696 ordi—
1767 4618 1823 4686 Β
1847 4635 1948 4690 hac
1986 4636 2092 4690 vita
2136 4634 2422 4704 pervenire
2475 4636 2812 4709 [pervenere]
2861 4638 3038 4705 pauci,
3095 4638 3237 4693 ultra
3285 4655 3447 4709 quam

149 4747 270 4786 nem
293 4730 449 4800 sequi
497 4730 666 4799 jubet,
696 4730 848 4796 cujus
877 4745 980 4784 una
1016 4745 1137 4797 pars
1169 4732 1315 4790 vitte,
1347 4732 1513 4787 altera
1561 4734 1741 4788 erudi-

151 4825 308 4878 tionis
342 4832 443 4877 est.
470 4821 926 4878 Adolescentibus
954 4836 1084 4890 ergo
1105 4823 1361 4878 studiosis
1387 4825 1504 4893 ejus
1542 4827 1612 4880 ita
1657 4827 1740 4882 vi-

148 4917 376 4970 vendum
405 4916 515 4988 20
540 4923 644 4979 est,
683 4922 740 4968 ut
778 4928 807 4967 a
855 4917 1102 4969 venereis
1144 4915 1326 4978 rebus,
1359 4917 1426 4970 ab
1471 4919 1736 4974 illecebris

147 5009 350 5064 ventris
378 5018 429 5063 et
456 5009 708 5077 gutturis,
731 5011 800 5061 ab
843 5005 1166 5062 immodeste
1213 5009 1458 5075 corporis
1494 5011 1638 5064 cultu
1680 5019 1736 5066 et

147 5111 362 5168 ornatu,
417 5101 482 5152 ab
536 5098 784 5154 inanibus
835 5098 1062 5168 negotiis
1109 5097 1378 5166 ludorum,
1429 5115 1459 5154 a
1519 5110 1740 5169 torpore

147 5191 314 5246 somni
351 5203 511 5261 atque
553 5191 797 5260 pigritiae,
827 5189 896 5244 ab
925 5190 1289 5256 aemulatione,
1319 5189 1733 5260 obtrectatione,

147 5283 459 5348 invidentia,
487 5285 553 5338 ab
577 5283 837 5338 honorum
863 5292 1300 5354 potestatumque
1326 5283 1732 5352 ambitionibus,

146 5377 209 5431 ab
259 5378 433 5450 ipsius
461 5377 622 5432 etiam
647 5376 817 5432 laudis
843 5377 1127 5432 immodica
1156 5377 1447 5447 cupiditate
1487 5391 1546 5432 se
1577 5377 1740 5432 absti-

149 5481 319 5526 neant.
356 5473 607 5525 Amorem
633 5479 812 5524 autem
845 5471 1084 5540 pecunia:
1133 5471 1297 5524 totius
1345 5470 1425 5524 sui
1457 5469 1571 5539 spei
1613 5484 1731 5524 cer-

149 5563 411 5618 tissimum
450 5579 718 5618 venenum
742 5577 864 5617 esse
895 5562 1136 5618 credant.
1171 5563 1310 5619 Nihil
1353 5563 1625 5618 enerviter
1650 5561 1731 5617 fa-

151 5667 303 5722 etant,
341 5655 472 5710 nihil
498 5657 788 5722 audacter;
824 5658 874 5709 in
905 5657 1138 5724 peccatis
1179 5665 1356 5711 autem
1389 5672 1606 5711 suorum
1645 5659 1727 5712 vel

157 5753 344 5816 pi-ll~nt
385 5753 601 5805 omnino
647 5754 800 5814 iram,
847 5752 928 5804 vi-l
964 5754 1030 5802 ita
1068 5752 1301 5816 frenent,
1353 5762 1410 5806 ιιι
1455 5754 1522 5804 sit
1563 5753 1727 5821 pulszc

153 5844 370 5908 similis;
400 5843 666 5896 nemiuem
697 5842 927 5906 oderint,
963 5843 1105 5895 nulla
1141 5845 1260 5896 vitia
1293 5859 1396 5896 non
1427 5860 1614 5898 curate
1645 5859 1730 5899 ve-

153 5931 267 5993 lint.
290 5937 610 6007 Magnopere
634 5935 924 5992 observent
951 5949 1071 5990 cum
1091 5934 1382 6002 vindicant,
1417 5952 1484 5992 ne
1503 5935 1727 5991 nimium

1847 4743 1976 4783 vero
2001 4728 2161 4782 etiam
2195 4737 2316 4799 post
2350 4728 2490 4782 hanc
2532 4728 2696 4781 vitam
2727 4741 2887 4782 nemo
2938 4730 3187 4799 progredi
3241 4743 3444 4799 potest.

1846 4823 1946 4890 Qui
1979 4831 2161 4878 autem
2188 4821 2302 4876 sola
2346 4819 2672 4874 auctoritate
2718 4823 2978 4887 contenti,
3028 4822 3182 4877 bonis
3234 4833 3446 4884 tantum

1845 4912 2086 4968 moribus
2127 4913 2396 4981 rectisque
2425 4910 2562 4964 votis
2591 4921 2900 4966 constanter
2919 4927 3138 4981 operam
3169 4914 3442 4984 dederint,

1845 5015 1936 5060 aut
1963 5011 2396 5066 contemnentes,
2430 5010 2524 5056 aut
2550 5014 2654 5055 non
2687 5001 2926 5058 valentes
2967 5003 3268 5072 disciplinis
3299 5007 3440 5063 libe-

1844 5096 2046 5150 ralibus
2091 5103 2252 5162 atque
2294 5091 2512 5162 optimis
2543 5092 2764 5158 erudiri,
2814 5093 3002 5150 beatos
3049 5111 3142 5150 eos
3193 5097 3432 5166 quidem,

1840 5202 1962 5241 cum
1993 5188 2130 5241 inter
2156 5184 2401 5240 homines
2430 5186 2832 5253 vivunt,nescio
2854 5188 3125 5256 quomodo
3146 5191 3436 5260 appellem,

1841 5290 2017 5336 tamen
2047 5280 2366 5334 inconcusse
2405 5277 2591 5346 credo,
2633 5294 2757 5333 mox
2805 5289 2863 5334 ut
2908 5278 3011 5334 hoc
3053 5294 3252 5349 corpus
3311 5284 3439 5340 reli-

1837 5375 2072 5444 querint,
2111 5386 2204 5427 eos
2244 5371 2335 5441 qui
2384 5369 2522 5426 bene
2568 5372 2736 5440 magis
2769 5369 3016 5426 minusve
3057 5372 3324 5439 vixerunt,
3369 5391 3436 5432 eo

1837 5466 2043 5522 facilius
2072 5475 2168 5520 aut
2197 5465 2472 5520 difﬁcilius
2504 5463 2746 5519 liberari.
2775 5465 3084 5520 Auctoritas
3113 5479 3292 5522 autem
3312 5483 3435 5538 par-

1833 5561 1928 5615 tim
1975 5559 2154 5614 divina
2207 5569 2314 5627 est,
2363 5559 2554 5628 partim
2605 5557 2867 5638 humana;
2917 5558 3011 5613 sed
3057 5576 3206 5626 vera,
3255 5561 3429 5633 firma,

1833 5670 2043 5710 summa
2073 5669 2136 5709 ea
2171 5662 2285 5719 est,
2319 5669 2438 5724 quae
2468 5652 2647 5706 divina
2689 5653 3021 5706 nominatur.
3071 5653 3124 5707 In
3173 5671 3274 5721 qua
3319 5673 3430 5712 nte-

1835 5747 2036 5802 tuenda
2083 5755 2170 5801 est
2201 5745 2472 5800 aeriorutn
2515 5746 2831 5799 animalium
2878 5748 3007 5798 mira
3051 5745 3276 5811 fallat-ia,
3311 5765 3430 5816 qua:

1835 5858 1930 5913 per
1965 5858 2144 5897 rerum
2197 5841 2264 5894 ad
2325 5841 2456 5896 istos
2510 5855 2703 5896 sensus
2755 5841 2995 5908 corporis
3049 5843 3424 5907 pertinentium

1835 5931 2934 6018 quasdam_divinationes__nonnullasque
2976 5935 3260 6008 potentias.
3291 5935 3430 5992 deci-
