3968 6390
505 333 609 391 607

1582 330 1644 385 o.
1680 324 2005 386 EUGYPPll
2044 286 2340 389 Austris
2367 318 2701 389 aratum

3700 334 3819 395 608

510 462 646 519 pere
671 447 882 505 animas
923 445 1174 505 facillime
1200 451 1548 511 consuerunt,
1600 451 1693 498 aut
1742 443 2107 513 periturarum
2133 445 2189 503 Α
2213 446 2303 515 qui
2329 446 2603 502 hominem
2646 446 2957 518 loquentem
3007 461 3115 504 non
3149 446 3497 521 intelligeret,
3529 449 3578 504 si
3606 464 3743 511 eum
3786 467 3818 507 a

510 539 851 596 fortunarth
914 541 1186 605 curiosas,
1219 545 1338 591 oaut
1382 534 1648 605 fragilium
1697 535 1960 603 cupiditas
2004 548 2103 605 po-

431 614 437 621 .
514 640 795 701 testatum,
820 643 917 688 aut
955 634 1192 688 inanium
1226 628 1647 685 formidolositas
1700 628 2099 685 miraculorum.

522 725 622 781 Illa
654 743 783 799 ergo
810 727 1105 782 auctoritas
1130 725 1315 781 divina
1355 724 1583 780 dicenda
1611 733 1715 792 est,
1745 740 1864 795 qua:
1897 740 2003 780 non
2026 739 2105 780 so-

514 826 625 873 lum
654 819 706 873 in
732 818 1077 874 sensibilibus
1104 818 1272 889 signis
1308 818 1640 874 transcendit
1668 831 1882 872 omnem
1914 817 2105 873 huma-

514 924 640 965 nam
664 909 990 977 facultatem,
1022 910 1118 966 sed
1146 919 1201 967 et
1229 910 1403 980 ipsum
1434 910 1705 965 hominem
1735 924 1899 980 agens
1923 920 2106 965 osten-

514 1001 595 1057 dit
616 1003 663 1055 ei
692 1017 971 1073 quousque
999 1019 1059 1059 se
1086 1011 1309 1073 propter
1332 1003 1508 1073 ipsum
1532 1002 1881 1072 depresserit,
1911 1012 1965 1059 et
1996 1018 2106 1058 non

514 1094 687 1149 teneri
717 1095 967 1150 sensibus
990 1095 1185 1166 quibus
1216 1095 1468 1151 videntur
1486 1095 1575 1149 illa
1608 1096 1874 1162 miranda,
1910 1096 2006 1152 sed
2036 1096 2105 1151 ad

510 1187 848 1245 intellectura
897 1191 1049 1262 jubet
1104 1191 1319 1247 evolare
1355 1210 1368 1245 :
1400 1191 1561 1247 simul
1591 1192 1998 1259 demonstrans,
2052 1204 2107 1250 et

513 1295 713 1356 quanta
739 1286 826 1340 hic
859 1285 1047 1355 possit,
1081 1297 1135 1342 et
1163 1302 1261 1342 cur
1294 1286 1621 1353 haecfaciat,
1652 1296 1707 1343 et
1736 1304 1895 1358 quam
1932 1289 2106 1357 parvi-

513 1378 967 1447 pendat.Doceat
1021 1380 1165 1434 enim
1209 1388 1424 1450 oportet
1477 1390 1532 1436 et
1581 1380 1737 1436 factis
1786 1390 2107 1450 potestatem

510 1482 691 1533 suam,
715 1478 768 1524 et
799 1469 1099 1525 humilitate
1129 1470 1494 1537 clementiam,
1527 1481 1579 1527 et
1618 1474 1981 1542 praeceptione
2012 1489 2108 1528 na-

510 1567 715 1615 turam.
748 1561 876 1628 Quae
902 1561 1083 1616 omnia
1108 1563 1279 1617 sacris
1308 1563 1502 1632 quibus
1528 1563 1803 1619 initiantur
1846 1565 2109 1620 secretius

518 1650 837 1721 ﬁrmiusque
867 1653 1165 1719 traduntur,
1198 1654 1251 1709 in
1281 1655 1477 1724 quibus
1506 1655 1770 1711 bonorum
1807 1656 1914 1711 vita
1954 1656 2105 1711 facil-

514 1742 644 1799 lime
668 1761 774 1799 non
798 1745 1219 1815 disputationum
1240 1747 1575 1818 ambagibus,
1606 1748 1700 1804 sed
1726 1749 2105 1819 mysteriorum

2210 539 2471 597 diabolica
2514 541 2767 611 passione
2809 542 3066 597 immunis
3114 544 3320 599 audiret
3388 544 3523 599 Nam
3570 554 3628 600 et
3660 545 3817 615 quod

2211 633 2397 690 audire
2428 641 2680 703 putantur
2699 644 2754 689 et
2778 633 3078 705 intelligere
3102 644 3382 705 serpentes
3412 637 3577 693 verba
3604 636 3817 693 Marso-

2210 742 2353 792 rum,
2388 736 2446 782 ut
2483 728 2563 783 eis
2604 728 3003 784 incantantibus
3046 731 3328 797 prosiliant
3364 732 3691 803 plerumque
3747 734 3816 789 de

2210 818 2452 887 latebris,
2473 820 2638 901 etiam
2668 818 2777 877 illic
2815 820 3079 878 diabolica
3108 822 3193 879 vis
3219 834 3497 894 operatur,
3533 824 3601 880 ad
3644 842 3813 896 agno-

2211 913 2465 968 scendam
2514 913 2713 985 ubique
2767 914 3181 983 providentiam,
3213 930 3374 988 quam
3432 931 3551 971 rem
3600 916 3689 970 cui
3736 918 3811 972 rei

2210 1006 2443 1062 naturali
2467 1007 2657 1064 ordine
2684 1007 2952 1078 subjiciat,
2983 1016 3039 1064 et
3074 1006 3176 1080 [ut]
3209 1008 3337 1079 quid
3356 1009 3524 1065 etiam
3552 1011 3807 1064 volunta-

2212 1098 2356 1155 tibus
2382 1101 2538 1157 malis
2569 1101 2972 1171 sapientissima
2990 1110 3257 1172 potestate
3278 1104 3583 1172 permittat.
3620 1102 3693 1158 Ut
3712 1102 3809 1157 hoc

2210 1194 2383 1263 magis
2441 1193 2639 1251 habeat
2681 1208 2811 1249 usus
2860 1203 3139 1263 serpentes
3196 1194 3404 1250 moveri
3477 1193 3809 1249 carminibus

2211 1285 2512 1355 hominum,
2580 1302 2741 1358 quam
2791 1286 2963 1343 ullum
3003 1286 3150 1342 aliud
3200 1301 3369 1358 genus
3430 1286 3806 1354 animantium,

2212 1381 2375 1437 etiam
2405 1383 2520 1436 haec
2561 1381 2708 1456 [hoc]
2738 1381 2883 1439 enim
2911 1396 3017 1437 non
3064 1396 3228 1451 parva
3281 1383 3385 1454 ει
3431 1380 3656 1437 testatio
3712 1391 3805 1444 est,

2211 1480 2457 1527 naturam
2488 1472 2735 1541 primitus
2765 1474 3055 1527 humanam
3080 1473 3346 1542 serpentis
3376 1473 3664 1527 seductam
3693 1486 3803 1527 esse

2211 1562 2501 1632 colloquio.
2533 1563 2785 1621 Gaudent
2809 1564 2954 1620 enim
2981 1564 3257 1620 daemones
3277 1564 3416 1619 hanc
3439 1563 3551 1619 sibi
3578 1573 3805 1634 potesta-

2212 1663 2321 1711 tem
2348 1655 2488 1725 dari,
2513 1667 2573 1712 ut
2609 1657 2679 1712 ad
2723 1656 3145 1713 incantationem
3195 1656 3476 1712 hominum
3530 1666 3801 1726 serpentes

2217 1757 2492 1817 moveant,
2555 1758 2613 1805 ut
2654 1750 2895 1822 quolibet
2932 1751 3094 1806 modo
3125 1748 3312 1804 fallant
3359 1764 3499 1819 quos
3546 1758 3799 1819 possunt:

519 1837 842 1892 auctoritate
872 1847 1147 1908 purgatur.
1200 1838 1441 1893 Humana
1491 1854 1621 1894 vero
1661 1840 1951 1894 auctoritas
1993 1838 2108 1909 ple-
2136 1834 2188 1895 B
2216 1840 2319 1897 hoc
2347 1849 2524 1896 autem
2565 1843 2949 1911 permittuntur
2978 1842 3064 1898 ad
3106 1841 3262 1912 primi
3308 1840 3439 1897 facti
3494 1840 3801 1897 memoriam

508 1941 743 1998 rumque
773 1927 925 1983 fallit.
955 1927 1012 1983 In
1055 1928 1135 1984 eis
1179 1938 1355 1985 tamen
1398 1929 1521 1999 jure
1556 1930 1771 1985 videtur
1817 1929 2103 1995 excellere,

514 2019 629 2088 qui,
663 2028 917 2088 quantum
951 2019 1323 2090 imperitorum
1368 2036 1561 2077 sensus
1591 2022 1752 2091 capit,
1786 2021 1949 2076 multa
1977 2021 2110 2076 dant

513 2108 713 2166 indicia
759 2110 1121 2164 doctrinarum
1173 2124 1411 2177 suarum,
1449 2120 1505 2166 et
1553 2127 1658 2167 non
1709 2112 1895 2165 vivunt
1952 2112 2109 2167 aliter

515 2217 678 2274 quam
709 2200 1000 2260 vivendum
1043 2220 1164 2261 esse
1214 2206 1568 2277 praecipiunt:
1600 2208 1791 2277 quibus
1836 2211 1883 2264 si
1930 2210 2107 2280 aliqua

516 2296 679 2353 etiam
704 2295 931 2353 fortuna:
956 2313 1179 2353 munera
1205 2301 1552 2364 accesserint,
1572 2314 1799 2370 quorum
1817 2310 2109 2370 appareant

513 2406 618 2450 usu
656 2394 857 2464 magni,
888 2394 1304 2465 contemptuque
1326 2395 1577 2464 majores,
1602 2394 1978 2449 difﬁcillimum
2004 2408 2111 2449 om-

514 2488 644 2544 nino
691 2499 773 2543 est
809 2497 866 2543 ut
904 2490 983 2544 eis
1010 2489 1241 2559 quisque
1286 2488 1504 2544 vivendi
1534 2496 1799 2559 praecepta
1857 2486 2108 2543 dantibus

514 2580 745 2638 credens
769 2592 918 2637 recte
945 2582 1299 2651 vituperetur.

1088 2718 1315 2777 CAPUT
1357 2720 1545 2775 XXIV.

514 2833 598 2892 De
618 2834 878 2889 locutione
908 2835 1158 2903 serpentis
1187 2837 1255 2888 ad
1288 2835 1470 2899 Evam,
1504 2844 1553 2887 et
1586 2836 1649 2887 de
1678 2834 2110 2889 incantationibus

660 2906 973 2974 Marsorum,
998 2923 1062 2961 ex
1090 2908 1218 2960 libro
1243 2921 1296 2960 at
1319 2906 1381 2959 de
1417 2904 1603 2960 Genesi
1629 2906 1698 2958 ad
1722 2905 1965 2960 litteram.

589 3021 674 3075 Ab
704 3021 796 3077 illo
816 3037 946 3092 ergo
977 3022 1132 3090 cujus
1163 3034 1325 3089 super
1353 3020 1535 3074 omnia
1566 3034 1685 3089 qua:
1727 3019 1930 3074 creavit
1959 3033 2108 3075 sum-

515 3124 607 3168 ma
633 3118 871 3179 potestas
888 3116 1005 3177 "est,
1039 3124 1134 3179 per
1159 3109 1379 3179 angelos
1401 3118 1617 3163 sanctos
1645 3106 1837 3180 [suos],
1855 3122 1886 3161 a
1916 3108 2108 3179 quibus

2213 1935 2720 2003 commendandam,
2751 1935 2891 2006 quod
2926 1935 2997 1991 sit
3026 1935 3106 1992 eis
3135 1936 3379 2006 quaedam
3410 1949 3539 1992 cum
3570 1934 3681 1991 -hoc
3718 1950 3800 2006 σεο

2212 2042 2344 2083 nere
2374 2027 2728 2084 familiaritas.
2788 2028 2956 2084 Porro
2990 2028 3165 2098 ipsum
3210 2028 3443 2099 primum
3491 2026 3693 2083 factum
3737 2026 3798 2079 ad

2209 2118 2318 2173 hoc
2347 2118 2665 2188 permissum
2693 2128 2798 2187 est,
2830 2128 2887 2174 ut
2909 2135 3005 2190 per
3026 2129 3272 2175 naturam
3302 2120 3575 2189 serpentis
3600 2119 3797 2190 signiti-

2212 2219 2428 2265 caretur
2455 2210 2638 2280 generi
2684 2211 2983 2279 hominum,
3016 2210 3103 2265 cui
3149 2197 3446 2265 erudiendo
3480 2210 3597 2263 lime
3638 2218 3791 2278 gesta

2213 2302 2481 2358 conscribi
2507 2303 2812 2373 oportebat,
2837 2303 3014 2358 omnis
3054 2302 3337 2359 diabolica
3385 2301 3683 2356 tentationis
3709 2300 3786 2355 si-

2211 2395 2458 2450 militudo
2494 2411 2509 2449 :
2559 2396 2703 2465 quod
2744 2396 3041 2466 apparebit,
3074 2409 3197 2450 cum
3232 2395 3289 2450 in
3333 2402 3634 2463 serpentem
3674 2407 3796 2462 pro-

2212 2486 2346 2542 ferri
2377 2488 2605 2558 caeperit
2630 2486 2817 2542 divina
2857 2486 3146 2542 sententia.
3178 2483 3411 2541 Proinde
3454 2482 3795 2553 prudentissi-

2211 2593 2332 2635 mus
2360 2579 2600 2633 omnium
2644 2576 2964 2644 bestiarum,
3009 2576 3112 2632 hoc
3161 2584 3265 2643 est,
3326 2575 3697 2630 astutissimus
3732 2574 3788 2627 ita

2212 2670 2388 2726 dictus
2418 2678 2500 2725 est
2530 2685 2776 2739 serpens,
2807 2677 3029 2740 prepter
3056 2670 3309 2723 astutiam
3331 2666 3579 2732 diaboli,
3610 2680 3721 2736 qua:
3747 2664 3791 2719 in

2211 2762 2310 2818 illo
2338 2771 2394 2819 et
2416 2763 2485 2818 de
2514 2763 2607 2818 illo
2635 2764 2830 2835 agebat
2848 2762 3032 2818 dolum
3058 2780 3070 2813 :
3110 2759 3574 2832 quemadmodum
3622 2758 3791 2813 dicitur

2212 2855 2453 2926 prudens
2480 2857 2563 2911 vel
2585 2865 2761 2911 astuta
2788 2855 2968 2925 lingua
2996 2869 3155 2925 quam
3187 2853 3425 2923 prudens
3471 2853 3561 2908 vel
3608 2862 3791 2907 astatis

2212 2957 2397 3005 movet
2441 2947 2509 3002 ad
2555 2947 2753 3018 aliquid
2804 2947 3098 3017 prudenter
3146 2954 3435 3015 astuteque
3478 2945 3788 3011 suadendum

2213 3041 2347 3113 (non
2376 3040 2519 3095 enim
2550 3049 2635 3095 est
2666 3039 2783 3094 haec
2805 3040 2887 3095 vis
2909 3054 3006 3095 seu
3033 3039 3201 3093 virtus
3229 3038 3463 3093 membri
3492 3037 3784 3108 corporalis,

2211 3130 2359 3201 quod
2386 3138 2610 3186 vocatur
2650 3130 2852 3200 lingua,
2876 3129 2973 3185 sed
3016 3130 3204 3199 utique
3249 3127 3449 3184 mentis
3483 3145 3607 3199 quae
3650 3129 3786 3181 utitur

511 3202 762 3262 illuditur
810 3200 1073 3265 diabolus,
1109 3216 1230 3255 cum
1286 3207 1341 3254 et
1386 3200 1454 3255 de
1507 3198 1675 3268 ipsius
1720 3199 2107 3294 malevolentia
2135 3221 2185 3285 ο
2217 3198 2330 3294 ἐπ),
2363 3225 2433 3278 im
2463 3223 2628 3278 “iam
2668 3198 2846 3276 dm,
2870 3232 2953 3277 es,
2993 3198 3165 3293 styms
3212 3220 3445 3275 menda
3490 3198 3783 3275 s’cribamm.

516 3298 815 3357 consulitur
859 3296 1115 3352 Ecclesiae
1148 3295 1261 3358 Dei,
1300 3309 1405 3349 non
1431 3302 1515 3349 est
1561 3293 1856 3362 permissus
1900 3301 2107 3350 tentare

514 3390 775 3448 feminam
806 3391 911 3446 nisi
936 3405 1032 3461 per
1062 3398 1391 3459 serpentem,
1428 3403 1527 3443 nec
1557 3386 1729 3442 virum
1762 3386 1865 3442 nisi
1897 3401 1991 3455 per
2032 3386 2110 3443 fc-

512 3486 738 3543 minam.
763 3484 871 3543 Sed
903 3485 957 3540 in
988 3492 1241 3553 serpente
1287 3483 1402 3551 ipse
1437 3482 1645 3537 locutus
1690 3490 1795 3548 est,
1843 3490 2000 3536 utens
2041 3496 2107 3537 eo

515 3577 667 3633 velut
710 3591 934 3649 organo,
982 3590 1311 3645 movensque
1377 3574 1493 3644 ejus
1537 3582 1781 3629 naturam
1827 3588 1894 3629 eo
1943 3574 2107 3629 modo

515 3683 624 3740 quo
654 3683 875 3723 movere
902 3669 990 3725 ille
1015 3667 1309 3741 [quomodo
1361 3681 1488 3722 vere
1513 3665 1602 3722 ille
1635 3665 1876 3737 movere]
1909 3674 1962 3722 et
1986 3682 2105 3721 mo-

518 3760 639 3816 veri
660 3761 756 3814 llla
786 3764 959 3829 potuit
988 3747 1053 3814 ad
1075 3758 1460 3829 exprimendos
1504 3758 1791 3813 verborum
1838 3771 2023 3824 sonos,
2056 3765 2113 3813 et

518 3850 673 3919 signa
690 3849 1010 3919 corporalia,
1027 3863 1252 3919 perqute
1264 3847 1457 3903 mulier
1483 3847 1758 3903 suadentis
1789 3848 2113 3919 intelligeret

518 3941 876 4001 voluntatem.
900 3941 958 3996 In
981 3940 1094 4012 ipsa
1125 3954 1258 3996 vero
1283 3938 1530 4005 muliere,
1568 3939 1693 4010 quia
1725 3939 1812 3995 illa
1835 3940 2113 3997 rationalis

515 4044 767 4096 creatura
796 4044 934 4103 erat,
964 4050 1084 4106 quae
1110 4043 1259 4090 motu
1290 4047 1388 4089 suo
1412 4042 1594 4102 posset
1622 4032 1698 4087 uti
1738 4032 1808 4087 ad
1845 4032 2008 4089 verba
2034 4034 2113 4090 fa-

514 4131 731 4201 cienda,
754 4146 862 4187 non
891 4131 1007 4202 ipse
1039 4130 1250 4185 locutus
1280 4133 1384 4195 est,
1413 4126 1509 4182 sed
1538 4126 1657 4196 ejus
1679 4124 1924 4196 operatio
1949 4133 2111 4195 atque

514 4227 823 4298 persuasio,
847 4223 1089 4295 quamvis
1113 4221 1324 4278 occulto
1364 4220 1622 4276 instinctu
1657 4219 1941 4290 adjuvaret
1974 4219 2113 4275 inte-

520 4321 635 4377 rius
665 4320 808 4388 quod
837 4319 1075 4374 exterius
1096 4326 1284 4389 egerat
1308 4332 1404 4387 per
1426 4326 1758 4387 serpentem.
1784 4316 1941 4384 Quod
1984 4316 2111 4385 qui-

516 4410 642 4467 dem
664 4411 712 4465 si
731 4410 850 4465 solo
875 4409 1128 4465 instinctu
1168 4408 1432 4464 occultius
1469 4417 1672 4479 ageret,
1719 4408 1859 4463 sicut
1909 4408 2017 4478 egit
2060 4407 2111 4460 in

517 4500 660 4559 Iuda
690 4509 748 4555 ut
775 4499 1012 4556 traderet
1039 4498 1335 4563 Christum,
1366 4507 1548 4568 posset
1584 4498 1797 4554 efﬁcere
1841 4499 1896 4552 in
1935 4498 2111 4552 anima

2215 3315 2401 3385 Neque
2426 3315 2568 3370 enim
2596 3329 2718 3370 esse
2738 3314 3052 3369 mendacem
3074 3314 3303 3383 pertinet
3325 3314 3429 3367 nisi
3452 3314 3521 3367 ad
3545 3312 3785 3366 viventem

2214 3415 2380 3476 atque
2428 3406 2783 3472 sentientem;
2836 3407 2930 3461 sed
2978 3405 3149 3475 stylus
3202 3404 3433 3459 mendax
3489 3405 3663 3460 dictus
3700 3412 3786 3467 est,

2216 3499 2357 3571 quod
2382 3514 2478 3569 per
2508 3514 2630 3553 eum
2660 3498 2889 3554 mendax
2930 3499 3262 3555 mendaciter
3300 3508 3579 3568 operetur,
3624 3495 3787 3568 quein-

2215 3594 2505 3650 admodum
2533 3595 2577 3649 si
2609 3602 2662 3650 et
2688 3594 2791 3649 iste
2817 3608 3041 3661 serpens
3067 3592 3299 3648 mendax
3336 3594 3627 3658 diceretur,
3664 3591 3788 3662 quod

2218 3702 2288 3744 eo
2318 3687 2567 3743 diabolus
2599 3696 2853 3756 tanquam
2884 3686 3025 3757 stylo
3050 3685 3383 3741 mendaciter
3411 3696 3664 3741 uteretur.
3688 3684 3791 3739 Hoc

2178 3847 2185 3855 ί
2217 3782 2345 3838 ideo
2369 3781 2853 3838 commendandum
2878 3781 3062 3851 putavi
3083 3796 3151 3837 ne
3171 3783 3458 3852 quisquam
3490 3782 3790 3836 existimans

2218 3874 2515 3931 animantia
2541 3875 2765 3931 rationis
2791 3877 3035 3945 expertia
3066 3876 3366 3932 humanum
3404 3877 3589 3931 habere
3634 3874 3792 3929 intel-

2217 3966 2438 4033 lectum,
2489 3969 2571 4022 vel
2629 3968 2685 4021 in
2743 3966 2945 4021 animal
2999 3967 3263 4023 rationale
3317 3977 3539 4038 repente
3583 3967 3789 4033 mutari,

2217 4061 2505 4119 seducatur
2535 4061 2590 4116 in
2641 4061 2787 4116 illam
2837 4062 3142 4131 opinionem
3183 4061 3465 4117 ridiculam
3491 4070 3545 4117 et
3568 4062 3789 4127 noxiam,

2216 4156 2567 4213 revolutionis
2607 4156 2903 4210 animarum
2952 4157 3037 4213 vel
3074 4155 3352 4211 hominum
3384 4155 3437 4210 in
3465 4156 3685 4221 bestias,
3714 4156 3791 4211 vel

2216 4249 2271 4306 in
2299 4248 2545 4304 homines
2586 4247 2905 4304 bestiarum.
2946 4247 3037 4304 Sic
3074 4262 3205 4319 ergo
3236 4249 3444 4304 locutus
3471 4257 3557 4304 est
3584 4262 3793 4319 serpens

2217 4343 2446 4410 homini,
2472 4343 2610 4399 sicut
2630 4343 2781 4398 asina
2832 4344 2885 4397 in
2931 4357 3034 4413 qua
3076 4342 3301 4399 sedebat
3354 4342 3577 4398 Balaam
3632 4345 3791 4399 locuta

2217 4445 2301 4493 est
2331 4434 2551 4501 homini,
2586 4434 2687 4490 nisi
2730 4435 2874 4506 quod
2915 4434 3047 4489 illud
3092 4448 3225 4505 opus
3278 4434 3379 4489 fuit
3439 4434 3787 4500 diabolicum,

2220 4527 2323 4583 hoc
2356 4525 2677 4597 angelicum.
2723 4525 2932 4580 llabent
2972 4526 3116 4582 enim
3157 4526 3401 4596 quaedam
3439 4528 3570 4583 boni
3606 4539 3660 4584 et
3680 4528 3792 4582 mali

519 4594 757 4664 superbo
803 4607 990 4648 amore
1029 4606 1140 4646 sua:
1177 4591 1459 4661 potestatis
1506 4590 1742 4647 inducta.
1796 4589 1926 4655 Sed,
1969 4589 2109 4645 sicut

2215 4619 2389 4690 angeli
2416 4589 2582 4688 opera
2610 4618 2828 4683 similia,
2860 4620 2999 4674 sicut
3035 4589 3245 4690 Moyses
3297 4627 3353 4674 et
3396 4622 3540 4691 magi
3574 4621 3793 4676 Pharao-

521 4685 634 4758 jam
680 4684 813 4751 dixi,
870 4683 1109 4739 tentandi
1161 4684 1493 4739 voluntatem
1534 4681 1698 4737 habet
1746 4680 2013 4744 diabolus,
2057 4681 2111 4735 in

520 4784 791 4849 potestate
816 4783 994 4833 autem
1035 4789 1139 4831 nec
1171 4785 1230 4830 ut
1273 4775 1431 4831 faciat
1472 4774 1652 4839 habet,
1700 4788 1801 4829 nec
1844 4773 2115 4843 quomodo

520 4866 705 4924 faciat.
733 4867 865 4933 Quia
892 4866 1187 4937 permissus
1217 4877 1299 4923 est
1323 4882 1451 4937 ergo
1503 4866 1746 4933 tentavit,
1771 4876 1825 4920 et
1845 4864 2114 4934 quomodo

523 4960 827 5032 permissus
850 4966 954 5027 est,
988 4958 1059 5013 ita
1083 4958 1327 5014 tentavit.
1366 4958 1522 5024 Quod
1558 4966 1740 5013 autem
1786 4955 1974 5027 generi
2016 4954 2114 5010 hu-

523 5068 687 5111 mano
714 5051 997 5124 prodesset
1018 5050 1162 5123 quod
1193 5050 1437 5116 faciebat,
1469 5065 1647 5119 neque
1676 5049 1904 5117 sciebat,
1939 5063 2114 5119 neque

522 5146 742 5203 volebat
772 5184 790 5212 ,
836 5153 891 5199 et
948 5157 1014 5200 eo
1070 5142 1185 5212 ipso
1224 5139 1549 5196 illudebatur
1584 5140 1653 5195 ab
1709 5139 1932 5208 angelis.
1994 5138 2111 5194 Non

523 5235 706 5307 itaque
750 5249 978 5306 serpens
1010 5233 1295 5289 verborum
1343 5246 1509 5286 sonos
1536 5230 1868 5299 intelligebat
1913 5231 2002 5301 qui
2044 5244 2111 5285 ex

525 5328 619 5384 illo
649 5328 849 5383 fiebant
871 5326 938 5381 ad
962 5327 1268 5391 mulierem,
1294 5339 1471 5394 neque
1501 5323 1644 5378 enim
1695 5337 1960 5378 conversa
2003 5338 2112 5379 cre-

524 5419 703 5476 denda
782 5428 866 5474 est
931 5420 1108 5473 anima
1172 5416 1291 5486 ejus
1348 5417 1402 5470 in
1464 5424 1711 5470 naturam
1771 5414 2106 5470 rationalem.

525 5508 971 5579 Quandoquidem
1003 5523 1105 5565 nec
1132 5508 1234 5578 ipsi
1262 5507 1529 5574 homines,
1562 5521 1790 5576 quorum
1832 5506 2111 5561 rationalis

524 5613 714 5658 natura
739 5610 839 5667 est,
866 5617 987 5656 cum
1016 5603 1224 5657 daemon
1257 5600 1311 5656 in
1356 5600 1435 5657 eis
1462 5599 1723 5669 loquitur,
1755 5613 1819 5655 ea
1864 5600 2113 5668 passione

526 5702 646 5749 cum
681 5690 811 5764 [cui]
832 5707 897 5748 ex
925 5708 1021 5748 ore
1046 5691 1147 5747 ista
1189 5691 1482 5762 requiritur
1532 5690 1712 5745 sciunt
1741 5688 1866 5757 quid
1899 5689 2109 5757 loquan-

526 5794 633 5850 tur,
663 5795 863 5855 quanto
892 5787 1070 5843 minus
1100 5787 1424 5858 intelligeret
1465 5786 1556 5841 ille
1596 5784 1879 5839 verborum
1925 5798 2108 5849 sonos,

526 5889 665 5950 quos
693 5892 785 5946 per
812 5894 935 5936 eum
957 5889 1011 5936 et
1037 5866 1104 5936 ex
1137 5894 1205 5937 eo
1234 5879 1481 5935 diabolus
1523 5877 1617 5933 illo
1668 5875 1829 5931 modo
1860 5874 2106 5943 faciebat,

2219 4712 2325 4777 nis,
2350 4724 2537 4767 verum
2576 4712 2627 4765 in
2669 4709 2753 4764 his
2810 4712 2972 4765 etiam
3028 4711 3153 4766 boni
3226 4711 3406 4782 angeli
3477 4716 3795 4782 potentiores

2218 4811 2379 4858 sunt:
2414 4816 2513 4857 nec
2541 4801 2666 4856 mali
2711 4802 2888 4872 angeli
2941 4802 3102 4858 etiam
3142 4802 3328 4859 talium
3371 4817 3602 4874 operum
3656 4804 3798 4876 quid-

2216 4910 2375 4967 quam
2426 4904 2670 4965 possunt,
2721 4894 2823 4949 nisi
2859 4895 3001 4964 quod
3057 4908 3153 4963 per
3210 4893 3382 4951 bonos
3434 4897 3665 4967 angelos
3687 4912 3796 4967 per-

2217 4986 2426 5045 miserit
2477 4987 2641 5054 Deus,
2698 4995 2757 5042 ut
2805 4987 3136 5042 retribuatur
3170 4988 3462 5057 unicuique
3510 4990 3798 5044 secundum

2216 5094 2313 5137 cor
2351 5079 2491 5150 ejus,
2542 5078 2625 5134 vel
2663 5078 2958 5134 secundum
3023 5079 3249 5148 gratiam
3334 5078 3455 5145 Dei,
3517 5089 3800 5150 utrumque

2214 5175 2357 5244 juste
2384 5187 2449 5228 ac
2476 5171 2726 5243 benigne,
2763 5186 2859 5241 per
2885 5169 3223 5227 altitudinem
3246 5168 3561 5226 divitiarum
3592 5172 3805 5241 sapien-

2216 5266 2307 5322 tia:
2333 5272 2386 5322 et
2414 5266 2651 5321 scientiae
2678 5263 2795 5322 Dei.

2796 5399 3023 5456 CAPUT
3053 5398 3221 5455 XXV.

2221 5521 2369 5587 Quod
2393 5535 2566 5573 amore
2588 5534 2639 5573 se
2662 5518 2984 5585 sequentibus
3014 5515 3151 5571 Deus
3188 5512 3519 5587 auctoritatis
3564 5513 3698 5587 viam
3728 5526 3811 5587 se-

2286 5590 2624 5663 ptempliciter
2644 5582 2929 5657 muniverit,
2962 5604 3024 5640 ea:
3050 5587 3178 5641 libro
3203 5586 3267 5639 de
3295 5583 3532 5638 Moribus
3564 5582 3813 5638 Ecclesia

2290 5661 2571 5716 catholicis.

2288 5778 2599 5845 Quaeramus
2642 5776 3089 5848 quemadmodum
3131 5774 3200 5828 sit
3238 5769 3440 5827 homini
3491 5769 3788 5825 vivendum

2218 5872 2376 5929 Beate
2406 5880 2550 5929 certe
2577 5886 2763 5929 omnes
2790 5872 2971 5930 vivere
2991 5869 3236 5927 volumus
3261 5883 3273 5919 :
3298 5864 3486 5921 beatus
3506 5872 3687 5919 autem
3712 5875 3806 5918 ne-
