3968 6390
164 299 248 359 ωο

1341 288 1783 352 TBESAURUS.
1820 290 1973 349 CAP.
2014 290 2203 351 XXVI.

3319 302 3435 363 810

159 431 246 490 qua
264 410 354 472 ille
381 410 486 471 dici
510 417 689 484 potest
713 409 803 484 qui
843 422 953 468 non
993 408 1151 466 habet
1180 412 1325 482 quod
1350 420 1512 478 amat,
1540 410 1724 481 quale-
1747 413 1797 471 Α
1830 416 2148 479 potestatem
2176 407 2231 464 in
2263 406 2367 463 hoc
2394 405 2595 463 mundo
2625 414 2772 465 tenet
2798 408 3039 485 {habet},
3064 421 3177 470 toto
3221 418 3429 474 mundo

157 522 344 580 cunque
370 506 461 575 sit,
491 519 665 576 neque
705 504 794 574 qui
836 502 995 559 habet
1024 499 1165 575 quod
1207 513 1380 573 amat,
1415 504 1460 559 si
1500 506 1722 557 noxium

155 603 233 668 sit,
256 614 428 671 neque
448 598 537 670 qui
559 614 666 654 non
683 607 824 651 amat
845 596 986 668 quod
1011 597 1191 665 habet,
1213 596 1423 653 etiamsi
1465 599 1724 667 optimum

155 696 230 754 sit.
249 694 381 751 Nam
410 703 467 749 et
491 693 582 764 qui
602 693 806 763 appetit
826 692 968 763 quod
993 692 1217 763 adipisci
1249 708 1351 747 non
1380 701 1580 761 potest,
1604 708 1726 748 cru—

154 792 334 853 ciatur;
367 796 424 844 et
452 787 544 857 qui
573 788 798 858 adeptus
828 795 912 843 est
938 785 1078 855 quod
1109 785 1467 856 appetendum
1499 800 1603 840 non
1633 800 1722 841 es-

153 893 219 939 set
240 882 360 955 [est]
391 881 627 947 fallitur;
660 889 715 936 et
743 880 832 950 qui
875 894 981 934 non
1017 879 1220 949 appetit
1244 878 1386 949 quod
1419 878 1721 947 adipiscen-

152 976 260 1030 dum
291 982 453 1041 esset,
482 981 724 1045 aegrotat.
756 973 899 1028 Nihil
929 983 1106 1029 autem
1127 973 1351 1028 istorum
1380 973 1559 1027 animo
1587 988 1721 1029 con-

154 1066 293 1137 tingit
320 1067 439 1123 sine
464 1066 705 1131 miseria,
735 1065 911 1121 nullus
957 1066 1123 1137 igitur
1149 1066 1363 1121 illorum
1402 1064 1589 1120 beatus
1617 1074 1722 1120 est.

150 1159 400 1225 Quantum
440 1167 608 1215 restat
648 1157 735 1214 ubi
760 1157 916 1213 beata
970 1160 1077 1213 vita
1124 1158 1352 1213 inveniri
1383 1166 1570 1227 queat,
1600 1172 1723 1214 cum

149 1252 192 1307 id
218 1251 356 1323 quod
384 1260 468 1308 est
508 1251 746 1307 hominis
774 1254 1037 1321 optimum
1062 1261 1119 1308 et
1157 1261 1367 1307 amatur
1389 1261 1445 1307 et
1474 1252 1722 1307 habetur.

146 1344 271 1414 Quid
316 1354 398 1400 est
439 1344 583 1400 enim
616 1344 759 1399 aliud
787 1344 929 1415 quod
972 1344 1201 1400 dicimus
1233 1344 1369 1409 frui,
1398 1345 1499 1399 nisi
1526 1353 1726 1415 prmsto

147 1438 331 1495 habere
359 1439 499 1508 quod
537 1437 748 1509 diligis?
794 1437 999 1492 Praesto
1036 1453 1165 1508 ergo
1206 1438 1358 1493 nobis
1402 1452 1521 1492 esse
1560 1438 1727 1492 debet

144 1532 390 1600 optimum
423 1539 687 1596 nostrum,
719 1509 767 1585 si
796 1530 950 1585 beate
995 1530 1178 1585 vivere
1225 1530 1540 1599 cogitamus.
1586 1528 1723 1583 Nam

146 1625 373 1694 quisquis
401 1624 543 1694 quod
575 1624 755 1694 seipso
783 1633 870 1681 est
893 1626 1129 1681 deterius
1157 1626 1419 1696 sequitur,
1445 1624 1505 1679 fit
1533 1631 1585 1679 et
1608 1623 1724 1692 ipso

142 1716 387 1771 deterior.
434 1716 656 1785 Oportet
698 1727 876 1774 autem
909 1734 1123 1774 omnem
1173 1717 1444 1772 hominem
1496 1716 1548 1770 id
1578 1714 1722 1787 quod

1827 508 1910 552 est
1936 498 2157 553 omnino
2187 496 2473 553 sublimior
2503 513 2656 553 mens
2694 498 3009 555 inhzerendo
3045 501 3187 569 Deo;
3218 505 3301 559 sin
3333 504 3424 561 illa

1828 592 2002 647 virtus
2029 594 2168 647 dicta
2213 602 2296 648 est
2334 606 2453 663 quae
2500 592 2667 662 ipsius
2718 593 2876 648 animi
2908 595 3075 650 nostri
3117 596 3419 653 rectissima

1828 684 2041 741 affectio
2062 694 2147 740 est
2171 703 2183 737 :
2208 686 2253 739 si
2280 685 2331 739 in
2358 685 2464 740 alio
2490 694 2593 751 est,
2617 685 2761 741 favet
2782 696 2839 740 ut
2864 686 3251 757 conjungamur
3274 688 3419 756 Deo,

1828 777 1873 832 si
1902 779 1954 831 in
1978 778 2133 832 nobis
2163 785 2267 843 est,
2291 778 2403 846 ipsa
2421 778 2714 849 conjungit.
2744 776 2861 833 Non
2880 790 3132 845 separant
3158 781 3419 835 instantes

1827 870 2116 938 molestiae,
2161 871 2261 927 hoc
2308 872 2451 925 enim
2504 872 2731 927 leviores
2758 886 2852 927 eas
2875 871 3169 937 sentimus,
3218 888 3321 941 quo
3367 871 3419 926 ei

1832 964 2015 1033 [unde]
2038 978 2066 1016 a
2098 977 2205 1031 quo
2234 976 2331 1016 nos
2354 976 2604 1032 separare
2650 964 2941 1019 moliuntur
2969 964 3146 1017 acrius
3187 963 3421 1018 inhaere-

1831 1071 1968 1111 mus.
2003 1056 2120 1111 Non
2144 1064 2357 1124 separat
2380 1055 2666 1125 promissio
2691 1057 3011 1122 futurorum,
3036 1071 3158 1111 nam
3184 1066 3238 1111 et
3267 1055 3423 1126 quid-

1830 1150 1959 1222 quid
1999 1149 2125 1203 boni
2167 1148 2405 1203 futurum
2438 1160 2557 1216 est,
2603 1149 2803 1205 certius
2852 1151 3114 1219 promittit
3158 1150 3321 1216 Deus,
3369 1158 3426 1206 et

1832 1242 1967 1297 nilnil
1989 1250 2072 1296 est
2096 1239 2213 1310 ipso
2256 1241 2368 1296 Deo
2397 1241 2612 1312 melius,
2638 1243 2728 1313 qui
2752 1243 2864 1313 jam
2885 1243 3127 1314 profecto
3156 1244 3295 1300 bene
3318 1243 3424 1301 sibi

1832 1335 2225 1391 inhaerentibus
2251 1350 2489 1405 praesens
2511 1344 2613 1391 est.

2402 1536 2633 1593 CAPUT
2662 1535 2854 1592 XXVI.

1832 1647 1912 1703 De
1934 1650 2192 1719 principio
2213 1648 2423 1705 Genesis
2442 1668 2475 1705 a
2497 1648 2678 1722 Moyse
2700 1666 2889 1721 magno
2904 1654 3144 1723 mysterio
3160 1652 3426 1723 inchoato,

1903 1737 1964 1775 ac
1993 1723 2129 1791 quod
2174 1723 2443 1790 multiplex
2470 1738 2711 1775 sensuum
2739 1723 2962 1789 prolatio
2991 1740 3093 1778 non
3137 1728 3201 1779 sit
3249 1737 3431 1783 contra

143 1807 392 1876 Optimum
438 1818 522 1863 est
564 1810 734 1880 sequi,
776 1811 869 1866 sed
912 1812 1018 1866 tale
1046 1824 1167 1866 esse
1206 1809 1398 1878 debet,
1430 1808 1570 1878 quod
1616 1824 1723 1865 non

1908 1793 2083 1861 ﬁdem,
2108 1809 2170 1847 ex
2193 1793 2323 1846 libro
2354 1808 2429 1847 xu
2454 1792 2868 1863 Confessionum.

142 1902 343 1955 amittat
368 1902 590 1969 invitus,
624 1904 822 1975 quippe
851 1920 1011 1961 nemo
1037 1914 1213 1974 potest
1243 1905 1516 1960 confidere
1539 1903 1606 1959 de
1637 1902 1731 1958 tali

138 1994 298 2059 bono,
343 1996 486 2066 quod
525 1997 627 2051 sibi
654 1998 787 2067 eripi
820 2014 979 2069 posse
1008 2000 1203 2064 sentit,
1236 2000 1397 2054 etiam
1427 2000 1472 2053 si
1498 2000 1735 2055 retinere

136 2086 187 2143 id
208 2087 562 2159 amplectique
588 2092 837 2147 voluerit.
869 2091 1121 2161 Quisquis
1149 2100 1328 2146 autem
1352 2090 1419 2144 de
1451 2091 1594 2146 bono
1622 2106 1733 2159 quo

138 2179 331 2235 fruitur
360 2196 469 2237 non
485 2182 728 2251 confidit,
756 2184 809 2239 in
840 2193 987 2240 tanto
1019 2187 1209 2240 timore
1238 2184 1517 2238 amittendi
1545 2184 1737 2241 beatus

135 2284 253 2327 esse
279 2272 398 2343 quis
420 2275 633 2344 potest?
663 2273 794 2341 Quis
817 2290 946 2329 vero
978 2274 1188 2330 dubitet
1214 2274 1487 2329 hominem
1518 2277 1739 2343 sapien-

131 2371 261 2429 tem,
290 2364 331 2418 si
354 2366 508 2433 sequi
544 2368 675 2420 satis
703 2366 1091 2433 putaverimus,
1114 2366 1314 2421 auferri
1339 2382 1367 2419 a
1399 2366 1552 2420 nobis
1575 2366 1733 2436 [ωηο

128 2456 387 2511 ctandum
411 2466 562 2526 putet
588 2458 863 2514 hominem
894 2458 1216 2528 sapientein,
1240 2459 1286 2513 si
1313 2473 1436 2513 eum
1459 2458 1614 2526 sequi
1638 2472 1736 2527 pu-

127 2548 451 2613 taverimus,
482 2549 680 2605 auferri
709 2564 739 2604 a
785 2550 965 2615 nobis,
1007 2565 1115 2604 non
1145 2551 1307 2604 modo
1337 2549 1733 2615 recusantibus,

124 2637 250 2710 sed]
273 2641 435 2696 etiam
479 2642 901 2713 repugnantibus
943 2644 1136 2712 posse?
1170 2641 1312 2698 Deus
1342 2642 1505 2712 igitur
1545 2651 1731 2706 restat,

123 2746 287 2801 quem
318 2734 364 2789 si
393 2737 675 2806 sequimur
718 2736 879 2803 bene,
905 2738 951 2792 si
992 2737 1350 2807 assequimnr,
1386 2752 1491 2791 non
1526 2744 1734 2791 tantum

124 2824 294 2893 bene,
324 2826 420 2882 sed
451 2827 612 2883 etiam
640 2829 798 2884 beate
828 2830 1076 2886 vivimus.
1110 2830 1329 2886 Secutio
1350 2829 1444 2884 Dei
1475 2839 1558 2884 est
1606 2830 1735 2884 bea.

123 2920 299 2975 litatis
326 2922 624 2991 appetitus;
656 2921 990 2989 consecutio,
1038 2924 1149 2990 ipsa
1201 2923 1446 2978 beatitas.
1484 2920 1591 2978 Sed
1623 2936 1731 2992 quo

125 3023 291 3082 pacto
317 3013 595 3084 sequimur
618 3029 779 3085 quem
802 3029 908 3070 non
930 3014 1210 3071 videmus?
1241 3022 1332 3069 aut
1353 3013 1623 3084 quomodo
1650 3016 1731 3067 vi—

121 3105 319 3161 demus
365 3099 772 3178 [videbimus],
803 3108 893 3177 qui
942 3122 1048 3162 non
1098 3106 1272 3161 solum
1321 3107 1599 3170 homines,
1629 3104 1727 3159 sed

1913 1905 2085 1961 Nemo
2112 1906 2221 1976 jam
2254 1906 2384 1960 mihi
2416 1908 2675 1963 molestus
2704 1908 2803 1975 sit,
2838 1907 3066 1965 dicendo
3103 1910 3235 1966 mihi
3269 1930 3282 1965 :
3314 1912 3435 1969 Non

1841 1996 1945 2051 hoc
1971 1990 2149 2052 sensit
2164 2000 2377 2070 Moyses
2403 1999 2543 2069 quod
2575 2006 2630 2053 tu
2660 1998 2818 2065 dicis,
2848 2001 2942 2055 sed
2975 2001 3078 2057 hoc
3096 2004 3264 2059 sensit
3290 2005 3433 2073 quod

1842 2105 1943 2160 ego
1972 2091 2113 2147 dico.
2138 2090 2348 2146 Sienint
2381 2092 2514 2146 mihi
2547 2092 2780 2146 diceret:
2800 2092 2952 2147 Unde
2982 2095 3089 2149 scis
3110 2094 3211 2150 hoc
3232 2095 3437 2151 sensis-

1838 2194 1900 2235 se
1928 2181 2168 2252 Moysen,
2200 2182 2341 2252 quod
2372 2182 2440 2237 de
2471 2182 2553 2237 liis
2586 2182 2766 2237 verbis
2796 2183 2915 2252 ejus
2942 2185 3249 2254 eloqueris?
3271 2201 3436 2257 atquo

1843 2274 2023 2325 animo
2046 2272 2189 2328 ferre
2210 2274 2487 2339 deberem,
2518 2283 2573 2329 et
2602 2277 2931 2342 respondere
2955 2276 3181 2332 fortasse
3200 2291 3320 2345 qua:
3346 2292 3441 2333 su-

1841 2364 2024 2432 perius
2073 2365 2347 2433 respondi,
2378 2366 2461 2420 vel
2511 2365 2784 2434 aliquanto
2811 2365 3053 2434 uberius,
3072 2367 3120 2421 si
3147 2376 3293 2422 esset
3334 2367 3440 2423 du-

1842 2456 1978 2511 rior.
2005 2455 2139 2510 Cum
2169 2472 2295 2512 vero
2324 2456 2457 2511 dicit
2486 2475 2498 2511 :
2532 2456 2650 2511 Non
2678 2459 2781 2513 hoc
2806 2458 2898 2513 ille
2920 2459 3091 2513 sensit
3115 2459 3256 2529 quod
3286 2469 3339 2514 tu
3368 2460 3441 2515 di-

1845 2547 1947 2610 cis,
1997 2547 2093 2602 sed
2142 2548 2285 2617 quod
2334 2563 2433 2619 ego
2482 2548 2635 2615 dico,
2686 2563 2859 2619 neque
2883 2557 3063 2605 tamen
3111 2560 3271 2621 negat
3298 2552 3445 2619 quod

1844 2650 2073 2712 uterque
2104 2652 2347 2699 nostrum
2384 2642 2516 2698 dicit
2554 2651 2845 2712 utrumque
2873 2657 3061 2699 verum
3094 2658 3249 2711 esse;
3279 2659 3312 2699 ο
3338 2644 3448 2700 vita

1848 2749 2167 2805 pauperum,
2199 2735 2342 2791 Deus
2372 2750 2545 2802 meus,
2570 2736 2625 2790 in
2647 2735 2802 2806 cujus
2830 2736 2953 2791 sinu
2982 2751 3088 2791 non
3114 2746 3197 2791 est
3222 2746 3439 2791 contra-

1844 2827 2029 2894 dictio,
2065 2829 2186 2895 plue
2214 2828 2346 2883 mihi
2375 2828 2742 2899 mitigationes
2774 2830 2827 2883 in
2851 2843 2965 2895 cor,
2991 2839 3045 2882 ut
3068 2828 3332 2900 patienter
3365 2839 3445 2883 ta-

1840 2922 1921 2976 les
1947 2920 2137 2976 feratn!
2165 2922 2267 2989 Qui
2294 2912 2399 2977 non
2434 2922 2564 2977 mihi
2594 2923 2697 2978 hoc
2725 2922 2929 2987 dicunt,
2960 2924 3081 2992 quia
3108 2923 3274 2978 divini
3296 2936 3444 2988 sunt,

1840 3016 1967 3070 etin
1991 3015 2154 3070 corde
2180 3016 2368 3071 famuli
2402 3017 2476 3074 tui
2507 3016 2760 3072 viderunt
2788 3017 2930 3087 quod
2959 3016 3162 3084 dicunt,
3197 3017 3292 3071 sed
3317 3019 3446 3087 quia

1840 3109 2061 3179 superbi
2092 3118 2237 3175 sunt,
2269 3124 2368 3165 nec
2399 3117 2670 3164 noverunt
2709 3108 2911 3181 Moysis
2957 3111 3313 3177 sententiam,
3346 3109 3449 3164 sed

122 3197 289 3252 etiam
324 3196 635 3267 insipientes
663 3212 849 3253 sumus
871 3198 1117 3254 homines
1136 3196 1615 3266 Y-‘Coufugiendum
1644 3203 1732 3251 est
1762 3185 1808 3248 C
1838 3211 2021 3255 amant
2045 3216 2223 3267 suam;
2240 3217 2347 3256 non
2368 3204 2491 3271 quia
2506 3216 2633 3258 vera
2659 3210 2763 3265 est,
2788 3202 2886 3257 sed
2908 3201 3029 3271 quia
3052 3216 3147 3256 sua
3172 3210 3254 3256 est
3275 3219 3287 3254 ;
3312 3202 3447 3255 alio-

119 3294 292 3359 tgitur
328 3288 395 3344 ad
440 3304 624 3345 eorum
649 3298 916 3361 praecepta
944 3306 1079 3361 quos
1102 3290 1376 3360 sapientes
1406 3290 1571 3344 fuisse
1601 3303 1729 3357 pro-

123 3381 305 3437 habile
335 3391 452 3448 est,
498 3393 555 3437 ut
596 3385 649 3437 in
700 3382 873 3439 lucem
903 3384 1146 3439 veritatis
1187 3384 1358 3438 aciem
1408 3381 1728 3438 titubantem

118 3472 276 3526 velut
306 3472 470 3527 ratnis
502 3470 848 3527 humanitatis
878 3480 1101 3543 opacata
1137 3473 1357 3527 inducat
1382 3472 1677 3528 auctoritas
1712 3488 1725 3522 :

117 3575 293 3630 quam
321 3577 462 3618 vtam
494 3564 649 3619 nobis
676 3563 818 3620 Deus
852 3573 908 3619 et
936 3563 1360 3634 patriarcharum
1396 3563 1730 3633 segregatio-

116 3670 209 3719 ne.
250 3666 312 3712 et
356 3656 487 3727 legis
536 3657 773 3724 vinculo,
820 3665 876 3712 et
907 3656 1306 3728 'propbetarum
1355 3656 1647 3727 praesagio,
1676 3668 1735 3712 et

115 3749 369 3819 suscepti
407 3749 640 3805 hominis
669 3758 1039 3818 sacramento,
1078 3759 1133 3805 et
1162 3749 1531 3819 apostolorum
1576 3747 1729 3802 testi-

112 3842 338 3907 monio,
380 3852 433 3897 et
460 3854 755 3915 martyrum
796 3844 1078 3914 sanguine,
1124 3851 1178 3898 et
1222 3841 1467 3912 gentium
1496 3855 1732 3910 occupa-

111 3936 282 3991 tione
310 3936 576 4004 munivit;
608 3952 773 4007 quare
803 3936 1130 3992 ratiunculas
1157 3945 1369 3991 nostras
1389 3935 1584 3989 divinis
1604 3935 1734 3989 sub-

103 4026 415 4085 mittamus
463 4029 762 4084 affectibus.
817 4030 1115 4085 Audiamus
1172 4044 1301 4098 ergo
1346 4036 1523 4097 quem‘
1567 4027 1733 4081 tinem

102 4122 405 4175 bonorum
436 4119 611 4185 nobis,
630 4119 866 4187 Christe,
892 4120 1234 4189 praescribas,
1266 4134 1375 4189 quo
1396 4133 1496 4174 nos
1518 4132 1733 4173 summo

101 4224 325 4267 amore
355 4210 574 4266 tendere
586 4211 766 4280 jubes.
790 4212 1013 4281 Diliges,
1032 4210 1227 4281 inquit,
1252 4209 1540 4264 Dominum
1560 4208 1730 4262 Deum

104 4315 283 4361 tuum
330 4318 397 4358 ex
429 4312 542 4358 toto
567 4304 732 4359 corde
758 4312 869 4371 tuo,
897 4312 952 4359 et
973 4318 1042 4358 ex
1082 4312 1194 4358 tota
1219 4303 1400 4358 anima
1433 4312 1542 4366 tua,
1576 4310 1630 4355 et
1660 4316 1731 4355 ex

106 4407 233 4455 tcta
278 4407 464 4453 mente
494 4407 604 4452 tua.
635 4397 775 4464 Quid
819 4398 903 4455 vis
929 4398 1201 4468 amplius?
1231 4397 1300 4453 Et
1326 4396 1523 4452 Paulus
1551 4414 1565 4450 :
1599 4395 1732 4451 Dili-

108 4490 406 4564 gentibus,
439 4492 632 4561 inquit,
659 4491 825 4547 Deum
855 4492 1035 4548 omnia
1073 4492 1371 4561 procedunt
1410 4491 1475 4556 in;
1502 4491 1728 4546 bonum.

1839 3294 1969 3362 quin
1999 3303 2053 3349 et
2082 3294 2241 3347 aliam
2273 3308 2457 3348 veram
2492 3297 2695 3363 pariter
2734 3302 3001 3359 amarent,
3034 3293 3173 3347 sicut
3194 3307 3295 3363 ego
3320 3307 3448 3347 amo

1838 3383 1981 3452 quod
2013 3383 2219 3447 dicunt,
2249 3383 2468 3453 quando
2490 3399 2677 3440 verum
2705 3383 2993 3449 inducunt;
3014 3398 3120 3438 non
3152 3385 3273 3454 quia
3297 3385 3446 3454 ipso-

1840 3488 1959 3528 rum
1988 3483 2094 3541 est,
2127 3474 2222 3529 sed
2266 3477 2390 3545 quia
2421 3490 2630 3531 verum.
2667 3476 2734 3529 Et
2761 3476 2883 3531 ideo
2917 3477 3026 3545 jam
3069 3490 3168 3531 nec
3207 3478 3448 3545 ipsorum

1839 3574 1944 3628 est,
1970 3564 2094 3633 quia
2122 3580 2306 3619 verum
2333 3574 2435 3620 est.
2470 3564 2528 3621 Si
2558 3576 2740 3621 autem
2773 3566 2894 3621 ideo
2932 3576 3117 3621 amant
3150 3566 3279 3620 illud
3321 3568 3447 3636 quia

1838 3671 2026 3711 verum
2041 3658 2263 3727 est,jam
2278 3659 2580 3728 etipsorum
2603 3667 2763 3715 estet
2785 3674 2963 3715 meum
2993 3669 3100 3728 est,
3114 3662 3366 3730 quoniam
3387 3661 3448 3718 in

1837 3748 2124 3805 commune
2150 3749 2388 3805 omnium
2411 3760 2495 3806 est
2534 3752 2775 3807 veritatis
2805 3761 3129 3807 amatorum.
3171 3752 3306 3808 lllud
3334 3768 3439 3808 au-

1839 3835 1949 3895 tem
1980 3843 2121 3912 quod
2152 3843 2511 3909 contendunt,
2544 3858 2652 3899 non
2674 3844 2777 3899 hoc
2795 3846 3035 3900 sensisse
3058 3844 3277 3916 Moysen
3300 3844 3448 3916 quod

1838 3948 1941 4003 ego
1973 3935 2124 4003 dico,
2154 3936 2250 3992 sed
2279 3936 2422 4006 quod
2453 3936 2552 4005 ipsi
2579 3937 2785 4002 dicunt,
2816 3939 2961 4004 nolo,
2994 3954 3099 3993 non
3145 3953 3289 4002 amo,
3320 3940 3450 4007 quia

1838 4026 1942 4079 etsi
1971 4026 2040 4078 ita
2082 4035 2189 4093 est,
2222 4036 2401 4081 tamen
2444 4027 2545 4081 ista
2584 4029 2862 4083 temeritas
2907 4043 3011 4081 non
3042 4030 3313 4094 scientias,
3347 4028 3450 4084 sed

1839 4114 2080 4169 audacia:
2110 4126 2212 4181 est,
2244 4132 2345 4171 nec
2371 4118 2536 4185 visus,
2562 4120 2667 4188 22
2717 4118 2810 4172 sed
2852 4118 3048 4188 typhus
3064 4132 3182 4173 eam
3212 4119 3448 4189 peperit.

1840 4205 2094 4275 Ideoque,
2114 4206 2358 4275 Domine,
2376 4210 2655 4263 tremenda
2674 4218 2801 4263 sunt
2821 4208 3025 4277 judicia
3045 4217 3154 4275 tua,
3187 4205 3448 4278 quoniam

1838 4303 2036 4357 veritas
2061 4311 2149 4357 tua
2178 4317 2278 4358 nec
2306 4318 2422 4358 mea
2454 4312 2555 4372 est,
2583 4319 2682 4359 nec
2706 4303 2849 4359 illius
2874 4316 2967 4358 aut
2997 4302 3161 4368 illius,
3196 4302 3292 4359 sed
3319 4318 3443 4357 om-

1838 4395 1988 4449 nium
2020 4404 2261 4450 nostrum
2284 4410 2421 4467 quos
2474 4396 2541 4451 ad
2594 4397 2713 4467 ejus
2747 4396 3185 4452 communionem
3230 4394 3449 4466 publice

1838 4500 2035 4555 vocas,
2063 4488 2379 4545 terribiliter
2439 4489 2739 4546 admonens
2804 4506 2904 4545 nos
2943 4498 3002 4545 ut
3044 4504 3163 4546 eam
3207 4490 3447 4547 nolimus

109 4585 269 4641 Dicit
301 4585 467 4640 etiam
503 4584 616 4653 ipse
642 4584 949 4640 dilectionis
979 4585 1230 4641 modum:
1256 4584 1390 4653 Quis
1418 4598 1548 4653 ergo
1578 4597 1735 4652 sepa-
1758 4568 1814 4629 Ι)
1840 4577 2041 4666 habere
2064 4582 2345 4651 privatam,
2377 4598 2444 4638 ne
2485 4584 2758 4654 privemur
2800 4597 2885 4639 ea.
2929 4581 3065 4639 Nam
3097 4583 3343 4654 quisquis
3384 4581 3445 4638 id

109 4686 201 4733 rat
226 4691 343 4732 nos
371 4691 402 4731 a
428 4676 691 4732 charitate
712 4676 944 4733 Christi?
965 4687 1022 4733 et
1046 4687 1262 4733 caetera.
1294 4675 1361 4731 Et
1386 4684 1507 4745 post
1528 4689 1730 4746 pauca:

110 4768 328 4827 Certus
359 4784 477 4825 sum
504 4771 649 4826 enim
668 4772 791 4840 quia
822 4786 995 4842 neque
1011 4786 1180 4835 mors,
1207 4784 1386 4839 neque
1414 4770 1549 4837 vita,
1572 4779 1626 4826 et
1648 4785 1735 4825 re-

108 4864 297 4936 liqua.
333 4863 393 4920 Si
423 4879 555 4935 ergo
580 4864 726 4919 nulla
751 4879 840 4920 res
879 4864 949 4919 ab
975 4863 1092 4935 ejus
1118 4863 1395 4931 charitate
1439 4877 1541 4919 nos
1579 4878 1738 4934 sepa-

110 4970 225 5025 rat,
262 4957 402 5027 quid
431 4972 556 5014 esse
600 4972 707 5013 non
752 4957 927 5013 solum
975 4956 1187 5023 melius,
1215 4955 1312 5011 sed
1340 4954 1504 5011 etiam
1532 4956 1734 5013 certius

111 5049 225 5106 hoc
276 5049 430 5106 bono
461 5050 673 5121 patest?
699 5049 869 5106 Nemo
918 5062 1018 5105 nos
1060 5047 1187 5103 inde
1232 5056 1448 5118 separat
1477 5047 1735 5103 minando

108 5151 398 5209 mortem,
428 5141 660 5212 idipsum
690 5143 833 5199 enim
877 5140 1019 5214 quod
1057 5140 1330 5213 diligimus
1361 5139 1562 5206 Deum,
1596 5142 1736 5195 mori

106 5250 223 5290 non
265 5243 479 5304 potest,
510 5237 615 5291 nisi
662 5237 789 5292 dum
820 5252 929 5292 non
974 5235 1147 5306 diligit
1187 5234 1379 5301 Deum,
1408 5234 1492 5290 cui
1522 5232 1682 5307 [cum
1712 5232 1735 5306 ]

107 5340 274 5382 mors
325 5328 445 5395 ipsa
489 5336 602 5393 est,
630 5332 752 5399 Lnon
799 5328 1024 5399 diligere
1055 5327 1247 5395 Deum,
1296 5328 1440 5399 quod
1480 5327 1616 5383 nihil
1652 5338 1738 5384 est

106 5421 273 5474 aliud
306 5434 478 5491 quam
506 5423 556 5476 ei
581 5422 873 5495 quidquam
902 5422 956 5476 in
982 5421 1256 5490 diligendo
1271 5428 1435 5492 atque
1456 5422 1734 5492 sequendo

109 5528 476 5582 praeponere.
535 5513 703 5571 Nemo
755 5516 880 5571 inde
936 5525 1150 5585 separat
1199 5514 1503 5585 pollicendo
1546 5516 1732 5585 vitam,

107 5619 297 5659 nemo
328 5603 474 5658 enim
504 5607 571 5662 ab
601 5608 720 5676 ipso
750 5608 896 5660 fonte
925 5616 1139 5676 separat
1178 5622 1369 5677 aquam
1402 5606 1734 5677 pollicendo.

107 5694 240 5751 Non
277 5709 507 5765 separat
530 5700 769 5769 angelus,
804 5714 909 5754 non
940 5699 1083 5754 enim
1112 5710 1196 5756 est
1225 5702 1471 5771 angelus,
1501 5716 1623 5756 cum
1651 5701 1739 5755 in-

108 5788 414 5846 haeremus
442 5789 575 5858 Deo,
618 5801 799 5847 nostra
828 5803 1006 5848 mente
1038 5795 1329 5861 petentior.
1377 5792 1495 5849 Non
1525 5802 1743 5863 separat

111 5885 342 5949 virtus,
384 5883 433 5941 si
460 5885 551 5940 illa
605 5883 776 5942 virtus
808 5887 896 5942 hic
940 5885 1211 5942 nominata
1250 5893 1476 5957 estquae
1506 5887 1738 5958 aliquam

1844 4676 1988 4746 quod
2020 4686 2074 4731 tu
2104 4678 2355 4764 omnibus
2383 4677 2451 4732 ad
2484 4677 2773 4733 fruendum
2813 4676 3069 4747 preponis
3094 4677 3199 4732 sibi
3231 4676 3450 4747 proprie

1846 4767 2121 4837 vindicat,
2165 4780 2219 4824 et
2267 4786 2423 4826 suum
2474 4771 2587 4825 vult
2636 4784 2760 4826 esse
2808 4769 2949 4841 quod
2994 4771 3235 4827 omnium
3280 4780 3385 4839 est,
3412 4786 3451 4829 tt

1842 4865 2117 4918 communi
2162 4864 2480 4934 propellitur
2508 4863 2576 4918 ad
2607 4879 2727 4930 sua,
2762 4863 2865 4922 hoc
2904 4872 2989 4921 est
3030 4880 3063 4920 a
3110 4865 3338 4921 veritate
3378 4862 3452 4919 ad

1844 4957 2219 5023 mendacium;
2260 4959 2355 5028 qui
2381 4958 2526 5012 enim
2554 4957 2793 5028 loquitur
2845 4958 3221 5023 mendacium,
3253 4956 3322 5011 de
3345 4969 3449 5010 suo

1844 5045 2103 5115 loquitur.
2134 5046 2388 5112 Attende,
2416 5046 2582 5116 judex
2632 5047 2835 5116 optime
2864 5048 3036 5114 Deus,
3070 5049 3183 5117 ipsa
3209 5044 3443 5109 Veritas,

1841 5140 2059 5195 attende
2089 5139 2216 5209 quid
2244 5140 2448 5207 dicam,
2482 5141 2872 5197 cantradictori
2904 5142 3050 5210 huic,
3085 5139 3448 5204 attende;co-

1840 5246 1954 5285 ram
1984 5239 2035 5285 te
2057 5232 2198 5286 enim
2228 5232 2378 5297 dico,
2405 5239 2460 5287 et
2483 5246 2666 5288 coram
2712 5231 2969 5287 fratribus
3001 5232 3159 5296 meis,
3193 5231 3282 5300 qui
3314 5229 3443 5297 legi-

1842 5323 1972 5380 time
2014 5333 2234 5379 utuntur
2286 5326 2438 5394 lege,
2493 5341 2665 5397 usque
2704 5325 2773 5379 ad
2818 5325 2978 5379 finem
3008 5323 3309 5377 charitatis.
3341 5321 3440 5375 At-

1842 5417 2025 5485 tende,
2050 5424 2105 5472 et
2125 5418 2244 5472 vide
2265 5416 2394 5487 quid
2416 5418 2467 5472 ei
2490 5418 2688 5484 dicam,
2711 5417 2755 5471 si
2779 5416 2960 5485 placet
2984 5413 3074 5470 tibi
3100 5432 3115 5480 ;
3146 5415 3284 5469 hanc
3301 5414 3447 5468 enim

1840 5527 2029 5569 vocem
2104 5511 2227 5566 huic
2300 5508 2478 5566 refero
2553 5508 2846 5565 fraternam
2907 5518 2962 5564 et
3014 5505 3316 5577 pacificam.
3388 5506 3449 5563 Si

1844 5604 2004 5660 ambo
2031 5604 2274 5659 videmus
2296 5619 2487 5659 verum
2517 5617 2639 5658 esse
2661 5601 2804 5671 quod
2830 5601 2985 5667 dicis,
3020 5612 3075 5658 et
3104 5599 3265 5655 ambo
3293 5598 3447 5655 vide—

1844 5711 1966 5751 mus
1996 5712 2181 5751 verum
2210 5711 2335 5753 esse
2364 5695 2507 5767 quod
2534 5694 2681 5761 dico,
2716 5694 2826 5762 ubi,
2861 5680 3068 5765 quarso,
3090 5693 3144 5749 id
3168 5688 3449 5749 videmus?

1846 5804 1947 5845 nec
1976 5805 2072 5859 ego
2105 5791 2286 5859 utique
2316 5790 2368 5843 in
2391 5799 2462 5859 te,
2496 5804 2599 5844 nec
2629 5796 2683 5843 tu
2708 5788 2762 5843 in
2787 5802 2895 5867 me,
2928 5787 3022 5843 sed
3042 5787 3201 5842 ambo
3227 5787 3281 5841 in
3306 5784 3447 5855 ipsa,

1846 5899 1967 5957 quae
1994 5899 2156 5955 supra
2182 5894 2391 5939 mentes
2425 5897 2635 5940 nenias
2680 5892 2787 5952 est,
2840 5882 3264 5942 incommutabili
3302 5880 3452 5937 veri-
