3968 6390
488 348 597 423 οη

1588 352 1656 411 D.
1697 344 2022 407 EUGYPPII
2061 340 2351 403 ABBATIS
2387 342 2721 403 AFRICANI

3690 327 3813 394 612

488 476 773 539 vitellum
799 472 930 555 ergo
953 462 1029 536 de
1041 466 1381 550 ipsaDomini
1398 472 1490 529 Dei
1514 473 1822 529 nostriluce
1838 483 2092 526 noncon-
2119 474 2172 535 Α
2198 473 2367 533 tuam,
2422 480 2708 523 recurrens
2753 462 2809 519 in
2852 466 2907 518 te
2955 474 3156 531 unum,-
3188 470 3293 531 pro
3335 462 3501 530 captu
3538 450 3804 513 ordinato

493 584 802 647 tendamus,
836 595 932 635 cur
959 578 1027 633 de
1070 573 1305 647 proximi
1340 570 1661 642 cogitatione
1688 566 2087 632 contendimus,

494 686 656 751 quam
687 678 766 733 sic
802 676 984 729 videre
1008 686 1111 725 non
1143 680 1448 739 possumus,
1478 670 1537 718 ut
1557 661 1763 717 videtur
1794 661 2092 715 incommu-

493 771 677 829 tabilis
707 768 925 834 veritas,
951 761 1165 836 quando
1185 755 1482 834 [quoniam]
1502 757 1546 811 si
1568 754 1681 826 ipse
1696 753 1906 825 Moyses
1928 764 2093 821 appa-

495 870 697 925 ruisset
726 862 901 928 nobis,
933 868 1094 929 atque
1140 854 1363 910 dixisset
1392 870 1404 905 :
1441 851 1550 906 lloc
1596 848 1861 919 cogitavi,
1887 860 1987 902 nec
2012 845 2093 901 sic

496 943 986 1023 eam'vidercmus,
1027 948 1121 1005 sed
1151 944 1537 1004 crederemus?
1566 941 1681 998 Non
1714 946 1893 1012 itaque
1933 953 2093 1009 supra

497 1066 657 1123 quam
688 1048 946 1118 scriptum
975 1050 1059 1100 est
1087 1056 1221 1097 unus
1250 1055 1344 1111 pro
1386 1038 1554 1092 altero
1593 1034 1809 1090 inﬂetur
1837 1033 2093 1088 adversus

497 1143 749 1209 alterum;
775 1138 1061 1209 diligamus
1091 1132 1379 1189 Dominum
1405 1130 1573 1187 Deum
1622 1139 1865 1182 nostrum
1894 1140 1961 1179 ex
1982 1129 2094 1178 toto

497 1235 684 1298 corde,
717 1243 770 1288 et
801 1248 866 1287 ex
896 1237 1005 1285 tota
1037 1228 1237 1295 anima,
1271 1233 1325 1281 et
1367 1239 1433 1279 ex
1462 1230 1572 1277 tota
1602 1230 1780 1275 mente
1806 1226 2010 1284 nostra,
2041 1223 2097 1271 et

498 1330 803 1401 proximum
848 1333 1089 1379 nostrum
1120 1320 1261 1378 sicut
1306 1316 1682 1386 nosmetipsos.
1724 1313 1949 1383 Propter
1976 1325 2095 1382 qua:

501 1422 609 1479 duo
633 1429 896 1491 prmcepta
927 1416 1208 1472 eharitatis
1250 1414 1484 1468 sensisse
1516 1409 1730 1480 Moysen
1754 1405 2008 1478 quidquid
2041 1405 2096 1461 in

502 1513 609 1570 illis
638 1514 787 1567 libris
812 1511 1002 1578 sen‘sit,
1031 1508 1130 1563 nisi
1153 1505 1564 1567 crediderimus,
1588 1501 1901 1556 mendacem
1933 1497 2097 1555 facie-

503 1623 624 1665 mus
657 1607 957 1670 Dominum,
988 1617 1112 1658 cum
1141 1598 1210 1655 de
1234 1600 1414 1654 animo
1441 1596 1687 1652 conservi
1736 1594 1892 1649 aliter
1936 1607 2094 1661 quam

503 1700 598 1757 ille
624 1700 808 1755 docuit
834 1696 1139 1767 opinamur.
1169 1692 1288 1747 Jam
1316 1690 1438 1746 vlde
1468 1704 1625 1760 quam
1667 1687 1890 1743 stultum
1917 1684 2008 1749 sit,
2044 1683 2096 1736 in

503 1800 654 1848 tanta
682 1790 834 1861 copia
863 1788 1265 1845 verissimarum
1295 1782 1704 1846 sententiarum,
1737 1793 1855 1851 qua:
1896 1777 1963 1832 de
1990 1775 2098 1830 illis

2195 571 2453 635 quantum
2495 562 2687 633 cuique
2717 573 2901 616 rerum
2948 557 3002 613 in
3046 573 3145 613 suo
3172 569 3370 628 genere
3395 554 3581 609 datum
3608 560 3731 617 est.
3754 562 3803 608 et

2194 651 2387 709 flerent
2414 653 2595 707 omnia
2627 652 2767 706 bona
2793 649 2967 716 valde,
2997 649 3112 705 sive
3135 654 3389 703 maneant
3407 644 3549 700 circa
3577 655 3650 711 te,
3680 644 3803 700 sive

2193 744 2455 817 gradatim
2502 744 2793 799 remotiore
2842 738 3093 796 distantia
3148 752 3244 809 per
3290 748 3534 806 tempora
3576 744 3634 790 et
3673 735 3796 788 loca

2196 836 2454 907 pulchras
2500 835 2839 890 narrationes
2883 830 3111 898 faciant,
3141 836 3235 885 aut
3275 828 3570 901 patiantur.
3606 824 3803 880 Vident

2198 929 2334 996 haec,
2370 937 2425 984 et
2449 927 2682 997 gaudent
2708 927 2763 981 in
2790 926 2908 981 luce
2937 923 3179 981 veritatis
3203 932 3331 990 tute,
3359 919 3683 995 quantulum
3720 919 3800 975 hic

2199 1020 2403 1088 valent,
2452 1028 2507 1075 et
2550 1020 2690 1074 alius
2731 1034 2918 1075 eorum
2963 1015 3196 1072 intendit
3242 1018 3296 1071 in
3334 1014 3386 1070 id
3418 1013 3563 1086 quod
3596 1013 3808 1068 dictum

2195 1120 2300 1179 est,
2333 1113 2390 1167 ln
2416 1113 2680 1184 principio
2711 1110 2838 1167 fecit
2866 1112 3041 1182 Deus,
3082 1118 3138 1165 et
3166 1110 3435 1180 resipiscit
3477 1108 3798 1179 sapientiam

2194 1205 2537 1285 principium,
2566 1205 2689 1277 quia
2715 1216 2771 1260 et
2799 1206 3033 1277 loquitur
3059 1206 3170 1274 ipsa
3202 1203 3360 1259 nobis
3386 1220 3399 1256 ε
3426 1202 3565 1257 alius
3608 1200 3792 1255 itidem

2202 1300 2431 1355 intendit
2446 1299 2499 1355 in
2522 1300 2711 1355 eadem
2733 1299 2893 1355 verba
2912 1342 2926 1366 ,
2948 1306 3005 1354 et
3027 1295 3348 1369 principium
3370 1295 3633 1366 intelligit
3649 1308 3798 1350 exor-

2204 1392 2354 1449 dium
2386 1409 2565 1449 rerum
2608 1393 2967 1461 conditarum,
3000 1401 3053 1447 et
3078 1393 3157 1447 sic
3182 1390 3398 1461 accipit,
3433 1386 3491 1444 ln
3532 1388 3797 1458 principio

2198 1486 2347 1553 fecit,
2376 1499 2440 1541 ac
2461 1486 2506 1540 si
2529 1486 2803 1541 diceretur
2830 1485 3005 1554 primo
3037 1484 3184 1551 fecit,
3217 1492 3379 1554 atque
3415 1483 3467 1536 in
3498 1479 3580 1537 eis
3603 1479 3800 1535 intelli-

2200 1590 2350 1652 gunt,
2386 1583 2445 1637 In
2495 1580 2793 1652 principio,
2824 1581 2965 1652 quod
2998 1580 3048 1635 in
3094 1574 3358 1651 sapientia
3402 1575 3583 1633 fecisti
3611 1578 3797 1633 celum

2208 1684 2264 1730 et
2328 1682 2551 1745 terram,
2585 1677 2721 1731 alius
2786 1690 2973 1732 eorum
3012 1674 3185 1745 ipsum
3240 1673 3439 1730 etelum
3480 1682 3540 1728 et
3581 1684 3791 1737 terram,

2202 1767 2493 1823 creabilem
2547 1770 2826 1824 materiam
2875 1767 2999 1824 cteli
3043 1777 3100 1825 et
3127 1777 3289 1823 terra;
3337 1767 3420 1822 sic
3464 1782 3589 1822 esse
3643 1767 3799 1821 credit

505 1883 687 1939 verbis
729 1854 847 1937 erui
881 1887 1126 1950 possunt,
1183 1888 1384 1932 temere
1412 1870 1685 1929 affirmare
1714 1886 1870 1941 quam
1914 1882 2097 1925 carum
2127 1868 2179 1937 Β
2205 1858 2657 1927 cognominatam.
2716 1858 2871 1913 Alius
2934 1857 3045 1929 jam
3099 1857 3360 1913 formatas
3419 1854 3798 1927 distinctasque

506 1973 719 2044 Moyses
742 1971 1076 2043 potissimum
1095 1968 1347 2033 senserit,
1377 1976 1431 2023 et.
1453 1964 1769 2035 perniciosis
1797 1961 2099 2018 contentio-

508 2066 666 2124 nibus
683 2066 852 2137 ipsam
871 2062 1146 2120 ofl‘endere
1162 2060 1507 2126 charitatem,
1532 2066 1756 2130 propter
1777 2070 1936 2127 quam
1960 2052 2105 2109 dixit

508 2160 711 2223 omnia,
742 2158 893 2229 cujus
940 2158 1080 2211 dicta
1127 2168 1387 2210 conamur
1435 2165 1727 2221 exponere.
1777 2149 1931 2204 Sicut
1959 2147 2101 2202 enim

509 2248 632 2307 fons
661 2253 716 2306 in
742 2265 905 2321 parvo
943 2251 1065 2304 loco
1094 2247 1311 2303 uberior
1340 2252 1444 2311 est,
1488 2244 1838 2315 pluribusque
1890 2240 2019 2295 rivis
2051 2240 2102 2294 in

510 2344 771 2416 ampliora
799 2345 970 2415 spatia
1014 2341 1214 2395 fluxum
1247 2340 1544 2402 ministrat,
1575 2351 1733 2407 quam
1762 2333 1985 2405 quilibet
2014 2347 2108 2388 eo-

509 2453 629 2496 rum
658 2439 898 2494 rivorum
924 2436 1017 2507 qui
1051 2450 1147 2505 per
1176 2433 1343 2488 multa
1372 2432 1610 2487 locorum
1642 2429 1711 2485 ab
1745 2428 1935 2484 eodem
1965 2426 2109 2481 fonte

510 2535 813 2605 deducitur,
861 2535 934 2589 ita
966 2528 1202 2588 narratio
1245 2526 1635 2599 dispensatoris
1667 2524 1740 2580 tui
1775 2520 2109 2580 sermocina-

512 2625 647 2682 tnris
677 2626 916 2696 pluribus
944 2621 1224 2692 profutura
1250 2634 1413 2689 parvo
1456 2618 1723 2674 sermonis
1754 2616 1971 2670 modulo
1992 2615 2113 2668 sca:

512 2730 593 2779 tet
614 2725 811 2777 fluenta
834 2720 1051 2792 liquida;
1069 2718 1332 2785 veritatis,
1362 2715 1503 2770 unde
1524 2713 1624 2767 sibi
1646 2712 1873 2784 quisque
1898 2724 2110 2775 verum,

514 2806 658 2887 quod
704 2815 773 2871 de
805 2815 886 2869 bis
938 2815 1097 2868 rebus
1128 2822 1324 2882 potest,
1357 2810 1444 2865 hic
1486 2808 1640 2875 illml,
1690 2807 1781 2861 ille
1827 2804 1989 2871 illud,
2020 2817 2115 2873 per

514 2908 787 2981 longiores
815 2906 1148 2978 loquelarum
1178 2904 1449 2961 anfractus
1468 2903 1660 2958 trahat.
1695 2899 1799 2955 Alii
1820 2898 1965 2953 enim
1990 2910 2114 2951 cum

516 2999 637 3055 hare
658 3000 822 3056 verba
852 3001 1035 3070 legunt
1064 2999 1149 3052 vel
1181 2998 1438 3065 audiunt,
1493 2996 1730 3066 cogitant
1759 2990 1927 3047 Deum
1963 2986 2116 3059 quasi

518 3092 815 3157 hominem,
846 3101 940 3147 aut
962 3092 1115 3162 quasi
1145 3091 1376 3161 aliquam
1408 3088 1605 3144 molem
1630 3088 1889 3141 immensa
1924 3080 2117 3153 praedi-

518 3194 627 3239 tam
646 3192 934 3254 potestate,
970 3197 1109 3237 novo
1132 3182 1364 3253 quodam
1384 3190 1439 3235 et
1468 3176 1748 3249 repentino
1780 3176 1995 3246 placito,
2024 3189 2117 3229 ex-

2202 1957 2420 2006 naturas
2453 1992 2468 2017 ,
2522 1950 2657 2005 alius
2704 1965 2865 2005 unam
2914 1951 3196 2005 formatam
3243 1949 3599 2020 eamdemque
3649 1950 3798 2021 spiri-

2204 2042 2364 2096 talem
2393 2042 2518 2098 οωΙί
2547 2042 2791 2109 nomine,
2824 2043 2985 2098 aliam
3026 2041 3314 2098 informem
3358 2043 3663 2114 corporalis
3692 2060 3796 2099 ma-

2207 2136 2356 2190 teria:
2389 2144 2550 2191 terra:
2577 2138 2817 2191 nomine.
2860 2137 2960 2204 Qui
2988 2145 3166 2192 autem
3196 2137 3505 2208 intelligunt
3542 2138 3595 2191 in
3630 2138 3796 2193 omni-

2205 2229 2307 2285 bus
2333 2230 2457 2285 cmli
2484 2238 2539 2283 et
2569 2238 2730 2284 terrae
2756 2230 2931 2285 adhuc
2965 2227 3251 2285 informem
3281 2230 3566 2298 materiam,
3598 2232 3667 2286 de
3687 2246 3791 2301 qua

2207 2319 2547 2399 formaretur
2582 2323 2781 2378 ctelum
2828 2332 2884 2379 et
2930 2331 3095 2390 terra,
3124 2339 3225 2380 nec
3271 2324 3375 2396 ipsi
3412 2340 3509 2379 uno
3551 2325 3704 2379 modo
3734 2324 3791 2379 id

2209 2415 2537 2488 intelligunt,
2572 2417 2668 2472 sed
2700 2417 2837 2472 alius
2864 2417 3009 2473 unde
3048 2429 3514 2473 consummaretur
3551 2416 3801 2489 intelligi-

2211 2510 2336 2567 bilis
2361 2512 2743 2582 sensibilisque
2770 2522 3041 2581 creatura,
3072 2511 3243 2579 alius,
3278 2520 3486 2566 tantum
3518 2512 3656 2567 unde
3682 2526 3797 2567 sen-

2213 2605 2387 2661 sibilis
2431 2605 2602 2660 moles
2644 2607 2747 2660 ista
2803 2619 3064 2675 corporea
3112 2605 3236 2659 sinu
3284 2602 3482 2677 grandi
3532 2603 3795 2658 continens

2212 2699 2528 2768 perSpicuas
2561 2709 2942 2768 promptasque
2981 2707 3239 2752 naturas:
3268 2712 3369 2753 nec
3400 2697 3478 2752 illi
3503 2712 3615 2753 uno
3639 2696 3795 2761 modo,

2214 2791 2309 2860 qui
2345 2790 2456 2859 jam
2499 2790 2787 2860 dispositas
2830 2788 3172 2860 digestaSque
3202 2800 3484 2845 creaturas
3528 2792 3714 2844 caelum
3750 2797 3798 2843 et

2219 2893 2418 2938 terram
2443 2884 2623 2936 vocari
2658 2881 2761 2937 hoc
2784 2884 2901 2937 loco
2922 2883 3173 2949 credunt,
3199 2881 3294 2936 sed
3324 2882 3466 2936 alius
3495 2880 3799 2936 invisibilem

2217 2982 2387 3045 atque
2415 2972 2703 3039 visibilem,
2727 2972 2862 3028 alius
2891 2973 3062 3027 solam
3094 2972 3391 3039 visibilem,
3430 2971 3486 3026 in
3528 2988 3634 3042 qua
3669 2969 3800 3025 lumi-

2221 3084 2413 3126 n0sum
2433 3069 2628 3125 cmlum
2653 3066 2995 3137 suspicimus.
3019 3074 3075 3122 et
3091 3075 3287 3122 terram
3304 3065 3667 3136 caliginosam
3681 3078 3802 3135 qua-

2220 3178 2327 3234 que
2355 3163 2406 3216 in
2428 3163 2508 3217 eis
2525 3171 2670 3217 sunt.
2691 3162 2761 3216 At
2780 3158 2869 3216 ille
2891 3159 2982 3230 qui
3004 3173 3112 3214 non
3133 3158 3288 3213 aliter
3309 3160 3535 3229 accipit,
3564 3159 3619 3213 ln
3636 3154 3805 3228 princi-

521 3284 602 3333 tra
633 3251 864 3344 seipsam
899 3251 1305 3343 tanquamlocis
1333 3270 1654 3327 distantibus
1686 3266 1879 3322 fecisse
1918 3267 2113 3321 caalum
2147 3275 2195 3341 ς
2224 3256 2312 3328 pio
2343 3257 2487 3324 feeit.
2517 3270 2676 3326 quam
2726 3254 2772 3310 Si
2811 3253 3084 3310 ἀὶϐθτειηι·
3113 3256 3285 3323 primo
3314 3251 3485 3319 ἷεοίιι
3533 3268 3642 3308 ιιοη
3671 3253 3807 3305 baltei

522 3375 579 3423 et
605 3376 801 3421 terram
829 3383 843 3420 :
873 3365 978 3421 duo
1003 3378 1192 3436 magna
1213 3377 1442 3433 corpora
1465 3375 1624 3429 supra
1654 3373 1707 3415 et
1738 3358 1896 3425 infra,
1927 3357 2122 3429 quibus

523 3464 702 3516 omnia
748 3462 1157 3516 continerentur
1188 3477 1204 3526 ;
1234 3466 1288 3512 ct
1337 3472 1459 3512 cum
1506 3454 1751 3521 audiunt,
1783 3454 1927 3509 Dixit
1960 3454 2121 3523 Dens,

525 3552 645 3611 Fiat
673 3554 825 3622 illud,
859 3563 913 3609 et
942 3554 1139 3608 factum
1189 3562 1270 3606 est
1307 3549 1461 3613 illud,
1493 3546 1729 3618 cogitant
1759 3546 1922 3603 verba
1948 3555 2124 3615 empta

524 3658 579 3705 et
613 3648 781 3714 finita,
812 3646 1057 3701 sonantia
1082 3641 1410 3714 temporibus
1433 3656 1592 3712 atque
1620 3639 1973 3703 trauseuntia,
2008 3645 2126 3707 post

526 3753 759 3809 quorum
789 3730 1073 3791 transititm
1120 3737 1304 3790 Statim
1349 3736 1590 3791 existere
1631 3732 1771 3803 quod
1797 3732 2005 3801 jussum
2046 3737 2129 3786 est

531 3839 588 3885 ut
621 3830 897 3894 existeret,
929 3831 1050 3884 etsi
1077 3830 1205 3899 quid
1237 3832 1373 3886 forte
1400 3830 1542 3884 aliud
1576 3828 1679 3881 hoc
1698 3828 1855 3882 modo
1884 3841 1950 3880 ex
1975 3823 2128 3878 fanti-

533 3921 766 3979 liaritate
787 3920 964 3977 earnis
1007 3922 1313 3991 opinantur.
1344 3923 1400 3977 ln
1426 3924 1623 3994 quibus
1670 3919 1844 3976 adhuc
1892 3916 2128 3990 parvulis

532 4013 877 4082 animalibus,
928 4012 1054 4069 dum
1087 4014 1193 4068 isto
1243 4014 1547 4070 humillimo
1595 4029 1793 4084 genere
1844 4014 2127 4071 verborum

533 4113 784 4176 tanquam
810 4116 1056 4162 materno
1086 4106 1204 4161 sinu
1231 4120 1418 4161 eorum
1451 4114 1688 4174 gestator
1712 4105 2014 4171 infirmitas,
2042 4120 2130 4161 sa-

534 4200 762 4256 lubriter
802 4198 1099 4255 aedificatur
1132 4199 1265 4255 fides
1311 4212 1413 4269 qua
1440 4210 1646 4254 certum
1697 4199 1927 4254 habeant
1963 4206 2019 4255 et
2047 4209 2131 4255 te-

534 4302 699 4349 neant
724 4293 888 4346 Demu
916 4292 1108 4347 fecisse
1138 4307 1326 4348 omnes
1360 4304 1599 4359 naturas,
1630 4307 1764 4362 quas
1790 4307 1975 4347 corum
2003 4307 2132 4348 sen-

536 4397 630 4440 Sus
658 4383 888 4437 mirabili
919 4384 1177 4439 varietate
1207 4385 1596 4454 circumspicit.
1622 4386 1860 4452 Quorum
1907 4384 1953 4439 si
1980 4384 2132 4455 quis-

538 4478 706 4548 piam,
754 4476 907 4546 quasi
947 4476 1206 4531 vilitatem
1256 4475 1520 4530 dictorum
1570 4487 1933 4548 aspernatus,
1983 4489 2135 4533 extra

541 4568 854 4624 nulrito‘rius
885 4583 1050 4624 eunas
1097 4568 1326 4636 Superba
1378 4570 1744 4625 imbecillitate
1790 4585 1849 4625 se
1879 4571 2137 4626 extende-

541 4662 633 4728 rit,
668 4662 790 4716 ben!
824 4662 979 4717 cadet
1009 4661 1196 4727 miser,
1214 4672 1288 4727 et,
1312 4660 1535 4717 Domine
1566 4662 1730 4729 Deus,
1760 4664 2038 4731 miserere,
2072 4677 2137 4718 ne

547 4756 857 4827 implumcm
893 4756 1095 4826 pullum
1114 4756 1432 4813 conculcent
1465 4758 1554 4828 qui
1589 4767 1867 4813 transeunt
1898 4758 2058 4823 viam,
2087 4768 2143 4814 et

543 4856 698 4905 mitte
738 4848 986 4918 angelum
1015 4860 1162 4903 tuum
1208 4847 1294 4918 qui
1327 4864 1451 4904 eum
1500 4860 1725 4918 reponat
1756 4848 1808 4903 in
1850 4846 2051 4916 nidum,
2086 4858 2143 4904 ut

542 4945 689 5001 vivat
714 4944 892 4999 donec
919 4942 1086 4996 volet.
1116 4942 1217 4997 Alii
1250 4958 1380 4997 vero
1422 4943 1618 5012 quibus
1666 4943 1782 4997 haec
1822 4941 1985 4997 verba
2034 4957 2141 4996 non

541 5037 651 5109 jam
684 5040 864 5107 nidus,
911 5034 1003 5089 sed
1035 5048 1200 5102 opaca
1245 5030 1444 5089 fruteta
1481 5041 1636 5100 sunt,
1667 5033 1850 5089 vident
1879 5029 1932 5087 in
1957 5032 2035 5089 cis
2066 5032 2145 5086 la-

545 5139 719 5186 tentes
750 5127 975 5192 fructas,
1009 5122 1233 5179 volitant
1262 5123 1506 5179 laetantes
1530 5133 1585 5178 et
1612 5124 1858 5194 garriunt
1897 5135 2143 5179 scrutan-

546 5234 650 5291 tes,
675 5232 726 5280 et
748 5230 972 5290 carpunt
1001 5233 1096 5274 eos
1122 5235 1135 5271 :
1167 5217 1350 5271 vident
1376 5215 1545 5283 enim,
1571 5232 1690 5271 cum
1726 5218 1841 5272 hzec
1868 5217 2029 5273 verba
2060 5218 2141 5273 le-

546 5322 680 5383 gunt
708 5311 793 5367 vel
840 5312 1085 5374 audiunt,
1131 5317 1240 5374 tua,
1285 5306 1449 5375 Deus,
1482 5316 1682 5362 :eterna
1731 5317 1785 5362 et
1814 5308 1991 5364 stabili
2020 5324 2142 5379 per-

549 5406 829 5461 mansione
855 5414 1048 5459 cuncta
1083 5402 1353 5472 prmterita
1383 5408 1436 5454 et
1474 5397 1651 5454 futura
1684 5408 1924 5469 tempora
1975 5418 2134 5472 supe-

548 5498 678 5563 rari,
720 5511 819 5552 nec
848 5503 1030 5550 tamen
1060 5491 1350 5564 quidquam
1376 5506 1495 5547 esse
1539 5494 1851 5563 temporalis
1881 5506 2144 5551 creatura:

551 5590 693 5661 quod
720 5599 777 5645 tu
803 5604 908 5643 non
935 5588 1144 5656 feceris,
1172 5587 1324 5654 cujus
1351 5586 1593 5642 voluntas
1633 5589 1755 5658 quia
1802 5587 1854 5643 id
1887 5599 1972 5643 est
2000 5591 2144 5659 quod

556 5691 633 5746 tu,
677 5681 823 5738 nullo
878 5678 1037 5735 modo
1081 5688 1304 5746 mutata,
1333 5680 1417 5735 vel
1468 5695 1586 5750 quia
1617 5689 1774 5735 antea
1825 5696 1929 5735 non
1960 5682 2147 5739 fuisset

559 5782 739 5828 exorta
763 5774 1039 5828 voluntate
1076 5770 1249 5827 fecisti
1280 5771 1460 5826 omnia
1506 5788 1520 5826 :
1550 5787 1655 5826 non
1696 5772 1762 5826 de
1812 5781 1863 5827 te
1890 5774 2138 5829 similitu-

557 5865 735 5919 dinem
759 5875 901 5923 tuam
932 5865 1153 5918 formam
1186 5864 1450 5928 omnium,
1478 5864 1571 5919 sed
1596 5864 1662 5919 de
1684 5863 1853 5919 nihilo
1878 5865 2151 5922 dissimili-

558 5956 797 6015 tudinem
823 5960 1127 6024 inlormem,
1145 5972 1262 6028 qua
1285 5956 1606 6013 formaretur
1627 5973 1722 6029 per
1741 5957 2146 6035 similitudinem

1702 6105 1743 6112 ος.
1779 6098 1801 6107 -νλ
1837 6097 1855 6104 ⁴
1869 6101 1907 6117 Ir.

2224 3349 2497 3421 quomodo
2546 3346 2808 3402 veraciter
2836 3345 3101 3416 intelligat
3142 3344 3339 3401 caelum
3383 3354 3441 3401 et
3472 3344 3806 3409 terram,nisi

2227 3443 2509 3499 materiam
2536 3440 2657 3496 οσειί
2688 3450 2744 3497 et
2773 3449 2930 3496 terrae
2963 3440 3514 3512 intelligat,videlicet
3547 3444 3809 3503 univcrsx,

2226 3532 2283 3591 id
2301 3544 2383 3590 est
2397 3533 2751 3604 intelligibilis
2766 3533 3451 3604 corporalisquecreatura:
3473 3532 3546 3587 ξεί
3562 3532 3810 3601 enimjam

2226 3626 2514 3684 formatam
2531 3627 2661 3681 velit
2684 3626 3167 3691 uniVersam,recte
3188 3625 3255 3680 ab
3276 3640 3342 3680 eo
3365 3627 3534 3695 quaeri
3558 3626 3759 3695 poterit,
3774 3619 3817 3677 si

2212 3725 2337 3781 .hoc
2386 3724 2561 3795 primo
2594 3723 2717 3779 fecit
2744 3723 2906 3789 Deus,
2939 3721 3064 3794 quid
3087 3721 3278 3778 fecerit
3305 3722 3592 3792 deinceps!
3618 3731 3671 3776 et
3700 3728 3822 3790 post

2230 3819 2641 3876 universitatem
2666 3834 2769 3873 non
2789 3818 3049 3883 inveniet;
3072 3832 3136 3872 ac
3160 3832 3256 3888 per
3278 3818 3386 3873 hoc
3411 3816 3578 3871 audiet
3593 3815 3818 3883 invitus,

2230 3912 2502 3984 quomodo
2526 3911 2654 3966 illud
2679 3910 2852 3981 primo
2881 3911 2925 3964 si
2949 3919 3135 3981 postea
3166 3910 3336 3964 nihil?
3367 3912 3497 3965 Cum
3514 3922 3639 3963 vero
3666 3906 3823 3975 dicit,

2231 4005 2409 4077 primo
2459 4000 2767 4070 informem,
2806 4001 3003 4057 deinde
3034 4001 3341 4070 formatam,
3374 4018 3483 4057 non
3515 4008 3598 4056 est
3640 4010 3823 4056 absur-

2231 4097 2355 4165 dus,
2383 4101 2426 4152 si
2457 4095 2618 4151 modo
2647 4106 2731 4150 est
2767 4093 2992 4151 idoneus
3023 4094 3337 4150 discernere
3385 4094 3517 4164 quid
3564 4094 3821 4159 przoedat

2232 4190 2551 4255 aeternitate,
2566 4187 2691 4259 quid
2716 4196 2981 4258 tempore,
3001 4186 3129 4257 quid
3144 4188 3574 4256 electione,quid
3592 4186 3822 4258 origine:

2233 4284 2558 4346 micrnitatc,
2593 4279 2732 4334 sicut
2758 4278 2900 4335 Deus
2929 4280 3143 4345 omnia;
3175 4290 3444 4350 tempore,
3464 4278 3714 4334 sicutﬂos
3734 4277 3828 4331 fru-

2235 4388 2378 4434 ctum
2413 4377 2744 4445 ;electione,
2778 4376 2918 4431 sicut
2946 4376 3148 4433 fructus
3172 4378 3361 4431 florem
3385 4391 3401 4442 ;
3429 4376 3663 4447 origine,
3699 4376 3828 4430 sicut

2235 4486 2400 4528 sonus
2422 4483 2661 4527 cantum.
2690 4472 2745 4526 ln
2766 4472 2849 4525 bis
2862 4482 3113 4541 quatuor,
3133 4472 3364 4542 primum
3385 4482 3439 4526 et
3463 4471 3709 4525 ultimum
3721 4484 3830 4540 qua:

2237 4566 2679 4631 commemoravi,
2697 4565 3014 4620 difficillime
3032 4565 3430 4636 intelliguntur,
3450 4565 3563 4621 duo
3579 4566 3748 4620 media
3770 4563 3833 4617 fa-

2169 4682 2225 4745 D
2246 4661 2481 4726 cillime;
2513 4675 2743 4731 namque
2765 4674 2885 4715 rara
2910 4660 3043 4717 visio
3062 4669 3146 4715 est
3168 4672 3225 4717 et
3244 4663 3409 4716 nimis
3432 4660 3605 4715 ardua
3628 4659 3833 4728 conspi-

2247 4769 2407 4821 cere,
2435 4752 2693 4821 Domine,
2723 4753 3078 4808 aeternitatem
3112 4765 3278 4819 tuam,
3331 4750 3836 4807 incommutabilitcr

2248 4848 2527 4904 mutabilia
2548 4848 2859 4914 facientem,
2884 4862 2945 4903 ac
2965 4862 3059 4918 per
3086 4846 3186 4901 hoc
3210 4849 3469 4919 priorem.
3501 4847 3634 4915 Quis
3648 4845 3839 4901 deinde

2247 4941 2325 4996 sic
2346 4950 2559 4995 acutum
2588 4950 2775 4995 cernat
2798 4940 3001 5008 animo,
3023 4949 3077 4995 ut
3099 4941 3217 4996 sine
3236 4941 3421 4997 labore
3446 4956 3646 5011 magno
3667 4941 3841 5011 digno

2246 5047 2398 5087 scere
2428 5033 2602 5087 valeat
2627 5032 2896 5101 quomodo
2925 5032 3074 5102 prior
3125 5032 3196 5086 sit
3233 5046 3401 5087 sonus
3428 5048 3594 5104 quam
3622 5031 3845 5088 canum

2245 5120 2371 5177 ldeo
2388 5122 2477 5192 qui
2507 5119 2677 5195 [quia]
2705 5132 2894 5176 cantus
2912 5134 2996 5176 est
3016 5121 3280 5178 formatus
3302 5138 3470 5180 sonus
3489 5165 3505 5189 ,
3526 5135 3583 5180 et
3606 5139 3734 5179 esse
3759 5126 3850 5176 ut.-

2250 5228 2351 5284 que
2373 5212 2571 5283 aliquid
2596 5229 2699 5267 non
2726 5213 3008 5269 formatum
3033 5223 3232 5283 potest,
3258 5214 3479 5270 formari
3502 5226 3687 5271 autem
3711 5214 3855 5285 quod

2250 5320 2356 5360 non
2388 5315 2471 5362 est
2519 5322 2623 5360 non
2654 5317 2859 5376 potest;
2890 5305 2967 5362 sic
2988 5315 3069 5362 est
3099 5311 3247 5377 prior
3303 5308 3559 5364 materies
3606 5324 3779 5380 quam
3810 5307 3859 5361 id

2251 5398 2394 5469 quod
2423 5413 2489 5454 ex
2530 5414 2593 5454 ea
2624 5399 2700 5453 ﬁt.
2738 5400 2851 5454 Non
2882 5398 3003 5453 ideo
3047 5398 3194 5466 prior
3221 5399 3344 5470 quia
3372 5402 3486 5470 ipsa
3510 5401 3702 5465 efficit,
3736 5412 3863 5453 cum

2251 5492 2429 5561 potius
2448 5494 2559 5559 flat,
2589 5508 2689 5549 nec
2714 5495 2863 5564 prior
2891 5494 3176 5550 intervallo
3199 5495 3480 5567 temporis,
3506 5508 3685 5564 neque
3708 5496 3863 5548 enim

2256 5587 2436 5657 priore
2464 5597 2706 5658 tempore
2730 5603 2894 5643 sonos
2922 5589 3133 5644 edimus
3158 5589 3418 5645 informes
3440 5589 3558 5644 sine
3586 5599 3790 5648 cantu.
3816 5599 3873 5643 et

2256 5695 2350 5734 eos
2385 5681 2678 5749 posteriore
2703 5690 2940 5751 tempore
2969 5683 3021 5737 in
3054 5681 3283 5737 formam
3304 5682 3503 5737 cantici
3535 5696 3877 5750 coapzamus

2257 5782 2349 5825 aut
2366 5773 2635 5845 fingimus,
2655 5776 2791 5829 sicut
2808 5777 2947 5845 ligna
2964 5776 3157 5844 quibus
3172 5789 3320 5843 arca,
3338 5777 3420 5829 vel
3438 5784 3733 5845 argentum
3762 5790 3883 5843 quo

2257 5869 2531 5923 vasculum
2566 5870 2892 5937 fabricatur;
2928 5871 3064 5926 tales
3092 5870 3292 5940 quippe
3335 5870 3577 5924 materiae
3608 5880 3883 5939 tempore

2258 5962 2419 6019 etiam
2448 5962 2761 6037 praecedunt
2782 5961 2986 6020 formas
3030 5977 3211 6020 rerum
3242 5977 3362 6033 qua:
3387 5961 3529 6019 fiunt
3552 5976 3624 6019 ex
3650 5963 3772 6020 eis.
3809 5966 3889 6020 At
