3968 6390
497 298 601 356 615

1569 286 1635 344 Ι).
1666 284 1988 346 EUGYPPII
2024 283 2319 345 ABBATIS
2352 282 2679 344 AFRICANI

3685 278 3787 351 cis

495 427 657 478 terra,
690 407 883 481 inquit,
914 414 1031 464 erat
1052 402 1334 462 invisibilis
1362 411 1418 458 et
1438 402 1813 473 incomposita,
1847 414 1899 459 et
1931 412 2083 460 tene-
2109 408 2165 466 Α
2188 403 2367 459 Verbo
2394 413 2496 471 est,
2532 404 2584 458 in
2614 417 2721 473 quo
2748 415 2855 457 non
2886 406 2970 457 est
2994 398 3210 472 quando
3233 406 3289 457 ct
3311 399 3624 473 aliquando,
3642 416 3785 473 quo-

494 510 606 563 brae
634 514 787 561 erant
812 518 975 575 super
996 504 1270 574 abyssum,
1312 497 1507 567 quibus
1538 497 1721 553 verbis
1750 498 1967 554 videtur
1996 499 2083 553 in—

491 598 823 657 formiutem
884 596 1189 668 signiﬁcare
1251 591 1566 648 substantiae
1616 584 1953 662 corporalis,
2014 609 2083 649 an

489 700 772 769 utriusque
811 694 1113 752 informitas
1152 690 1239 746 his
1266 689 1426 746 etiam
1474 690 1863 758 posterioribus
1905 689 2084 745 verbis

490 789 856 863 signiﬁcatur?
885 785 1192 857 Corporalis
1214 784 1451 855 quidem,
1480 798 1547 840 eo
1575 783 1719 854 quod
1749 784 1951 839 dictum
1978 792 2081 850 est,

488 885 658 939 Terra
689 891 865 937 autem
894 889 1011 937 erat
1040 878 1328 935 invisibilis
1357 886 1412 933 et
1441 877 1821 945 incomposita;
1866 877 2083 947 spirita-

488 975 558 1031 lis
584 984 762 1029 autem
785 989 851 1028 eo
877 971 1022 1043 quod
1052 971 1260 1029 dictum
1288 978 1394 1037 est,
1428 968 1689 1024 Tenebrae
1735 978 1891 1024 erant
1919 983 2084 1039 super

487 1068 767 1141 abyssum,
785 1078 845 1123 ut
868 1066 1129 1122 translato
1153 1065 1318 1121 verbo
1343 1065 1685 1120 tenebrosam
1715 1063 1967 1135 abyssum
1995 1063 2081 1118 in-

486 1161 813 1231 telligamus,
839 1170 1086 1215 naturam
1116 1160 1243 1215 vita:
1265 1158 1574 1223 informem,
1603 1158 1707 1212 nisi
1736 1165 2083 1213 convertatur

487 1250 557 1307 ad
578 1250 890 1307 Creatorem
921 1253 1009 1321 qui
1039 1249 1379 1306 solummodo
1408 1249 1643 1305 formare
1688 1257 1863 1318 potest
1892 1258 1950 1304 ut
1974 1264 2082 1304 non

483 1345 556 1400 sit
584 1345 843 1417 abyssus,
878 1352 932 1399 et
957 1343 1264 1399 illuminare
1306 1352 1364 1397 ut
1404 1358 1510 1397 non
1553 1342 1623 1397 sit
1662 1343 1971 1398 tenebrosa.
2014 1342 2085 1399 Et

484 1436 759 1506 quomodo
785 1435 988 1490 dictum
1009 1444 1113 1502 est,
1144 1434 1409 1489 Tenebrae
1430 1442 1586 1489 erant
1611 1447 1773 1503 super
1796 1434 2083 1505 abyssum?

483 1532 568 1584 An
596 1528 719 1599 quia
750 1544 856 1584 non
871 1527 1249 1597 eratlux,quae
1273 1526 1319 1582 si
1349 1536 1515 1593 esset,
1544 1526 1726 1596 utique
1749 1534 2080 1595 superesset,

483 1631 540 1678 et
592 1633 843 1691 tanquam
886 1619 1391 1689 superfunderetur,
1422 1618 1567 1688 quod
1590 1625 1719 1672 tunc
1754 1616 1813 1670 lit
1844 1618 1896 1671 in
1926 1631 2080 1673 crea-

484 1721 601 1770 tura
635 1713 861 1783 spiritali
883 1728 1006 1768 cum
1032 1712 1366 1767 convertitur
1409 1710 1477 1765 ad
1523 1709 1966 1767 incommutabile
1995 1719 2080 1763 at-

2187 501 2334 555 niam
2366 508 2537 554 totum
2584 498 2714 553 illud
2760 497 2981 553 verbum
3013 506 3275 567 aeternum
3304 506 3416 562 est;
3461 507 3516 553 et
3543 497 3684 567 quid
3712 507 3786 556 est

2188 590 2279 645 lux
2308 591 2421 660 ipsa
2448 605 2570 660 qua:
2598 589 2739 645 facta
2766 598 2873 656 est,
2905 558 3359 671 utrum<spiritale
3381 590 3529 661 quid,
3564 606 3636 647 an
3666 606 3783 649 cor-

2186 684 2407 754 porale?
2428 686 2473 739 si
2504 682 2939 788 enim>spiritale,
2958 684 3261 755 potestipsa
3282 698 3405 739 esse
3430 687 3606 758 prima
3634 702 3782 744 crea-

2188 782 2328 845 tura,
2354 776 2464 846 jam
2488 775 2590 833 hoc
2611 775 2754 831 dicto
2769 776 3028 845 perfecta,
3048 792 3166 848 quae
3192 779 3362 846 primo
3380 780 3578 835 caelum
3600 782 3783 852 appel-

2184 867 2291 922 lata
2322 877 2426 937 est,
2450 883 2572 924 cum
2601 869 2804 924 dictum
2826 879 2928 928 est.
2954 870 3012 924 ln
3038 871 3304 940 principio
3334 870 3463 927 fecit
3500 872 3646 929 Deus
3679 889 3780 931 cm-

2184 960 2296 1016 ium
2327 971 2381 1018 et
2411 971 2607 1018 terram
2633 981 2645 1016 :
2681 963 2903 1033 utquod
2925 963 3063 1018 dixit
3093 964 3256 1031 Deus,
3288 964 3408 1021 Fiat
3428 967 3541 1034 lux,
3568 978 3623 1023 et
3647 970 3779 1025 facta

2184 1062 2267 1107 est
2298 1054 2409 1121 lux,
2444 1070 2561 1111 eam
2585 1066 2932 1112 revocantem
2958 1056 3025 1111 ad
3054 1071 3115 1112 se
3136 1056 3447 1113 Creatorem
3474 1058 3780 1131 [revocante

2185 1144 2476 1220 Creatore]
2507 1150 2789 1205 conversio
2833 1151 2948 1220 ejus
2988 1151 3127 1206 facta
3158 1162 3319 1223 atque
3357 1152 3673 1210 illuminata
3706 1157 3773 1211 in-

2184 1237 2477 1310 telligatur.
2515 1242 2580 1297 Et
2634 1257 2731 1297 cur
2760 1242 2832 1297 ita
2872 1243 3073 1299 dictum
3101 1254 3186 1299 est
3214 1262 3229 1299 :
3274 1245 3333 1299 lu
3361 1245 3639 1318 principio
3671 1246 3779 1307 fecit

2184 1329 2329 1386 Deus
2352 1333 2548 1389 coelum
2577 1343 2630 1389 et
2656 1342 2877 1401 terram,
2908 1346 2963 1392 et
2992 1351 3100 1392 non
3129 1337 3333 1394 dictum
3360 1348 3472 1405 est,
3500 1340 3557 1395 in
3594 1342 3780 1410 princi-

2184 1423 2275 1491 pio
2304 1424 2438 1479 dixit
2473 1426 2637 1492 Deus,
2670 1427 2790 1483 Fiat
2832 1428 3031 1485 caelum
3060 1438 3115 1484 et
3166 1440 3329 1487 terra.
3363 1432 3433 1486 Et
3477 1431 3623 1489 facta
3670 1443 3778 1494 sunt

2184 1520 2381 1573 omium
2411 1528 2467 1574 et
2514 1529 2679 1587 terra,
2712 1523 2852 1578 sicut
2880 1522 2948 1578 de
2988 1524 3105 1579 luce
3147 1535 3418 1592 narratur,
3447 1526 3592 1583 dixit
3626 1528 3774 1597 Deus,

2184 1608 2305 1664 Fiat
2338 1610 2447 1677 lux,
2478 1620 2528 1666 et
2561 1611 2699 1668 facta
2724 1623 2809 1669 est
2852 1615 2979 1669 lux?
3005 1615 3193 1671 Utrum
3225 1618 3374 1687 prius
3401 1620 3777 1679 universallter

2186 1702 2405 1757 nomine
2446 1704 2568 1759 coeli
2617 1715 2671 1759 et
2718 1714 2875 1761 terrae
2945 1708 3517 1777 comprehendendum
3567 1719 3691 1767 erat
3733 1722 3776 1770 et

484 1795 589 1877 que
619 1806 956 1876 incorporale
987 1806 1193 1868 lumen,
1219 1803 1362 1874 quod
1389 1813 1471 1859 est
1512 1802 1690 1857 Deus?
1721 1803 1790 1857 Et
1814 1801 2084 1874 quomodo
2114 1813 2162 1872 Β
2188 1795 2677 1851 commendandum
2703 1797 2845 1867 quod
2877 1797 3005 1854 fecit
3032 1799 3193 1867 Deus,
3223 1812 3277 1856 et
3305 1801 3504 1858 deinde
3532 1818 3629 1872 per
3668 1820 3778 1874 par.

482 1900 624 1956 dixit
652 1900 813 1966 Deus,
841 1899 965 1955 Fiat
990 1899 1116 1954 lux?
1148 1907 1327 1953 utrum
1350 1897 1739 1968 temporaliter,
1765 1912 1832 1951 an
1854 1897 1905 1951 in
1924 1895 2083 1952 Verbi

482 1997 816 2053 aeternitate?
862 2005 917 2052 et
954 1995 1001 2050 si
1041 1993 1447 2064 temporaliter,
1492 1993 1681 2062 utique
1730 1989 2080 2045 mutabiliter.

482 2088 764 2155 Quomodo
788 2103 916 2159 ergo
943 2087 1113 2157 possit
1142 2086 1369 2155 intelligi
1408 2085 1512 2140 hoc
1554 2084 1738 2139 dicere
1774 2084 1942 2139 Deum
1975 2082 2082 2137 nisi

482 2196 583 2253 per
612 2180 939 2236 creaturam?
969 2179 1087 2247 ipse
1115 2179 1316 2249 quippe
1344 2184 1429 2232 est
1458 2175 1937 2243 incommutabilis;
1962 2184 2015 2230 et
2039 2173 2083 2229 si

482 2286 580 2342 per
598 2278 899 2326 creaturam
929 2269 1064 2324 dixit
1092 2269 1256 2336 Deus,
1288 2268 1408 2322 Fiat
1431 2267 1542 2334 lux,
1565 2267 1835 2337 quomodo
1855 2274 1936 2321 est
1958 2280 2084 2335 ergo

482 2362 655 2431 prima
684 2371 929 2417 creatura
963 2360 1090 2415 lux?
1120 2361 1165 2414 si
1202 2367 1316 2414 erat
1354 2358 1466 2428 jam
1516 2366 1765 2413 creatura
1796 2371 1893 2426 per
1923 2370 2084 2425 quam

481 2453 627 2509 Deus
648 2452 874 2519 diceret,
899 2451 1019 2505 Fiat
1040 2451 1151 2519 lux,
1178 2465 1245 2505 an
1268 2465 1375 2505 non
1401 2457 1483 2505 est
1504 2448 1596 2503 lux
1620 2449 1787 2519 piima
1809 2446 2087 2503 creatura?

483 2544 605 2616 quia
631 2543 746 2615 jam
775 2544 979 2599 dictum
1012 2550 1128 2598 erat
1161 2561 1173 2595 :
1226 2542 1281 2597 In
1316 2541 1581 2611 principio
1623 2542 1749 2597 fecit
1792 2541 1932 2596 Deus
1971 2554 2083 2593 coe-

481 2633 592 2692 lum
622 2645 677 2692 et
709 2643 931 2700 terram,
961 2643 1016 2690 et
1063 2641 1274 2704 poterat
1323 2648 1417 2703 per
1445 2633 1723 2688 ccelestem
1777 2642 2085 2689 creaturam

485 2742 601 2783 vox
632 2729 751 2784 licri
782 2728 1150 2799 temporaliter
1170 2737 1331 2798 atque
1360 2727 1710 2795 mutabiliter,
1742 2741 1844 2796 qua
1876 2724 2088 2779 dicere-

485 2828 597 2887 tur,
634 2819 754 2875 Fiat
786 2822 905 2887 lux;
936 2820 1079 2891 quod
1110 2822 1156 2875 si
1181 2822 1252 2875 ita
1276 2828 1382 2887 est,
1404 2819 1702 2888 corporalis
1728 2819 1818 2872 lux
1844 2815 1981 2872 facta
2007 2823 2091 2872 est

481 2913 588 2971 ista
612 2929 770 2985 quam
794 2916 1072 2985 corporeis
1095 2916 1266 2971 oculis
1290 2916 1584 2981 cernimus,
1614 2915 1831 2969 dicente
1856 2912 1967 2967 Deo
1993 2926 2090 2982 per

481 3015 786 3062 creaturam
833 3008 1131 3077 spiritalem
1162 3021 1322 3078 quam
1371 3009 1513 3063 Deus
1550 3008 1663 3077 jam
1696 3006 1930 3071 fecerat,
1963 3020 2086 3059 cum

482 3098 539 3155 in
569 3099 833 3171 principio
854 3098 981 3155 fecit
1011 3099 1154 3155 Deus
1182 3100 1376 3155 coelum
1431 3110 1486 3155 et
1531 3108 1766 3165 terram,
1820 3097 1940 3153 Fiat
1970 3098 2085 3164 lux,

2191 1896 2272 1941 tes
2303 1888 2705 1956 exsequendum
2740 1892 3009 1959 quomodo
3041 1892 3170 1947 fecit
3198 1908 3320 1948 cum
3346 1910 3442 1963 per
3469 1896 3682 1967 singula
3710 1897 3777 1951 di-

2189 1977 2350 2041 citur,
2381 1977 2515 2032 dixit
2544 1978 2706 2047 Deus,
2730 1980 2781 2034 id
2812 1992 2915 2048 est,
2947 1984 3070 2052 quia
3100 1998 3196 2051 per
3221 1986 3446 2040 verbum
3478 1987 3775 2044 suumfecit

2187 2069 2446 2140 quidquid
2472 2070 2618 2127 fecit.
2651 2075 2733 2139 An
2760 2089 2881 2128 cum
2906 2075 3136 2140 primum
3162 2077 3322 2132 liebat
3346 2078 3640 2136 informitas
3670 2098 3775 2136 nia-

2189 2165 2360 2229 teriae,
2393 2165 2507 2220 sive
2528 2165 2801 2234 spiritalis,
2833 2168 2946 2220 sive
2975 2168 3297 2237 corporalis,
3333 2186 3436 2225 non
3458 2183 3566 2227 erat
3586 2173 3771 2229 dicen-

2193 2256 2343 2329 dum,
2367 2259 2501 2313 dixit
2522 2260 2682 2327 Deus,
2708 2259 2986 2329 Fiat?quia
3010 2261 3238 2318 formam
3266 2264 3421 2319 Verbi
3444 2281 3645 2336 semper
3665 2268 3769 2320 P.1-

2173 2350 2257 2404 ‘tri
2287 2351 2631 2417 cohaerentis,
2659 2368 2765 2423 quo
2798 2355 3124 2422 sempiterne
3145 2355 3275 2411 dicit
3305 2358 3435 2413 Deus
3457 2358 3648 2424 omnia,
3667 2376 3769 2413 ue-

2188 2455 2294 2511 que
2316 2457 2449 2497 sono
2482 2443 2651 2511 vocis,
2685 2460 2860 2513 neque
2889 2448 3218 2517 cogitatione
3260 2458 3499 2521 tempora
3524 2468 3770 2513 sonorum

2189 2533 2492 2591 volventem
2546 2536 2838 2608 [volvente]
2872 2579 2885 2603 ,
2917 2539 3012 2593 sed
3057 2548 3328 2595 coaeterna
3369 2543 3469 2597 sibi
3522 2544 3637 2598 lure
3667 2560 3692 2597 a
3718 2560 3768 2598 se

2189 2626 2386 2697 genitae
2411 2629 2690 2699 sapientiae
2713 2673 2729 2699 ,
2764 2647 2869 2686 non
2915 2634 3157 2689 imitatur
3204 2635 3541 2705 imperfectio
3568 2639 3767 2712 [imper-

2192 2720 2376 2794 fecto],
2402 2737 2524 2777 cum
2554 2723 2832 2779 dissimilis
2863 2726 2931 2782 ab
2956 2741 3022 2782 eo
3047 2729 3189 2798 quod
3220 2744 3432 2787 summe
3457 2748 3521 2787 ac
3551 2735 3767 2803 primitus

2191 2824 2296 2878 est,
2326 2815 2654 2872 informitate
2675 2818 2904 2888 quadam
2936 2820 3108 2875 tendit
3146 2821 3214 2877 ad
3258 2822 3510 2891 nihilum,
3547 2827 3636 2880 sed
3662 2838 3766 2880 tunc

2190 2906 2430 2985 imitatur
2459 2908 2606 2963 verbi
2640 2910 2888 2977 formam,
2918 2927 3134 2983 semper
3165 2925 3326 2986 atque
3371 2919 3766 2975 incommutabi-

2191 2999 2317 3056 liter
2341 3000 2487 3056 Patri
2517 3001 2912 3072 cohaerentem,
2940 3022 3062 3062 cum
3108 3017 3163 3061 et
3190 3009 3303 3078 ipsa
3336 3026 3436 3079 pro
3462 3015 3548 3067 sui
3590 3012 3767 3082 generis

2192 3096 2564 3163 conversione,
2587 3099 2655 3153 ad
2686 3098 2737 3153 id
2762 3099 2904 3168 quod
2928 3116 3053 3155 vere
3078 3116 3141 3156 ac
3163 3116 3377 3172 semper
3401 3114 3510 3171 est,
3548 3107 3600 3159 id
3625 3106 3767 3160 estad

483 3204 553 3246 eo
580 3192 738 3247 modo
767 3207 874 3263 quo
899 3207 991 3261 per
1018 3194 1142 3247 talis
1171 3201 1435 3249 creaturae
1480 3194 1795 3249 interiorem
1823 3202 1878 3249 et
1903 3193 2089 3248 occul-
2114 3191 2160 3253 C
2192 3198 2493 3244 creatorem
2526 3205 2639 3245 suae
2674 3192 2993 3248 substantiae
3037 3194 3263 3250 formam
3287 3198 3456 3267 capit,
3503 3207 3561 3253 et
3590 3200 3642 3254 [it
3665 3214 3767 3269 per-

483 3287 600 3335 tum
630 3292 834 3338 motum
867 3281 1125 3337 divinitus
1154 3284 1260 3337 dici
1291 3284 1483 3352 potuit,
1514 3283 1629 3337 Fiat
1662 3284 1773 3338 lux.
1806 3287 1889 3340 An
1918 3286 2083 3341 etiam

484 3373 838 3443 corporaliter
869 3374 1050 3430 sonuit
1087 3389 1193 3429 vox
1241 3374 1469 3429 dicentis
1498 3375 1617 3443 Dei,
1650 3375 1770 3430 Fiat
1795 3376 1916 3442 lux,
1947 3379 2087 3434 sicut

484 3467 838 3537 corporaliter
884 3469 1069 3524 sonuit
1102 3483 1210 3524 vox
1248 3469 1478 3524 dicentis
1502 3505 1506 3509 -
1530 3470 1621 3523 Dei
1653 3511 1668 3535 ,
1711 3470 1790 3525 Tu
1818 3486 1877 3526 es
1918 3472 2089 3527 Filius

483 3560 901 3626 meus’dilectus,
921 3569 975 3616 et
996 3561 1099 3616 hoc
1119 3574 1213 3630 per
1236 3568 1542 3615 creaturam
1565 3563 1906 3630 corporalem
1925 3578 2084 3633 quam

486 3652 692 3709 fecerat
721 3653 861 3708 Deus
888 3697 903 3721 ,
936 3669 1059 3709 cum
1090 3654 1146 3707 in
1172 3654 1438 3723 principio
1470 3653 1596 3709 fecit
1639 3653 1782 3709 Deus
1808 3655 2006 3710 coelum
2035 3664 2090 3710 et

486 3752 721 3810 terram,
754 3754 1042 3813 antequam
1089 3746 1246 3801 fieret
1284 3747 1405 3811 lux,
1455 3762 1575 3814 quae
1624 3747 1678 3800 in
1723 3747 1822 3801 hac
1863 3757 2090 3803 sonante

486 3850 622 3893 voce
648 3838 787 3891 facta
820 3846 934 3902 est;
967 3839 1093 3893 etsi
1127 3839 1199 3891 ita
1246 3846 1361 3905 est,
1395 3852 1502 3908 qua
1551 3839 1729 3908 lingua
1776 3842 1956 3895 sonuit
1987 3856 2090 3898 vox

488 3929 594 3986 ista
634 3930 847 3985 dicente
878 3930 1011 3996 Deo,
1046 3929 1165 3985 Fiat
1192 3930 1318 3985 lux?
1364 3931 1484 4001 quia
1535 3931 1774 3987 nondum
1823 3932 1935 4005 24
1974 3941 2094 3989 erat

486 4025 789 4096 linguarum
818 4024 1133 4089 diversitas,
1158 4038 1276 4095 qua:
1304 4032 1492 4093 postea
1521 4024 1664 4079 facta
1692 4035 1787 4092 est
1836 4027 1889 4080 in
1920 4026 2092 4082 aedili-

486 4119 704 4173 catione
739 4117 902 4173 turris
944 4124 1065 4187 post
1110 4115 1398 4171 diluvium.
1443 4114 1704 4183 Quaenam
1751 4117 1933 4188 lingua
1972 4127 2093 4174 erat

485 4224 591 4265 uua
620 4218 677 4267 et
700 4211 817 4265 sola
842 4226 946 4281 qua
980 4211 1120 4266 Deus
1147 4210 1357 4266 locutus
1378 4218 1482 4280 est,
1505 4209 1950 4282 Fiatlux,etquis
1972 4224 2091 4270 erat

485 4317 647 4371 quem
668 4303 953 4370 oportebat
983 4302 1168 4357 audire
1191 4312 1351 4373 atque
1381 4302 1681 4373 intelligere
1707 4303 1773 4358 ad
1791 4320 1952 4374 quem
1986 4321 2090 4361 vox

487 4393 797 4463 hujusmodi
828 4386 1196 4463 proferretur?
1225 4396 1306 4447 An
1340 4395 1456 4449 haec
1485 4395 1720 4450 absurda
1748 4398 2089 4468 carnalisque

487 4486 741 4557 cogitatio
771 4494 859 4540 est
885 4493 1047 4554 atque
1073 4486 1347 4555 suspicio?
1376 4486 1515 4555 Quid
1543 4502 1672 4558 ergo
1699 4488 1975 4546 dicemus?
2007 4494 2087 4546 An

2193 3278 2333 3336 fecta
2364 3292 2612 3336 creatura
2640 3300 2651 3334 :
2685 3292 2743 3337 ut
2771 3286 2824 3337 in
2854 3300 2921 3339 eo
2946 3286 3088 3355 quod
3120 3288 3401 3358 Scriptura
3436 3303 3636 3357 narrat,
3656 3291 3772 3345 dixit

2193 3372 2357 3440 Deus,
2382 3373 2516 3440 Fiat,
2548 3375 2915 3443 intelligamus
2946 3378 3039 3433 Dei
3071 3379 3272 3434 dictum
3306 3382 3693 3454 incorporeum,
3721 3384 3768 3436 in

2192 3472 2385 3519 natura
2409 3464 2573 3522 Verbi
2614 3468 2731 3537 ejus
2760 3471 3015 3524 coaeterni
3050 3475 3360 3528 revocantis
3404 3476 3474 3530 ad
3506 3491 3569 3532 se
3595 3479 3770 3543 imper-

2192 3559 2479 3616 fectionem
2511 3572 2796 3629 creaturae,
2829 3573 2887 3620 ut
2914 3581 3021 3621 non
3053 3565 3121 3621 sit
3149 3567 3398 3624 informis
3418 3615 3433 3640 ,
3469 3572 3565 3626 sed
3598 3571 3775 3627 forme-

2195 3659 2283 3707 tur
2331 3653 2626 3708 secundum
2655 3655 2863 3725 singula
2895 3671 3013 3726 qua:
3042 3672 3136 3726 per
3157 3642 3405 3713 ordinem
3438 3660 3775 3731 exsequitur?

2195 3742 2252 3798 in
2298 3760 2400 3814 qua
2452 3747 2805 3802 conversione
2851 3756 2907 3803 et
2952 3748 3308 3821 formatione,
3343 3766 3443 3822 qua
3468 3750 3775 3823 Ποίημα)

2194 3849 2293 3890 suo
2310 3836 2472 3891 modo
2498 3836 2734 3893 imitatur
2759 3838 2923 3894 Deum
2950 3839 3205 3908 Verbum,
3242 3842 3348 3898 hoc
3368 3853 3442 3898 est
3464 3841 3552 3895 Dei
3578 3840 3771 3896 Filium

2195 3942 2412 4000 semper
2442 3928 2585 3986 Patri
2615 3933 3001 4001 cohaerentem,
3033 3935 3188 4004 plena
3214 3934 3560 3991 similitudine
3598 3945 3649 3990 et
3688 3949 3780 3990 es-

2195 4025 2370 4078 sentia
2400 4027 2533 4094 pari,
2575 4042 2678 4097 qua
2704 4026 2819 4096 ipse
2839 4038 2892 4084 et
2916 4028 3075 4084 Pater
3102 4046 3267 4085 unum
3296 4041 3445 4099 sunt,
3472 4046 3576 4086 non
3605 4044 3778 4086 autem

2194 4114 2438 4171 imitatur
2480 4118 2618 4173 lianc
2665 4120 2813 4175 verbi
2845 4120 3095 4188 formam,
3126 4122 3173 4177 si
3215 4138 3407 4178 aversa
3457 4139 3486 4178 a
3536 4124 3783 4180 Creatore

2194 4206 2444 4264 informis
2502 4220 2556 4264 et
2584 4213 2895 4281 imperfecta
2952 4225 3277 4270 remaneat:
3329 4228 3617 4286 propterea
3665 4216 3781 4271 Filii

2195 4304 2640 4358 commemoratio
2670 4320 2776 4358 non
2808 4304 2883 4359 ita
2916 4305 2974 4360 fit
3014 4308 3138 4376 quia
3164 4306 3427 4378 Verbum,
3455 4311 3553 4364 sed
3587 4319 3780 4363 tantum

2194 4394 2320 4462 quia
2351 4394 2672 4464 principium
2700 4404 2819 4461 est,
2847 4410 2970 4451 cum
3001 4397 3202 4453 dicitur
3233 4416 3248 4454 :
3278 4399 3338 4454 ln
3381 4402 3651 4472 principio
3672 4401 3787 4456 (erit

2197 4490 2339 4543 Deus
2379 4490 2573 4545 coelum
2623 4500 2679 4546 et
2725 4500 2951 4558 terram;
2980 4494 3260 4548 exordium
3308 4496 3513 4566 quippe
3534 4509 3784 4552 creatura

487 4576 546 4635 id
575 4578 716 4648 quod
749 4577 1065 4647 intelligitur
1094 4577 1148 4633 in
1192 4591 1327 4634 sono
1368 4578 1516 4634 vocis
1543 4595 1667 4635 cum
1714 4579 1938 4637 dicitur.
1968 4581 2090 4638 Fiat
2116 4585 2171 4646 D
2196 4581 2502 4636 insinuatur
2546 4581 2722 4638 adhuc
2761 4583 2815 4637 in
2866 4582 3196 4640 iuformitate
3221 4585 3674 4656 imperfectiouis.
3710 4587 3787 4643 Fit

488 4669 616 4736 lux,
648 4686 755 4726 non
786 4680 964 4728 autem
1024 4671 1141 4742 ipse
1190 4687 1485 4743 corporeus
1535 4689 1740 4741 sonus,
1795 4678 1898 4732 hoc
1951 4676 2091 4734 bene

490 4764 754 4833 accipitur
778 4778 899 4819 esse
927 4779 1030 4819 vox
1060 4764 1187 4820 Dei‘l
1216 4776 1269 4821 et
1292 4774 1470 4821 utrum
1500 4767 1601 4821 hoc
1634 4767 1810 4837 ipsum
1841 4768 1909 4822 ad
1937 4778 2092 4824 natu-

488 4871 607 4913 ram
648 4857 913 4927 pertineat
947 4856 1110 4913 Verbi
1145 4858 1261 4929 ejus
1290 4859 1358 4914 de
1404 4875 1510 4929 quo
1539 4860 1762 4928 dicitur,
1805 4860 1863 4914 In
1889 4861 2090 4930 princi-

488 4949 582 5021 pio
610 4958 729 5005 erat
770 4948 1037 5018 Verbum,
1079 4957 1135 5006 et
1179 4949 1411 5006 Verbum
1459 4962 1577 5007 erat
1616 4953 1757 5023 apud
1805 4953 2005 5021 Deum,
2039 4962 2094 5009 et

488 5044 633 5100 Deus
662 5052 781 5101 erat
809 5042 1070 5100 Verbum?
1096 5041 1231 5098 Cum
1258 5045 1400 5100 enim
1429 5043 1496 5100 de
1523 5044 1618 5098 illo
1641 5045 1868 5100 dicitur:
1899 5046 2091 5100 Omnia

485 5151 587 5208 per
628 5137 805 5207 ipsum
856 5138 991 5193 facta
1036 5147 1189 5205 sunt,
1241 5139 1372 5193 satis
1417 5139 1721 5195 ostenditur
1767 5149 1821 5195 et
1872 5140 1966 5195 lux
1995 5155 2093 5210 per

489 5232 665 5299 ipsum
691 5230 827 5288 facta
854 5272 869 5299 ,
886 5246 1007 5288 cum
1028 5231 1164 5287 dixit
1184 5231 1350 5302 Deus,
1368 5232 1485 5288 Fiat
1510 5233 1621 5288 lux.
1648 5235 1801 5301 Quod
1826 5235 1870 5290 si
1892 5235 1963 5289 ita
1985 5245 2089 5302 est,

488 5334 750 5379 aeternum
776 5335 857 5380 est
882 5324 1025 5394 quod
1054 5324 1129 5379 ait
1156 5324 1330 5391 Deus,
1364 5324 1484 5380 Fiat
1512 5325 1635 5392 lux,
1680 5327 1806 5396 quia
1848 5326 2087 5383 Verbum

489 5417 607 5485 Dei,
641 5419 784 5474 Deus
807 5419 948 5488 apud
981 5419 1170 5486 Deum,
1203 5418 1371 5474 Filius
1398 5420 1609 5486 unicus,
1642 5420 1755 5476 Deo
1803 5421 1946 5478 Patri
1998 5439 2091 5480 co-

489 5518 724 5567 aeternus
745 5521 846 5575 est,
870 5513 1122 5581 quamvis
1144 5512 1256 5568 Deo
1282 5512 1397 5567 haec
1420 5511 1567 5585 [hoc]
1600 5512 1655 5567 in
1682 5523 1885 5570 aeterno
1908 5514 2087 5574 Verbo

444 5596 449 5649 ἶ
490 5602 702 5659 dicente
723 5614 966 5659 creatura
981 5607 1294 5675 temporalis
1321 5604 1465 5660 facta
1483 5605 1585 5671 sit;
1601 5620 1724 5661 cum
1747 5608 1890 5663 enim
1920 5612 2086 5666 verba

491 5695 603 5752 sint
651 5698 939 5769 temporis,
988 5715 1109 5755 cum
1140 5699 1368 5756 dicimus
1418 5700 1633 5770 quando
1662 5710 1718 5755 et
1746 5701 2035 5771 aliquando
2067 5748 2084 5774 ,

493 5796 753 5843 aeternum
779 5800 956 5847 tamen
979 5804 1059 5848 est
1084 5792 1183 5867 [in]
1211 5794 1386 5851 Verbo
1414 5794 1507 5849 Dei
1551 5795 1763 5863 quando
1822 5796 1937 5853 fieri
1988 5801 2088 5853 ali-

495 5878 625 5950 quid
647 5879 861 5954 debeat,
893 5894 949 5941 et
977 5894 1103 5941 tunc
1131 5888 1188 5941 lit
1213 5888 1426 5958 quando
1479 5888 1592 5944 tieri
1628 5889 1878 5974 debuisse
1918 5893 1971 5947 in
2000 5893 2089 5975 illo
2116 5961 2123 5970 ι
2146 5972 2170 5981 ν

2198 4684 2377 4730 autem
2411 4675 2533 4730 Filii
2562 4680 3027 4745 commemoratio,
3056 4681 3201 4750 quod
3225 4682 3386 4736 etiam
3425 4682 3661 4739 Verbum
3694 4694 3787 4746 est,

2199 4787 2266 4828 eo
2294 4772 2439 4843 quod
2460 4773 2722 4843 scriptum
2744 4786 2857 4840 est,
2892 4775 3035 4830 Dixit
3065 4776 3449 4843 Deus,Fiat,ut
3468 4793 3569 4848 per
3590 4778 3645 4833 id
3659 4776 3791 4850 quod

2200 4866 2518 4939 principium
2534 4879 2617 4924 est
2640 4869 2875 4925 insinuet
2905 4868 3185 4925 exordium
3218 4880 3485 4928 creaturae
3506 4874 3795 4929 existentis

2200 4958 2270 5014 ab
2292 4959 2385 5014 illo
2407 4959 2585 5016 adhuc
2606 4960 2962 5031 imperfectae;
2979 4977 3074 5032 per
3104 4962 3158 5017 id
3179 4973 3358 5020 autem
3381 4966 3529 5035 quod
3562 4965 3794 5023 Verbum

2200 5060 2304 5118 est,
2320 5051 2554 5108 insinuet
2579 5051 2963 5124 perfectionem
2986 5064 3250 5111 creatura:
3290 5066 3568 5114 revocata
3587 5060 3658 5114 ad
3682 5074 3801 5114 eum

2200 5153 2262 5201 ut
2293 5146 2619 5203 furmaretur
2640 5148 2953 5203 iuhaerendo
2978 5150 3240 5218 Creatori,
3266 5159 3322 5207 et
3353 5167 3450 5221 pro
3481 5169 3587 5209 suo
3602 5168 3805 5225 genere

2200 5239 2459 5295 imitando
2493 5241 2720 5296 formam
2752 5243 3101 5311 sempiternae
3146 5254 3307 5314 atque
3336 5245 3809 5302 incommutabili-

2198 5344 2282 5391 ter
2304 5334 2655 5391 inhaerentem
2688 5334 2856 5401 Pdtri,
2889 5351 2918 5387 a
2949 5349 3053 5405 quo
3092 5343 3233 5391 statu
3283 5334 3503 5407 [statim
3532 5335 3551 5407 J
3594 5337 3708 5393 hoc
3734 5344 3812 5393 est

2198 5430 2341 5500 quod
2369 5429 2482 5487 ille.
2511 5431 2626 5485 Non
2656 5429 2801 5484 enim
2831 5427 2991 5484 habet
3017 5427 3304 5485 informem
3350 5430 3512 5485 vitam
3567 5430 3813 5485 Verbum

2197 5521 2388 5588 Filius,
2418 5522 2503 5578 cui
2535 5536 2641 5576 non
2670 5521 2842 5576 solum
2886 5520 2990 5575 hoc
3033 5528 3118 5575 est
3145 5535 3269 5577 esse
3293 5521 3438 5591 quod
3466 5523 3689 5589 vivere,
3719 5524 3817 5576 sed

2194 5614 2358 5669 etiam
2417 5616 2517 5669 hoc
2563 5623 2649 5669 est
2690 5615 2870 5669 vivere
2914 5613 3060 5682 quod
3105 5613 3385 5683 sapienter
3430 5629 3493 5669 ac
3536 5613 3713 5670 beate
3742 5616 3823 5668 vi-

2194 5720 2345 5763 vere.
2375 5706 2629 5762 Creatura
2661 5720 2793 5761 vero
2812 5745 2828 5771 ,
2873 5719 3181 5775 quanquam
3212 5704 3472 5773 spiritalis
3501 5713 3560 5759 et
3590 5706 3829 5763 intelle-

2196 5801 2406 5865 ctualis,
2439 5802 2521 5857 vel
2546 5798 2842 5864 rationalis,
2879 5812 2999 5868 quae
3054 5798 3263 5853 videtur
3310 5812 3434 5853 esse
3492 5798 3572 5853 illi
3630 5799 3834 5856 Verbo

2195 5894 2663 5967 propropinquior,
2689 5902 2867 5962 potest
2885 5891 3086 5951 habere
3105 5889 3392 5969 informem
3427 5891 3596 5949 vitam
3644 5910 3666 5950 :
3696 5894 3837 5969 quia
