3968 6390
177 356 280 416 617

1359 360 1795 424 THESAURUS.
1830 366 1987 426 CAP.
2028 368 2269 429 XXVIII.

3346 385 3457 445 618

170 490 274 533 non
302 472 443 529 sicut
463 472 563 528 hoc
576 481 661 530 est
678 473 726 529 ei
750 487 871 531 esse
896 474 1039 547 quod
1056 474 1260 543 vivere,
1284 479 1353 534 ita
1380 478 1523 552 [nec]
1554 482 1653 535 hoc
1678 482 1757 536 vi-
1784 485 1837 546 Α
1861 481 1928 537 Ει
1947 486 2166 553 spiritus
2190 487 2282 543 Dei
2309 486 2747 557 superferebatur
2773 506 2937 564 super
2961 498 3195 566 aquam?
3220 500 3303 555 An
3327 502 3457 574 quia

169 583 296 623 vere
322 567 463 637 quod
488 567 760 636 sapienter
785 582 847 624 ac
870 568 1025 625 beate
1056 569 1255 626 vivere.
1288 572 1528 629 Adversa
1558 572 1748 645 [Aver-

167 658 246 731 sa]
274 661 415 718 enim
438 677 467 715 a
493 662 753 733 sapientia
784 662 1228 732 incommutabili,
1260 668 1419 721 stulte
1442 682 1507 721 ac
1554 668 1749 723 misere

166 756 312 822 vivit,
354 771 471 825 qua:
501 754 803 809 informitas
832 758 950 825 ejus
978 766 1080 811 est.
1116 756 1402 812 Formatur
1418 766 1596 814 autem
1619 774 1750 814 con-

165 860 317 899 versa
370 846 435 901 ad
485 846 917 902 incommutabile
960 848 1135 904 lumen
1185 850 1461 919 sapientia:
1518 852 1748 910 Verbum

163 936 290 1001 Dei;
332 952 359 989 a
388 952 494 1007 quo
523 938 664 993 enim
693 940 898 994 exstitit
929 938 1154 1013 [existit]
1186 950 1243 996 ut
1272 942 1344 996 sit
1383 950 1650 1012 utcunque
1687 958 1750 999 ac

160 1026 321 1093 vivat,
350 1028 417 1082 ad
448 1028 595 1083 illum
616 1029 943 1085 convertitur
973 1040 1029 1085 ut
1050 1033 1322 1101 sapienter
1361 1046 1424 1089 ac
1454 1037 1614 1089 beate
1671 1035 1751 1090 vi-

158 1126 265 1172 vat.
300 1117 622 1187 Principium
678 1121 873 1191 quippe
921 1130 1181 1179 creaturae
1232 1125 1613 1182 intellectualis
1661 1135 1747 1182 est

157 1219 358 1264 aeterna
388 1211 679 1281 Sapientia,
713 1214 854 1283 quod
890 1214 1206 1284 principium
1239 1232 1462 1275 manens
1492 1219 1546 1273 in
1574 1232 1633 1275 se
1663 1218 1749 1274 in-

154 1304 764 1362 commutabiliternullo
787 1307 946 1363 modo
962 1318 1200 1365 cessaret
1222 1308 1521 1383 [cessabit],
1543 1311 1749 1368 occulta

153 1396 507 1465 inspiratione
536 1398 850 1468 vocationis,
883 1400 1031 1470 loqui
1064 1402 1111 1456 ei
1147 1403 1439 1474 creaturaaf,
1482 1404 1566 1458 cui
1598 1403 1749 1473 prin-

151 1487 349 1558 cipium
383 1498 467 1545 est
497 1501 553 1545 ut
580 1501 922 1548 convertatur
969 1494 1035 1547 ad
1076 1494 1126 1549 id
1173 1510 1239 1551 ex
1288 1512 1395 1565 quo
1428 1507 1552 1565 est,
1606 1497 1749 1568 quod

154 1582 315 1637 aliter
340 1582 566 1639 formata
596 1599 658 1638 ac
706 1585 943 1655 perfecta
985 1601 1107 1642 esse
1134 1603 1241 1642 non
1282 1590 1474 1657 possit.
1516 1588 1752 1659 Ideoque

149 1672 508 1745 interrogatus
538 1675 839 1750 [Dominus]
874 1678 993 1748 quis
1021 1689 1198 1748 esset,
1236 1680 1556 1750 respondit:
1590 1682 1748 1737 Prin-

148 1765 384 1834 cipium,
417 1768 508 1837 qui
532 1770 727 1837 loquor
758 1771 931 1825 vobis.
963 1772 1116 1837 Quod
1160 1782 1338 1828 autem
1372 1773 1539 1829 Filius
1570 1774 1747 1844 loqui-

1855 574 2153 650 [quoniam]
2178 595 2380 650 egenus
2406 590 2567 653 atque
2601 584 2817 656 indigus
2854 586 3165 664 [indigens]
3197 607 3355 650 amor
3381 597 3458 651 ita

1850 664 2055 734 diligit,
2087 675 2147 721 ut
2174 670 2338 725 rebus
2380 687 2512 741 quas
2556 674 2727 743 diligit
2768 677 3115 750 subjiciatur,
3159 691 3455 754 propterea

1851 770 1973 811 cum
2004 770 2336 817 memoratur
2363 765 2584 835 spiritus
2612 765 2739 835 Dei,
2772 769 2826 823 in
2856 786 2963 841 quo
2987 784 3170 830 sancta
3204 778 3321 847 ejus
3356 778 3451 835 be-

1852 852 2157 907 nevolentia
2192 854 2514 928 dilectioque
2543 859 2891 931 intelligitur,
2942 867 3237 935 superferri
3271 869 3452 927 dictus

1852 960 1953 1011 εει,
1983 962 2052 1003 ne
2078 948 2322 1005 facienda
2350 966 2513 1021 opera
2542 967 2638 1010 sua
2670 970 2765 1025 per
2792 956 3103 1029 indigentiae
3131 961 3238 1033 25
3268 977 3456 1019 neces-

1850 1040 2064 1097 sitatem
2104 1042 2302 1109 potius,
2332 1059 2494 1115 quam
2527 1061 2624 1117 per
2656 1049 3042 1109 abundantiam
3072 1055 3455 1114 beneficentia

1854 1130 1999 1186 Deus
2023 1146 2207 1189 amare
2237 1139 2551 1199 putaretur?
2580 1139 2747 1212 Cujus
2776 1144 2855 1199 rei
2889 1161 3101 1203 memor
3132 1148 3451 1219 Apostolus,

1852 1223 2097 1281 dicturus
2123 1226 2192 1283 de
2212 1228 2500 1297 cbaritate,
2526 1237 3020 1303 supereminentem
3051 1242 3193 1297 viam
3224 1244 3453 1301 demon-

1852 1326 2146 1375 straturum
2178 1336 2238 1376 se
2262 1322 2355 1388 ait,
2384 1331 2439 1379 et
2462 1324 2517 1380 in
2542 1325 2651 1381 alio
2674 1327 2792 1383 loco
2816 1336 3334 1403 supereminentem,
3367 1342 3450 1395 in-

1852 1415 1993 1485 quit.
2022 1416 2267 1472 scientia:
2292 1419 2613 1476 charitatem
2638 1421 2861 1480 Christi.
2888 1427 3020 1484 Cum
3043 1447 3173 1503 ergo
3190 1435 3268 1489 sic
3291 1450 3453 1506 opor-

1855 1513 1994 1561 teret
2022 1507 2280 1563 insinuari
2324 1511 2571 1580 spiritum
2612 1514 2708 1571 Dei
2740 1526 2799 1571 ut
2828 1522 3124 1590 superferri
3154 1525 3447 1598 diceretur,

1855 1602 2190 1657 commodius
2222 1603 2418 1661 factum
2460 1616 2542 1663 est
2582 1617 2642 1663 ut
2670 1610 2819 1679 prius
2849 1613 3211 1675 lnsinuaretur
3253 1622 3453 1691 aliquid

1854 1691 2184 1761 inchoatum,
2217 1696 2303 1751 cui
2331 1700 2627 1768 superferri
2659 1702 2961 1773 diceretur;
2993 1724 3101 1765 non
3131 1713 3276 1769 enim
3308 1715 3449 1784 loco,

1854 1786 1949 1841 sed
1968 1789 2147 1844 omnia
2166 1802 2456 1860 superante
2473 1809 2536 1849 ac
2553 1798 2902 1865 praecellente
2924 1806 3182 1872 potentia.
3204 1807 3278 1862 Ita
3290 1812 3455 1870 etiam

146 1865 251 1921 tur,
285 1857 440 1912 Pater
466 1861 703 1929 loquitur
728 1879 741 1915 :
765 1862 887 1931 quia
908 1861 1066 1918 Patre
1094 1864 1351 1935 loquente
1386 1866 1586 1921 dicitur
1611 1867 1744 1923 Ver-
1776 1877 1824 1937 B
1853 1878 2013 1934 rebus
2064 1895 2127 1936 ex
2179 1857 2271 1937 illa
2312 1857 2657 1945 inchoatione
2699 1857 2955 1960 perfectis
2984 1905 3147 1966 atque
3190 1900 3452 1972 formatis,

146 1948 267 1972 LM,
309 1950 444 1972 ,Μλ
806 1963 975 1972 μμ,
1119 1970 1152 1972 η
1221 1958 1255 1972 Α.
1478 1957 1511 1972 ..
1634 1959 1686 1972 ν

143 1948 270 2003 bum
304 1950 445 2019 quod
478 1951 644 2007 Filius
670 1962 754 2008 est
779 1963 984 2009 aeterno
1011 1970 1183 2022 more,
1213 1958 1258 2010 si
1280 1972 1430 2014 more
1459 1957 1744 2015 dicend’tlm

144 2049 228 2096 est
280 2040 535 2112 loquente
576 2044 687 2100 Deo
734 2045 967 2102 Verbum
1010 2059 1361 2105 coarternum.
1416 2050 1559 2108 inest
1598 2055 1742 2109 enim

143 2129 253 2189 Deo
280 2133 581 2204 benignitas
609 2153 843 2205 summa,
863 2148 917 2194 et
940 2150 1147 2206 sancta,
1170 2151 1225 2197 et
1243 2142 1412 2212 justa,
1443 2154 1498 2199 et
1525 2145 1742 2215 quidem

138 2237 252 2279 non
288 2240 351 2279 ex
386 2227 696 2298 indigentia,
731 2232 827 2287 sed
859 2246 926 2287 ex
955 2233 1311 2290 beneficentia
1342 2237 1567 2294 veniens
1595 2253 1748 2294 amor

135 2318 192 2372 in
255 2335 422 2390 opera
476 2336 595 2378 sua.
667 2324 955 2395 Propterea
1017 2333 1325 2399 priusquam
1389 2332 1743 2398 scriberetur,

132 2410 278 2465 dixit
301 2412 443 2467 Deus
470 2456 484 2479 ,
514 2414 635 2469 Fiat
662 2415 783 2485 lux,
817 2420 1091 2487 praecessit
1123 2420 1401 2490 Scriptura
1428 2422 1647 2492 dicens,
1681 2423 1749 2479 Et

130 2502 365 2571 spiritus
392 2500 489 2556 Dei
515 2506 955 2574 superferebatur
986 2509 1301 2580 [ferebatur]
1331 2526 1493 2581 super
1524 2528 1739 2584 aquam.

130 2591 284 2659 Quia
306 2593 429 2649 sive
456 2609 608 2665 aqua:
636 2600 857 2655 homine
900 2602 1173 2671 appellare
1209 2604 1381 2659 voluit
1421 2614 1587 2661 totam
1624 2622 1745 2663 cor-

127 2684 382 2752 poralem
405 2688 708 2755 materiam,
739 2699 797 2745 ut
826 2705 892 2747 eo
914 2694 1075 2749 modo
1102 2694 1402 2752 insinuaret
1427 2698 1574 2754 unde
1604 2699 1741 2755 facta

126 2784 189 2830 et
220 2776 447 2833 formata
475 2780 583 2835 sint
606 2784 791 2838 omnia
821 2800 941 2855 quae
970 2786 1024 2841 in
1052 2788 1166 2843 suis
1205 2791 1495 2860 generibus
1518 2794 1630 2861 jam
1661 2792 1742 2852 di.

127 2882 403 2940 gnoscere
435 2886 744 2943 possumus,
778 2878 1059 2948 appellans
1109 2884 1338 2951 aquam,
1369 2884 1496 2953 quia
1521 2898 1589 2939 ex
1636 2886 1741 2941 hu-

126 2960 283 3015 mida
314 2970 505 3020 natura
528 2964 772 3022 videmus
800 2969 984 3024 omnia
1012 2970 1066 3025 in
1102 2980 1239 3027 terra
1273 2988 1369 3042 per
1412 2976 1622 3044 species
1650 2992 1743 3032 va-

125 3056 246 3111 rias
270 3058 489 3115 formari
515 3071 675 3132 atque
695 3078 1085 3135 concrescere;
1113 3068 1229 3125 sive
1249 3071 1549 3140 spiritalem
1579 3074 1740 3129 vitam

123 3152 425 3222 quamdam
452 3163 577 3211 ante
593 3157 819 3213 formam
838 3162 1210 3219 conversionis
1232 3164 1384 3234 quasi
1404 3165 1737 3224 fluitantem:

122 3243 577 3314 superferebatur
606 3252 789 3320 utique
828 3253 1051 3323 spiritus
1082 3256 1205 3324 Dei,
1255 3259 1380 3329 quia

119 3337 349 3394 scilicet
376 3340 529 3396 bonae
571 3344 831 3402 voluntati
873 3348 1142 3405 Creatoris
1172 3352 1431 3424 quidquid
1467 3356 1594 3410 illud
1624 3368 1743 3413 erat

119 3432 279 3500 quod
315 3432 649 3490 formandum
700 3438 1196 3511 perficientlumque
1244 3445 1637 3516 inchoaverat,
1686 3459 1742 3505 ut

116 3517 348 3575 dicente
370 3521 479 3577 Deo
501 3523 553 3578 in
570 3523 748 3581 Verbo
769 3542 883 3593 suo,
912 3528 1035 3584 Fiat
1066 3532 1184 3597 lux,
1204 3534 1257 3588 in
1281 3535 1419 3589 bona
1442 3538 1739 3607 voluntate,

115 3610 234 3666 hoc
269 3623 353 3667 est
382 3614 435 3668 in
462 3616 804 3687 beneplacito
852 3621 970 3692 ejus
1001 3638 1098 3692 pro
1135 3626 1295 3681 modo
1323 3627 1626 3703 [modulo]
1659 3634 1741 3688 sui

113 3705 350 3776 generis
382 3717 624 3765 maneret
648 3712 790 3780 quod
820 3711 1019 3769 factum
1051 3724 1155 3783 est,
1184 3726 1237 3773 et
1262 3719 1384 3775 ideo
1415 3720 1618 3778 dictum
1654 3732 1738 3779 est

110 3797 277 3865 quod
319 3799 582 3867 placuerit
612 3803 744 3871 Deo,
778 3804 1053 3877 Scriptura
1087 3811 1301 3870 dicente
1334 3833 1345 3868 :
1380 3815 1445 3871 Et
1485 3816 1623 3873 facta
1654 3830 1739 3876 eet

107 3886 248 3943 lux.
281 3889 345 3945 Et
371 3892 502 3946 vidit
534 3894 671 3950 Deus
696 3898 868 3953 lucem
898 3903 1022 3971 quia
1047 3904 1186 3959 bona
1216 3916 1301 3961 est
1335 3926 1346 3960 :
1381 3918 1439 3963 ut
1478 3912 1737 3981 quemad-

110 3979 363 4034 modum
397 3983 447 4035 in
473 3983 589 4051 ipso
613 3989 836 4044 exordio
857 3991 1121 4050 inchoatae
1150 4007 1431 4067 creatum,
1464 3979 1585 4072 quae
1611 4006 1733 4061 εωιὶ

92 4082 163 4128 et
193 4081 370 4126 terrae
396 4075 631 4143 nomine,
652 4090 871 4149 propter
892 4083 947 4137 id
972 4087 1114 4154 quod
1144 4088 1211 4143 de
1233 4091 1321 4145 illa
1348 4094 1731 4160 perficiendum

92 4169 266 4229 erat,
310 4177 729 4223 commemorata
767 4181 871 4237 est,
906 4173 1142 4233 Trinitas
1170 4179 1476 4239 insinuatur
1516 4186 1735 4244 Creato-

90 4253 182 4309 ris
215 4269 233 4317 ;
274 4268 401 4309 nam
431 4257 643 4315 dicente
671 4260 949 4333 Scriptura
978 4309 993 4333 ,
1027 4268 1082 4324 In
1134 4272 1399 4345 principio
1431 4278 1559 4336 fecit
1590 4282 1733 4339 Deus

96 4348 329 4403 caelum
359 4356 413 4401 et
440 4360 658 4415 terram,
686 4356 1034 4423 intelligimus
1065 4363 1276 4422 Patrem
1302 4369 1354 4423 in
1384 4372 1480 4427 Dei
1513 4378 1734 4433 nomine

95 4450 156 4498 et
192 4440 402 4496 Filium
435 4440 485 4495 in
518 4444 763 4515 principii
809 4450 1056 4517 nomine,
1099 4456 1189 4524 qui
1238 4471 1341 4512 non
1393 4460 1592 4533 Patris,
1636 4469 1731 4523 sed

99 4548 211 4602 per
272 4533 512 4602 seipsum
563 4546 759 4592 creatae
813 4542 1060 4610 primitus
1086 4562 1146 4603 ac
1178 4549 1520 4619 potissimum
1571 4561 1732 4630 spiri-

98 4627 203 4682 tali
238 4636 535 4694 creaturae,
567 4637 620 4686 et
658 4645 1055 4705 consequenter
1084 4642 1247 4697 etiam
1283 4646 1548 4706 universae
1575 4627 1728 4709 crea-

97 4726 278 4783 turne,
318 4718 635 4789 principium
667 4734 787 4792 est;
816 4726 1027 4786 dicente
1068 4742 1252 4791 autem
1283 4736 1561 4811 Scriptura
1599 4786 1615 4813 ,
1658 4747 1727 4802 Et

93 4812 348 4883 spiritus
390 4812 481 4869 Dei
542 4819 980 4887 superferebatur
1016 4842 1179 4898 super
1221 4847 1444 4905 aquam,
1488 4842 1725 4911 comple-

93 4914 214 4961 tam
251 4911 831 4968 commemorationem
864 4914 1139 4977 Trinitatis
1166 4930 1544 4999 agnoscimus;
1578 4935 1646 4989 ita
1670 4945 1724 4992 et

91 4998 153 5054 in
178 5000 559 5056 conversione
586 5010 745 5074 atque
770 5007 1103 5076 perfectione
1123 5027 1405 5089 creaturae,
1440 5033 1497 5078 ut
1515 5028 1720 5096 species

92 5106 298 5147 rerum
320 5090 653 5162 digerantur,
673 5098 860 5155 eadem
884 5101 1120 5161 Trinitas
1139 5108 1458 5181 insinuatur,
1482 5090 1718 5177 Verbum

87 5183 196 5241 Dei
231 5184 496 5253 scilicet,
528 5197 584 5243 et
610 5188 773 5248 Verbi
802 5206 1113 5267 generator,
1154 5217 1276 5259 eum
1313 5206 1539 5277 dicitur,
1574 5212 1719 5271 Dixit

86 5270 285 5341 Deus,
326 5284 383 5329 et
413 5287 597 5333 sancta
627 5280 868 5350 bonitas,
912 5287 966 5342 in
989 5304 1095 5360 qua
1124 5292 1235 5351 Deo
1258 5297 1433 5366 placet
1460 5270 1715 5374 quidquid

85 5368 137 5422 ei
170 5383 284 5438 pro
319 5384 435 5465 sua?
466 5382 669 5430 naturae
695 5380 913 5438 modulo
942 5388 1238 5454 perfectum
1267 5368 1618 5465 plaeet,—cum-
1637 5401 1717 5457 di-

84 5458 240 5513 citur
276 5476 288 5510 :
332 5454 477 5513 Vidit
505 5462 647 5519 Deus
689 5470 810 5535 quia
841 5473 1039 5532 bonum
1076 5492 1180 5537 est.
1219 5454 1324 5539 Sed
1348 5454 1711 5550 cur'comme-

86 5556 318 5604 morata
367 5551 515 5617 prius
567 5556 811 5622 quamvis
860 5563 1171 5633 imperfecta
1228 5586 1473 5635 creatura
1522 5596 1704 5652 p05tea

84 5652 577 5699 eonimemoratur
606 5648 826 5717 spiritus
860 5652 991 5723 Dei,
1036 5662 1180 5727 prius
1208 5664 1420 5724 dicente
1460 5648 1706 5744 scriptu-

84 5744 152 5791 ra
189 5752 205 5789 :
243 5734 427 5790 Terra
450 5747 627 5794 autem
666 5751 785 5797 erat
826 5746 1103 5808 invisibilis
1141 5765 1197 5811 et
1233 5734 1614 5834 incomposita,
1652 5782 1706 5827 et

82 5826 354 5884 tenebrat:
379 5837 537 5883 erant
556 5844 718 5905 super
748 5836 1031 5910 abyssum,
1064 5860 1128 5900 ac
1165 5846 1363 5909 deinde
1393 5826 1656 5917 iitferente

238 5995 253 6003 -
319 5942 601 6007 Ρηιιοι..
630 5949 824 6015 LXII.

1854 1974 1989 2029 vidit
2014 1976 2153 2032 Deus
2177 1979 2302 2049 quia
2334 1980 2534 2039 bonum
2558 1993 2661 2051 est,
2687 1986 2889 2055 placuit
2921 1990 3064 2045 enim
3092 1994 3234 2062 quod
3260 1995 3456 2057 factum

1857 2067 2015 2122 estin
2046 2083 2109 2123 ea
2138 2068 2473 2141 benignitate
2490 2089 2593 2144 qua
2614 2075 2811 2145 placuit
2837 2087 2898 2133 ut
2922 2079 3098 2137 fleret.
3124 2083 3241 2141 Duo
3260 2086 3456 2158 quippe

1852 2168 1981 2214 sunt
2014 2170 2238 2232 propter
2262 2178 2382 2234 quae
2413 2176 2559 2222 amat
2587 2169 2731 2225 Deus
2759 2183 3062 2229 creaturam
3086 2190 3264 2245 suam,
3298 2188 3356 2233 ut
3385 2181 3456 2237 sit

1850 2260 1908 2304 et
1943 2260 1999 2306 ut
2023 2266 2258 2310 maneat.
2292 2256 2362 2312 Ut
2404 2268 2549 2315 esset
2579 2276 2709 2331 ergo
2742 2263 2885 2333 quod
2929 2277 3193 2337 maneret,
3237 2271 3456 2340 spiritus

1852 2342 1949 2398 Dei
1976 2346 2419 2413 superferebatur
2444 2364 2607 2420 super
2634 2369 2858 2424 aquam;
2894 2367 2949 2413 ut
2974 2369 3154 2415 autem
3185 2374 3451 2431 maneret,

1852 2433 1987 2489 vidit
2042 2435 2189 2492 Deus
2215 2439 2340 2508 quia
2368 2440 2566 2497 bonum
2594 2452 2706 2511 est;
2739 2455 2793 2501 et
2822 2448 2969 2517 quod
3000 2450 3067 2506 de
3096 2451 3215 2508 luce
3245 2454 3455 2511 dictum

1854 2524 1959 2581 hoc
1988 2526 2056 2581 de
2083 2530 2357 2587 omnibus.
2391 2532 2609 2591 Manent
2637 2538 2785 2593 enim
2827 2542 3071 2609 quaedam
3103 2560 3455 2619 supergressa

1848 2626 1950 2681 est,
1976 2631 2192 2674 omnem
2218 2625 2573 2691 temporalem
2596 2627 3012 2701 volubilitatem,
3044 2636 3097 2689 in
3123 2638 3454 2707 amplissima

1848 2713 2138 2769 sanctitate
2166 2714 2267 2769 sub
2295 2715 2407 2772 Deo
2434 2736 2449 2783 ;
2484 2721 2731 2791 quaedam
2748 2739 2880 2780 vero
2898 2728 3192 2785 secundum
3219 2732 3304 2788 sui
3319 2739 3452 2790 tem-

1849 2804 1998 2872 poris
2028 2806 2268 2874 modum,
2320 2809 2448 2866 dum
2478 2828 2575 2883 per
2598 2814 2991 2877 discessionem
3015 2826 3452 2886 successionem-

1847 2906 1953 2962 que
1978 2909 2157 2952 rerum
2186 2900 2506 2960 saeculorum
2536 2906 2877 2975 pulchritudo
2908 2916 3234 2973 contexitur.

2395 3015 2625 3076 CAPUT
2675 3021 2911 3083 XXVIII.

1846 3121 2039 3217 Capua
2061 3142 2145 3217 ε’ρε
2168 3130 2260 3217 qui
2282 3129 2459 3217 dicunt
2472 3148 2493 3217 ς
2522 3132 2781 3217 unquid
2802 3138 2873 3192 ibi
2892 3140 2993 3217 fuit
3016 3141 3226 3217 Moyses
3245 3152 3448 3217 quando

1919 3196 2203 3281 ίεεὶερεαέ
2227 3202 2412 3281 είέίὲληι
2438 3212 2485 3257 ⁸⁸
2516 3196 2723 3274 (σταίη,
2755 3218 2812 3263 ut
2840 3196 3447 3281 credatur?

1424 3260 1737 3332 subiacebat
1768 3269 1815 3333 α
1917 3260 1979 3321 de
1999 3266 2219 3353 Civ'yue
2250 3270 2364 3327 Dei.

1921 3382 2225 3442 Visibilium
2249 3393 2490 3445 omnium
2516 3395 2786 3452 maximus
2811 3400 3044 3459 mundus
3073 3413 3178 3474 est,
3203 3407 3446 3467 invisibi-

1847 3474 1975 3531 liutn
2007 3480 2249 3535 omnium
2281 3485 2548 3539 maximus
2578 3486 2722 3543 Deus
2749 3501 2829 3547 est
2866 3510 2878 3545 :
2916 3496 3013 3550 sed
3042 3501 3301 3557 mundutn
3325 3520 3445 3561 esse

1846 3574 2230 3643 conspicimus,
2257 3577 2425 3633 Deum
2457 3596 2578 3638 esse
2601 3585 2895 3644 credimus.
2922 3591 3073 3659 Quod
3104 3605 3281 3652 autem
3306 3600 3445 3659 Deus

1845 3662 2033 3721 fecerit
2079 3669 2373 3737 mundum,
2424 3673 2559 3728 nulli
2613 3676 2776 3733 tutius
2821 3683 3093 3741 credimus
3133 3705 3293 3759 quam
3341 3694 3445 3765 ipsi

1843 3755 1976 3813 Deo.
2010 3759 2109 3816 Ubi
2132 3777 2255 3819 eum
2287 3766 2634 3826 audivimus?
2664 3788 2925 3846 nusquam
2957 3755 3171 3839 interim
3202 3802 3302 3845 nos
3330 3755 3445 3848 nie-

1841 3851 1948 3909 lius
1991 3872 2154 3927 quam
2205 3860 2259 3916 in
2303 3861 2597 3934 Scripturis
2645 3874 2867 3941 sanctis,
2894 3878 2985 3934 ubi
3014 3880 3147 3937 dixit
3177 3889 3441 3957 propheta

1841 3944 1958 4014 ejus
1985 3964 1997 3998 :
2031 3948 2088 4003 ln
2120 3950 2385 4021 principio
2414 3955 2541 4013 fecit
2564 3958 2707 4017 Deus
2729 3965 2928 4022 caelum
2960 3982 3010 4024 et
3038 3944 3255 4031 terrain.
3283 3944 3439 4037 'Nuu-

1840 4037 2095 4105 quidnam
2144 4043 2215 4096 ibi
2275 4043 2373 4098 fuit
2427 4047 2529 4103 iste
2580 4053 2841 4123 propheta
2873 4061 3092 4127 quando
3138 4062 3265 4119 fecit
3297 4069 3438 4125 Deus

1839 4128 2037 4183 etelum
2084 4138 2140 4186 et
2190 4137 2428 4189 terram?
2470 4138 2621 4205 Non,
2657 4144 2753 4198 sed
2785 4145 2857 4200 ibi
2890 4148 2989 4203 fuit
3018 4154 3280 4221 sapientia
3304 4159 3434 4227 Dei,

1838 4233 1937 4288 per
1987 4235 2145 4290 quam
2200 4223 2342 4278 facta
2391 4237 2518 4282 sunt
2556 4233 2759 4301 omnia,
2807 4252 2926 4307 qua:
2958 4240 3011 4295 in
3036 4244 3242 4299 animas
3273 4223 3432 4309 etiam

1837 4320 2055 4366 sanctas
2074 4327 2134 4368 se
2167 4316 2446 4383 transfert,
2480 4320 2683 4378 amicos
2710 4326 2805 4382 Dei
2835 4340 2888 4384 et
2918 4335 3206 4402 prophetas
3234 4344 3433 4398 consti-

1838 4401 1959 4464 tuit,
2011 4402 2199 4471 eisque
2241 4420 2402 4474 opera
2457 4425 2553 4464 sua
2600 4414 2721 4470 sine
2764 4421 2993 4488 strepitu
3021 4401 3168 4481 intus
3190 4444 3427 4491 enarrat.

1835 4488 2150 4559 Loquuntur
2176 4495 2256 4552 eis
2288 4512 2501 4570 quoque
2530 4506 2707 4573 angeli
2740 4508 2855 4576 Dei,
2888 4515 2977 4583 qui
3006 4532 3222 4589 semper
3246 4488 3429 4584 vident

1833 4580 2026 4638 faciem
2086 4586 2282 4656 Patris,
2344 4593 2781 4670 voluntatemque
2826 4580 2943 4675 ejus
2996 4580 3186 4680 quibus
3216 4580 3426 4687 oportet

1758 4657 1809 4719 Ῐ)
1832 4677 2170 4735 annuntiant.
2197 4681 2272 4736 Ex
2308 4682 2395 4739 bis
2418 4702 2555 4743 unus
2576 4657 2708 4746 erat.
2734 4695 2837 4751 iste
2852 4657 3123 4769 'prOpllteta
3152 4657 3424 4778 quiy‘difit‘.

1829 4775 1883 4821 et
1905 4770 2157 4839 scripsit:
2190 4772 2250 4827 in
2275 4776 2540 4848 principio
2564 4782 2687 4838 fecit
2720 4784 2860 4842 Deus
2884 4792 3080 4848 coelum
3112 4770 3183 4853 et-
3199 4810 3417 4875 terram;

1826 4860 1916 4928 qui
1950 4872 2054 4919 tam
2079 4866 2305 4925 idoneus
2331 4874 2481 4928 testis
2506 4888 2587 4932 est
2614 4893 2711 4948 per
2737 4898 2896 4953 quem
2926 4887 3038 4945 Deo
3066 4860 3415 4968 credendum,

1826 4960 1885 5007 ut
1911 4957 2099 5013 eodem
2123 4961 2316 5029 spiritu
2347 4964 2443 5020 Dei
2472 4984 2578 5037 quo
2608 4970 2721 5028 haec
2750 4976 2853 5032 sibi
2883 4984 3118 5040 revelata
3160 4957 3415 5060 cognovit

1823 5044 1983 5099 etiam
2006 5047 2177 5117 ipsam
2200 5052 2360 5109 fidem
2383 5070 2621 5117 nostram
2645 5062 2878 5124 futuram
2905 5082 3051 5131 tanto
3073 5089 3197 5134 ante
3220 5044 3414 5150 praedi-

1826 5138 1982 5192 serit.
2001 5139 2107 5197 Sed
2129 5145 2255 5214 quid
2282 5148 2481 5217 placuit
2505 5162 2709 5212 aaterno
2737 5160 2847 5217 Deo
2874 5174 2998 5222 tunc
3020 5169 3194 5229 facere
3214 5138 3412 5234 cmlum

1823 5236 1879 5282 et
1909 5237 2107 5287 terram
2137 5250 2258 5305 qua:
2280 5250 2437 5296 antea
2466 5259 2569 5300 non
2600 5248 2855 5308 fecisset?
2882 5255 2982 5324 Qui
3009 5261 3107 5316 hoc
3127 5258 3333 5334 dicunt,
3363 5273 3411 5324 si

1822 5321 2086 5376 mundum
2118 5336 2379 5386 aeternum
2402 5335 2519 5391 sine
2551 5339 2655 5395 ullo
2677 5342 2851 5412 initio,
2881 5358 2935 5402 et
2963 5351 3083 5405 ideo
3106 5369 3205 5409 nec
3231 5373 3258 5409 a
3296 5360 3411 5416 Deo

1821 5408 2020 5467 factum
2049 5415 2215 5473 videri
2242 5422 2451 5491 volunt,
2476 5429 2637 5485 nimis
2665 5437 2844 5489 aversi
2876 5451 2999 5496 sunt
3025 5459 3051 5497 a
3077 5447 3321 5519 veritate,
3351 5465 3407 5507 et

1818 5503 2001 5560 lethali
2045 5510 2235 5565 morbo
2281 5514 2569 5585 impietatis
2611 5524 2907 5583 insaniunt.
2957 5532 3216 5607 Exceptis
3256 5503 3404 5599 enim

1812 5598 2138 5666 prapheticis
2167 5607 2419 5673 vocibus,
2470 5614 2700 5672 mundus
2732 5620 2849 5688 ipse
2881 5627 3282 5689 ordinatissima
3308 5652 3407 5693 sua

1810 5688 2167 5748 mutabilitate
2195 5707 2249 5751 et
2276 5701 2571 5759 mobilitate
2601 5717 2655 5761 et
2684 5709 2973 5769 visibilium
3003 5721 3245 5780 oninium
3277 5688 3368 5797 ρῖιῖ

1809 5777 2077 5837 cherrima
2108 5790 2309 5855 specie,
2334 5795 2733 5861 quodammodo
2767 5806 2957 5865 tacitus
2986 5852 3001 5877 ,
3031 5824 3084 5868 et
3115 5777 3310 5876 factum
3341 5839 3405 5882 se

1809 5884 1932 5928 esse
1958 5912 1973 5941 ,
2020 5884 2075 5931 et
2117 5892 2225 5936 non
2257 5881 2361 5941 nisi
2382 5899 2414 5940 a
2446 5886 2557 5946 Deo
2588 5890 2936 5956 inen‘abiliter
2963 5914 3123 5976 atque
3154 5881 3404 5974 invisibi-

2905 6016 2986 6080 20
