3968 6390
566 361 674 427 619

1638 363 1704 423 D.
1745 362 2067 426 EUGYPPII
2107 364 2401 430 ABBA'I’IS
2439 368 2765 434 AFRICANI

3744 384 3845 447 620

563 480 690 542 liter
720 472 916 556 magno
958 470 1014 542 et
1048 472 1387 544 inedabiliter
1431 491 1592 556 atque
1634 486 1979 545 invisibiliter
2019 488 2142 561 pul-
2167 488 2222 552 Α
2247 506 2369 547 mus
2415 492 2612 563 quippe
2664 492 2795 547 istos
2843 489 2958 547 dies
3008 497 3164 547 notos
3192 506 3303 549 non
3327 491 3529 552 habere
3554 509 3838 569 vesperam

563 581 694 637 chro
736 568 852 638 ﬁeri
890 595 950 637 se
988 582 1228 652 potuisse
1252 576 1569 667 proclamat.

1119 672 1343 730 CAPUT
1382 672 1578 729 XXIX.

2248 584 2351 641 nisi
2383 582 2450 641 de
2477 586 2606 641 solis
2636 600 2827 642 occasu
2853 627 2869 652 ,
2905 600 3003 642 nec
3033 602 3191 644 mane
3218 588 3317 644 nisi
3347 588 3415 645 de
3443 590 3573 646 solis
3601 604 3835 663 exortu;

2248 675 2461 732 illorum
2509 686 2689 733 autem
2738 678 2945 749 priores
3003 689 3111 735 tres
3160 680 3277 736 dies
3317 682 3436 739 sine
3484 683 3605 740 sole
3640 689 3836 755 peracti

559 744 711 834 Quod
755 768 1123 849 calumniantes
1153 767 1235 849 Ide
1277 769 1473 849 mandi
1496 778 1720 849 tempore
1746 768 1918 840 refelli
1946 769 2143 841 possint
2243 781 2386 838 sunt,
2418 771 2508 843 qui
2535 772 2623 829 die
2650 744 2842 842 quarto
2872 772 3043 830 factus
3074 774 3329 829 refertur.
3354 775 3419 831 Et
3446 744 3708 847 primitiis
3732 781 3835 849 qui-

859 840 921 893 de
951 841 1123 893 mundi
1146 837 1278 908 loco,
1304 842 1365 893 de
1381 839 1555 894 eodem
1586 839 1714 894 libro
1743 837 1816 894 xtl

623 954 754 1011 Cum
806 955 967 1027 igitur
1015 948 1176 1012 unum
1225 956 1485 1013 mundum
1516 957 1718 1030 ingenti
1749 950 1965 1027 quidem
1996 957 2139 1014 mole

549 1061 829 1119 corporea,
864 1048 1073 1104 ﬁnitum
1105 1059 1306 1116 tamen,
1353 1059 1408 1105 et
1435 1050 1557 1106 loco
1578 1064 1677 1105 suo
1698 1049 2134 1117 determinatum,

547 1148 599 1193 et
626 1148 883 1209 aperante
911 1140 1023 1196 Deo
1050 1126 1247 1197 factum
1271 1142 1392 1197 es'se
1412 1143 1615 1212 dicant,
1640 1144 1779 1214 quod
1806 1142 2137 1213 reSpondent

544 1232 611 1288 de
642 1234 861 1290 inﬁnitis
882 1244 1037 1292 extra
1068 1236 1326 1291 mundum
1356 1237 1511 1305 locis,
1546 1252 1642 1292 cur
1667 1239 1718 1292 in
1759 1238 1839 1293 eis
1868 1238 1937 1292 ab
1967 1252 2134 1306 opere

542 1322 682 1379 Dens
727 1335 933 1397 cesset,
979 1326 1082 1382 hoc
1125 1328 1230 1385 sibi
1259 1330 1624 1400 respondeant
1655 1330 1721 1386 de
1754 1330 1977 1385 inﬁnitis
2007 1340 2133 1387 ante

542 1419 802 1473 mundum
836 1422 1190 1492 temporibus.
1221 1422 1329 1478 Cur
1358 1423 1412 1478 in
1440 1424 1518 1478 eis
1548 1422 1615 1477 ab
1646 1438 1810 1491 opere
1838 1423 1978 1478 Deus
2007 1438 2129 1480 ces-

538 1514 759 1583 saverit,
786 1523 842 1569 et
863 1516 1001 1570 sicut
1021 1530 1126 1571 non
1155 1525 1238 1570 est
1267 1530 1603 1585 consequens
1625 1523 1683 1570 ut
1707 1515 1926 1571 fortuito
1949 1515 2129 1585 potius

536 1624 695 1677 quam
744 1609 951 1665 ratione
974 1610 1151 1667 divina
1174 1610 1347 1678 Deus,
1378 1626 1485 1667 non
1513 1611 1654 1677 alio,
1684 1611 1778 1666 sed
1799 1612 1906 1666 isto
1937 1610 1989 1665 in
2022 1625 2128 1682 quo

533 1709 615 1756 est
643 1699 762 1756 loco
792 1702 1053 1756 mundum
1096 1703 1467 1770 constituerit,
1501 1718 1625 1759 cum
1655 1704 1857 1773 pariter
1903 1704 2127 1758 inﬁnitis

531 1792 730 1861 ubique
771 1795 1077 1862 patentibus
1116 1796 1264 1849 nullo
1302 1795 1685 1851 excellentiore
1728 1796 1920 1851 merito
1947 1804 2129 1865 posset

2242 862 2363 918 dem
2393 863 2481 919 lux
2511 864 2676 921 verbo
2705 865 2796 921 Dei
2830 864 2987 932 facta,
3019 877 3179 937 atque
3207 866 3347 923 inter
3372 869 3545 933 ipsam
3587 879 3647 926 et
3698 882 3832 931 tene-

2240 952 2363 1010 bras
2391 954 2534 1011 Deus
2566 972 2847 1026 separasse
2873 967 3143 1027 narratur,
3171 969 3224 1015 et
3253 960 3496 1017 eamdem
3530 964 3715 1020 lucem
3743 982 3830 1021 vc-

2238 1060 2394 1103 casse
2419 1048 2584 1116 diem,
2620 1052 2870 1106 tenebras
2899 1061 3079 1107 autem
3105 1064 3341 1109 noctem.
3373 1054 3476 1109 Sed
3530 1058 3715 1126 qualis
3753 1061 3827 1115 illa

2237 1139 2309 1194 sit
2336 1138 2452 1207 lux,
2479 1150 2532 1196 et
2557 1158 2662 1212 quo
2685 1144 2991 1200 alternante
3014 1156 3184 1209 motu,
3208 1146 3528 1219 qualemque
3556 1165 3828 1220 vesperam

2236 1238 2291 1285 et
2319 1248 2475 1288 mane
2500 1233 2709 1299 fecerit,
2736 1248 3003 1293 remotum
3029 1249 3114 1294 est
3135 1254 3164 1293 a
3188 1240 3436 1294 sensibus
3465 1242 3680 1297 n05tris
3706 1261 3719 1296 :
3742 1259 3824 1299 nec

2236 1320 2309 1376 ita
2367 1332 2423 1377 ut
2461 1334 2544 1378 est
2570 1324 2795 1397 intelligi
2844 1343 2875 1382 a
2908 1327 3064 1383 nobis
3093 1338 3298 1399 potest,
3328 1331 3469 1402 quod
3502 1343 3694 1387 tamen
3722 1334 3825 1391 sine

2235 1414 2341 1469 ulla
2366 1415 2707 1474 haesitatione
2732 1419 3059 1477 credendum
3092 1432 3200 1478 ets.
3230 1426 3335 1478 Aut
3357 1426 3501 1479 enim
3532 1424 3717 1495 aliqua
3746 1427 3821 1481 lux

2233 1524 2493 1579 corporea
2540 1521 2644 1580 est,
2696 1513 2809 1569 sive
2859 1516 2910 1569 in
2962 1516 3333 1586 superioribus
3366 1519 3553 1574 mundi
3596 1522 3820 1591 partibus

2235 1603 2393 1673 longe
2442 1618 2472 1657 a
2501 1604 2880 1675 conspectibus
2913 1610 3131 1675 nostris,
3162 1610 3275 1665 sive
3305 1613 3448 1666 unde
3477 1612 3562 1667 sol
3598 1626 3819 1683 postmo-

2234 1696 2363 1750 dum
2410 1712 2672 1754 accensus
2699 1708 2804 1767 est,
2837 1710 2926 1755 aut
2956 1700 3093 1756 lucis
3137 1702 3352 1757 nomine
3396 1702 3699 1773 signiﬁcata
3746 1716 3814 1763 est

2233 1801 2416 1845 sancta
2446 1792 2657 1861 civitas,
2691 1794 2742 1848 in
2774 1794 2976 1849 sanctis
2999 1796 3202 1864 angelis
3234 1805 3285 1850 et
3314 1798 3600 1867 spiritibus
3631 1798 3805 1867 beatis,

527 1882 617 1939 hic
645 1884 789 1956 eligi,
816 1887 1061 1957 quamvis
1087 1889 1331 1944 eamdem
1356 1889 1590 1945 divinam
1621 1889 1909 1955 rationem,
1935 1905 2036 1959 qua
2066 1890 2119 1945 id
2151 1875 2199 1937 Β
2228 1883 2295 1938 de
2320 1900 2422 1953 qua
2449 1886 2579 1939 dicit
2607 1886 2895 1956 Apostolus
2921 1905 2933 1940 :
2970 1887 3101 1956 Qum
3135 1903 3346 1943 sursum
3394 1901 3480 1944 est
3534 1890 3810 1947 Jerusalem

526 1976 724 2033 factum
749 1988 856 2047 est,
886 1979 1029 2035 nulla
1056 1990 1241 2052 posset
1270 1983 1499 2036 humana
1522 1981 1987 2051 comprehendere
2019 1997 2117 2035 na-

530 2081 645 2127 tura
674 2089 688 2137 ;
731 2073 804 2128 ita
848 2088 954 2129 non
997 2084 1081 2130 est
1123 2090 1456 2146 consequens
1487 2084 1545 2131 ut
1566 2076 1677 2132 Deo
1705 2076 1903 2146 aliquid
1934 2077 2119 2131 existi-

524 2179 733 2219 memus
779 2164 1041 2221 accidisse
1082 2163 1390 2233 fortuitum,
1431 2165 1575 2237 quod
1617 2165 1711 2221 illo
1757 2167 1931 2236 potius
1954 2182 2115 2237 quam

521 2259 795 2314 anteriore
824 2268 1063 2329 tempore
1094 2246 1333 2315 condidit
1363 2260 1645 2331 mundum,
1687 2275 1807 2315 cum
1836 2261 2117 2332 aequaliter

519 2352 789 2407 anteriora
844 2361 1083 2424 tempora
1123 2369 1222 2425 per
1251 2355 1517 2409 inﬁnitum
1542 2362 1688 2410 retro
1711 2360 1944 2423 Spatium
1974 2369 2113 2424 prae—

520 2447 796 2513 terissent,
831 2462 929 2503 nec
956 2446 1149 2503 fuisset
1167 2449 1342 2520 aliqua
1373 2448 1673 2505 dilfcrentia
1704 2449 1846 2505 unde
1903 2458 2113 2519 tempus

518 2546 749 2616 tempori
773 2546 1021 2616 eligendo
1048 2559 1475 2619 prmponeretur.
1506 2548 1662 2615 Quod
1691 2549 1736 2605 si
1764 2550 1949 2605 dicunt
2000 2551 2113 2605 ina-

514 2653 613 2693 nes
639 2655 760 2695 esse
790 2640 1063 2695 hominum
1088 2642 1466 2711 cogitationes,
1496 2642 1691 2712 quibus
1735 2641 1943 2696 inﬁnita
1974 2643 2110 2696 itna-

514 2730 766 2801 ginantur
796 2731 933 2797 loca,
962 2749 1088 2788 cum
1117 2734 1268 2789 locus
1293 2733 1470 2789 nullus
1499 2734 1571 2787 sit
1602 2742 1797 2801 praeter
1822 2734 2109 2802 mundum,

511 2825 871 2895 respondetur
917 2827 995 2883 eis
1042 2826 1146 2881 isto
1178 2826 1339 2882 modo
1371 2843 1384 2879 :
1432 2826 1667 2882 inaniter
1697 2826 1943 2882 homines
1962 2827 2111 2897 cogi-

512 2926 627 2972 tare
652 2919 920 2988 praeterita
952 2929 1193 2988 tempora
1223 2918 1521 2973 vacationis
1545 2916 1662 2983 Dei,
1719 2933 1845 2973 cum
1899 2927 2110 2987 tempus

510 3008 717 3063 nullum
744 3010 811 3064 sit
834 3020 958 3065 ante
988 3009 1242 3063 mundum
1271 3026 1284 3063 :
1319 3009 1363 3063 si
1389 3011 1531 3064 enim
1556 3020 1702 3066 recte
1726 3010 2109 3066 discernuntur

510 3100 784 3156 aeternitas
806 3109 860 3157 et
889 3112 1120 3168 tempus,
1150 3101 1292 3172 quod
1322 3111 1534 3174 tempus
1560 3102 1680 3160 sine
1709 3103 1885 3175 aliqua
1926 3113 2103 3159 muta-

508 3194 717 3249 bilitate
761 3210 866 3250 non
922 3203 1025 3261 est,
1070 3194 1123 3247 in
1155 3193 1455 3250 aaternitate
1494 3206 1671 3251 autem
1700 3197 1842 3251 nulla
1874 3199 2100 3251 mutatio
2158 3238 2163 3247 η

2227 1986 2399 2032 mater
2450 1987 2632 2031 nostra
2680 1988 2882 2033 acterna
2930 1979 2982 2032 in
3022 1979 3197 2034 caelis.
3256 1978 3348 2034 Ait
3392 1981 3594 2050 quippe
3643 1984 3810 2038 etalio

2222 2069 2379 2125 loco:
2429 2069 2630 2127 Omnes
2676 2072 2818 2127 enim
2866 2086 2959 2126 vos
2991 2072 3082 2126 ﬁlii
3127 2071 3259 2127 lucis
3304 2076 3458 2140 estis,
3490 2085 3543 2128 et
3572 2074 3659 2128 ﬁlii
3680 2075 3804 2140 ᾱίιιὶ,

2220 2177 2327 2215 non
2376 2177 2565 2217 sumus
2610 2164 2783 2218 noc;is
2830 2178 3005 2234 neque
3048 2164 3414 2218 tenebrarum.
3450 2163 3503 2221 Si
3536 2176 3704 2221 tamen
3754 2174 3805 2222 et

2219 2268 2499 2323 vesperam
2532 2254 2639 2310 diei
2674 2253 2832 2324 hujus
2858 2264 2912 2310 et
2945 2271 3103 2327 mane
3133 2254 3467 2324 aliquatenus
3507 2272 3794 2325 congruen-

2218 2354 2298 2401 ter
2330 2346 2634 2417 intelligere
2658 2347 2953 2411 valeamus,
2988 2348 3245 2418 quoniam
3287 2348 3501 2403 scicntia
3542 2357 3790 2402 creatura:

2218 2441 2271 2495 in
2341 2442 2744 2510 comparatione
2806 2440 3046 2497 scientia:
3095 2439 3370 2496 Creatoris
3424 2440 3797 2511 quodammodo

2214 2534 2583 2602 vesperascit:
2610 2534 2845 2604 itemque
2871 2533 3093 2589 lucescit
3113 2542 3166 2588 et
3188 2548 3347 2588 mane
3376 2532 3455 2595 ﬁt,
3483 2549 3603 2587 cum
3624 2545 3673 2588 et
3694 2534 3797 2603 ipsa

2216 2628 2449 2684 refertur
2476 2632 2543 2683 ad
2592 2628 2803 2683 laudem
2832 2627 3287 2697 dilectionemque
3317 2625 3613 2694 Creatoris,
3640 2642 3728 2681 nec
3748 2626 3791 2679 in

2216 2728 2432 2776 noctem
2456 2719 2715 2791 vergitur,
2742 2718 2830 2774 ubi
2857 2734 2965 2773 non
2987 2720 3214 2774 Creator
3236 2730 3498 2773 creatura:
3522 2719 3788 2771 dilectione

2214 2814 2555 2885 relinquitur.
2603 2814 2843 2884 Denique
2893 2813 3174 2882 Scriptura
3224 2810 3491 2867 cnmillos
3522 2812 3639 2867 dies
3661 2810 3791 2866 dinu-

2212 2918 2447 2964 meraret
2472 2923 2537 2964 ex
2570 2907 2790 2972 ordine,
2823 2922 3084 2977 nusquam
3117 2905 3444 2977 interposuit
3501 2907 3613 2978 26
3665 2920 3791 2960 voca-

2206 3002 2396 3056 bulum
2438 3001 2611 3057 noctis
2639 3019 2653 3056 :
2699 3018 2805 3056 non
2838 3002 2978 3057 enim
3008 3002 3085 3056 ait
3113 3000 3308 3055 alicubi
3335 3018 3347 3053 :
3377 2992 3543 3055 Facta
3573 3010 3652 3056 est
3680 3016 3785 3065 nox,

2211 3096 2307 3151 srd
2329 3113 2344 3151 :
2370 3096 2534 3152 Facta
2557 3106 2639 3152 est
2662 3112 2910 3167 vespera,
2932 3106 2985 3152 et
3009 3096 3205 3151 factum
3228 3104 3313 3151 est
3334 3111 3489 3151 mane
3512 3095 3631 3151 dies
3652 3110 3783 3162 unus,

2214 3189 2290 3242 ita
2320 3188 2441 3243 dies
2464 3189 2737 3244 secundus
2760 3200 2812 3244 et
2836 3189 3035 3244 caeteri.
3051 3187 3300 3258 Cognitio
3322 3188 3522 3260 quippe
3551 3199 3783 3243 creatura:

507 3295 591 3343 est
611 3328 626 3352 ,
657 3288 775 3359 quis
806 3302 910 3341 non
934 3286 1114 3341 videat
1140 3286 1281 3355 quod
1310 3296 1555 3356 tempora
1580 3302 1686 3342 non
1720 3274 1964 3354 fuissent,
1998 3289 2103 3344 nisi
2134 3261 2181 3327 θ
2212 3280 2265 3336 in
2290 3283 2461 3353 seipse
2484 3284 2847 3340 decoloratior
2867 3294 2969 3350 est,
3004 3293 3059 3339 ut
3086 3282 3158 3338 ita
3187 3283 3382 3350 dicam,
3410 3299 3573 3355 quam
3605 3299 3715 3339 cum
3741 3279 3789 3335 in

507 3387 753 3435 creatura
794 3376 947 3433 ﬁeret
986 3393 1105 3448 quas
1135 3378 1336 3447 aliquid
1360 3378 1538 3450 aliqua
1568 3377 1806 3435 motione
1832 3381 2098 3435 mutaret?

505 3467 671 3540 Cujus
694 3470 949 3526 motionis
975 3478 1029 3526 et
1058 3471 1373 3527 mutationis
1403 3486 1525 3527 cum
1558 3472 1702 3528 aliud
1745 3482 1907 3544 atque
1954 3473 2101 3528 aliud

504 3578 624 3635 quae
667 3563 827 3619 simul
881 3576 1002 3619 esse
1046 3578 1152 3620 non
1203 3571 1432 3635 possunt
1469 3564 1614 3620 cedit
1650 3571 1812 3635 atque
1859 3565 2103 3622 succedit

505 3655 559 3710 in
590 3655 939 3712 brevioribus
967 3653 1053 3711 vel
1079 3654 1514 3726 productioribus
1543 3672 1819 3714 morarum
1847 3658 2100 3713 interval-

502 3748 590 3814 lis,
634 3756 846 3817 tempus
884 3756 1223 3818 sequeretur.
1261 3749 1394 3804 Cum
1436 3749 1599 3819 igitur
1636 3750 1804 3818 Deus,
1852 3750 1903 3804 in
1945 3752 2101 3821 cujus

504 3838 804 3895 aeternitate
824 3837 968 3893 nulla
992 3846 1075 3894 est
1104 3838 1325 3894 omnino
1357 3841 1608 3909 mutatio,
1631 3851 1846 3896 creator
1868 3842 1940 3896 sit
1962 3849 2101 3898 tem-

501 3949 692 4005 porum
716 3944 767 3991 et
790 3934 1093 4003 ordinator,
1116 3936 1389 4007 quomodo
1410 3936 1622 3995 dicatur
1652 3947 1771 4009 post
1795 3948 2097 4011 temporum

499 4028 673 4098 spatia
702 4026 962 4085 mundum
990 4042 1225 4095 creasse,
1255 4044 1365 4087 non
1392 4029 1571 4099 video,
1603 4031 1706 4087 nisi
1736 4030 1948 4090 dicatur
1972 4044 2098 4092 ante

500 4123 761 4178 mundum
806 4122 1037 4194 aliquam
1088 4122 1258 4180 fuisse
1306 4132 1632 4195 creaturam,
1680 4125 1833 4197 cujus
1862 4129 2095 4185 motibus

502 4225 742 4285 tempora
772 4225 1075 4273 currerent.
1122 4213 1296 4273 Porro
1324 4218 1369 4273 si
1402 4220 1599 4274 littera:
1629 4232 1798 4275 sacrae
1832 4221 2096 4279 maxime-

502 4321 611 4376 que
649 4319 872 4361 veraces
898 4306 968 4359 ita
1009 4306 1234 4372 dicunt,
1288 4308 1342 4363 in
1375 4310 1641 4380 principio
1688 4311 1882 4367 fecisse
1925 4312 2096 4370 Deum

502 4394 695 4453 cmlum
728 4406 781 4451 et
812 4406 1031 4461 terram,
1061 4406 1123 4450 ut
1152 4395 1289 4450 nihil
1326 4410 1483 4453 antea
1514 4400 1709 4455 fecisse
1740 4402 2089 4474 intelligatur,

502 4489 624 4560 quia
649 4489 749 4545 hoc
774 4489 950 4559 potius
976 4488 1031 4545 in
1057 4488 1323 4559 principio
1348 4489 1542 4547 fecisse
1573 4493 1863 4565 diceretur,
1893 4497 1937 4551 si
1964 4496 2091 4567 quid

2214 3375 2307 3430 Dei
2330 3376 2589 3445 sapientia
2616 3376 2981 3447 cognoscitur,
3008 3376 3157 3435 velut
3177 3376 3231 3432 in
3256 3386 3367 3432 arte
3391 3392 3496 3446 qua
3530 3376 3661 3433 facta
3683 3384 3782 3430 est:

2214 3469 2336 3525 ideo
2357 3485 2581 3540 vespera
2606 3470 2989 3542 congruentius
3011 3486 3170 3543 quam
3198 3485 3305 3525 nox
3329 3470 3431 3525 dici
3456 3480 3633 3539 potest
3653 3477 3788 3538 :qute
3936 3530 3937 3539 χ

2211 3569 2425 3628 tamen,
2457 3570 2515 3617 ut
2540 3561 2685 3629 dixi,
2716 3576 2837 3618 cum
2869 3562 2936 3617 ad
2967 3562 3293 3618 laudandum
3321 3571 3374 3617 et
3398 3561 3685 3616 amandum
3714 3574 3786 3613 re-
3934 3602 3935 3629 ι

2206 3651 2373 3708 fertur
2395 3652 2732 3720 Creatorem,
2762 3652 2993 3709 recurrit
3022 3654 3075 3708 in
3106 3669 3282 3719 mane,
3319 3666 3369 3709 et
3402 3652 3501 3709 hoc
3530 3668 3650 3708 cum
3674 3649 3790 3705 facit
3932 3692 3933 3719 ι

2207 3746 2262 3801 in
2293 3749 2601 3817 cognitione
2629 3749 2708 3802 sui
2738 3748 2909 3818 ipsius
2934 3788 2950 3814 ,
2981 3745 3097 3803 dies
3136 3762 3277 3803 unus
3319 3756 3435 3804 est:
3462 3761 3576 3801 cum
3608 3746 3661 3799 in
3692 3759 3787 3799 co-

2210 3838 2453 3909 gnitione
2484 3839 2810 3897 ﬁrmamenti
2838 3879 2853 3906 ,
2885 3839 3031 3911 quod
3064 3839 3204 3896 inter
3245 3855 3405 3911 aquas
3430 3837 3701 3893 inferiores
3730 3842 3790 3893 et

2205 3932 2514 4003 superiores
2536 3934 2732 3990 ctelum
2756 3933 3082 4005 appellatum
3103 3944 3207 4002 est,
3222 3934 3341 3991 dies
3359 3930 3639 3990 secundus:
3665 3946 3792 3986 cum

2208 4026 2261 4079 in
2297 4027 2615 4097 cognitione
2658 4040 2815 4083 terrae
2854 4043 2917 4083 ac
2963 4030 3160 4097 maris,
3198 4030 3545 4098 omniumque
3572 4027 3791 4099 gignen-

2206 4116 2346 4171 tium
2378 4134 2499 4188 quar.
2528 4116 2801 4173 radicibus
2829 4118 3139 4175 continuata
3170 4132 3293 4176 sunt
3321 4131 3507 4187 terrae,
3539 4120 3657 4175 dies
3689 4130 3787 4173 ter-

2204 4209 2347 4277 tius;
2380 4224 2502 4265 cum
2537 4210 2591 4265 in
2620 4211 2930 4281 cognitione
2962 4214 3306 4270 luminarium
3348 4214 3575 4286 majoris
3616 4225 3673 4271 et
3698 4213 3785 4268 tui.

2203 4301 2352 4354 noris
2377 4342 2390 4365 ,
2421 4303 2771 4373 omniumque
2802 4303 3039 4361 siderum
3070 4348 3083 4372 ,
3112 4309 3228 4363 dies
3270 4320 3525 4374 quartus;
3571 4320 3693 4360 cum
3740 4306 3787 4360 iu

2201 4394 2509 4461 cognitione
2552 4396 2796 4448 omnium
2827 4413 2892 4447 ex
2942 4395 3095 4464 aquis
3145 4396 3457 4452 animalium
3499 4400 3786 4453 natatilium

2198 4495 2362 4554 atque
2404 4484 2701 4540 volatilium
2728 4527 2743 4552 ,
2791 4485 2907 4541 dies
2950 4487 3203 4557 quintus;
3249 4503 3371 4543 cum
3406 4489 3459 4544 in
3488 4492 3783 4561 cugtntione

501 4581 715 4638 fecisse:
753 4589 878 4638 ante
917 4589 1113 4638 caetera
1156 4592 1353 4638 cuncta
1383 4599 1503 4655 qua;
1538 4584 1694 4654 fecit,
1741 4590 2092 4659 proculdubio
2117 4576 2439 4688 1’ίίηιηίιιιπη
2464 4579 2776 4633 animalium
2804 4588 3141 4636 terrenorutn
3167 4591 3329 4652 atque
3354 4582 3523 4654 ipsius
3546 4584 3783 4647 hominis,

498 4691 610 4732 non
658 4684 742 4733 est
788 4676 1018 4732 mundus
1072 4675 1245 4732 factus
1284 4679 1339 4732 in
1370 4688 1633 4750 tempore,
1667 4684 1760 4736 sed
1792 4698 1913 4737 cum
1947 4692 2084 4738 tem-

498 4786 650 4842 pore.
697 4770 851 4839 Quod
878 4770 1022 4826 enim
1054 4772 1111 4825 ﬁt
1139 4772 1191 4826 in
1229 4782 1491 4844 tempore,
1525 4785 1579 4830 et
1610 4785 1729 4845 post
1757 4776 1977 4846 aliquod
2002 4776 2082 4849 ﬁt,

495 4875 551 4923 et
595 4873 721 4921 ante
765 4864 980 4936 aliquod
1034 4875 1264 4935 tempus,
1312 4877 1434 4937 post
1490 4866 1542 4923 id
1572 4869 1715 4939 quod
1749 4871 2083 4939 praeteritum

496 4971 596 5028 est,
648 4966 774 5015 ante
804 4957 859 5013 id
890 4958 1029 5028 quod
1061 4957 1299 5013 futurum
1327 4966 1429 5015 est.
1453 4958 1668 5017 Nullum
1695 4971 1875 5019 autem
1902 4976 2081 5033 posset

493 5068 617 5111 esse
639 5049 992 5124 prateritum,
1010 5051 1131 5122 quia
1155 5051 1297 5107 nulla
1321 5060 1439 5107 erat
1467 5064 1733 5124 creatura,
1780 5055 1934 5129 cujus
1961 5073 2079 5113 mu-

493 5146 745 5203 tabilibus
793 5144 1027 5201 motibus
1077 5152 1348 5214 ageretur.
1405 5144 1539 5201 Cum
1594 5156 1839 5218 tempore
1902 5161 2083 5208 autem

492 5240 666 5296 factus
718 5246 800 5295 est
842 5236 1096 5306 mundus,
1148 5236 1192 5291 si
1232 5236 1286 5293 in
1333 5236 1449 5308 eius
1478 5238 1784 5298 conditione
1808 5240 1980 5298 factus
2002 5254 2086 5301 est

491 5334 771 5391 mutabilis
802 5342 1003 5403 motus,
1027 5334 1167 5389 sicut
1196 5332 1409 5389 videtur
1436 5348 1495 5390 se
1526 5334 1728 5394 habere
1757 5338 1919 5395 etiam
1950 5341 2089 5398 ordo

492 5428 590 5485 ille
644 5426 938 5498 primorum
989 5441 1082 5483 sex
1136 5425 1223 5482 vel
1274 5435 1482 5496 septem
1531 5427 1738 5485 dierum
1786 5430 1840 5485 in
1892 5432 2092 5503 quibus

490 5538 652 5581 mane
689 5531 746 5580 et
798 5536 1020 5591 vespere
1049 5520 1416 5588 nominantur,
1446 5520 1621 5579 donec
1642 5525 1823 5581 omnia
1853 5543 1976 5597 qum
2002 5528 2089 5586 bis

486 5617 684 5673 diebus
716 5616 860 5672 Deus
887 5614 1009 5671 fecit
1037 5621 1191 5669 sexto
1222 5611 1569 5685 perﬁciantur
1594 5615 1704 5683 die,
1740 5619 2088 5692 septimoque

490 5712 548 5763 in
596 5724 790 5779 magno
837 5707 1091 5780 mysterio
1150 5705 1246 5763 Dei
1272 5709 1483 5762 vacatio
1512 5711 1962 5778 commendetur;
1993 5713 2086 5783 qui

491 5802 611 5857 dies
642 5800 938 5873 cuiusmodi
962 5802 1089 5867 sint,
1132 5809 1225 5857 aut
1248 5801 1566 5872 perdifficile
1594 5804 1767 5871 nobis,
1800 5817 1890 5861 aut
1921 5808 2082 5863 etiam

490 5895 804 5954 moossibile
832 5903 912 5950 est
939 5895 1200 5965 cogitare,
1236 5905 1439 5965 quanto
1475 5900 1642 5967 magis
1663 5898 1875 5955 dicere!
1904 5897 2069 5955 Vide-

2199 4668 2317 4723 dies
2341 4680 2559 4736 sextus;
2587 4686 2707 4726 cum
2735 4687 2867 4727 vero
2896 4673 2948 4727 in
2973 4673 3063 4729 die
3085 4674 3314 4743 septimo
3339 4678 3631 4745 requiescit
3660 4678 3783 4731 Deus

2196 4762 2265 4816 ab
2288 4762 2538 4819 onmibus
2559 4766 2816 4836 operibus
2854 4766 2986 4835 suis,
3011 4777 3065 4823 et
3091 4768 3392 4825 sanctiﬁcat
3420 4787 3566 4835 eum,
3597 4786 3782 4841 nequa-

2195 4872 2355 4927 quam
2378 4870 2463 4915 est
2488 4860 2860 4930 accipiendum
2882 4864 3183 4933 pueriliter,
3206 4872 3462 4935 tanquam
3481 4864 3627 4922 Deu~
3655 4868 3787 4920 labo-

2191 4951 2394 5005 raverit
2424 4952 2699 5022 operando
2723 4952 2835 5025 (qui
2862 4952 2999 5010 dixit
3022 4965 3076 5011 et
3104 4954 3243 5011 fac‘la
3268 4968 3419 5024 sunt,
3443 4959 3615 5013 verbo
3646 4959 3785 5015 intel-

2190 5043 2380 5116 ligibili
2407 5057 2459 5101 et
2481 5046 2838 5117 sempiterno,
2868 5065 2975 5104 non
3004 5051 3234 5106 souabili
3257 5062 3311 5107 et
3334 5056 3644 5124 temporali)
3667 5073 3681 5122 ;
3705 5053 3788 5109 sed

2193 5138 2413 5209 requies
2441 5136 2532 5195 Dei
2558 5140 2799 5211 requiem
2823 5142 3087 5213 signiﬁcat
3113 5159 3301 5200 eorum
3326 5146 3416 5216 qui
3444 5149 3786 5217 requiescunt

2192 5232 2244 5287 in
2282 5232 2414 5301 Deo,
2441 5234 2580 5290 sicut
2609 5235 2791 5292 laetitia
2822 5237 3014 5293 domus
3038 5238 3276 5294 laetitiam
3310 5241 3579 5311 signiﬁcat
3606 5254 3792 5297 eorum

2193 5331 2281 5399 qui
2316 5327 2569 5385 ltelautur
2614 5330 2668 5386 in
2717 5330 2900 5400 domo,
2933 5332 3145 5387 etiamsi
3176 5348 3283 5388 non
3308 5348 3404 5389 eos
3432 5334 3631 5389 domus
3660 5333 3790 5402 ipsa,

2196 5433 2293 5489 sed
2313 5432 2417 5489 alia
2439 5450 2527 5490 res
2554 5435 2763 5506 aliquos
2814 5436 2968 5492 laetos
2993 5434 3159 5491 facit:
3188 5445 3392 5509 quanto
3424 5437 3596 5504 magis
3624 5434 3674 5489 si
3707 5448 3767 5488 ea
3792 5462 3795 5463 ν

2198 5533 2322 5589 dem
2374 5535 2568 5591 domus
2614 5534 3015 5606 pulchritudine
3063 5548 3159 5589 sua
3196 5534 3359 5590 faciat
3386 5534 3539 5590 latos
3579 5534 3801 5590 habita-

2198 5637 2363 5695 tores,
2391 5636 2578 5683 utnon
2600 5629 2775 5684 solum
2796 5627 3084 5699 eloquendi
3109 5628 3269 5684 modo
3292 5628 3412 5683 lteta
3435 5629 3680 5693 dicatur,
3697 5640 3808 5698 quo

2194 5718 2561 5789 signiﬁcamus
2614 5735 2708 5789 per
2750 5719 2804 5775 id
2852 5720 2993 5791 quod
3020 5720 3262 5776 continet
3291 5721 3344 5776 id
3370 5721 3516 5791 quod
3542 5723 3807 5777 contine-

2195 5820 2302 5878 tur,
2333 5812 2472 5866 sicut
2500 5811 2717 5867 theatra'
2742 5811 3021 5881 plaudunt,
3044 5825 3201 5883 prata
3228 5814 3497 5885 mugiunt,
3550 5828 3694 5868 cum
3759 5820 3813 5869 in

2191 5900 2298 5959 illis
2351 5905 2594 5961 homines
2636 5905 2921 5976 plaudant,
2954 5905 3006 5961 in
3054 5906 3139 5961 bis
3179 5906 3343 5963 boves
3371 5906 3668 5977 mugiant;
3712 5902 3809 5959 sed
