  <div class='ocr_page' id='page_1' title='image "/cluster/home/n/w/nwhite01/storage/ocr_20150623/62/hvd.32044015706393/318.png"; bbox 0 0 3968 6390; ppageno 0'>
   <div class='ocr_carea' id='block_1_1' title="bbox 180 406 2273 473">
    <p class='ocr_par' dir='ltr' id='par_1_1' title="bbox 180 406 2273 473">
     <span class='ocr_line' id='line_1_1' title="bbox 180 406 2273 473; baseline 0 -2"><span class='ocrx_word' id='word_1_1' title='bbox 180 406 272 471; x_wconf 64' lang='grc'><strong>621</strong></span> <span class='ocrx_word' id='word_1_2' title='bbox 1413 411 1853 473; x_wconf 76' lang='lat' dir='ltr'><strong>TBESAURUS.</strong></span> <span class='ocrx_word' id='word_1_3' title='bbox 1885 412 2041 473; x_wconf 76' lang='lat' dir='ltr'><strong>CAP.</strong></span> <span class='ocrx_word' id='word_1_4' title='bbox 2075 410 2273 471; x_wconf 78' lang='lat' dir='ltr'><strong>XXXI.</strong></span> 
     </span>
    </p>
   </div>
   <div class='ocr_carea' id='block_1_2' title="bbox 3339 411 3446 472">
    <p class='ocr_par' dir='ltr' id='par_1_2' title="bbox 3339 411 3446 472">
     <span class='ocr_line' id='line_1_2' title="bbox 3339 411 3446 472; baseline 0 0"><span class='ocrx_word' id='word_1_5' title='bbox 3339 411 3446 472; x_wconf 76' lang='lat'><strong>622</strong></span> 
     </span>
    </p>
   </div>
   <div class='ocr_carea' id='block_1_3' title="bbox 176 522 3442 601">
    <p class='ocr_par' dir='ltr' id='par_1_3' title="bbox 176 522 3442 601">
     <span class='ocr_line' id='line_1_3' title="bbox 176 522 3442 601; baseline 0.001 -19"><span class='ocrx_word' id='word_1_6' title='bbox 176 525 333 583; x_wconf 87' lang='lat' dir='ltr'><strong>etiam</strong></span> <span class='ocrx_word' id='word_1_7' title='bbox 363 524 456 581; x_wconf 92' lang='lat' dir='ltr'><strong>illo</strong></span> <span class='ocrx_word' id='word_1_8' title='bbox 483 534 591 595; x_wconf 83' lang='lat' dir='ltr'><strong>quo</strong></span> <span class='ocrx_word' id='word_1_9' title='bbox 612 522 947 596; x_wconf 83' lang='lat' dir='ltr'><strong>signiﬁcatur</strong></span> <span class='ocrx_word' id='word_1_10' title='bbox 992 538 1089 595; x_wconf 90' lang='lat' dir='ltr'><strong>per</strong></span> <span class='ocrx_word' id='word_1_11' title='bbox 1136 524 1460 583; x_wconf 79' lang='lat' dir='ltr'><strong>eicientem</strong></span> <span class='ocrx_word' id='word_1_12' title='bbox 1513 527 1567 582; x_wconf 87' lang='lat' dir='ltr'><strong>id</strong></span> <span class='ocrx_word' id='word_1_13' title='bbox 1610 526 1756 597; x_wconf 90' lang='lat' dir='ltr'><strong>quod</strong></span> <span class='ocrx_word' id='word_1_14' title='bbox 1783 534 1837 593; x_wconf 74' lang='grc' dir='ltr'>Α</span> <span class='ocrx_word' id='word_1_15' title='bbox 1861 527 2113 597; x_wconf 83' lang='lat' dir='ltr'><strong>quidnam</strong></span> <span class='ocrx_word' id='word_1_16' title='bbox 2145 541 2276 601; x_wconf 89' lang='lat' dir='ltr'><strong>ergo</strong></span> <span class='ocrx_word' id='word_1_17' title='bbox 2301 528 2391 583; x_wconf 88' lang='lat' dir='ltr'><strong>die</strong></span> <span class='ocrx_word' id='word_1_18' title='bbox 2419 527 2579 584; x_wconf 89' lang='lat' dir='ltr'><strong>tertio</strong></span> <span class='ocrx_word' id='word_1_19' title='bbox 2605 526 2776 584; x_wconf 84' lang='lat' dir='ltr'><strong>factos</strong></span> <span class='ocrx_word' id='word_1_20' title='bbox 2803 541 2927 586; x_wconf 83' lang='lat' dir='ltr'><strong>esse</strong></span> <span class='ocrx_word' id='word_1_21' title='bbox 2948 527 3227 584; x_wconf 73' lang='lat' dir='ltr'><strong>dicemus?</strong></span> <span class='ocrx_word' id='word_1_22' title='bbox 3264 528 3442 586; x_wconf 80' lang='lat' dir='ltr'><strong>Absit.</strong></span> 
     </span>
    </p>
   </div>
   <div class='ocr_carea' id='block_1_4' title="bbox 178 617 1758 690">
    <p class='ocr_par' dir='ltr' id='par_1_4' title="bbox 178 617 1758 690">
     <span class='ocr_line' id='line_1_4' title="bbox 178 617 1758 690; baseline 0.001 -16"><span class='ocrx_word' id='word_1_23' title='bbox 178 617 448 683; x_wconf 87' lang='lat' dir='ltr'><strong>efﬁcitur,</strong></span> <span class='ocrx_word' id='word_1_24' title='bbox 489 617 630 673; x_wconf 90' lang='lat' dir='ltr'><strong>sicut</strong></span> <span class='ocrx_word' id='word_1_25' title='bbox 688 619 810 674; x_wconf 77' lang='lat' dir='ltr'><strong>laeta</strong></span> <span class='ocrx_word' id='word_1_26' title='bbox 865 618 1089 689; x_wconf 88' lang='lat' dir='ltr'><strong>epistola</strong></span> <span class='ocrx_word' id='word_1_27' title='bbox 1156 618 1392 686; x_wconf 89' lang='lat' dir='ltr'><strong>dicitur,</strong></span> <span class='ocrx_word' id='word_1_28' title='bbox 1451 620 1758 690; x_wconf 85' lang='lat' dir='ltr'><strong>signiﬁcans</strong></span> 
     </span>
    </p>
   </div>
   <div class='ocr_carea' id='block_1_5' title="bbox 175 710 1761 781">
    <p class='ocr_par' dir='ltr' id='par_1_5' title="bbox 175 710 1761 781">
     <span class='ocr_line' id='line_1_5' title="bbox 175 710 1761 781; baseline 0.003 -16"><span class='ocrx_word' id='word_1_29' title='bbox 175 723 357 766; x_wconf 86' lang='lat' dir='ltr'><strong>eorum</strong></span> <span class='ocrx_word' id='word_1_30' title='bbox 405 710 641 765; x_wconf 72' lang='lat' dir='ltr'><strong>laetitiam</strong></span> <span class='ocrx_word' id='word_1_31' title='bbox 694 726 830 781; x_wconf 81' lang='lat' dir='ltr'><strong>quos</strong></span> <span class='ocrx_word' id='word_1_32' title='bbox 860 711 1098 781; x_wconf 89' lang='lat' dir='ltr'><strong>legentes</strong></span> <span class='ocrx_word' id='word_1_33' title='bbox 1125 712 1295 767; x_wconf 88' lang='lat' dir='ltr'><strong>efﬁcit</strong></span> <span class='ocrx_word' id='word_1_34' title='bbox 1323 713 1517 769; x_wconf 66' lang='lat' dir='ltr'><strong>laetos?</strong></span> <span class='ocrx_word' id='word_1_35' title='bbox 1549 713 1761 769; x_wconf 80' lang='lat' dir='ltr'><strong>Conve—</strong></span> 
     </span>
    </p>
   </div>
   <div class='ocr_carea' id='block_1_6' title="bbox 176 804 1759 880">
    <p class='ocr_par' dir='ltr' id='par_1_6' title="bbox 176 804 1759 880">
     <span class='ocr_line' id='line_1_6' title="bbox 176 804 1759 880; baseline 0.004 -21"><span class='ocrx_word' id='word_1_36' title='bbox 176 804 505 861; x_wconf 79' lang='lat' dir='ltr'><strong>nientissime</strong></span> <span class='ocrx_word' id='word_1_37' title='bbox 528 806 728 876; x_wconf 86' lang='lat' dir='ltr'><strong>itaque,</strong></span> <span class='ocrx_word' id='word_1_38' title='bbox 747 821 871 861; x_wconf 90' lang='lat' dir='ltr'><strong>cum</strong></span> <span class='ocrx_word' id='word_1_39' title='bbox 895 806 1064 863; x_wconf 87' lang='lat' dir='ltr'><strong>Deum</strong></span> <span class='ocrx_word' id='word_1_40' title='bbox 1087 809 1423 878; x_wconf 84' lang='lat' dir='ltr'><strong>requievisse</strong></span> <span class='ocrx_word' id='word_1_41' title='bbox 1446 810 1759 880; x_wconf 88' lang='lat' dir='ltr'><strong>prophetica</strong></span> 
     </span>
    </p>
   </div>
   <div class='ocr_carea' id='block_1_7' title="bbox 175 898 1759 974">
    <p class='ocr_par' dir='ltr' id='par_1_7' title="bbox 175 898 1759 974">
     <span class='ocr_line' id='line_1_7' title="bbox 175 898 1759 974; baseline 0.005 -23"><span class='ocrx_word' id='word_1_42' title='bbox 175 907 355 952; x_wconf 91' lang='lat' dir='ltr'><strong>narrat</strong></span> <span class='ocrx_word' id='word_1_43' title='bbox 375 898 690 968; x_wconf 89' lang='lat' dir='ltr'><strong>auctoritas,</strong></span> <span class='ocrx_word' id='word_1_44' title='bbox 720 900 1050 970; x_wconf 86' lang='lat' dir='ltr'><strong>signiﬁcatur</strong></span> <span class='ocrx_word' id='word_1_45' title='bbox 1074 902 1284 972; x_wconf 80' lang='lat' dir='ltr'><strong>requies</strong></span> <span class='ocrx_word' id='word_1_46' title='bbox 1334 918 1524 959; x_wconf 88' lang='lat' dir='ltr'><strong>eorum</strong></span> <span class='ocrx_word' id='word_1_47' title='bbox 1574 905 1665 974; x_wconf 87' lang='lat' dir='ltr'><strong>qui</strong></span> <span class='ocrx_word' id='word_1_48' title='bbox 1704 904 1759 958; x_wconf 91' lang='lat' dir='ltr'><strong>in</strong></span> 
     </span>
    </p>
   </div>
   <div class='ocr_carea' id='block_1_8' title="bbox 174 986 1761 1067">
    <p class='ocr_par' dir='ltr' id='par_1_8' title="bbox 174 986 1761 1067">
     <span class='ocr_line' id='line_1_8' title="bbox 174 986 1761 1067; baseline 0.008 -26"><span class='ocrx_word' id='word_1_49' title='bbox 174 986 264 1042; x_wconf 91' lang='lat' dir='ltr'><strong>illo</strong></span> <span class='ocrx_word' id='word_1_50' title='bbox 290 990 664 1060; x_wconf 88' lang='lat' dir='ltr'><strong>requiescunt,</strong></span> <span class='ocrx_word' id='word_1_51' title='bbox 695 1000 750 1047; x_wconf 91' lang='lat' dir='ltr'><strong>et</strong></span> <span class='ocrx_word' id='word_1_52' title='bbox 777 1008 915 1063; x_wconf 92' lang='lat' dir='ltr'><strong>quos</strong></span> <span class='ocrx_word' id='word_1_53' title='bbox 943 994 1072 1049; x_wconf 84' lang='lat' dir='ltr'><strong>facit</strong></span> <span class='ocrx_word' id='word_1_54' title='bbox 1100 995 1215 1063; x_wconf 78' lang='lat' dir='ltr'><strong>ipse</strong></span> <span class='ocrx_word' id='word_1_55' title='bbox 1244 997 1628 1067; x_wconf 79' lang='lat' dir='ltr'><strong>requiescere:</strong></span> <span class='ocrx_word' id='word_1_56' title='bbox 1657 998 1761 1054; x_wconf 80' lang='lat' dir='ltr'><strong>hoc</strong></span> 
     </span>
    </p>
   </div>
   <div class='ocr_carea' id='block_1_9' title="bbox 172 1081 1761 1164">
    <p class='ocr_par' dir='ltr' id='par_1_9' title="bbox 172 1081 1761 1164">
     <span class='ocr_line' id='line_1_9' title="bbox 172 1081 1761 1164; baseline 0.006 -27"><span class='ocrx_word' id='word_1_57' title='bbox 172 1081 333 1137; x_wconf 84' lang='lat' dir='ltr'><strong>etiam</strong></span> <span class='ocrx_word' id='word_1_58' title='bbox 381 1081 689 1140; x_wconf 84' lang='lat' dir='ltr'><strong>hominibus</strong></span> <span class='ocrx_word' id='word_1_59' title='bbox 733 1087 926 1154; x_wconf 84' lang='lat' dir='ltr'><strong>quibus</strong></span> <span class='ocrx_word' id='word_1_60' title='bbox 980 1088 1239 1159; x_wconf 90' lang='lat' dir='ltr'><strong>loquitur,</strong></span> <span class='ocrx_word' id='word_1_61' title='bbox 1291 1101 1347 1148; x_wconf 89' lang='lat' dir='ltr'><strong>et</strong></span> <span class='ocrx_word' id='word_1_62' title='bbox 1374 1104 1595 1162; x_wconf 87' lang='lat' dir='ltr'><strong>propter</strong></span> <span class='ocrx_word' id='word_1_63' title='bbox 1620 1108 1761 1164; x_wconf 83' lang='lat' dir='ltr'><strong>quos</strong></span> 
     </span>
    </p>
   </div>
   <div class='ocr_carea' id='block_1_10' title="bbox 170 1174 1759 1257">
    <p class='ocr_par' dir='ltr' id='par_1_10' title="bbox 170 1174 1759 1257">
     <span class='ocr_line' id='line_1_10' title="bbox 170 1174 1759 1257; baseline 0.011 -30"><span class='ocrx_word' id='word_1_64' title='bbox 170 1174 354 1244; x_wconf 86' lang='lat' dir='ltr'><strong>utique</strong></span> <span class='ocrx_word' id='word_1_65' title='bbox 391 1179 695 1247; x_wconf 85' lang='lat' dir='ltr'><strong>conscripta</strong></span> <span class='ocrx_word' id='word_1_66' title='bbox 726 1186 846 1247; x_wconf 84' lang='lat' dir='ltr'><strong>est,</strong></span> <span class='ocrx_word' id='word_1_67' title='bbox 898 1186 1245 1251; x_wconf 84' lang='lat' dir='ltr'><strong>promittente</strong></span> <span class='ocrx_word' id='word_1_68' title='bbox 1296 1185 1577 1255; x_wconf 80' lang='lat' dir='ltr'><strong>prophetia</strong></span> <span class='ocrx_word' id='word_1_69' title='bbox 1614 1188 1759 1257; x_wconf 89' lang='lat' dir='ltr'><strong>quod</strong></span> 
     </span>
    </p>
   </div>
   <div class='ocr_carea' id='block_1_11' title="bbox 168 1265 1760 1348">
    <p class='ocr_par' dir='ltr' id='par_1_11' title="bbox 168 1265 1760 1348">
     <span class='ocr_line' id='line_1_11' title="bbox 168 1265 1760 1348; baseline 0.011 -30"><span class='ocrx_word' id='word_1_70' title='bbox 168 1265 331 1320; x_wconf 85' lang='lat' dir='ltr'><strong>etiam</strong></span> <span class='ocrx_word' id='word_1_71' title='bbox 365 1266 502 1336; x_wconf 87' lang='lat' dir='ltr'><strong>ipsi,</strong></span> <span class='ocrx_word' id='word_1_72' title='bbox 534 1278 656 1338; x_wconf 88' lang='lat' dir='ltr'><strong>post</strong></span> <span class='ocrx_word' id='word_1_73' title='bbox 697 1270 836 1325; x_wconf 81' lang='lat' dir='ltr'><strong>bona</strong></span> <span class='ocrx_word' id='word_1_74' title='bbox 882 1287 1048 1342; x_wconf 84' lang='lat' dir='ltr'><strong>opera</strong></span> <span class='ocrx_word' id='word_1_75' title='bbox 1095 1288 1218 1344; x_wconf 68' lang='lat' dir='ltr'><strong>quas</strong></span> <span class='ocrx_word' id='word_1_76' title='bbox 1263 1275 1319 1329; x_wconf 89' lang='lat' dir='ltr'><strong>in</strong></span> <span class='ocrx_word' id='word_1_77' title='bbox 1348 1278 1431 1332; x_wconf 90' lang='lat' dir='ltr'><strong>eis</strong></span> <span class='ocrx_word' id='word_1_78' title='bbox 1454 1288 1510 1332; x_wconf 90' lang='lat' dir='ltr'><strong>et</strong></span> <span class='ocrx_word' id='word_1_79' title='bbox 1538 1293 1635 1348; x_wconf 87' lang='lat' dir='ltr'><strong>per</strong></span> <span class='ocrx_word' id='word_1_80' title='bbox 1666 1294 1760 1335; x_wconf 85' lang='lat' dir='ltr'><strong>eos</strong></span> 
     </span>
    </p>
   </div>
   <div class='ocr_carea' id='block_1_12' title="bbox 167 1360 1758 1443">
    <p class='ocr_par' dir='ltr' id='par_1_12' title="bbox 167 1360 1758 1443">
     <span class='ocr_line' id='line_1_12' title="bbox 167 1360 1758 1443; baseline 0.01 -31"><span class='ocrx_word' id='word_1_81' title='bbox 167 1369 427 1428; x_wconf 86' lang='lat' dir='ltr'><strong>operatur</strong></span> <span class='ocrx_word' id='word_1_82' title='bbox 451 1360 609 1429; x_wconf 88' lang='lat' dir='ltr'><strong>Deus,</strong></span> <span class='ocrx_word' id='word_1_83' title='bbox 633 1365 677 1419; x_wconf 91' lang='lat' dir='ltr'><strong>si</strong></span> <span class='ocrx_word' id='word_1_84' title='bbox 701 1366 769 1419; x_wconf 89' lang='lat' dir='ltr'><strong>ad</strong></span> <span class='ocrx_word' id='word_1_85' title='bbox 796 1364 944 1422; x_wconf 92' lang='lat' dir='ltr'><strong>illum</strong></span> <span class='ocrx_word' id='word_1_86' title='bbox 970 1368 1117 1438; x_wconf 86' lang='lat' dir='ltr'><strong>prius</strong></span> <span class='ocrx_word' id='word_1_87' title='bbox 1142 1371 1196 1424; x_wconf 91' lang='lat' dir='ltr'><strong>in</strong></span> <span class='ocrx_word' id='word_1_88' title='bbox 1227 1370 1327 1426; x_wconf 90' lang='lat' dir='ltr'><strong>ista</strong></span> <span class='ocrx_word' id='word_1_89' title='bbox 1354 1373 1457 1426; x_wconf 84' lang='lat' dir='ltr'><strong>vita</strong></span> <span class='ocrx_word' id='word_1_90' title='bbox 1484 1386 1579 1443; x_wconf 90' lang='lat' dir='ltr'><strong>per</strong></span> <span class='ocrx_word' id='word_1_91' title='bbox 1598 1373 1758 1428; x_wconf 88' lang='lat' dir='ltr'><strong>ﬁdem</strong></span> 
     </span>
    </p>
   </div>
   <div class='ocr_carea' id='block_1_13' title="bbox 166 1449 1758 1536">
    <p class='ocr_par' dir='ltr' id='par_1_13' title="bbox 166 1449 1758 1536">
     <span class='ocr_line' id='line_1_13' title="bbox 166 1449 1758 1536; baseline 0.013 -34"><span class='ocrx_word' id='word_1_92' title='bbox 166 1449 565 1519; x_wconf 84' lang='lat' dir='ltr'><strong>quodammodo</strong></span> <span class='ocrx_word' id='word_1_93' title='bbox 595 1458 960 1526; x_wconf 84' lang='lat' dir='ltr'><strong>accesserint,</strong></span> <span class='ocrx_word' id='word_1_94' title='bbox 1006 1462 1057 1514; x_wconf 89' lang='lat' dir='ltr'><strong>in</strong></span> <span class='ocrx_word' id='word_1_95' title='bbox 1093 1462 1184 1517; x_wconf 89' lang='lat' dir='ltr'><strong>illo</strong></span> <span class='ocrx_word' id='word_1_96' title='bbox 1212 1463 1488 1520; x_wconf 86' lang='lat' dir='ltr'><strong>habebunt</strong></span> <span class='ocrx_word' id='word_1_97' title='bbox 1518 1467 1758 1536; x_wconf 86' lang='lat' dir='ltr'><strong>requiem</strong></span> 
     </span>
    </p>
   </div>
   <div class='ocr_carea' id='block_1_14' title="bbox 166 1544 1759 1615">
    <p class='ocr_par' dir='ltr' id='par_1_14' title="bbox 166 1544 1759 1615">
     <span class='ocr_line' id='line_1_14' title="bbox 166 1544 1759 1615; baseline 0.012 -19"><span class='ocrx_word' id='word_1_98' title='bbox 166 1544 603 1611; x_wconf 85' lang='lat' dir='ltr'><strong>sempiternam:</strong></span> <span class='ocrx_word' id='word_1_99' title='bbox 660 1547 761 1604; x_wconf 83' lang='lat' dir='ltr'><strong>hoc</strong></span> <span class='ocrx_word' id='word_1_100' title='bbox 810 1550 954 1605; x_wconf 81' lang='lat' dir='ltr'><strong>enim</strong></span> <span class='ocrx_word' id='word_1_101' title='bbox 999 1567 1065 1608; x_wconf 79' lang='lat' dir='ltr'><strong>ex</strong></span> <span class='ocrx_word' id='word_1_102' title='bbox 1115 1554 1323 1609; x_wconf 86' lang='lat' dir='ltr'><strong>sabbati</strong></span> <span class='ocrx_word' id='word_1_103' title='bbox 1373 1559 1654 1613; x_wconf 89' lang='lat' dir='ltr'><strong>vacatione</strong></span> <span class='ocrx_word' id='word_1_104' title='bbox 1704 1569 1759 1615; x_wconf 93' lang='lat' dir='ltr'><strong>et</strong></span> 
     </span>
    </p>
   </div>
   <div class='ocr_carea' id='block_1_15' title="bbox 164 1637 1701 1718">
    <p class='ocr_par' dir='ltr' id='par_1_15' title="bbox 164 1637 1701 1718">
     <span class='ocr_line' id='line_1_15' title="bbox 164 1637 1701 1718; baseline 0.011 -28"><span class='ocrx_word' id='word_1_105' title='bbox 164 1645 438 1707; x_wconf 62' lang='lat' dir='ltr'><strong>pracepto</strong></span> <span class='ocrx_word' id='word_1_106' title='bbox 472 1637 609 1711; x_wconf 88' lang='lat' dir='ltr'><strong>legis</strong></span> <span class='ocrx_word' id='word_1_107' title='bbox 636 1639 688 1696; x_wconf 92' lang='lat' dir='ltr'><strong>in</strong></span> <span class='ocrx_word' id='word_1_108' title='bbox 721 1651 904 1697; x_wconf 80' lang='lat' dir='ltr'><strong>vetere</strong></span> <span class='ocrx_word' id='word_1_109' title='bbox 935 1643 1028 1698; x_wconf 86' lang='lat' dir='ltr'><strong>Dei</strong></span> <span class='ocrx_word' id='word_1_110' title='bbox 1059 1647 1255 1714; x_wconf 86' lang='lat' dir='ltr'><strong>p0pulo</strong></span> <span class='ocrx_word' id='word_1_111' title='bbox 1278 1646 1564 1718; x_wconf 86' lang='lat' dir='ltr'><strong>ﬁguratum</strong></span> <span class='ocrx_word' id='word_1_112' title='bbox 1595 1658 1701 1706; x_wconf 86' lang='lat' dir='ltr'><strong>est.</strong></span> 
     </span>
    </p>
   </div>
   <div class='ocr_carea' id='block_1_16' title="bbox 736 1750 1180 1813">
    <p class='ocr_par' dir='ltr' id='par_1_16' title="bbox 736 1750 1180 1813">
     <span class='ocr_line' id='line_1_16' title="bbox 736 1750 1180 1813; baseline 0.016 -7"><span class='ocrx_word' id='word_1_113' title='bbox 736 1750 967 1809; x_wconf 79' lang='lat' dir='ltr'><strong>CAPUT</strong></span> <span class='ocrx_word' id='word_1_114' title='bbox 1006 1754 1180 1813; x_wconf 86' lang='lat' dir='ltr'><strong>XXX.</strong></span> 
     </span>
    </p>
   </div>
   <div class='ocr_carea' id='block_1_17' title="bbox 165 1839 1760 1923">
    <p class='ocr_par' dir='ltr' id='par_1_17' title="bbox 165 1839 1760 1923">
     <span class='ocr_line' id='line_1_17' title="bbox 165 1839 1760 1923; baseline 0.011 -31"><span class='ocrx_word' id='word_1_115' title='bbox 165 1839 319 1905; x_wconf 73' lang='lat' dir='ltr'><strong>Quod</strong></span> <span class='ocrx_word' id='word_1_116' title='bbox 349 1839 476 1894; x_wconf 76' lang='lat' dir='ltr'><strong>lucis</strong></span> <span class='ocrx_word' id='word_1_117' title='bbox 515 1844 721 1923; x_wconf 72' lang='lat' dir='ltr'><strong>nomine</strong></span> <span class='ocrx_word' id='word_1_118' title='bbox 760 1846 914 1923; x_wconf 64' lang='lat' dir='ltr'><strong>etiam</strong></span> <span class='ocrx_word' id='word_1_119' title='bbox 938 1849 1412 1923; x_wconf 65' lang='lat' dir='ltr'><strong>angetisigniﬁcati</strong></span> <span class='ocrx_word' id='word_1_120' title='bbox 1431 1859 1584 1923; x_wconf 84' lang='lat' dir='ltr'><strong>atque</strong></span> <span class='ocrx_word' id='word_1_121' title='bbox 1598 1856 1760 1909; x_wconf 79' lang='lat' dir='ltr'><strong>creati</strong></span> 
     </span>
    </p>
   </div>
   <div class='ocr_carea' id='block_1_18' title="bbox 453 1916 1471 1987">
    <p class='ocr_par' dir='ltr' id='par_1_18' title="bbox 453 1916 1471 1987">
     <span class='ocr_line' id='line_1_18' title="bbox 453 1916 1471 1987; baseline 0.013 -22"><span class='ocrx_word' id='word_1_122' title='bbox 453 1917 647 1983; x_wconf 82' lang='lat' dir='ltr'><strong>possint</strong></span> <span class='ocrx_word' id='word_1_123' title='bbox 668 1916 910 1987; x_wconf 80' lang='lat' dir='ltr'><strong>intelligi,</strong></span> <span class='ocrx_word' id='word_1_124' title='bbox 939 1935 1002 1973; x_wconf 72' lang='lat' dir='ltr'><strong>ex</strong></span> <span class='ocrx_word' id='word_1_125' title='bbox 1027 1916 1208 1975; x_wconf 67' lang='lat' dir='ltr'><strong>eodem</strong></span> <span class='ocrx_word' id='word_1_126' title='bbox 1237 1916 1367 1977; x_wconf 79' lang='lat' dir='ltr'><strong>libro</strong></span> <span class='ocrx_word' id='word_1_127' title='bbox 1396 1938 1471 1979; x_wconf 73' lang='grc' dir='ltr'><strong>χι.</strong></span> 
     </span>
    </p>
   </div>
   <div class='ocr_carea' id='block_1_19' title="bbox 231 2002 1751 2091">
    <p class='ocr_par' dir='ltr' id='par_1_19' title="bbox 231 2002 1751 2091">
     <span class='ocr_line' id='line_1_19' title="bbox 231 2002 1751 2091; baseline 0.011 -31"><span class='ocrx_word' id='word_1_128' title='bbox 231 2002 341 2060; x_wconf 84' lang='lat' dir='ltr'><strong>Ubi</strong></span> <span class='ocrx_word' id='word_1_129' title='bbox 382 2004 450 2061; x_wconf 91' lang='lat' dir='ltr'><strong>de</strong></span> <span class='ocrx_word' id='word_1_130' title='bbox 485 2008 671 2062; x_wconf 90' lang='lat' dir='ltr'><strong>mundi</strong></span> <span class='ocrx_word' id='word_1_131' title='bbox 692 2013 1077 2069; x_wconf 86' lang='lat' dir='ltr'><strong>constitutione</strong></span> <span class='ocrx_word' id='word_1_132' title='bbox 1104 2030 1276 2072; x_wconf 67' lang='lat' dir='ltr'><strong>sacrae</strong></span> <span class='ocrx_word' id='word_1_133' title='bbox 1297 2017 1493 2074; x_wconf 61' lang='lat' dir='ltr'><strong>litterae</strong></span> <span class='ocrx_word' id='word_1_134' title='bbox 1514 2019 1751 2091; x_wconf 77' lang='lat' dir='ltr'><strong>loquun-</strong></span> 
     </span>
    </p>
   </div>
   <div class='ocr_carea' id='block_1_20' title="bbox 160 2098 1754 2182">
    <p class='ocr_par' dir='ltr' id='par_1_20' title="bbox 160 2098 1754 2182">
     <span class='ocr_line' id='line_1_20' title="bbox 160 2098 1754 2182; baseline 0.013 -33"><span class='ocrx_word' id='word_1_135' title='bbox 160 2102 271 2161; x_wconf 87' lang='lat' dir='ltr'><strong>tur,</strong></span> <span class='ocrx_word' id='word_1_136' title='bbox 325 2110 435 2151; x_wconf 89' lang='lat' dir='ltr'><strong>non</strong></span> <span class='ocrx_word' id='word_1_137' title='bbox 482 2098 761 2156; x_wconf 85' lang='lat' dir='ltr'><strong>evidenter</strong></span> <span class='ocrx_word' id='word_1_138' title='bbox 805 2103 1001 2160; x_wconf 88' lang='lat' dir='ltr'><strong>dicitur</strong></span> <span class='ocrx_word' id='word_1_139' title='bbox 1050 2115 1230 2163; x_wconf 87' lang='lat' dir='ltr'><strong>utrum</strong></span> <span class='ocrx_word' id='word_1_140' title='bbox 1277 2111 1362 2165; x_wconf 90' lang='lat' dir='ltr'><strong>vel</strong></span> <span class='ocrx_word' id='word_1_141' title='bbox 1407 2127 1515 2182; x_wconf 89' lang='lat' dir='ltr'><strong>quo</strong></span> <span class='ocrx_word' id='word_1_142' title='bbox 1558 2114 1754 2170; x_wconf 82' lang='lat' dir='ltr'><strong>ordine</strong></span> 
     </span>
    </p>
   </div>
   <div class='ocr_carea' id='block_1_21' title="bbox 156 2191 1753 2272">
    <p class='ocr_par' dir='ltr' id='par_1_21' title="bbox 156 2191 1753 2272">
     <span class='ocr_line' id='line_1_21' title="bbox 156 2191 1753 2272; baseline 0.012 -27"><span class='ocrx_word' id='word_1_143' title='bbox 156 2191 329 2246; x_wconf 79' lang='lat' dir='ltr'><strong>creati</strong></span> <span class='ocrx_word' id='word_1_144' title='bbox 363 2194 478 2248; x_wconf 92' lang='lat' dir='ltr'><strong>sint</strong></span> <span class='ocrx_word' id='word_1_145' title='bbox 506 2197 719 2267; x_wconf 89' lang='lat' dir='ltr'><strong>angeli,</strong></span> <span class='ocrx_word' id='word_1_146' title='bbox 747 2198 842 2254; x_wconf 83' lang='lat' dir='ltr'><strong>sed</strong></span> <span class='ocrx_word' id='word_1_147' title='bbox 871 2201 919 2255; x_wconf 92' lang='lat' dir='ltr'><strong>si</strong></span> <span class='ocrx_word' id='word_1_148' title='bbox 948 2203 1297 2270; x_wconf 69' lang='lat' dir='ltr'><strong>praetermissi</strong></span> <span class='ocrx_word' id='word_1_149' title='bbox 1329 2222 1435 2261; x_wconf 89' lang='lat' dir='ltr'><strong>non</strong></span> <span class='ocrx_word' id='word_1_150' title='bbox 1466 2216 1635 2272; x_wconf 88' lang='lat' dir='ltr'><strong>sunt;</strong></span> <span class='ocrx_word' id='word_1_151' title='bbox 1667 2210 1753 2264; x_wconf 97' lang='lat' dir='ltr'><strong>vel</strong></span> 
     </span>
    </p>
   </div>
   <div class='ocr_carea' id='block_1_22' title="bbox 154 2283 1752 2367">
    <p class='ocr_par' dir='ltr' id='par_1_22' title="bbox 154 2283 1752 2367">
     <span class='ocr_line' id='line_1_22' title="bbox 154 2283 1752 2367; baseline 0.011 -30"><span class='ocrx_word' id='word_1_152' title='bbox 154 2283 286 2339; x_wconf 71' lang='lat' dir='ltr'><strong>cali</strong></span> <span class='ocrx_word' id='word_1_153' title='bbox 318 2286 536 2343; x_wconf 88' lang='lat' dir='ltr'><strong>nomine</strong></span> <span class='ocrx_word' id='word_1_154' title='bbox 560 2289 651 2343; x_wconf 91' lang='lat' dir='ltr'><strong>ubi</strong></span> <span class='ocrx_word' id='word_1_155' title='bbox 673 2289 877 2347; x_wconf 89' lang='lat' dir='ltr'><strong>dictum</strong></span> <span class='ocrx_word' id='word_1_156' title='bbox 899 2302 984 2348; x_wconf 89' lang='lat' dir='ltr'><strong>est</strong></span> <span class='ocrx_word' id='word_1_157' title='bbox 1010 2312 1024 2348; x_wconf 92' lang='lat'><strong>:</strong></span> <span class='ocrx_word' id='word_1_158' title='bbox 1052 2294 1107 2350; x_wconf 93' lang='lat' dir='ltr'><strong>In</strong></span> <span class='ocrx_word' id='word_1_159' title='bbox 1138 2298 1408 2367; x_wconf 84' lang='lat' dir='ltr'><strong>principio</strong></span> <span class='ocrx_word' id='word_1_160' title='bbox 1458 2298 1584 2354; x_wconf 89' lang='lat' dir='ltr'><strong>fecit</strong></span> <span class='ocrx_word' id='word_1_161' title='bbox 1612 2300 1752 2355; x_wconf 89' lang='lat' dir='ltr'><strong>Deus</strong></span> 
     </span>
    </p>
   </div>
   <div class='ocr_carea' id='block_1_23' title="bbox 150 2378 1755 2463">
    <p class='ocr_par' dir='ltr' id='par_1_23' title="bbox 150 2378 1755 2463">
     <span class='ocr_line' id='line_1_23' title="bbox 150 2378 1755 2463; baseline 0.011 -32"><span class='ocrx_word' id='word_1_162' title='bbox 150 2378 359 2432; x_wconf 71' lang='lat' dir='ltr'><strong>cmlum</strong></span> <span class='ocrx_word' id='word_1_163' title='bbox 388 2389 441 2434; x_wconf 92' lang='lat' dir='ltr'><strong>et</strong></span> <span class='ocrx_word' id='word_1_164' title='bbox 474 2389 673 2437; x_wconf 90' lang='lat' dir='ltr'><strong>terram</strong></span> <span class='ocrx_word' id='word_1_165' title='bbox 702 2400 717 2450; x_wconf 91' lang='lat'><strong>;</strong></span> <span class='ocrx_word' id='word_1_166' title='bbox 750 2385 834 2440; x_wconf 91' lang='lat' dir='ltr'><strong>vel</strong></span> <span class='ocrx_word' id='word_1_167' title='bbox 867 2387 1044 2455; x_wconf 80' lang='lat' dir='ltr'><strong>potius</strong></span> <span class='ocrx_word' id='word_1_168' title='bbox 1075 2389 1212 2444; x_wconf 88' lang='lat' dir='ltr'><strong>lucis</strong></span> <span class='ocrx_word' id='word_1_169' title='bbox 1240 2390 1424 2458; x_wconf 82' lang='lat' dir='ltr'><strong>hujus,</strong></span> <span class='ocrx_word' id='word_1_170' title='bbox 1451 2392 1520 2447; x_wconf 91' lang='lat' dir='ltr'><strong>de</strong></span> <span class='ocrx_word' id='word_1_171' title='bbox 1543 2409 1647 2463; x_wconf 85' lang='lat' dir='ltr'><strong>qua</strong></span> <span class='ocrx_word' id='word_1_172' title='bbox 1676 2394 1755 2448; x_wconf 87' lang='lat' dir='ltr'><strong>lo-</strong></span> 
     </span>
    </p>
   </div>
   <div class='ocr_carea' id='block_1_24' title="bbox 152 2470 1751 2552">
    <p class='ocr_par' dir='ltr' id='par_1_24' title="bbox 152 2470 1751 2552">
     <span class='ocr_line' id='line_1_24' title="bbox 152 2470 1751 2552; baseline 0.014 -32"><span class='ocrx_word' id='word_1_173' title='bbox 152 2482 319 2538; x_wconf 89' lang='lat' dir='ltr'><strong>quor,</strong></span> <span class='ocrx_word' id='word_1_174' title='bbox 352 2470 633 2541; x_wconf 87' lang='lat' dir='ltr'><strong>signiticati</strong></span> <span class='ocrx_word' id='word_1_175' title='bbox 662 2485 808 2533; x_wconf 87' lang='lat' dir='ltr'><strong>sunt.</strong></span> <span class='ocrx_word' id='word_1_176' title='bbox 853 2478 970 2533; x_wconf 84' lang='lat' dir='ltr'><strong>Non</strong></span> <span class='ocrx_word' id='word_1_177' title='bbox 998 2489 1177 2536; x_wconf 87' lang='lat' dir='ltr'><strong>autem</strong></span> <span class='ocrx_word' id='word_1_178' title='bbox 1204 2496 1327 2539; x_wconf 89' lang='lat' dir='ltr'><strong>esse</strong></span> <span class='ocrx_word' id='word_1_179' title='bbox 1356 2486 1751 2552; x_wconf 67' lang='lat' dir='ltr'><strong>prmiermissos</strong></span> 
     </span>
    </p>
   </div>
   <div class='ocr_carea' id='block_1_25' title="bbox 152 2558 1754 2645">
    <p class='ocr_par' dir='ltr' id='par_1_25' title="bbox 152 2558 1754 2645">
     <span class='ocr_line' id='line_1_25' title="bbox 152 2558 1754 2645; baseline 0.014 -33"><span class='ocrx_word' id='word_1_180' title='bbox 152 2558 291 2614; x_wconf 80' lang='lat' dir='ltr'><strong>hinc</strong></span> <span class='ocrx_word' id='word_1_181' title='bbox 320 2562 603 2631; x_wconf 78' lang='lat' dir='ltr'><strong>existimo,</strong></span> <span class='ocrx_word' id='word_1_182' title='bbox 638 2568 781 2637; x_wconf 90' lang='lat' dir='ltr'><strong>quod</strong></span> <span class='ocrx_word' id='word_1_183' title='bbox 811 2570 1071 2639; x_wconf 87' lang='lat' dir='ltr'><strong>scriptum</strong></span> <span class='ocrx_word' id='word_1_184' title='bbox 1113 2564 1198 2628; x_wconf 69' lang='lat' dir='ltr'><strong>est</strong></span> <span class='ocrx_word' id='word_1_185' title='bbox 1226 2575 1557 2645; x_wconf 81' lang='lat' dir='ltr'><strong>requievisse</strong></span> <span class='ocrx_word' id='word_1_186' title='bbox 1589 2578 1754 2633; x_wconf 89' lang='lat' dir='ltr'><strong>Deum</strong></span> 
     </span>
    </p>
   </div>
   <div class='ocr_carea' id='block_1_26' title="bbox 150 2651 1752 2739">
    <p class='ocr_par' dir='ltr' id='par_1_26' title="bbox 150 2651 1752 2739">
     <span class='ocr_line' id='line_1_26' title="bbox 150 2651 1752 2739; baseline 0.013 -34"><span class='ocrx_word' id='word_1_187' title='bbox 150 2651 213 2706; x_wconf 92' lang='lat' dir='ltr'><strong>in</strong></span> <span class='ocrx_word' id='word_1_188' title='bbox 246 2651 334 2707; x_wconf 85' lang='lat' dir='ltr'><strong>die</strong></span> <span class='ocrx_word' id='word_1_189' title='bbox 374 2657 608 2725; x_wconf 88' lang='lat' dir='ltr'><strong>septimo</strong></span> <span class='ocrx_word' id='word_1_190' title='bbox 648 2660 716 2714; x_wconf 92' lang='lat' dir='ltr'><strong>ab</strong></span> <span class='ocrx_word' id='word_1_191' title='bbox 741 2660 995 2718; x_wconf 83' lang='lat' dir='ltr'><strong>omnibus</strong></span> <span class='ocrx_word' id='word_1_192' title='bbox 1024 2664 1280 2733; x_wconf 88' lang='lat' dir='ltr'><strong>operibus</strong></span> <span class='ocrx_word' id='word_1_193' title='bbox 1308 2670 1422 2724; x_wconf 80' lang='lat' dir='ltr'><strong>suis</strong></span> <span class='ocrx_word' id='word_1_194' title='bbox 1452 2685 1572 2739; x_wconf 78' lang='lat' dir='ltr'><strong>qua:</strong></span> <span class='ocrx_word' id='word_1_195' title='bbox 1603 2670 1752 2739; x_wconf 82' lang='lat' dir='ltr'><strong>fecit,</strong></span> 
     </span>
    </p>
   </div>
   <div class='ocr_carea' id='block_1_27' title="bbox 150 2744 1758 2833">
    <p class='ocr_par' dir='ltr' id='par_1_27' title="bbox 150 2744 1758 2833">
     <span class='ocr_line' id='line_1_27' title="bbox 150 2744 1758 2833; baseline 0.015 -37"><span class='ocrx_word' id='word_1_196' title='bbox 150 2757 286 2797; x_wconf 88' lang='lat' dir='ltr'><strong>cum</strong></span> <span class='ocrx_word' id='word_1_197' title='bbox 337 2744 473 2800; x_wconf 89' lang='lat' dir='ltr'><strong>liber</strong></span> <span class='ocrx_word' id='word_1_198' title='bbox 521 2746 637 2817; x_wconf 85' lang='lat' dir='ltr'><strong>ipse</strong></span> <span class='ocrx_word' id='word_1_199' title='bbox 688 2751 761 2805; x_wconf 91' lang='lat' dir='ltr'><strong>ita</strong></span> <span class='ocrx_word' id='word_1_200' title='bbox 807 2753 881 2807; x_wconf 86' lang='lat' dir='ltr'><strong>sit</strong></span> <span class='ocrx_word' id='word_1_201' title='bbox 907 2768 1132 2813; x_wconf 80' lang='lat' dir='ltr'><strong>exorsus</strong></span> <span class='ocrx_word' id='word_1_202' title='bbox 1162 2776 1174 2811; x_wconf 93' lang='lat'><strong>:</strong></span> <span class='ocrx_word' id='word_1_203' title='bbox 1209 2759 1267 2813; x_wconf 90' lang='lat' dir='ltr'><strong>lu</strong></span> <span class='ocrx_word' id='word_1_204' title='bbox 1319 2763 1585 2833; x_wconf 89' lang='lat' dir='ltr'><strong>principio</strong></span> <span class='ocrx_word' id='word_1_205' title='bbox 1631 2764 1758 2819; x_wconf 81' lang='lat' dir='ltr'><strong>fecit</strong></span> 
     </span>
    </p>
   </div>
   <div class='ocr_carea' id='block_1_28' title="bbox 152 2835 1755 2912">
    <p class='ocr_par' dir='ltr' id='par_1_28' title="bbox 152 2835 1755 2912">
     <span class='ocr_line' id='line_1_28' title="bbox 152 2835 1755 2912; baseline 0.014 -22"><span class='ocrx_word' id='word_1_206' title='bbox 152 2835 306 2891; x_wconf 89' lang='lat' dir='ltr'><strong>Deus</strong></span> <span class='ocrx_word' id='word_1_207' title='bbox 328 2837 523 2893; x_wconf 85' lang='lat' dir='ltr'><strong>coelum</strong></span> <span class='ocrx_word' id='word_1_208' title='bbox 547 2850 601 2896; x_wconf 93' lang='lat' dir='ltr'><strong>et</strong></span> <span class='ocrx_word' id='word_1_209' title='bbox 624 2853 845 2911; x_wconf 87' lang='lat' dir='ltr'><strong>terram,</strong></span> <span class='ocrx_word' id='word_1_210' title='bbox 876 2858 934 2902; x_wconf 92' lang='lat' dir='ltr'><strong>ut</strong></span> <span class='ocrx_word' id='word_1_211' title='bbox 954 2858 1078 2904; x_wconf 88' lang='lat' dir='ltr'><strong>ante</strong></span> <span class='ocrx_word' id='word_1_212' title='bbox 1098 2866 1129 2904; x_wconf 88' lang='lat' dir='ltr'><strong>a</strong></span> <span class='ocrx_word' id='word_1_213' title='bbox 1149 2852 1289 2907; x_wconf 68' lang='lat' dir='ltr'><strong>coelo</strong></span> <span class='ocrx_word' id='word_1_214' title='bbox 1316 2862 1372 2908; x_wconf 90' lang='lat' dir='ltr'><strong>et</strong></span> <span class='ocrx_word' id='word_1_215' title='bbox 1398 2864 1595 2911; x_wconf 87' lang='lat' dir='ltr'><strong>terram</strong></span> <span class='ocrx_word' id='word_1_216' title='bbox 1622 2857 1755 2912; x_wconf 86' lang='lat' dir='ltr'><strong>nihil</strong></span> 
     </span>
    </p>
   </div>
   <div class='ocr_carea' id='block_1_29' title="bbox 148 2927 1753 3013">
    <p class='ocr_par' dir='ltr' id='par_1_29' title="bbox 148 2927 1753 3013">
     <span class='ocr_line' id='line_1_29' title="bbox 148 2927 1753 3013; baseline 0.014 -30"><span class='ocrx_word' id='word_1_217' title='bbox 148 2927 312 2984; x_wconf 86' lang='lat' dir='ltr'><strong>aliud</strong></span> <span class='ocrx_word' id='word_1_218' title='bbox 344 2928 538 3003; x_wconf 83' lang='lat' dir='ltr'><strong>fecisse</strong></span> <span class='ocrx_word' id='word_1_219' title='bbox 560 2934 825 2992; x_wconf 90' lang='lat' dir='ltr'><strong>videatur.</strong></span> <span class='ocrx_word' id='word_1_220' title='bbox 849 2937 984 2996; x_wconf 89' lang='lat' dir='ltr'><strong>Cum</strong></span> <span class='ocrx_word' id='word_1_221' title='bbox 1008 2958 1138 3013; x_wconf 85' lang='lat' dir='ltr'><strong>ergo</strong></span> <span class='ocrx_word' id='word_1_222' title='bbox 1166 2959 1197 2999; x_wconf 88' lang='lat' dir='ltr'><strong>a</strong></span> <span class='ocrx_word' id='word_1_223' title='bbox 1216 2946 1364 3002; x_wconf 63' lang='lat' dir='ltr'><strong>calo</strong></span> <span class='ocrx_word' id='word_1_224' title='bbox 1384 2956 1443 3004; x_wconf 92' lang='lat' dir='ltr'><strong>et</strong></span> <span class='ocrx_word' id='word_1_225' title='bbox 1464 2955 1611 3003; x_wconf 87' lang='lat' dir='ltr'><strong>terra</strong></span> <span class='ocrx_word' id='word_1_226' title='bbox 1640 2965 1753 3004; x_wconf 74' lang='lat' dir='ltr'><strong>cte-</strong></span> 
     </span>
    </p>
   </div>
   <div class='ocr_carea' id='block_1_30' title="bbox 148 3019 1749 3109">
    <p class='ocr_par' dir='ltr' id='par_1_30' title="bbox 148 3019 1749 3109">
     <span class='ocr_line' id='line_1_30' title="bbox 148 3019 1749 3109; baseline 0.016 -36"><span class='ocrx_word' id='word_1_227' title='bbox 148 3019 323 3089; x_wconf 87' lang='lat' dir='ltr'><strong>perit,</strong></span> <span class='ocrx_word' id='word_1_228' title='bbox 374 3028 532 3093; x_wconf 88' lang='lat' dir='ltr'><strong>atque</strong></span> <span class='ocrx_word' id='word_1_229' title='bbox 582 3024 699 3095; x_wconf 85' lang='lat' dir='ltr'><strong>ipsa</strong></span> <span class='ocrx_word' id='word_1_230' title='bbox 732 3036 875 3084; x_wconf 90' lang='lat' dir='ltr'><strong>terra</strong></span> <span class='ocrx_word' id='word_1_231' title='bbox 913 3046 1078 3102; x_wconf 90' lang='lat' dir='ltr'><strong>quam</strong></span> <span class='ocrx_word' id='word_1_232' title='bbox 1126 3037 1372 3104; x_wconf 80' lang='lat' dir='ltr'><strong>primitus</strong></span> <span class='ocrx_word' id='word_1_233' title='bbox 1416 3040 1566 3109; x_wconf 68' lang='lat' dir='ltr'><strong>fecit,</strong></span> <span class='ocrx_word' id='word_1_234' title='bbox 1613 3041 1749 3098; x_wconf 80' lang='lat' dir='ltr'><strong>sicut</strong></span> 
     </span>
    </p>
   </div>
   <div class='ocr_carea' id='block_1_31' title="bbox 145 3109 1751 3196">
    <p class='ocr_par' dir='ltr' id='par_1_31' title="bbox 145 3109 1751 3196">
     <span class='ocr_line' id='line_1_31' title="bbox 145 3109 1751 3196; baseline 0.014 -30"><span class='ocrx_word' id='word_1_235' title='bbox 145 3109 438 3180; x_wconf 81' lang='lat' dir='ltr'><strong>Scriptura</strong></span> <span class='ocrx_word' id='word_1_236' title='bbox 481 3128 877 3189; x_wconf 89' lang='lat' dir='ltr'><strong>consequenter</strong></span> <span class='ocrx_word' id='word_1_237' title='bbox 918 3124 1209 3196; x_wconf 84' lang='lat' dir='ltr'><strong>eloquitur,</strong></span> <span class='ocrx_word' id='word_1_238' title='bbox 1258 3129 1547 3185; x_wconf 80' lang='lat' dir='ltr'><strong>invisibilis</strong></span> <span class='ocrx_word' id='word_1_239' title='bbox 1582 3141 1639 3186; x_wconf 92' lang='lat' dir='ltr'><strong>et</strong></span> <span class='ocrx_word' id='word_1_240' title='bbox 1666 3133 1751 3188; x_wconf 84' lang='lat' dir='ltr'><strong>in-</strong></span> 
     </span>
    </p>
   </div>
   <div class='ocr_carea' id='block_1_32' title="bbox 145 3205 1747 3289">
    <p class='ocr_par' dir='ltr' id='par_1_32' title="bbox 145 3205 1747 3289">
     <span class='ocr_line' id='line_1_32' title="bbox 145 3205 1747 3289; baseline 0.014 -33"><span class='ocrx_word' id='word_1_241' title='bbox 145 3205 462 3274; x_wconf 88' lang='lat' dir='ltr'><strong>composita</strong></span> <span class='ocrx_word' id='word_1_242' title='bbox 511 3209 854 3283; x_wconf 88' lang='lat' dir='ltr'><strong>nondumque</strong></span> <span class='ocrx_word' id='word_1_243' title='bbox 903 3213 1020 3271; x_wconf 91' lang='lat' dir='ltr'><strong>luce</strong></span> <span class='ocrx_word' id='word_1_244' title='bbox 1057 3215 1232 3285; x_wconf 84' lang='lat' dir='ltr'><strong>facta,</strong></span> <span class='ocrx_word' id='word_1_245' title='bbox 1282 3222 1467 3289; x_wconf 85' lang='lat' dir='ltr'><strong>utique</strong></span> <span class='ocrx_word' id='word_1_246' title='bbox 1506 3222 1747 3279; x_wconf 63' lang='lat' dir='ltr'><strong>tenebrae</strong></span> 
     </span>
    </p>
   </div>
   <div class='ocr_carea' id='block_1_33' title="bbox 1867 618 3444 692">
    <p class='ocr_par' dir='ltr' id='par_1_33' title="bbox 1867 618 3444 692">
     <span class='ocr_line' id='line_1_33' title="bbox 1867 618 3444 692; baseline 0.004 -20"><span class='ocrx_word' id='word_1_247' title='bbox 1867 618 1925 673; x_wconf 88' lang='lat' dir='ltr'><strong>In</strong></span> <span class='ocrx_word' id='word_1_248' title='bbox 1976 632 2223 689; x_wconf 77' lang='lat' dir='ltr'><strong>promp&#39;u</strong></span> <span class='ocrx_word' id='word_1_249' title='bbox 2260 628 2346 676; x_wconf 85' lang='lat' dir='ltr'><strong>est</strong></span> <span class='ocrx_word' id='word_1_250' title='bbox 2387 622 2529 677; x_wconf 91' lang='lat' dir='ltr'><strong>enim</strong></span> <span class='ocrx_word' id='word_1_251' title='bbox 2572 621 2703 692; x_wconf 89' lang='lat' dir='ltr'><strong>quid</strong></span> <span class='ocrx_word' id='word_1_252' title='bbox 2743 622 2832 677; x_wconf 89' lang='lat' dir='ltr'><strong>illo</strong></span> <span class='ocrx_word' id='word_1_253' title='bbox 2869 622 2957 678; x_wconf 88' lang='lat' dir='ltr'><strong>die</strong></span> <span class='ocrx_word' id='word_1_254' title='bbox 2998 622 3197 677; x_wconf 87' lang='lat' dir='ltr'><strong>factum</strong></span> <span class='ocrx_word' id='word_1_255' title='bbox 3227 632 3338 676; x_wconf 87' lang='lat' dir='ltr'><strong>stt:</strong></span> <span class='ocrx_word' id='word_1_256' title='bbox 3372 620 3444 678; x_wconf 75' lang='lat' dir='ltr'><strong>ab</strong></span> 
     </span>
    </p>
   </div>
   <div class='ocr_carea' id='block_1_34' title="bbox 1865 713 3447 784">
    <p class='ocr_par' dir='ltr' id='par_1_34' title="bbox 1865 713 3447 784">
     <span class='ocr_line' id='line_1_34' title="bbox 1865 713 3447 784; baseline 0.004 -22"><span class='ocrx_word' id='word_1_257' title='bbox 1865 716 2016 779; x_wconf 76' lang='lat' dir='ltr'><strong>aquis</strong></span> <span class='ocrx_word' id='word_1_258' title='bbox 2049 715 2234 781; x_wconf 86' lang='lat' dir='ltr'><strong>utique</strong></span> <span class='ocrx_word' id='word_1_259' title='bbox 2277 722 2414 768; x_wconf 90' lang='lat' dir='ltr'><strong>terra</strong></span> <span class='ocrx_word' id='word_1_260' title='bbox 2442 713 2676 770; x_wconf 87' lang='lat' dir='ltr'><strong>discreta</strong></span> <span class='ocrx_word' id='word_1_261' title='bbox 2707 723 2829 783; x_wconf 90' lang='lat' dir='ltr'><strong>est,</strong></span> <span class='ocrx_word' id='word_1_262' title='bbox 2856 724 2913 769; x_wconf 88' lang='lat' dir='ltr'><strong>et</strong></span> <span class='ocrx_word' id='word_1_263' title='bbox 2933 714 3215 769; x_wconf 88' lang='lat' dir='ltr'><strong>distinctas</strong></span> <span class='ocrx_word' id='word_1_264' title='bbox 3241 714 3323 768; x_wconf 86' lang='lat' dir='ltr'><strong>sui</strong></span> <span class='ocrx_word' id='word_1_265' title='bbox 3353 726 3447 784; x_wconf 52' lang='grc' dir='ltr'><strong>αθ</strong></span> 
     </span>
    </p>
   </div>
   <div class='ocr_carea' id='block_1_35' title="bbox 1867 803 3448 875">
    <p class='ocr_par' dir='ltr' id='par_1_35' title="bbox 1867 803 3448 875">
     <span class='ocr_line' id='line_1_35' title="bbox 1867 803 3448 875; baseline 0.003 -19"><span class='ocrx_word' id='word_1_266' title='bbox 1867 803 2012 858; x_wconf 90' lang='lat' dir='ltr'><strong>neris</strong></span> <span class='ocrx_word' id='word_1_267' title='bbox 2038 803 2250 872; x_wconf 85' lang='lat' dir='ltr'><strong>species</strong></span> <span class='ocrx_word' id='word_1_268' title='bbox 2277 805 2385 860; x_wconf 91' lang='lat' dir='ltr'><strong>duo</strong></span> <span class='ocrx_word' id='word_1_269' title='bbox 2416 807 2513 860; x_wconf 85' lang='lat' dir='ltr'><strong>ista</strong></span> <span class='ocrx_word' id='word_1_270' title='bbox 2540 807 2803 863; x_wconf 89' lang='lat' dir='ltr'><strong>elementa</strong></span> <span class='ocrx_word' id='word_1_271' title='bbox 2829 815 3196 875; x_wconf 75' lang='lat' dir='ltr'><strong>sumpserunt,</strong></span> <span class='ocrx_word' id='word_1_272' title='bbox 3234 814 3289 861; x_wconf 92' lang='lat' dir='ltr'><strong>et</strong></span> <span class='ocrx_word' id='word_1_273' title='bbox 3321 817 3448 874; x_wconf 90' lang='lat' dir='ltr'><strong>pro-</strong></span> 
     </span>
    </p>
   </div>
   <div class='ocr_carea' id='block_1_36' title="bbox 1864 895 3445 969">
    <p class='ocr_par' dir='ltr' id='par_1_36' title="bbox 1864 895 3445 969">
     <span class='ocr_line' id='line_1_36' title="bbox 1864 895 3445 969; baseline 0.001 -20"><span class='ocrx_word' id='word_1_274' title='bbox 1864 895 2024 950; x_wconf 81' lang='lat' dir='ltr'><strong>duxit</strong></span> <span class='ocrx_word' id='word_1_275' title='bbox 2064 906 2203 952; x_wconf 88' lang='lat' dir='ltr'><strong>terra</strong></span> <span class='ocrx_word' id='word_1_276' title='bbox 2226 897 2487 969; x_wconf 84' lang='lat' dir='ltr'><strong>quidquid</strong></span> <span class='ocrx_word' id='word_1_277' title='bbox 2513 902 2561 955; x_wconf 89' lang='lat' dir='ltr'><strong>ei</strong></span> <span class='ocrx_word' id='word_1_278' title='bbox 2595 902 2853 957; x_wconf 83' lang='lat' dir='ltr'><strong>radicitus</strong></span> <span class='ocrx_word' id='word_1_279' title='bbox 2884 900 3132 955; x_wconf 73' lang='lat' dir='ltr'><strong>inhzt&#39;t‘el.</strong></span> <span class='ocrx_word' id='word_1_280' title='bbox 3165 896 3445 966; x_wconf 79' lang='lat' dir='ltr'><strong>Nunquid-</strong></span> 
     </span>
    </p>
   </div>
   <div class='ocr_carea' id='block_1_37' title="bbox 1864 991 3445 1064">
    <p class='ocr_par' dir='ltr' id='par_1_37' title="bbox 1864 991 3445 1064">
     <span class='ocr_line' id='line_1_37' title="bbox 1864 991 3445 1064; baseline -0.001 -21"><span class='ocrx_word' id='word_1_281' title='bbox 1864 1003 1989 1043; x_wconf 90' lang='lat' dir='ltr'><strong>nam</strong></span> <span class='ocrx_word' id='word_1_282' title='bbox 2012 991 2291 1045; x_wconf 80' lang='lat' dir='ltr'><strong>secundo?</strong></span> <span class='ocrx_word' id='word_1_283' title='bbox 2316 1007 2383 1045; x_wconf 90' lang='lat' dir='ltr'><strong>ne</strong></span> <span class='ocrx_word' id='word_1_284' title='bbox 2411 991 2512 1049; x_wconf 91' lang='lat' dir='ltr'><strong>hoc</strong></span> <span class='ocrx_word' id='word_1_285' title='bbox 2534 994 2749 1064; x_wconf 81' lang='lat' dir='ltr'><strong>quidem</strong></span> <span class='ocrx_word' id='word_1_286' title='bbox 2773 1012 2784 1048; x_wconf 95' lang='lat'><strong>:</strong></span> <span class='ocrx_word' id='word_1_287' title='bbox 2819 1001 2945 1049; x_wconf 89' lang='lat' dir='ltr'><strong>tunc</strong></span> <span class='ocrx_word' id='word_1_288' title='bbox 2968 994 3110 1047; x_wconf 87' lang='lat' dir='ltr'><strong>enim</strong></span> <span class='ocrx_word' id='word_1_289' title='bbox 3140 991 3445 1045; x_wconf 85' lang='lat' dir='ltr'><strong>ﬁrmamen-</strong></span> 
     </span>
    </p>
   </div>
   <div class='ocr_carea' id='block_1_38' title="bbox 1864 1087 3446 1164">
    <p class='ocr_par' dir='ltr' id='par_1_38' title="bbox 1864 1087 3446 1164">
     <span class='ocr_line' id='line_1_38' title="bbox 1864 1087 3446 1164; baseline -0.002 -22"><span class='ocrx_word' id='word_1_290' title='bbox 1864 1094 1974 1142; x_wconf 89' lang='lat' dir='ltr'><strong>tum</strong></span> <span class='ocrx_word' id='word_1_291' title='bbox 2024 1089 2218 1144; x_wconf 84' lang='lat' dir='ltr'><strong>factum</strong></span> <span class='ocrx_word' id='word_1_292' title='bbox 2248 1099 2333 1145; x_wconf 92' lang='lat' dir='ltr'><strong>est</strong></span> <span class='ocrx_word' id='word_1_293' title='bbox 2362 1107 2527 1161; x_wconf 86' lang='lat' dir='ltr'><strong>super</strong></span> <span class='ocrx_word' id='word_1_294' title='bbox 2563 1107 2727 1164; x_wconf 85' lang='lat' dir='ltr'><strong>aquas</strong></span> <span class='ocrx_word' id='word_1_295' title='bbox 2771 1092 3098 1163; x_wconf 75' lang='lat' dir='ltr'><strong>superiores,</strong></span> <span class='ocrx_word' id='word_1_296' title='bbox 3146 1087 3446 1150; x_wconf 67' lang='lat' dir='ltr'><strong>calquue</strong></span> 
     </span>
    </p>
   </div>
   <div class='ocr_carea' id='block_1_39' title="bbox 1868 1176 3447 1258">
    <p class='ocr_par' dir='ltr' id='par_1_39' title="bbox 1868 1176 3447 1258">
     <span class='ocr_line' id='line_1_39' title="bbox 1868 1176 3447 1258; baseline -0.007 -19"><span class='ocrx_word' id='word_1_297' title='bbox 1868 1186 2189 1256; x_wconf 84' lang='lat' dir='ltr'><strong>appellatum</strong></span> <span class='ocrx_word' id='word_1_298' title='bbox 2220 1197 2323 1251; x_wconf 91' lang='lat' dir='ltr'><strong>est,</strong></span> <span class='ocrx_word' id='word_1_299' title='bbox 2361 1188 2411 1242; x_wconf 92' lang='lat' dir='ltr'><strong>in</strong></span> <span class='ocrx_word' id='word_1_300' title='bbox 2455 1202 2562 1258; x_wconf 92' lang='lat' dir='ltr'><strong>quo</strong></span> <span class='ocrx_word' id='word_1_301' title='bbox 2594 1190 2933 1243; x_wconf 88' lang='lat' dir='ltr'><strong>firmamento</strong></span> <span class='ocrx_word' id='word_1_302' title='bbox 2971 1192 3161 1256; x_wconf 84' lang='lat' dir='ltr'><strong>quarto</strong></span> <span class='ocrx_word' id='word_1_303' title='bbox 3188 1179 3276 1236; x_wconf 89' lang='lat' dir='ltr'><strong>die</strong></span> <span class='ocrx_word' id='word_1_304' title='bbox 3306 1176 3447 1232; x_wconf 83' lang='lat' dir='ltr'><strong>facta</strong></span> 
     </span>
    </p>
   </div>
   <div class='ocr_carea' id='block_1_40' title="bbox 1863 1273 3447 1351">
    <p class='ocr_par' dir='ltr' id='par_1_40' title="bbox 1863 1273 3447 1351">
     <span class='ocr_line' id='line_1_40' title="bbox 1863 1273 3447 1351; baseline -0.007 -18"><span class='ocrx_word' id='word_1_305' title='bbox 1863 1288 1992 1333; x_wconf 91' lang='lat' dir='ltr'><strong>sunt</strong></span> <span class='ocrx_word' id='word_1_306' title='bbox 2029 1279 2250 1334; x_wconf 87' lang='lat' dir='ltr'><strong>sidera:</strong></span> <span class='ocrx_word' id='word_1_307' title='bbox 2293 1280 2544 1335; x_wconf 83' lang='lat' dir='ltr'><strong>nimirum</strong></span> <span class='ocrx_word' id='word_1_308' title='bbox 2586 1294 2717 1351; x_wconf 88' lang='lat' dir='ltr'><strong>ergo</strong></span> <span class='ocrx_word' id='word_1_309' title='bbox 2755 1282 2803 1336; x_wconf 87' lang='lat' dir='ltr'><strong>si</strong></span> <span class='ocrx_word' id='word_1_310' title='bbox 2847 1280 2913 1335; x_wconf 88' lang='lat' dir='ltr'><strong>ad</strong></span> <span class='ocrx_word' id='word_1_311' title='bbox 2956 1280 3183 1334; x_wconf 89' lang='lat' dir='ltr'><strong>istorum</strong></span> <span class='ocrx_word' id='word_1_312' title='bbox 3237 1273 3447 1327; x_wconf 89' lang='lat' dir='ltr'><strong>dierum</strong></span> 
     </span>
    </p>
   </div>
   <div class='ocr_carea' id='block_1_41' title="bbox 1862 1369 3450 1444">
    <p class='ocr_par' dir='ltr' id='par_1_41' title="bbox 1862 1369 3450 1444">
     <span class='ocr_line' id='line_1_41' title="bbox 1862 1369 3450 1444; baseline -0.004 -19"><span class='ocrx_word' id='word_1_313' title='bbox 1862 1385 2026 1439; x_wconf 83' lang='lat' dir='ltr'><strong>opera</strong></span> <span class='ocrx_word' id='word_1_314' title='bbox 2071 1371 2163 1428; x_wconf 87' lang='lat' dir='ltr'><strong>Dei</strong></span> <span class='ocrx_word' id='word_1_315' title='bbox 2216 1374 2484 1442; x_wconf 73' lang='lat' dir='ltr'><strong>pertinent</strong></span> <span class='ocrx_word' id='word_1_316' title='bbox 2530 1375 2726 1442; x_wconf 78' lang='lat' dir='ltr'><strong>angeli,</strong></span> <span class='ocrx_word' id='word_1_317' title='bbox 2777 1374 2876 1444; x_wconf 90' lang='lat' dir='ltr'><strong>ipsi</strong></span> <span class='ocrx_word' id='word_1_318' title='bbox 2907 1382 3033 1429; x_wconf 90' lang='lat' dir='ltr'><strong>sunt</strong></span> <span class='ocrx_word' id='word_1_319' title='bbox 3076 1370 3163 1425; x_wconf 90' lang='lat' dir='ltr'><strong>illa</strong></span> <span class='ocrx_word' id='word_1_320' title='bbox 3204 1369 3296 1423; x_wconf 80' lang='lat' dir='ltr'><strong>lux</strong></span> <span class='ocrx_word' id='word_1_321' title='bbox 3330 1376 3450 1434; x_wconf 73' lang='lat' dir='ltr'><strong>quae</strong></span> 
     </span>
    </p>
   </div>
   <div class='ocr_carea' id='block_1_42' title="bbox 1861 1461 3450 1538">
    <p class='ocr_par' dir='ltr' id='par_1_42' title="bbox 1861 1461 3450 1538">
     <span class='ocr_line' id='line_1_42' title="bbox 1861 1461 3450 1538; baseline -0.006 -19"><span class='ocrx_word' id='word_1_322' title='bbox 1861 1463 1969 1519; x_wconf 90' lang='lat' dir='ltr'><strong>diei</strong></span> <span class='ocrx_word' id='word_1_323' title='bbox 2002 1481 2193 1522; x_wconf 90' lang='lat' dir='ltr'><strong>nomen</strong></span> <span class='ocrx_word' id='word_1_324' title='bbox 2223 1469 2461 1537; x_wconf 76' lang='lat' dir='ltr'><strong>accepit,</strong></span> <span class='ocrx_word' id='word_1_325' title='bbox 2510 1467 2669 1538; x_wconf 86' lang='lat' dir='ltr'><strong>cujus</strong></span> <span class='ocrx_word' id='word_1_326' title='bbox 2697 1464 2885 1522; x_wconf 77' lang='lat' dir='ltr'><strong>unitas</strong></span> <span class='ocrx_word' id='word_1_327' title='bbox 2900 1476 2957 1521; x_wconf 90' lang='lat' dir='ltr'><strong>ut</strong></span> <span class='ocrx_word' id='word_1_328' title='bbox 2983 1461 3450 1521; x_wconf 71' lang='lat' dir='ltr'><strong>commendaretur</strong></span> 
     </span>
    </p>
   </div>
   <div class='ocr_carea' id='block_1_43' title="bbox 1862 1550 3503 1631">
    <p class='ocr_par' dir='ltr' id='par_1_43' title="bbox 1862 1550 3503 1631">
     <span class='ocr_line' id='line_1_43' title="bbox 1862 1550 3503 1631; baseline -0.004 -20"><span class='ocrx_word' id='word_1_329' title='bbox 1862 1572 1970 1612; x_wconf 90' lang='lat' dir='ltr'><strong>non</strong></span> <span class='ocrx_word' id='word_1_330' title='bbox 1993 1569 2076 1613; x_wconf 90' lang='lat' dir='ltr'><strong>est</strong></span> <span class='ocrx_word' id='word_1_331' title='bbox 2101 1562 2275 1615; x_wconf 83' lang='lat' dir='ltr'><strong>dictus</strong></span> <span class='ocrx_word' id='word_1_332' title='bbox 2300 1561 2414 1616; x_wconf 90' lang='lat' dir='ltr'><strong>dies</strong></span> <span class='ocrx_word' id='word_1_333' title='bbox 2447 1559 2682 1631; x_wconf 90' lang='lat' dir='ltr'><strong>primus,</strong></span> <span class='ocrx_word' id='word_1_334' title='bbox 2722 1560 2816 1616; x_wconf 90' lang='lat' dir='ltr'><strong>sed</strong></span> <span class='ocrx_word' id='word_1_335' title='bbox 2840 1560 2957 1616; x_wconf 89' lang='lat' dir='ltr'><strong>dies</strong></span> <span class='ocrx_word' id='word_1_336' title='bbox 2986 1571 3155 1621; x_wconf 86' lang='lat' dir='ltr'><strong>unus;</strong></span> <span class='ocrx_word' id='word_1_337' title='bbox 3188 1567 3288 1609; x_wconf 91' lang='lat' dir='ltr'><strong>nec</strong></span> <span class='ocrx_word' id='word_1_338' title='bbox 3312 1550 3450 1604; x_wconf 87' lang='lat' dir='ltr'><strong>alius</strong></span> <span class='ocrx_word' id='word_1_339' title='bbox 3498 1565 3503 1570; x_wconf 52' lang='grc' dir='ltr'>ν</span> 
     </span>
    </p>
   </div>
   <div class='ocr_carea' id='block_1_44' title="bbox 1863 1640 3447 1718">
    <p class='ocr_par' dir='ltr' id='par_1_44' title="bbox 1863 1640 3447 1718">
     <span class='ocr_line' id='line_1_44' title="bbox 1863 1640 3447 1718; baseline -0.008 -14"><span class='ocrx_word' id='word_1_340' title='bbox 1863 1658 1947 1704; x_wconf 92' lang='lat' dir='ltr'><strong>est</strong></span> <span class='ocrx_word' id='word_1_341' title='bbox 1974 1648 2093 1706; x_wconf 91' lang='lat' dir='ltr'><strong>dies</strong></span> <span class='ocrx_word' id='word_1_342' title='bbox 2124 1651 2414 1718; x_wconf 87' lang='lat' dir='ltr'><strong>secundus,</strong></span> <span class='ocrx_word' id='word_1_343' title='bbox 2445 1661 2535 1705; x_wconf 88' lang='lat' dir='ltr'><strong>aut</strong></span> <span class='ocrx_word' id='word_1_344' title='bbox 2564 1653 2775 1715; x_wconf 88' lang='lat' dir='ltr'><strong>tertius,</strong></span> <span class='ocrx_word' id='word_1_345' title='bbox 2817 1660 2911 1704; x_wconf 86' lang='lat' dir='ltr'><strong>aut</strong></span> <span class='ocrx_word' id='word_1_346' title='bbox 2935 1649 3139 1714; x_wconf 59' lang='lat' dir='ltr'><strong>caeteri,</strong></span> <span class='ocrx_word' id='word_1_347' title='bbox 3181 1643 3274 1698; x_wconf 87' lang='lat' dir='ltr'><strong>sed</strong></span> <span class='ocrx_word' id='word_1_348' title='bbox 3305 1640 3447 1696; x_wconf 87' lang='lat' dir='ltr'><strong>idem</strong></span> 
     </span>
    </p>
   </div>
   <div class='ocr_carea' id='block_1_45' title="bbox 1863 1731 3450 1812">
    <p class='ocr_par' dir='ltr' id='par_1_45' title="bbox 1863 1731 3450 1812">
     <span class='ocr_line' id='line_1_45' title="bbox 1863 1731 3450 1812; baseline -0.009 -16"><span class='ocrx_word' id='word_1_349' title='bbox 1863 1744 1981 1811; x_wconf 78' lang='lat' dir='ltr'><strong>ipso</strong></span> <span class='ocrx_word' id='word_1_350' title='bbox 2021 1757 2179 1809; x_wconf 88' lang='lat' dir='ltr'><strong>unus,</strong></span> <span class='ocrx_word' id='word_1_351' title='bbox 2213 1743 2280 1798; x_wconf 81' lang='lat' dir='ltr'><strong>ad</strong></span> <span class='ocrx_word' id='word_1_352' title='bbox 2317 1743 2645 1812; x_wconf 90' lang='lat' dir='ltr'><strong>implendum</strong></span> <span class='ocrx_word' id='word_1_353' title='bbox 2675 1740 2950 1798; x_wconf 87' lang='lat' dir='ltr'><strong>senarium</strong></span> <span class='ocrx_word' id='word_1_354' title='bbox 2974 1740 3058 1793; x_wconf 86' lang='lat' dir='ltr'><strong>vel</strong></span> <span class='ocrx_word' id='word_1_355' title='bbox 3090 1731 3450 1805; x_wconf 87' lang='lat' dir='ltr'><strong>septenarium</strong></span> 
     </span>
    </p>
   </div>
   <div class='ocr_carea' id='block_1_46' title="bbox 1862 1826 3450 1904">
    <p class='ocr_par' dir='ltr' id='par_1_46' title="bbox 1862 1826 3450 1904">
     <span class='ocr_line' id='line_1_46' title="bbox 1862 1826 3450 1904; baseline -0.011 -14"><span class='ocrx_word' id='word_1_356' title='bbox 1862 1849 2172 1901; x_wconf 89' lang='lat' dir='ltr'><strong>numerum,</strong></span> <span class='ocrx_word' id='word_1_357' title='bbox 2200 1836 2459 1904; x_wconf 85' lang='lat' dir='ltr'><strong>repetitus</strong></span> <span class='ocrx_word' id='word_1_358' title='bbox 2485 1844 2595 1899; x_wconf 89' lang='lat' dir='ltr'><strong>est;</strong></span> <span class='ocrx_word' id='word_1_359' title='bbox 2637 1840 2856 1904; x_wconf 84' lang='lat' dir='ltr'><strong>propter</strong></span> <span class='ocrx_word' id='word_1_360' title='bbox 2882 1829 3241 1900; x_wconf 83' lang='lat' dir='ltr'><strong>septenariam</strong></span> <span class='ocrx_word' id='word_1_361' title='bbox 3269 1826 3450 1897; x_wconf 79' lang='lat' dir='ltr'><strong>[sena-</strong></span> 
     </span>
    </p>
   </div>
   <div class='ocr_carea' id='block_1_47' title="bbox 1788 1915 3451 2001">
    <p class='ocr_par' dir='ltr' id='par_1_47' title="bbox 1788 1915 3451 2001">
     <span class='ocr_line' id='line_1_47' title="bbox 1788 1915 3451 2001; baseline -0.011 -16"><span class='ocrx_word' id='word_1_362' title='bbox 1788 1940 1839 2001; x_wconf 69' lang='lat'><strong>]</strong></span> <span class='ocrx_word' id='word_1_363' title='bbox 1862 1928 2001 1983; x_wconf 86' lang='lat' dir='ltr'><strong>riam</strong></span> <span class='ocrx_word' id='word_1_364' title='bbox 2025 1927 2111 1984; x_wconf 91' lang='lat' dir='ltr'><strong>vel</strong></span> <span class='ocrx_word' id='word_1_365' title='bbox 2134 1924 2514 1999; x_wconf 87' lang='lat' dir='ltr'><strong>septenariam]</strong></span> <span class='ocrx_word' id='word_1_366' title='bbox 2531 1928 2888 1998; x_wconf 81' lang='lat' dir='ltr'><strong>cognitionem</strong></span> <span class='ocrx_word' id='word_1_367' title='bbox 2910 1921 3215 1979; x_wconf 88' lang='lat' dir='ltr'><strong>:senariam</strong></span> <span class='ocrx_word' id='word_1_368' title='bbox 3243 1915 3451 1972; x_wconf 85' lang='lat' dir='ltr'><strong>scilicet</strong></span> 
     </span>
    </p>
   </div>
   <div class='ocr_carea' id='block_1_48' title="bbox 1861 2003 3451 2090">
    <p class='ocr_par' dir='ltr' id='par_1_48' title="bbox 1861 2003 3451 2090">
     <span class='ocr_line' id='line_1_48' title="bbox 1861 2003 3451 2090; baseline -0.01 -17"><span class='ocrx_word' id='word_1_369' title='bbox 1861 2034 2085 2090; x_wconf 87' lang='lat' dir='ltr'><strong>operum</strong></span> <span class='ocrx_word' id='word_1_370' title='bbox 2113 2034 2233 2089; x_wconf 68' lang='lat' dir='ltr'><strong>qum</strong></span> <span class='ocrx_word' id='word_1_371' title='bbox 2262 2020 2387 2077; x_wconf 84' lang='lat' dir='ltr'><strong>fecit</strong></span> <span class='ocrx_word' id='word_1_372' title='bbox 2418 2019 2581 2085; x_wconf 86' lang='lat' dir='ltr'><strong>Deus,</strong></span> <span class='ocrx_word' id='word_1_373' title='bbox 2626 2028 2680 2074; x_wconf 93' lang='lat' dir='ltr'><strong>et</strong></span> <span class='ocrx_word' id='word_1_374' title='bbox 2721 2017 3005 2087; x_wconf 89' lang='lat' dir='ltr'><strong>septimant</strong></span> <span class='ocrx_word' id='word_1_375' title='bbox 3045 2003 3451 2085; x_wconf 63' lang='lat' dir='ltr'><strong>[scptenaraam]</strong></span> 
     </span>
    </p>
   </div>
   <div class='ocr_carea' id='block_1_49' title="bbox 1859 2101 3454 2182">
    <p class='ocr_par' dir='ltr' id='par_1_49' title="bbox 1859 2101 3454 2182">
     <span class='ocr_line' id='line_1_49' title="bbox 1859 2101 3454 2182; baseline -0.012 -14"><span class='ocrx_word' id='word_1_376' title='bbox 1859 2113 2055 2182; x_wconf 78' lang='lat' dir='ltr'><strong>quietis</strong></span> <span class='ocrx_word' id='word_1_377' title='bbox 2088 2113 2201 2168; x_wconf 91' lang='lat' dir='ltr'><strong>Dei.</strong></span> <span class='ocrx_word' id='word_1_378' title='bbox 2246 2113 2379 2169; x_wconf 84' lang='lat' dir='ltr'><strong>Cum</strong></span> <span class='ocrx_word' id='word_1_379' title='bbox 2410 2114 2554 2169; x_wconf 89' lang='lat' dir='ltr'><strong>enim</strong></span> <span class='ocrx_word' id='word_1_380' title='bbox 2585 2111 2718 2166; x_wconf 74' lang='lat' dir='ltr'><strong>dixit</strong></span> <span class='ocrx_word' id='word_1_381' title='bbox 2748 2111 2909 2175; x_wconf 84' lang='lat' dir='ltr'><strong>Dens,</strong></span> <span class='ocrx_word' id='word_1_382' title='bbox 2961 2108 3075 2161; x_wconf 84' lang='lat' dir='ltr'><strong>Fiat</strong></span> <span class='ocrx_word' id='word_1_383' title='bbox 3104 2105 3190 2159; x_wconf 78' lang='lat' dir='ltr'><strong>lux</strong></span> <span class='ocrx_word' id='word_1_384' title='bbox 3220 2109 3276 2156; x_wconf 90' lang='lat' dir='ltr'><strong>et</strong></span> <span class='ocrx_word' id='word_1_385' title='bbox 3317 2101 3454 2152; x_wconf 80' lang='lat' dir='ltr'><strong>facta</strong></span> 
     </span>
    </p>
   </div>
   <div class='ocr_carea' id='block_1_50' title="bbox 1862 2196 3454 2271">
    <p class='ocr_par' dir='ltr' id='par_1_50' title="bbox 1862 2196 3454 2271">
     <span class='ocr_line' id='line_1_50' title="bbox 1862 2196 3454 2271; baseline -0.011 -10"><span class='ocrx_word' id='word_1_386' title='bbox 1862 2215 1945 2261; x_wconf 84' lang='lat' dir='ltr'><strong>est</strong></span> <span class='ocrx_word' id='word_1_387' title='bbox 1969 2206 2084 2271; x_wconf 82' lang='lat' dir='ltr'><strong>lux,</strong></span> <span class='ocrx_word' id='word_1_388' title='bbox 2113 2206 2157 2260; x_wconf 89' lang='lat' dir='ltr'><strong>si</strong></span> <span class='ocrx_word' id='word_1_389' title='bbox 2189 2216 2336 2262; x_wconf 86' lang='lat' dir='ltr'><strong>recte</strong></span> <span class='ocrx_word' id='word_1_390' title='bbox 2366 2208 2417 2260; x_wconf 91' lang='lat' dir='ltr'><strong>in</strong></span> <span class='ocrx_word' id='word_1_391' title='bbox 2441 2206 2538 2260; x_wconf 84' lang='lat' dir='ltr'><strong>hac</strong></span> <span class='ocrx_word' id='word_1_392' title='bbox 2564 2204 2685 2260; x_wconf 79' lang='lat' dir='ltr'><strong>luce</strong></span> <span class='ocrx_word' id='word_1_393' title='bbox 2708 2204 2909 2259; x_wconf 88' lang='lat' dir='ltr'><strong>creatio</strong></span> <span class='ocrx_word' id='word_1_394' title='bbox 2942 2196 3257 2267; x_wconf 79' lang='lat' dir='ltr'><strong>intelligitur</strong></span> <span class='ocrx_word' id='word_1_395' title='bbox 3286 2205 3454 2259; x_wconf 85' lang='lat' dir='ltr'><strong>ange-</strong></span> 
     </span>
    </p>
   </div>
   <div class='ocr_carea' id='block_1_51' title="bbox 1862 2284 3453 2386">
    <p class='ocr_par' dir='ltr' id='par_1_51' title="bbox 1862 2284 3453 2386">
     <span class='ocr_line' id='line_1_51' title="bbox 1862 2284 3453 2386; baseline -0.008 -35"><span class='ocrx_word' id='word_1_396' title='bbox 1862 2296 2062 2363; x_wconf 88' lang='lat' dir='ltr'><strong>lorum,</strong></span> <span class='ocrx_word' id='word_1_397' title='bbox 2101 2298 2325 2367; x_wconf 87' lang='lat' dir='ltr'><strong>profecti</strong></span> <span class='ocrx_word' id='word_1_398' title='bbox 2354 2294 2640 2369; x_wconf 76' lang='lat' dir='ltr'><strong>[profecto]</strong></span> <span class='ocrx_word' id='word_1_399' title='bbox 2673 2306 2796 2351; x_wconf 89' lang='lat' dir='ltr'><strong>sunt</strong></span> <span class='ocrx_word' id='word_1_400' title='bbox 2833 2294 2957 2348; x_wconf 86' lang='lat' dir='ltr'><strong>facti</strong></span> <span class='ocrx_word' id='word_1_401' title='bbox 2988 2289 3277 2386; x_wconf 70' lang='lat' dir='ltr'><strong>participes</strong></span> <span class='ocrx_word' id='word_1_402' title='bbox 3319 2284 3453 2386; x_wconf 66' lang='lat' dir='ltr'><strong>lucis</strong></span> 
     </span>
    </p>
   </div>
   <div class='ocr_carea' id='block_1_52' title="bbox 1861 2376 3453 2478">
    <p class='ocr_par' dir='ltr' id='par_1_52' title="bbox 1861 2376 3453 2478">
     <span class='ocr_line' id='line_1_52' title="bbox 1861 2376 3453 2478; baseline -0.009 -35"><span class='ocrx_word' id='word_1_403' title='bbox 1861 2398 2104 2453; x_wconf 69' lang='lat' dir='ltr'><strong>aeternae,</strong></span> <span class='ocrx_word' id='word_1_404' title='bbox 2137 2388 2277 2458; x_wconf 88' lang='lat' dir='ltr'><strong>quod</strong></span> <span class='ocrx_word' id='word_1_405' title='bbox 2306 2400 2388 2444; x_wconf 84' lang='lat' dir='ltr'><strong>est</strong></span> <span class='ocrx_word' id='word_1_406' title='bbox 2419 2388 2531 2459; x_wconf 83' lang='lat' dir='ltr'><strong>ipsa</strong></span> <span class='ocrx_word' id='word_1_407' title='bbox 2574 2385 3022 2443; x_wconf 85' lang='lat' dir='ltr'><strong>incommutabilis</strong></span> <span class='ocrx_word' id='word_1_408' title='bbox 3042 2379 3304 2478; x_wconf 73' lang='lat' dir='ltr'><strong>sapientia</strong></span> <span class='ocrx_word' id='word_1_409' title='bbox 3336 2376 3453 2478; x_wconf 76' lang='lat' dir='ltr'><strong>Dei,</strong></span> 
     </span>
    </p>
   </div>
   <div class='ocr_carea' id='block_1_53' title="bbox 1860 2475 3450 2550">
    <p class='ocr_par' dir='ltr' id='par_1_53' title="bbox 1860 2475 3450 2550">
     <span class='ocr_line' id='line_1_53' title="bbox 1860 2475 3450 2550; baseline -0.012 -11"><span class='ocrx_word' id='word_1_410' title='bbox 1860 2493 1957 2550; x_wconf 88' lang='lat' dir='ltr'><strong>per</strong></span> <span class='ocrx_word' id='word_1_411' title='bbox 1983 2494 2142 2550; x_wconf 86' lang='lat' dir='ltr'><strong>quam</strong></span> <span class='ocrx_word' id='word_1_412' title='bbox 2188 2480 2329 2535; x_wconf 87' lang='lat' dir='ltr'><strong>facta</strong></span> <span class='ocrx_word' id='word_1_413' title='bbox 2371 2487 2500 2535; x_wconf 87' lang='lat' dir='ltr'><strong>sunt</strong></span> <span class='ocrx_word' id='word_1_414' title='bbox 2522 2479 2725 2545; x_wconf 90' lang='lat' dir='ltr'><strong>omnia,</strong></span> <span class='ocrx_word' id='word_1_415' title='bbox 2756 2492 2915 2548; x_wconf 89' lang='lat' dir='ltr'><strong>quem</strong></span> <span class='ocrx_word' id='word_1_416' title='bbox 2945 2476 3174 2532; x_wconf 86' lang='lat' dir='ltr'><strong>dicimus</strong></span> <span class='ocrx_word' id='word_1_417' title='bbox 3203 2475 3450 2539; x_wconf 86' lang='lat' dir='ltr'><strong>unigeni-</strong></span> 
     </span>
    </p>
   </div>
   <div class='ocr_carea' id='block_1_54' title="bbox 1860 2559 3453 2637">
    <p class='ocr_par' dir='ltr' id='par_1_54' title="bbox 1860 2559 3453 2637">
     <span class='ocr_line' id='line_1_54' title="bbox 1860 2559 3453 2637; baseline -0.006 -14"><span class='ocrx_word' id='word_1_418' title='bbox 1860 2577 1973 2625; x_wconf 89' lang='lat' dir='ltr'><strong>tum</strong></span> <span class='ocrx_word' id='word_1_419' title='bbox 2008 2570 2099 2625; x_wconf 88' lang='lat' dir='ltr'><strong>Dei</strong></span> <span class='ocrx_word' id='word_1_420' title='bbox 2126 2569 2342 2637; x_wconf 82' lang='lat' dir='ltr'><strong>Ftlium,</strong></span> <span class='ocrx_word' id='word_1_421' title='bbox 2375 2578 2435 2625; x_wconf 92' lang='lat' dir='ltr'><strong>ut</strong></span> <span class='ocrx_word' id='word_1_422' title='bbox 2463 2584 2528 2625; x_wconf 89' lang='lat' dir='ltr'><strong>ea</strong></span> <span class='ocrx_word' id='word_1_423' title='bbox 2562 2571 2683 2625; x_wconf 90' lang='lat' dir='ltr'><strong>luce</strong></span> <span class='ocrx_word' id='word_1_424' title='bbox 2714 2568 2995 2625; x_wconf 82' lang='lat' dir='ltr'><strong>illuminati</strong></span> <span class='ocrx_word' id='word_1_425' title='bbox 3023 2580 3127 2635; x_wconf 80' lang='lat' dir='ltr'><strong>qua</strong></span> <span class='ocrx_word' id='word_1_426' title='bbox 3155 2564 3324 2619; x_wconf 80' lang='lat' dir='ltr'><strong>creati</strong></span> <span class='ocrx_word' id='word_1_427' title='bbox 3358 2559 3453 2615; x_wconf 87' lang='lat' dir='ltr'><strong>ﬁe-</strong></span> 
     </span>
    </p>
   </div>
   <div class='ocr_carea' id='block_1_55' title="bbox 1862 2659 3453 2733">
    <p class='ocr_par' dir='ltr' id='par_1_55' title="bbox 1862 2659 3453 2733">
     <span class='ocr_line' id='line_1_55' title="bbox 1862 2659 3453 2733; baseline -0.008 -14"><span class='ocrx_word' id='word_1_428' title='bbox 1862 2672 1982 2720; x_wconf 93' lang='lat' dir='ltr'><strong>rent</strong></span> <span class='ocrx_word' id='word_1_429' title='bbox 2013 2664 2101 2719; x_wconf 74' lang='lat' dir='ltr'><strong>lux</strong></span> <span class='ocrx_word' id='word_1_430' title='bbox 2149 2673 2203 2719; x_wconf 86' lang='lat' dir='ltr'><strong>ct</strong></span> <span class='ocrx_word' id='word_1_431' title='bbox 2240 2674 2567 2720; x_wconf 87' lang='lat' dir='ltr'><strong>vocarentur</strong></span> <span class='ocrx_word' id='word_1_432' title='bbox 2609 2665 2755 2731; x_wconf 89' lang='lat' dir='ltr'><strong>dies,</strong></span> <span class='ocrx_word' id='word_1_433' title='bbox 2803 2659 3207 2733; x_wconf 73' lang='lat' dir='ltr'><strong>participatione</strong></span> <span class='ocrx_word' id='word_1_434' title='bbox 3250 2660 3453 2709; x_wconf 86' lang='lat' dir='ltr'><strong>incom-</strong></span> 
     </span>
    </p>
   </div>
   <div class='ocr_carea' id='block_1_56' title="bbox 1862 2745 3452 2827">
    <p class='ocr_par' dir='ltr' id='par_1_56' title="bbox 1862 2745 3452 2827">
     <span class='ocr_line' id='line_1_56' title="bbox 1862 2745 3452 2827; baseline -0.004 -16"><span class='ocrx_word' id='word_1_435' title='bbox 1862 2758 2137 2812; x_wconf 76' lang='lat' dir='ltr'><strong>mutabilis</strong></span> <span class='ocrx_word' id='word_1_436' title='bbox 2162 2757 2295 2813; x_wconf 89' lang='lat' dir='ltr'><strong>lucis</strong></span> <span class='ocrx_word' id='word_1_437' title='bbox 2317 2765 2371 2812; x_wconf 91' lang='lat' dir='ltr'><strong>et</strong></span> <span class='ocrx_word' id='word_1_438' title='bbox 2395 2758 2505 2812; x_wconf 87' lang='lat' dir='ltr'><strong>diei</strong></span> <span class='ocrx_word' id='word_1_439' title='bbox 2528 2758 2670 2827; x_wconf 90' lang='lat' dir='ltr'><strong>quod</strong></span> <span class='ocrx_word' id='word_1_440' title='bbox 2691 2765 2774 2811; x_wconf 90' lang='lat' dir='ltr'><strong>est</strong></span> <span class='ocrx_word' id='word_1_441' title='bbox 2801 2752 3024 2809; x_wconf 85' lang='lat' dir='ltr'><strong>verbum</strong></span> <span class='ocrx_word' id='word_1_442' title='bbox 3052 2750 3161 2813; x_wconf 88' lang='lat' dir='ltr'><strong>Dei,</strong></span> <span class='ocrx_word' id='word_1_443' title='bbox 3188 2762 3287 2819; x_wconf 85' lang='lat' dir='ltr'><strong>per</strong></span> <span class='ocrx_word' id='word_1_444' title='bbox 3308 2745 3452 2815; x_wconf 70' lang='lat' dir='ltr'><strong>Quod</strong></span> 
     </span>
    </p>
   </div>
   <div class='ocr_carea' id='block_1_57' title="bbox 1862 2844 3453 2921">
    <p class='ocr_par' dir='ltr' id='par_1_57' title="bbox 1862 2844 3453 2921">
     <span class='ocr_line' id='line_1_57' title="bbox 1862 2844 3453 2921; baseline -0.009 -15"><span class='ocrx_word' id='word_1_445' title='bbox 1862 2860 1916 2906; x_wconf 90' lang='lat' dir='ltr'><strong>et</strong></span> <span class='ocrx_word' id='word_1_446' title='bbox 1946 2852 2048 2921; x_wconf 87' lang='lat' dir='ltr'><strong>ipsi</strong></span> <span class='ocrx_word' id='word_1_447' title='bbox 2090 2860 2145 2906; x_wconf 89' lang='lat' dir='ltr'><strong>et</strong></span> <span class='ocrx_word' id='word_1_448' title='bbox 2183 2851 2361 2906; x_wconf 74' lang='lat' dir='ltr'><strong>omnia</strong></span> <span class='ocrx_word' id='word_1_449' title='bbox 2404 2854 2543 2907; x_wconf 83' lang='lat' dir='ltr'><strong>facta</strong></span> <span class='ocrx_word' id='word_1_450' title='bbox 2589 2858 2737 2907; x_wconf 90' lang='lat' dir='ltr'><strong>sunt.</strong></span> <span class='ocrx_word' id='word_1_451' title='bbox 2791 2849 2998 2904; x_wconf 87' lang='lat' dir='ltr'><strong>Lumen</strong></span> <span class='ocrx_word' id='word_1_452' title='bbox 3028 2844 3229 2916; x_wconf 84' lang='lat' dir='ltr'><strong>quippe</strong></span> <span class='ocrx_word' id='word_1_453' title='bbox 3268 2854 3453 2896; x_wconf 87' lang='lat' dir='ltr'><strong>verum</strong></span> 
     </span>
    </p>
   </div>
   <div class='ocr_carea' id='block_1_58' title="bbox 1858 2935 3455 3014">
    <p class='ocr_par' dir='ltr' id='par_1_58' title="bbox 1858 2935 3455 3014">
     <span class='ocr_line' id='line_1_58' title="bbox 1858 2935 3455 3014; baseline -0.009 -15"><span class='ocrx_word' id='word_1_454' title='bbox 1858 2944 2004 3014; x_wconf 78' lang='lat' dir='ltr'><strong>quod</strong></span> <span class='ocrx_word' id='word_1_455' title='bbox 2034 2944 2301 2999; x_wconf 86' lang='lat' dir='ltr'><strong>illuminat</strong></span> <span class='ocrx_word' id='word_1_456' title='bbox 2330 2958 2550 3000; x_wconf 84' lang='lat' dir='ltr'><strong>onmem</strong></span> <span class='ocrx_word' id='word_1_457' title='bbox 2597 2942 2867 2999; x_wconf 83' lang='lat' dir='ltr'><strong>hominem</strong></span> <span class='ocrx_word' id='word_1_458' title='bbox 2899 2946 3199 2996; x_wconf 84' lang='lat' dir='ltr'><strong>venientem</strong></span> <span class='ocrx_word' id='word_1_459' title='bbox 3229 2936 3281 2990; x_wconf 92' lang='lat' dir='ltr'><strong>in</strong></span> <span class='ocrx_word' id='word_1_460' title='bbox 3314 2935 3455 2988; x_wconf 79' lang='lat' dir='ltr'><strong>nunc</strong></span> 
     </span>
    </p>
   </div>
   <div class='ocr_carea' id='block_1_59' title="bbox 1858 3033 3454 3104">
    <p class='ocr_par' dir='ltr' id='par_1_59' title="bbox 1858 3033 3454 3104">
     <span class='ocr_line' id='line_1_59' title="bbox 1858 3033 3454 3104; baseline -0.007 -12"><span class='ocrx_word' id='word_1_461' title='bbox 1858 3037 2145 3104; x_wconf 89' lang='lat' dir='ltr'><strong>mundum,</strong></span> <span class='ocrx_word' id='word_1_462' title='bbox 2191 3036 2294 3093; x_wconf 86' lang='lat' dir='ltr'><strong>hoc</strong></span> <span class='ocrx_word' id='word_1_463' title='bbox 2332 3036 2597 3092; x_wconf 90' lang='lat' dir='ltr'><strong>illuminat</strong></span> <span class='ocrx_word' id='word_1_464' title='bbox 2637 3049 2694 3092; x_wconf 87' lang='lat' dir='ltr'><strong>et</strong></span> <span class='ocrx_word' id='word_1_465' title='bbox 2739 3049 2957 3091; x_wconf 90' lang='lat' dir='ltr'><strong>omnem</strong></span> <span class='ocrx_word' id='word_1_466' title='bbox 2994 3033 3242 3101; x_wconf 83' lang='lat' dir='ltr'><strong>angelum</strong></span> <span class='ocrx_word' id='word_1_467' title='bbox 3289 3043 3454 3083; x_wconf 90' lang='lat' dir='ltr'><strong>mun-</strong></span> 
     </span>
    </p>
   </div>
   <div class='ocr_carea' id='block_1_60' title="bbox 1858 3123 3455 3199">
    <p class='ocr_par' dir='ltr' id='par_1_60' title="bbox 1858 3123 3455 3199">
     <span class='ocr_line' id='line_1_60' title="bbox 1858 3123 3455 3199; baseline -0.004 -14"><span class='ocrx_word' id='word_1_468' title='bbox 1858 3130 2008 3194; x_wconf 88' lang='lat' dir='ltr'><strong>dum,</strong></span> <span class='ocrx_word' id='word_1_469' title='bbox 2036 3138 2097 3185; x_wconf 92' lang='lat' dir='ltr'><strong>ut</strong></span> <span class='ocrx_word' id='word_1_470' title='bbox 2124 3130 2195 3185; x_wconf 88' lang='lat' dir='ltr'><strong>sit</strong></span> <span class='ocrx_word' id='word_1_471' title='bbox 2218 3130 2308 3185; x_wconf 86' lang='lat' dir='ltr'><strong>lux</strong></span> <span class='ocrx_word' id='word_1_472' title='bbox 2337 3143 2443 3185; x_wconf 93' lang='lat' dir='ltr'><strong>non</strong></span> <span class='ocrx_word' id='word_1_473' title='bbox 2476 3130 2529 3184; x_wconf 88' lang='lat' dir='ltr'><strong>in</strong></span> <span class='ocrx_word' id='word_1_474' title='bbox 2563 3143 2624 3185; x_wconf 89' lang='lat' dir='ltr'><strong>se</strong></span> <span class='ocrx_word' id='word_1_475' title='bbox 2652 3129 2789 3199; x_wconf 89' lang='lat' dir='ltr'><strong>ipso,</strong></span> <span class='ocrx_word' id='word_1_476' title='bbox 2819 3126 2916 3183; x_wconf 87' lang='lat' dir='ltr'><strong>sed</strong></span> <span class='ocrx_word' id='word_1_477' title='bbox 2953 3125 3009 3181; x_wconf 85' lang='lat' dir='ltr'><strong>in</strong></span> <span class='ocrx_word' id='word_1_478' title='bbox 3041 3125 3149 3180; x_wconf 89' lang='lat' dir='ltr'><strong>Deo</strong></span> <span class='ocrx_word' id='word_1_479' title='bbox 3180 3140 3192 3177; x_wconf 93' lang='lat'><strong>:</strong></span> <span class='ocrx_word' id='word_1_480' title='bbox 3224 3137 3254 3177; x_wconf 86' lang='lat' dir='ltr'><strong>a</strong></span> <span class='ocrx_word' id='word_1_481' title='bbox 3284 3123 3455 3194; x_wconf 87' lang='lat' dir='ltr'><strong>quosi</strong></span> 
     </span>
    </p>
   </div>
   <div class='ocr_carea' id='block_1_61' title="bbox 1861 3220 3455 3293">
    <p class='ocr_par' dir='ltr' id='par_1_61' title="bbox 1861 3220 3455 3293">
     <span class='ocr_line' id='line_1_61' title="bbox 1861 3220 3455 3293; baseline -0.003 -16"><span class='ocrx_word' id='word_1_482' title='bbox 1861 3224 2126 3278; x_wconf 85' lang='lat' dir='ltr'><strong>avertitur</strong></span> <span class='ocrx_word' id='word_1_483' title='bbox 2165 3223 2386 3293; x_wconf 84' lang='lat' dir='ltr'><strong>angelus</strong></span> <span class='ocrx_word' id='word_1_484' title='bbox 2438 3223 2500 3277; x_wconf 85' lang='lat' dir='ltr'><strong>tit</strong></span> <span class='ocrx_word' id='word_1_485' title='bbox 2543 3223 2870 3287; x_wconf 88' lang='lat' dir='ltr'><strong>immundus,</strong></span> <span class='ocrx_word' id='word_1_486' title='bbox 2920 3220 3056 3275; x_wconf 86' lang='lat' dir='ltr'><strong>sicut</strong></span> <span class='ocrx_word' id='word_1_487' title='bbox 3106 3227 3231 3274; x_wconf 85' lang='lat' dir='ltr'><strong>sunt</strong></span> <span class='ocrx_word' id='word_1_488' title='bbox 3268 3228 3455 3272; x_wconf 89' lang='lat' dir='ltr'><strong>omnes</strong></span> 
     </span>
    </p>
   </div>
   <div class='ocr_carea' id='block_1_62' title="bbox 142 3293 3455 3404">
    <p class='ocr_par' dir='ltr' id='par_1_62' title="bbox 142 3293 3455 3404">
     <span class='ocr_line' id='line_1_62' title="bbox 142 3293 3455 3404; baseline 0.005 -55"><span class='ocrx_word' id='word_1_489' title='bbox 142 3293 365 3352; x_wconf 83' lang='lat' dir='ltr'><strong>fuerint</strong></span> <span class='ocrx_word' id='word_1_490' title='bbox 394 3314 555 3369; x_wconf 89' lang='lat' dir='ltr'><strong>super</strong></span> <span class='ocrx_word' id='word_1_491' title='bbox 588 3302 865 3375; x_wconf 86' lang='lat' dir='ltr'><strong>abyssum,</strong></span> <span class='ocrx_word' id='word_1_492' title='bbox 893 3307 945 3363; x_wconf 90' lang='lat' dir='ltr'><strong>id</strong></span> <span class='ocrx_word' id='word_1_493' title='bbox 973 3319 1054 3364; x_wconf 91' lang='lat' dir='ltr'><strong>est</strong></span> <span class='ocrx_word' id='word_1_494' title='bbox 1082 3326 1246 3382; x_wconf 88' lang='lat' dir='ltr'><strong>super</strong></span> <span class='ocrx_word' id='word_1_495' title='bbox 1279 3315 1562 3382; x_wconf 89' lang='lat' dir='ltr'><strong>quamdam</strong></span> <span class='ocrx_word' id='word_1_496' title='bbox 1595 3325 1752 3373; x_wconf 72' lang='lat' dir='ltr'><strong>terra:</strong></span> <span class='ocrx_word' id='word_1_497' title='bbox 1778 3343 1825 3404; x_wconf 67' lang='grc' dir='ltr'>ρ</span> <span class='ocrx_word' id='word_1_498' title='bbox 1856 3313 1948 3384; x_wconf 61' lang='lat' dir='ltr'><strong>Qui</strong></span> <span class='ocrx_word' id='word_1_499' title='bbox 1974 3326 2239 3369; x_wconf 72' lang='lat' dir='ltr'><strong>vocantur</strong></span> <span class='ocrx_word' id='word_1_500' title='bbox 2268 3312 2531 3369; x_wconf 88' lang='lat' dir='ltr'><strong>immundi</strong></span> <span class='ocrx_word' id='word_1_501' title='bbox 2575 3314 2818 3384; x_wconf 80' lang='lat' dir='ltr'><strong>spiritus.</strong></span> <span class='ocrx_word' id='word_1_502' title='bbox 2852 3312 2961 3404; x_wconf 83' lang='lat' dir='ltr'><strong>Nec</strong></span> <span class='ocrx_word' id='word_1_503' title='bbox 2994 3310 3105 3381; x_wconf 86' lang='lat' dir='ltr'><strong>jam</strong></span> <span class='ocrx_word' id='word_1_504' title='bbox 3147 3310 3236 3404; x_wconf 80' lang='lat' dir='ltr'><strong>lux</strong></span> <span class='ocrx_word' id='word_1_505' title='bbox 3263 3309 3455 3404; x_wconf 27' lang='grc' dir='ltr'>ιιι-Βο-</span> 
     </span>
    </p>
   </div>
   <div class='ocr_carea' id='block_1_63' title="bbox 140 3390 1748 3471">
    <p class='ocr_par' dir='ltr' id='par_1_63' title="bbox 140 3390 1748 3471">
     <span class='ocr_line' id='line_1_63' title="bbox 140 3390 1748 3471; baseline 0.014 -29"><span class='ocrx_word' id='word_1_506' title='bbox 140 3396 203 3443; x_wconf 87' lang='lat' dir='ltr'><strong>et</strong></span> <span class='ocrx_word' id='word_1_507' title='bbox 228 3403 390 3460; x_wconf 67' lang='lat' dir='ltr'><strong>aqua:</strong></span> <span class='ocrx_word' id='word_1_508' title='bbox 419 3390 784 3451; x_wconf 87' lang='lat' dir='ltr'><strong>indistinctam</strong></span> <span class='ocrx_word' id='word_1_509' title='bbox 808 3400 1207 3471; x_wconf 88' lang='lat' dir='ltr'><strong>confusionem;</strong></span> <span class='ocrx_word' id='word_1_510' title='bbox 1235 3404 1322 3459; x_wconf 89' lang='lat' dir='ltr'><strong>ubi</strong></span> <span class='ocrx_word' id='word_1_511' title='bbox 1350 3408 1494 3461; x_wconf 90' lang='lat' dir='ltr'><strong>enim</strong></span> <span class='ocrx_word' id='word_1_512' title='bbox 1523 3408 1613 3463; x_wconf 77' lang='lat' dir='ltr'><strong>lux</strong></span> <span class='ocrx_word' id='word_1_513' title='bbox 1643 3424 1748 3464; x_wconf 91' lang='lat' dir='ltr'><strong>non</strong></span> 
     </span>
    </p>
   </div>
   <div class='ocr_carea' id='block_1_64' title="bbox 139 3486 1750 3559">
    <p class='ocr_par' dir='ltr' id='par_1_64' title="bbox 139 3486 1750 3559">
     <span class='ocr_line' id='line_1_64' title="bbox 139 3486 1750 3559; baseline 0.013 -23"><span class='ocrx_word' id='word_1_514' title='bbox 139 3491 261 3551; x_wconf 87' lang='lat' dir='ltr'><strong>est,</strong></span> <span class='ocrx_word' id='word_1_515' title='bbox 302 3486 537 3541; x_wconf 62' lang='lat' dir='ltr'><strong>tenebrae</strong></span> <span class='ocrx_word' id='word_1_516' title='bbox 565 3488 673 3543; x_wconf 92' lang='lat' dir='ltr'><strong>sint</strong></span> <span class='ocrx_word' id='word_1_517' title='bbox 698 3504 920 3547; x_wconf 85' lang='lat' dir='ltr'><strong>necesse</strong></span> <span class='ocrx_word' id='word_1_518' title='bbox 943 3504 1057 3559; x_wconf 85' lang='lat' dir='ltr'><strong>est;</strong></span> <span class='ocrx_word' id='word_1_519' title='bbox 1088 3495 1283 3553; x_wconf 90' lang='lat' dir='ltr'><strong>deinde</strong></span> <span class='ocrx_word' id='word_1_520' title='bbox 1304 3500 1482 3553; x_wconf 81' lang='lat' dir='ltr'><strong>omnia</strong></span> <span class='ocrx_word' id='word_1_521' title='bbox 1514 3503 1750 3557; x_wconf 87' lang='lat' dir='ltr'><strong>creando</strong></span> 
     </span>
    </p>
   </div>
   <div class='ocr_carea' id='block_1_65' title="bbox 139 3576 1751 3653">
    <p class='ocr_par' dir='ltr' id='par_1_65' title="bbox 139 3576 1751 3653">
     <span class='ocr_line' id='line_1_65' title="bbox 139 3576 1751 3653; baseline 0.012 -22"><span class='ocrx_word' id='word_1_522' title='bbox 139 3576 418 3646; x_wconf 78' lang='lat' dir='ltr'><strong>disposita</strong></span> <span class='ocrx_word' id='word_1_523' title='bbox 446 3581 574 3649; x_wconf 90' lang='lat' dir='ltr'><strong>sint,</strong></span> <span class='ocrx_word' id='word_1_524' title='bbox 600 3597 719 3652; x_wconf 83' lang='lat' dir='ltr'><strong>quac</strong></span> <span class='ocrx_word' id='word_1_525' title='bbox 744 3600 837 3653; x_wconf 89' lang='lat' dir='ltr'><strong>per</strong></span> <span class='ocrx_word' id='word_1_526' title='bbox 864 3600 956 3641; x_wconf 81' lang='lat' dir='ltr'><strong>sex</strong></span> <span class='ocrx_word' id='word_1_527' title='bbox 987 3587 1103 3644; x_wconf 90' lang='lat' dir='ltr'><strong>dies</strong></span> <span class='ocrx_word' id='word_1_528' title='bbox 1131 3601 1503 3647; x_wconf 87' lang='lat' dir='ltr'><strong>consummata</strong></span> <span class='ocrx_word' id='word_1_529' title='bbox 1528 3608 1751 3650; x_wconf 87' lang='lat' dir='ltr'><strong>narran-</strong></span> 
     </span>
    </p>
   </div>
   <div class='ocr_carea' id='block_1_66' title="bbox 140 3672 1749 3758">
    <p class='ocr_par' dir='ltr' id='par_1_66' title="bbox 140 3672 1749 3758">
     <span class='ocr_line' id='line_1_66' title="bbox 140 3672 1749 3758; baseline 0.014 -34"><span class='ocrx_word' id='word_1_530' title='bbox 140 3677 266 3735; x_wconf 85' lang='lat' dir='ltr'><strong>tur,</strong></span> <span class='ocrx_word' id='word_1_531' title='bbox 302 3672 569 3741; x_wconf 84' lang='lat' dir='ltr'><strong>quomodo</strong></span> <span class='ocrx_word' id='word_1_532' title='bbox 592 3676 772 3745; x_wconf 79' lang='lat' dir='ltr'><strong>angeli</strong></span> <span class='ocrx_word' id='word_1_533' title='bbox 798 3680 1338 3748; x_wconf 70' lang='lat' dir='ltr'><strong>praetermitterentur</strong></span> <span class='ocrx_word' id='word_1_534' title='bbox 1369 3695 1619 3758; x_wconf 89' lang='lat' dir='ltr'><strong>tanquam</strong></span> <span class='ocrx_word' id='word_1_535' title='bbox 1643 3704 1749 3746; x_wconf 88' lang='lat' dir='ltr'><strong>non</strong></span> 
     </span>
    </p>
   </div>
   <div class='ocr_carea' id='block_1_67' title="bbox 137 3762 1753 3851">
    <p class='ocr_par' dir='ltr' id='par_1_67' title="bbox 137 3762 1753 3851">
     <span class='ocr_line' id='line_1_67' title="bbox 137 3762 1753 3851; baseline 0.015 -35"><span class='ocrx_word' id='word_1_536' title='bbox 137 3774 345 3817; x_wconf 88' lang='lat' dir='ltr'><strong>essent</strong></span> <span class='ocrx_word' id='word_1_537' title='bbox 377 3762 428 3818; x_wconf 89' lang='lat' dir='ltr'><strong>in</strong></span> <span class='ocrx_word' id='word_1_538' title='bbox 457 3765 708 3835; x_wconf 88' lang='lat' dir='ltr'><strong>operibus</strong></span> <span class='ocrx_word' id='word_1_539' title='bbox 741 3769 854 3837; x_wconf 90' lang='lat' dir='ltr'><strong>Dei,</strong></span> <span class='ocrx_word' id='word_1_540' title='bbox 897 3786 925 3825; x_wconf 88' lang='lat' dir='ltr'><strong>a</strong></span> <span class='ocrx_word' id='word_1_541' title='bbox 955 3773 1151 3843; x_wconf 90' lang='lat' dir='ltr'><strong>quibus</strong></span> <span class='ocrx_word' id='word_1_542' title='bbox 1185 3776 1239 3831; x_wconf 90' lang='lat' dir='ltr'><strong>in</strong></span> <span class='ocrx_word' id='word_1_543' title='bbox 1282 3778 1370 3835; x_wconf 89' lang='lat' dir='ltr'><strong>die</strong></span> <span class='ocrx_word' id='word_1_544' title='bbox 1410 3783 1642 3851; x_wconf 84' lang='lat' dir='ltr'><strong>septimo</strong></span> <span class='ocrx_word' id='word_1_545' title='bbox 1669 3800 1753 3840; x_wconf 87' lang='lat' dir='ltr'><strong>re-</strong></span> 
     </span>
    </p>
   </div>
   <div class='ocr_carea' id='block_1_68' title="bbox 136 3854 1751 3947">
    <p class='ocr_par' dir='ltr' id='par_1_68' title="bbox 136 3854 1751 3947">
     <span class='ocr_line' id='line_1_68' title="bbox 136 3854 1751 3947; baseline 0.014 -40"><span class='ocrx_word' id='word_1_546' title='bbox 136 3854 409 3947; x_wconf 73' lang='lat' dir='ltr'><strong>quievit?</strong></span> <span class='ocrx_word' id='word_1_547' title='bbox 438 3855 581 3927; x_wconf 92' lang='lat' dir='ltr'><strong>Opus</strong></span> <span class='ocrx_word' id='word_1_548' title='bbox 628 3868 805 3915; x_wconf 87' lang='lat' dir='ltr'><strong>autem</strong></span> <span class='ocrx_word' id='word_1_549' title='bbox 850 3860 944 3919; x_wconf 88' lang='lat' dir='ltr'><strong>Dei</strong></span> <span class='ocrx_word' id='word_1_550' title='bbox 982 3879 1104 3922; x_wconf 85' lang='lat' dir='ltr'><strong>esse</strong></span> <span class='ocrx_word' id='word_1_551' title='bbox 1138 3856 1361 3938; x_wconf 80' lang='lat' dir='ltr'><strong>angelos</strong></span> <span class='ocrx_word' id='word_1_552' title='bbox 1399 3870 1488 3947; x_wconf 82' lang='lat' dir='ltr'><strong>bic</strong></span> <span class='ocrx_word' id='word_1_553' title='bbox 1534 3874 1751 3944; x_wconf 88' lang='lat' dir='ltr'><strong>quidem</strong></span> 
     </span>
    </p>
   </div>
   <div class='ocr_carea' id='block_1_69' title="bbox 133 3946 1754 4038">
    <p class='ocr_par' dir='ltr' id='par_1_69' title="bbox 133 3946 1754 4038">
     <span class='ocr_line' id='line_1_69' title="bbox 133 3946 1754 4038; baseline 0.014 -37"><span class='ocrx_word' id='word_1_554' title='bbox 133 3946 264 4001; x_wconf 87' lang='lat' dir='ltr'><strong>etsi</strong></span> <span class='ocrx_word' id='word_1_555' title='bbox 303 3960 407 4000; x_wconf 89' lang='lat' dir='ltr'><strong>non</strong></span> <span class='ocrx_word' id='word_1_556' title='bbox 433 3953 868 4020; x_wconf 80' lang='lat' dir='ltr'><strong>praetermissum,</strong></span> <span class='ocrx_word' id='word_1_557' title='bbox 895 3971 1003 4011; x_wconf 94' lang='lat' dir='ltr'><strong>non</strong></span> <span class='ocrx_word' id='word_1_558' title='bbox 1026 3966 1205 4017; x_wconf 89' lang='lat' dir='ltr'><strong>tamen</strong></span> <span class='ocrx_word' id='word_1_559' title='bbox 1232 3946 1515 4019; x_wconf 83' lang='lat' dir='ltr'><strong>evidenter</strong></span> <span class='ocrx_word' id='word_1_560' title='bbox 1533 3980 1754 4038; x_wconf 81' lang='lat' dir='ltr'><strong>expres-</strong></span> 
     </span>
    </p>
   </div>
   <div class='ocr_carea' id='block_1_70' title="bbox 130 4038 1755 4122">
    <p class='ocr_par' dir='ltr' id='par_1_70' title="bbox 130 4038 1755 4122">
     <span class='ocr_line' id='line_1_70' title="bbox 130 4038 1755 4122; baseline 0.015 -31"><span class='ocrx_word' id='word_1_561' title='bbox 130 4051 284 4091; x_wconf 85' lang='lat' dir='ltr'><strong>sum</strong></span> <span class='ocrx_word' id='word_1_562' title='bbox 327 4048 430 4090; x_wconf 89' lang='lat' dir='ltr'><strong>est.</strong></span> <span class='ocrx_word' id='word_1_563' title='bbox 459 4038 566 4094; x_wconf 88' lang='lat' dir='ltr'><strong>Sed</strong></span> <span class='ocrx_word' id='word_1_564' title='bbox 597 4042 726 4097; x_wconf 89' lang='lat' dir='ltr'><strong>alibi</strong></span> <span class='ocrx_word' id='word_1_565' title='bbox 773 4046 874 4100; x_wconf 92' lang='lat' dir='ltr'><strong>boc</strong></span> <span class='ocrx_word' id='word_1_566' title='bbox 916 4056 1101 4104; x_wconf 88' lang='lat' dir='ltr'><strong>sancta</strong></span> <span class='ocrx_word' id='word_1_567' title='bbox 1147 4050 1424 4122; x_wconf 87' lang='lat' dir='ltr'><strong>Scriptura</strong></span> <span class='ocrx_word' id='word_1_568' title='bbox 1460 4056 1755 4115; x_wconf 85' lang='lat' dir='ltr'><strong>clarissima</strong></span> 
     </span>
    </p>
   </div>
   <div class='ocr_carea' id='block_1_71' title="bbox 1860 3400 3454 3475">
    <p class='ocr_par' dir='ltr' id='par_1_71' title="bbox 1860 3400 3454 3475">
     <span class='ocr_line' id='line_1_71' title="bbox 1860 3400 3454 3475; baseline -0.002 -15"><span class='ocrx_word' id='word_1_569' title='bbox 1860 3406 2029 3474; x_wconf 83' lang='lat' dir='ltr'><strong>mino,</strong></span> <span class='ocrx_word' id='word_1_570' title='bbox 2077 3406 2175 3461; x_wconf 89' lang='lat' dir='ltr'><strong>sed</strong></span> <span class='ocrx_word' id='word_1_571' title='bbox 2202 3406 2258 3460; x_wconf 91' lang='lat' dir='ltr'><strong>in</strong></span> <span class='ocrx_word' id='word_1_572' title='bbox 2289 3419 2349 3461; x_wconf 90' lang='lat' dir='ltr'><strong>se</strong></span> <span class='ocrx_word' id='word_1_573' title='bbox 2378 3406 2512 3475; x_wconf 86' lang='lat' dir='ltr'><strong>ipsis</strong></span> <span class='ocrx_word' id='word_1_574' title='bbox 2537 3406 2797 3467; x_wconf 63' lang='lat' dir='ltr'><strong>tenebrae,</strong></span> <span class='ocrx_word' id='word_1_575' title='bbox 2829 3403 3020 3471; x_wconf 87' lang='lat' dir='ltr'><strong>privati</strong></span> <span class='ocrx_word' id='word_1_576' title='bbox 3049 3400 3454 3471; x_wconf 81' lang='lat' dir='ltr'><strong>participatione</strong></span> 
     </span>
    </p>
   </div>
   <div class='ocr_carea' id='block_1_72' title="bbox 1854 3491 3454 3559">
    <p class='ocr_par' dir='ltr' id='par_1_72' title="bbox 1854 3491 3454 3559">
     <span class='ocr_line' id='line_1_72' title="bbox 1854 3491 3454 3559; baseline -0.004 -8"><span class='ocrx_word' id='word_1_577' title='bbox 1854 3495 1991 3551; x_wconf 73' lang='lat' dir='ltr'><strong>lucis</strong></span> <span class='ocrx_word' id='word_1_578' title='bbox 2020 3506 2237 3552; x_wconf 63' lang='lat' dir='ltr'><strong>aeternae</strong></span> <span class='ocrx_word' id='word_1_579' title='bbox 2264 3512 2279 3559; x_wconf 87' lang='lat'><strong>;</strong></span> <span class='ocrx_word' id='word_1_580' title='bbox 2311 3497 2437 3551; x_wconf 90' lang='lat' dir='ltr'><strong>mali</strong></span> <span class='ocrx_word' id='word_1_581' title='bbox 2469 3496 2613 3550; x_wconf 89' lang='lat' dir='ltr'><strong>enim</strong></span> <span class='ocrx_word' id='word_1_582' title='bbox 2642 3496 2786 3550; x_wconf 91' lang='lat' dir='ltr'><strong>nulla</strong></span> <span class='ocrx_word' id='word_1_583' title='bbox 2814 3504 3004 3550; x_wconf 88' lang='lat' dir='ltr'><strong>natura</strong></span> <span class='ocrx_word' id='word_1_584' title='bbox 3030 3500 3133 3557; x_wconf 87' lang='lat' dir='ltr'><strong>est,</strong></span> <span class='ocrx_word' id='word_1_585' title='bbox 3166 3492 3264 3547; x_wconf 85' lang='lat' dir='ltr'><strong>sed</strong></span> <span class='ocrx_word' id='word_1_586' title='bbox 3293 3491 3454 3546; x_wconf 84' lang='lat' dir='ltr'><strong>amis-</strong></span> 
     </span>
    </p>
   </div>
   <div class='ocr_carea' id='block_1_73' title="bbox 1855 3588 2737 3658">
    <p class='ocr_par' dir='ltr' id='par_1_73' title="bbox 1855 3588 2737 3658">
     <span class='ocr_line' id='line_1_73' title="bbox 1855 3588 2737 3658; baseline -0.003 -14"><span class='ocrx_word' id='word_1_587' title='bbox 1855 3588 1938 3644; x_wconf 87' lang='lat' dir='ltr'><strong>sio</strong></span> <span class='ocrx_word' id='word_1_588' title='bbox 1968 3589 2093 3645; x_wconf 90' lang='lat' dir='ltr'><strong>boni</strong></span> <span class='ocrx_word' id='word_1_589' title='bbox 2126 3589 2254 3644; x_wconf 89' lang='lat' dir='ltr'><strong>mali</strong></span> <span class='ocrx_word' id='word_1_590' title='bbox 2286 3602 2482 3645; x_wconf 89' lang='lat' dir='ltr'><strong>nomen</strong></span> <span class='ocrx_word' id='word_1_591' title='bbox 2513 3589 2737 3658; x_wconf 88' lang='lat' dir='ltr'><strong>accepit.</strong></span> 
     </span>
    </p>
   </div>
   <div class='ocr_carea' id='block_1_74' title="bbox 2423 3702 2897 3762">
    <p class='ocr_par' dir='ltr' id='par_1_74' title="bbox 2423 3702 2897 3762">
     <span class='ocr_line' id='line_1_74' title="bbox 2423 3702 2897 3762; baseline -0.008 0"><span class='ocrx_word' id='word_1_592' title='bbox 2423 3704 2654 3762; x_wconf 76' lang='lat' dir='ltr'><strong>CAPUT</strong></span> <span class='ocrx_word' id='word_1_593' title='bbox 2700 3702 2897 3760; x_wconf 85' lang='lat' dir='ltr'><strong>XXXI.</strong></span> 
     </span>
    </p>
   </div>
   <div class='ocr_carea' id='block_1_75' title="bbox 1854 3795 3449 3870">
    <p class='ocr_par' dir='ltr' id='par_1_75' title="bbox 1854 3795 3449 3870">
     <span class='ocr_line' id='line_1_75' title="bbox 1854 3795 3449 3870; baseline -0.003 -15"><span class='ocrx_word' id='word_1_594' title='bbox 1854 3795 2048 3855; x_wconf 82' lang='lat' dir='ltr'><strong>Contra</strong></span> <span class='ocrx_word' id='word_1_595' title='bbox 2072 3815 2155 3855; x_wconf 72' lang='lat' dir='ltr'><strong>eos</strong></span> <span class='ocrx_word' id='word_1_596' title='bbox 2196 3798 2287 3870; x_wconf 76' lang='lat' dir='ltr'><strong>qui</strong></span> <span class='ocrx_word' id='word_1_597' title='bbox 2316 3799 2489 3852; x_wconf 82' lang='lat' dir='ltr'><strong>dicunt</strong></span> <span class='ocrx_word' id='word_1_598' title='bbox 2520 3797 2579 3851; x_wconf 85' lang='lat' dir='ltr'><strong>ob</strong></span> <span class='ocrx_word' id='word_1_599' title='bbox 2607 3796 2702 3853; x_wconf 83' lang='lat' dir='ltr'><strong>hoc</strong></span> <span class='ocrx_word' id='word_1_600' title='bbox 2730 3798 2922 3870; x_wconf 81' lang='lat' dir='ltr'><strong>factum</strong></span> <span class='ocrx_word' id='word_1_601' title='bbox 2950 3814 3057 3852; x_wconf 82' lang='lat' dir='ltr'><strong>esse</strong></span> <span class='ocrx_word' id='word_1_602' title='bbox 3084 3798 3356 3865; x_wconf 62' lang='lat' dir='ltr'><strong>mundum,</strong></span> <span class='ocrx_word' id='word_1_603' title='bbox 3393 3808 3449 3853; x_wconf 83' lang='lat' dir='ltr'><strong>ut</strong></span> 
     </span>
    </p>
   </div>
   <div class='ocr_carea' id='block_1_76' title="bbox 1928 3871 3451 3941">
    <p class='ocr_par' dir='ltr' id='par_1_76' title="bbox 1928 3871 3451 3941">
     <span class='ocr_line' id='line_1_76' title="bbox 1928 3871 3451 3941; baseline 0.002 -18"><span class='ocrx_word' id='word_1_604' title='bbox 1928 3871 2117 3925; x_wconf 72' lang='lat' dir='ltr'><strong>animat</strong></span> <span class='ocrx_word' id='word_1_605' title='bbox 2143 3886 2257 3941; x_wconf 78' lang='lat' dir='ltr'><strong>qua:</strong></span> <span class='ocrx_word' id='word_1_606' title='bbox 2301 3872 2444 3937; x_wconf 84' lang='lat' dir='ltr'><strong>prius</strong></span> <span class='ocrx_word' id='word_1_607' title='bbox 2481 3877 2815 3936; x_wconf 78' lang='lat' dir='ltr'><strong>peccaverant</strong></span> <span class='ocrx_word' id='word_1_608' title='bbox 2842 3871 2896 3922; x_wconf 82' lang='lat' dir='ltr'><strong>in</strong></span> <span class='ocrx_word' id='word_1_609' title='bbox 2930 3885 2988 3924; x_wconf 83' lang='lat' dir='ltr'><strong>eo</strong></span> <span class='ocrx_word' id='word_1_610' title='bbox 3022 3872 3406 3924; x_wconf 68' lang='lat' dir='ltr'><strong>includerentur</strong></span> <span class='ocrx_word' id='word_1_611' title='bbox 3434 3908 3451 3926; x_wconf 90' lang='lat'><strong>.</strong></span> 
     </span>
    </p>
   </div>
   <div class='ocr_carea' id='block_1_77' title="bbox 1926 3941 3453 4024">
    <p class='ocr_par' dir='ltr' id='par_1_77' title="bbox 1926 3941 3453 4024">
     <span class='ocr_line' id='line_1_77' title="bbox 1926 3941 3453 4024; baseline -0.001 -29"><span class='ocrx_word' id='word_1_612' title='bbox 1926 3942 2545 4024; x_wconf 38' lang='lat' dir='ltr'><strong>ubi-Origenemerraue</strong></span> <span class='ocrx_word' id='word_1_613' title='bbox 2567 3944 2750 4024; x_wconf 46' lang='lat' dir='ltr'><strong>prabet.</strong></span> <span class='ocrx_word' id='word_1_614' title='bbox 2762 3957 2839 4024; x_wconf 64' lang='lat' dir='ltr'><strong>ea:</strong></span> <span class='ocrx_word' id='word_1_615' title='bbox 2862 3941 3011 4024; x_wconf 62' lang='lat' dir='ltr'><strong>fibris</strong></span> <span class='ocrx_word' id='word_1_616' title='bbox 3031 3943 3215 4024; x_wconf 60' lang='lat' dir='ltr'><strong>ipsius,</strong></span> <span class='ocrx_word' id='word_1_617' title='bbox 3244 3944 3453 4024; x_wconf 48' lang='lat' dir='ltr'><strong>quia?-</strong></span> 
     </span>
    </p>
   </div>
   <div class='ocr_carea' id='block_1_78' title="bbox 1929 4011 3426 4087">
    <p class='ocr_par' dir='ltr' id='par_1_78' title="bbox 1929 4011 3426 4087">
     <span class='ocr_line' id='line_1_78' title="bbox 1929 4011 3426 4087; baseline 0.001 -22"><span class='ocrx_word' id='word_1_618' title='bbox 1929 4012 2190 4083; x_wconf 83' lang='lat' dir='ltr'><strong>pellantur</strong></span> <span class='ocrx_word' id='word_1_619' title='bbox 2221 4017 2342 4087; x_wconf 78' lang='grc' dir='ltr'><strong>περὶ</strong></span> <span class='ocrx_word' id='word_1_620' title='bbox 2366 4011 2589 4086; x_wconf 77' lang='grc' dir='ltr'><strong>’Δρχῶνο</strong></span> <span class='ocrx_word' id='word_1_621' title='bbox 2622 4011 2707 4065; x_wconf 77' lang='lat' dir='ltr'><strong>Ea;</strong></span> <span class='ocrx_word' id='word_1_622' title='bbox 2735 4012 2864 4065; x_wconf 84' lang='lat' dir='ltr'><strong>libro</strong></span> <span class='ocrx_word' id='word_1_623' title='bbox 2898 4027 2949 4064; x_wconf 72' lang='grc' dir='ltr'><strong>ιι</strong></span> <span class='ocrx_word' id='word_1_624' title='bbox 2978 4012 3041 4065; x_wconf 77' lang='lat' dir='ltr'><strong>de</strong></span> <span class='ocrx_word' id='word_1_625' title='bbox 3067 4012 3281 4066; x_wconf 77' lang='lat' dir='ltr'><strong>Civitate</strong></span> <span class='ocrx_word' id='word_1_626' title='bbox 3309 4011 3426 4067; x_wconf 73' lang='lat' dir='ltr'><strong>Dei.</strong></span> 
     </span>
    </p>
   </div>
   <div class='ocr_carea' id='block_1_79' title="bbox 1924 4123 3451 4192">
    <p class='ocr_par' dir='ltr' id='par_1_79' title="bbox 1924 4123 3451 4192">
     <span class='ocr_line' id='line_1_79' title="bbox 1924 4123 3451 4192; baseline 0 -11"><span class='ocrx_word' id='word_1_627' title='bbox 1924 4124 2040 4181; x_wconf 87' lang='lat' dir='ltr'><strong>Sed</strong></span> <span class='ocrx_word' id='word_1_628' title='bbox 2087 4126 2259 4179; x_wconf 89' lang='lat' dir='ltr'><strong>multo</strong></span> <span class='ocrx_word' id='word_1_629' title='bbox 2309 4131 2397 4179; x_wconf 89' lang='lat' dir='ltr'><strong>est</strong></span> <span class='ocrx_word' id='word_1_630' title='bbox 2445 4123 2746 4178; x_wconf 86' lang='lat' dir='ltr'><strong>mirandum</strong></span> <span class='ocrx_word' id='word_1_631' title='bbox 2804 4124 3035 4192; x_wconf 88' lang='lat' dir='ltr'><strong>amplius</strong></span> <span class='ocrx_word' id='word_1_632' title='bbox 3086 4124 3229 4191; x_wconf 88' lang='lat' dir='ltr'><strong>quod</strong></span> <span class='ocrx_word' id='word_1_633' title='bbox 3286 4125 3451 4181; x_wconf 86' lang='lat' dir='ltr'><strong>etiam</strong></span> 
     </span>
    </p>
   </div>
   <div class='ocr_carea' id='block_1_80' title="bbox 1860 4214 3452 4287">
    <p class='ocr_par' dir='ltr' id='par_1_80' title="bbox 1860 4214 3452 4287">
     <span class='ocr_line' id='line_1_80' title="bbox 1860 4214 3452 4287; baseline -0.001 -16"><span class='ocrx_word' id='word_1_634' title='bbox 1860 4217 2076 4287; x_wconf 89' lang='lat' dir='ltr'><strong>quidam</strong></span> <span class='ocrx_word' id='word_1_635' title='bbox 2102 4253 2124 4285; x_wconf 89' lang='lat'><strong>,</strong></span> <span class='ocrx_word' id='word_1_636' title='bbox 2147 4216 2234 4284; x_wconf 86' lang='lat' dir='ltr'><strong>qui</strong></span> <span class='ocrx_word' id='word_1_637' title='bbox 2258 4231 2423 4271; x_wconf 87' lang='lat' dir='ltr'><strong>unum</strong></span> <span class='ocrx_word' id='word_1_638' title='bbox 2456 4215 2733 4271; x_wconf 89' lang='lat' dir='ltr'><strong>nobiscum</strong></span> <span class='ocrx_word' id='word_1_639' title='bbox 2753 4215 2983 4271; x_wconf 92' lang='lat' dir='ltr'><strong>credunt</strong></span> <span class='ocrx_word' id='word_1_640' title='bbox 3006 4214 3244 4269; x_wconf 87' lang='lat' dir='ltr'><strong>omnium</strong></span> <span class='ocrx_word' id='word_1_641' title='bbox 3273 4230 3452 4270; x_wconf 90' lang='lat' dir='ltr'><strong>rerum</strong></span> 
     </span>
    </p>
   </div>
   <div class='ocr_carea' id='block_1_81' title="bbox 1861 4309 3448 4383">
    <p class='ocr_par' dir='ltr' id='par_1_81' title="bbox 1861 4309 3448 4383">
     <span class='ocr_line' id='line_1_81' title="bbox 1861 4309 3448 4383; baseline 0.001 -16"><span class='ocrx_word' id='word_1_642' title='bbox 1861 4325 1985 4367; x_wconf 88' lang='lat' dir='ltr'><strong>esse</strong></span> <span class='ocrx_word' id='word_1_643' title='bbox 2010 4312 2354 4380; x_wconf 89' lang='lat' dir='ltr'><strong>principium,</strong></span> <span class='ocrx_word' id='word_1_644' title='bbox 2385 4309 2654 4381; x_wconf 90' lang='lat' dir='ltr'><strong>ullamque</strong></span> <span class='ocrx_word' id='word_1_645' title='bbox 2681 4309 3034 4383; x_wconf 84' lang='lat' dir='ltr'><strong>[nullamque]</strong></span> <span class='ocrx_word' id='word_1_646' title='bbox 3062 4319 3305 4366; x_wconf 81' lang='lat' dir='ltr'><strong>naturam</strong></span> <span class='ocrx_word' id='word_1_647' title='bbox 3328 4327 3448 4381; x_wconf 67' lang='lat' dir='ltr'><strong>qua:</strong></span> 
     </span>
    </p>
   </div>
   <div class='ocr_carea' id='block_1_82' title="bbox 1862 4402 3449 4474">
    <p class='ocr_par' dir='ltr' id='par_1_82' title="bbox 1862 4402 3449 4474">
     <span class='ocr_line' id='line_1_82' title="bbox 1862 4402 3449 4474; baseline 0.003 -16"><span class='ocrx_word' id='word_1_648' title='bbox 1862 4418 1971 4459; x_wconf 92' lang='lat' dir='ltr'><strong>non</strong></span> <span class='ocrx_word' id='word_1_649' title='bbox 1994 4416 2076 4458; x_wconf 72' lang='grc' dir='ltr'><strong>εει</strong></span> <span class='ocrx_word' id='word_1_650' title='bbox 2109 4403 2251 4474; x_wconf 79' lang='lat' dir='ltr'><strong>quod</strong></span> <span class='ocrx_word' id='word_1_651' title='bbox 2277 4403 2420 4459; x_wconf 91' lang='lat' dir='ltr'><strong>Deus</strong></span> <span class='ocrx_word' id='word_1_652' title='bbox 2443 4412 2526 4460; x_wconf 90' lang='lat' dir='ltr'><strong>est</strong></span> <span class='ocrx_word' id='word_1_653' title='bbox 2554 4402 2655 4458; x_wconf 82' lang='lat' dir='ltr'><strong>nisi</strong></span> <span class='ocrx_word' id='word_1_654' title='bbox 2682 4404 2751 4460; x_wconf 85' lang='lat' dir='ltr'><strong>ab</strong></span> <span class='ocrx_word' id='word_1_655' title='bbox 2773 4405 2865 4460; x_wconf 92' lang='lat' dir='ltr'><strong>illo</strong></span> <span class='ocrx_word' id='word_1_656' title='bbox 2892 4405 3172 4460; x_wconf 90' lang='lat' dir='ltr'><strong>conditore</strong></span> <span class='ocrx_word' id='word_1_657' title='bbox 3195 4420 3316 4461; x_wconf 90' lang='lat' dir='ltr'><strong>esse</strong></span> <span class='ocrx_word' id='word_1_658' title='bbox 3343 4421 3449 4463; x_wconf 92' lang='lat' dir='ltr'><strong>non</strong></span> 
     </span>
    </p>
   </div>
   <div class='ocr_carea' id='block_1_83' title="bbox 130 4132 1757 4209">
    <p class='ocr_par' dir='ltr' id='par_1_83' title="bbox 130 4132 1757 4209">
     <span class='ocr_line' id='line_1_83' title="bbox 130 4132 1757 4209; baseline 0.012 -27"><span class='ocrx_word' id='word_1_659' title='bbox 130 4140 302 4182; x_wconf 86' lang='lat' dir='ltr'><strong>voce</strong></span> <span class='ocrx_word' id='word_1_660' title='bbox 334 4136 574 4183; x_wconf 84' lang='lat' dir='ltr'><strong>testatur.</strong></span> <span class='ocrx_word' id='word_1_661' title='bbox 608 4132 739 4187; x_wconf 63' lang='lat' dir='ltr'><strong>Nam</strong></span> <span class='ocrx_word' id='word_1_662' title='bbox 767 4144 823 4189; x_wconf 90' lang='lat' dir='ltr'><strong>et</strong></span> <span class='ocrx_word' id='word_1_663' title='bbox 850 4136 902 4191; x_wconf 90' lang='lat' dir='ltr'><strong>in</strong></span> <span class='ocrx_word' id='word_1_664' title='bbox 938 4137 1140 4209; x_wconf 80' lang='lat' dir='ltr'><strong>hymno</strong></span> <span class='ocrx_word' id='word_1_665' title='bbox 1168 4142 1327 4196; x_wconf 91' lang='lat' dir='ltr'><strong>trium</strong></span> <span class='ocrx_word' id='word_1_666' title='bbox 1356 4145 1408 4198; x_wconf 93' lang='lat' dir='ltr'><strong>in</strong></span> <span class='ocrx_word' id='word_1_667' title='bbox 1437 4146 1649 4201; x_wconf 87' lang='lat' dir='ltr'><strong>camino</strong></span> <span class='ocrx_word' id='word_1_668' title='bbox 1680 4149 1757 4203; x_wconf 88' lang='lat' dir='ltr'><strong>vi-</strong></span> 
     </span>
    </p>
   </div>
   <div class='ocr_carea' id='block_1_84' title="bbox 126 4226 1754 4311">
    <p class='ocr_par' dir='ltr' id='par_1_84' title="bbox 126 4226 1754 4311">
     <span class='ocr_line' id='line_1_84' title="bbox 126 4226 1754 4311; baseline 0.012 -34"><span class='ocrx_word' id='word_1_669' title='bbox 126 4233 375 4286; x_wconf 83' lang='lat' dir='ltr'><strong>rorum,</strong></span> <span class='ocrx_word' id='word_1_670' title='bbox 395 4236 513 4276; x_wconf 92' lang='lat' dir='ltr'><strong>cum</strong></span> <span class='ocrx_word' id='word_1_671' title='bbox 534 4226 845 4294; x_wconf 69' lang='lat' dir='ltr'><strong>praedictum</strong></span> <span class='ocrx_word' id='word_1_672' title='bbox 864 4241 1036 4286; x_wconf 88' lang='lat' dir='ltr'><strong>esset:</strong></span> <span class='ocrx_word' id='word_1_673' title='bbox 1064 4234 1370 4293; x_wconf 88' lang='lat' dir='ltr'><strong>Benedicite</strong></span> <span class='ocrx_word' id='word_1_674' title='bbox 1390 4238 1567 4294; x_wconf 89' lang='lat' dir='ltr'><strong>omnia</strong></span> <span class='ocrx_word' id='word_1_675' title='bbox 1592 4256 1754 4311; x_wconf 85' lang='lat' dir='ltr'><strong>opera</strong></span> 
     </span>
    </p>
   </div>
   <div class='ocr_carea' id='block_1_85' title="bbox 129 4306 1751 4402">
    <p class='ocr_par' dir='ltr' id='par_1_85' title="bbox 129 4306 1751 4402">
     <span class='ocr_line' id='line_1_85' title="bbox 129 4306 1751 4402; baseline 0.015 -38"><span class='ocrx_word' id='word_1_676' title='bbox 129 4306 380 4368; x_wconf 84' lang='lat' dir='ltr'><strong>Domini</strong></span> <span class='ocrx_word' id='word_1_677' title='bbox 427 4312 698 4385; x_wconf 91' lang='lat' dir='ltr'><strong>Domino,</strong></span> <span class='ocrx_word' id='word_1_678' title='bbox 749 4319 801 4373; x_wconf 91' lang='lat' dir='ltr'><strong>in</strong></span> <span class='ocrx_word' id='word_1_679' title='bbox 856 4321 1203 4381; x_wconf 82' lang='lat' dir='ltr'><strong>exsecutione</strong></span> <span class='ocrx_word' id='word_1_680' title='bbox 1259 4329 1575 4384; x_wconf 89' lang='lat' dir='ltr'><strong>eorumdem</strong></span> <span class='ocrx_word' id='word_1_681' title='bbox 1624 4306 1751 4402; x_wconf 81' lang='lat' dir='ltr'><strong>ope-</strong></span> 
     </span>
    </p>
   </div>
   <div class='ocr_carea' id='block_1_86' title="bbox 132 4404 3452 4513">
    <p class='ocr_par' dir='ltr' id='par_1_86' title="bbox 132 4404 3449 4486">
     <span class='ocr_line' id='line_1_86' title="bbox 132 4404 3449 4486; baseline 0.001 -26"><span class='ocrx_word' id='word_1_682' title='bbox 132 4419 286 4460; x_wconf 84' lang='lat' dir='ltr'><strong>rum</strong></span> <span class='ocrx_word' id='word_1_683' title='bbox 349 4404 505 4458; x_wconf 86' lang='lat' dir='ltr'><strong>etiam</strong></span> <span class='ocrx_word' id='word_1_684' title='bbox 563 4405 796 4482; x_wconf 88' lang='lat' dir='ltr'><strong>[sancti]</strong></span> <span class='ocrx_word' id='word_1_685' title='bbox 845 4414 1019 4481; x_wconf 83' lang='lat' dir='ltr'><strong>angeli</strong></span> <span class='ocrx_word' id='word_1_686' title='bbox 1068 4414 1331 4471; x_wconf 89' lang='lat' dir='ltr'><strong>nominati</strong></span> <span class='ocrx_word' id='word_1_687' title='bbox 1389 4429 1544 4486; x_wconf 88' lang='lat' dir='ltr'><strong>sunt;</strong></span> <span class='ocrx_word' id='word_1_688' title='bbox 1596 4430 1651 4476; x_wconf 76' lang='lat' dir='ltr'><strong>et</strong></span> <span class='ocrx_word' id='word_1_689' title='bbox 1702 4421 1757 4477; x_wconf 75' lang='lat' dir='ltr'><strong>in</strong></span> <span class='ocrx_word' id='word_1_690' title='bbox 1862 4418 1971 4459; x_wconf 91' lang='lat' dir='ltr'><strong>non</strong></span> <span class='ocrx_word' id='word_1_691' title='bbox 1994 4416 2076 4458; x_wconf 72' lang='grc' dir='ltr'><strong>εει</strong></span> <span class='ocrx_word' id='word_1_692' title='bbox 2109 4404 2251 4474; x_wconf 80' lang='lat' dir='ltr'><strong>quod</strong></span> <span class='ocrx_word' id='word_1_693' title='bbox 2277 4404 2420 4459; x_wconf 89' lang='lat' dir='ltr'><strong>Deus</strong></span> <span class='ocrx_word' id='word_1_694' title='bbox 2443 4412 2526 4460; x_wconf 88' lang='lat' dir='ltr'><strong>est</strong></span> <span class='ocrx_word' id='word_1_695' title='bbox 2554 4404 2655 4458; x_wconf 82' lang='lat' dir='ltr'><strong>nisi</strong></span> <span class='ocrx_word' id='word_1_696' title='bbox 2682 4404 2751 4460; x_wconf 87' lang='lat' dir='ltr'><strong>ab</strong></span> <span class='ocrx_word' id='word_1_697' title='bbox 2773 4405 2865 4460; x_wconf 91' lang='lat' dir='ltr'><strong>illo</strong></span> <span class='ocrx_word' id='word_1_698' title='bbox 2892 4405 3172 4460; x_wconf 88' lang='lat' dir='ltr'><strong>conditore</strong></span> <span class='ocrx_word' id='word_1_699' title='bbox 3195 4420 3316 4461; x_wconf 86' lang='lat' dir='ltr'><strong>esse</strong></span> <span class='ocrx_word' id='word_1_700' title='bbox 3343 4421 3449 4463; x_wconf 92' lang='lat' dir='ltr'><strong>non</strong></span> 
     </span>
    </p>
   </div>
   <div class='ocr_carea' id='block_1_87' title="bbox 130 4492 3451 4579">
    <p class='ocr_par' dir='ltr' id='par_1_87' title="bbox 130 4492 3451 4579">
     <span class='ocr_line' id='line_1_87' title="bbox 130 4492 3451 4579; baseline 0.006 -30"><span class='ocrx_word' id='word_1_701' title='bbox 130 4492 379 4565; x_wconf 81' lang='lat' dir='ltr'><strong>psalmo</strong></span> <span class='ocrx_word' id='word_1_702' title='bbox 417 4494 667 4550; x_wconf 89' lang='lat' dir='ltr'><strong>canitur:</strong></span> <span class='ocrx_word' id='word_1_703' title='bbox 701 4497 939 4557; x_wconf 87' lang='lat' dir='ltr'><strong>Laudate</strong></span> <span class='ocrx_word' id='word_1_704' title='bbox 987 4500 1271 4560; x_wconf 87' lang='lat' dir='ltr'><strong>Dominum</strong></span> <span class='ocrx_word' id='word_1_705' title='bbox 1308 4506 1377 4564; x_wconf 89' lang='lat' dir='ltr'><strong>de</strong></span> <span class='ocrx_word' id='word_1_706' title='bbox 1418 4509 1595 4579; x_wconf 68' lang='lat' dir='ltr'><strong>caalis,</strong></span> <span class='ocrx_word' id='word_1_707' title='bbox 1641 4511 1758 4568; x_wconf 88' lang='lat' dir='ltr'><strong>lau-</strong></span> <span class='ocrx_word' id='word_1_708' title='bbox 1861 4511 2062 4567; x_wconf 70' lang='grc' dir='ltr'><strong>Ροδεον</strong></span> <span class='ocrx_word' id='word_1_709' title='bbox 2115 4496 2403 4552; x_wconf 53' lang='lat' dir='ltr'><strong>“Miletum</strong></span> <span class='ocrx_word' id='word_1_710' title='bbox 2452 4506 2630 4553; x_wconf 62' lang='lat' dir='ltr'><strong>“me”</strong></span> <span class='ocrx_word' id='word_1_711' title='bbox 2678 4496 2835 4552; x_wconf 68' lang='grc' dir='ltr'><strong>ίδίθηι</strong></span> <span class='ocrx_word' id='word_1_712' title='bbox 2886 4512 3104 4561; x_wconf 63' lang='grc'><strong>0³³³⁸³³³</strong></span> <span class='ocrx_word' id='word_1_713' title='bbox 3153 4495 3451 4556; x_wconf 64' lang='grc' dir='ltr'><strong>ίθίπίοθηάί</strong></span> 
     </span>
    </p>
   </div>
   <div class='ocr_carea' id='block_1_88' title="bbox 131 4587 1753 4677">
    <p class='ocr_par' dir='ltr' id='par_1_88' title="bbox 131 4587 1753 4677">
     <span class='ocr_line' id='line_1_88' title="bbox 131 4587 1753 4677; baseline 0.013 -37"><span class='ocrx_word' id='word_1_714' title='bbox 131 4588 288 4641; x_wconf 86' lang='lat' dir='ltr'><strong>date</strong></span> <span class='ocrx_word' id='word_1_715' title='bbox 331 4600 450 4641; x_wconf 91' lang='lat' dir='ltr'><strong>eum</strong></span> <span class='ocrx_word' id='word_1_716' title='bbox 490 4587 542 4642; x_wconf 90' lang='lat' dir='ltr'><strong>in</strong></span> <span class='ocrx_word' id='word_1_717' title='bbox 582 4592 841 4660; x_wconf 83' lang='lat' dir='ltr'><strong>excelsis;</strong></span> <span class='ocrx_word' id='word_1_718' title='bbox 889 4596 1103 4652; x_wconf 70' lang='lat' dir='ltr'><strong>laudate</strong></span> <span class='ocrx_word' id='word_1_719' title='bbox 1154 4614 1301 4668; x_wconf 89' lang='lat' dir='ltr'><strong>eum,</strong></span> <span class='ocrx_word' id='word_1_720' title='bbox 1350 4619 1541 4660; x_wconf 92' lang='lat' dir='ltr'><strong>omnes</strong></span> <span class='ocrx_word' id='word_1_721' title='bbox 1580 4609 1753 4677; x_wconf 86' lang='lat' dir='ltr'><strong>angeli</strong></span> 
     </span>
    </p>
   </div>
   <div class='ocr_carea' id='block_1_89' title="bbox 1868 4587 3451 4677">
    <p class='ocr_par' dir='ltr' id='par_1_89' title="bbox 1868 4587 3451 4660">
     <span class='ocr_line' id='line_1_89' title="bbox 1868 4587 3451 4660; baseline 0.004 -19"><span class='ocrx_word' id='word_1_722' title='bbox 1868 4587 2044 4642; x_wconf 91' lang='lat' dir='ltr'><strong>mundi</strong></span> <span class='ocrx_word' id='word_1_723' title='bbox 2079 4599 2186 4643; x_wconf 90' lang='lat' dir='ltr'><strong>tam</strong></span> <span class='ocrx_word' id='word_1_724' title='bbox 2225 4588 2418 4643; x_wconf 86' lang='lat' dir='ltr'><strong>bonam</strong></span> <span class='ocrx_word' id='word_1_725' title='bbox 2449 4603 2514 4644; x_wconf 91' lang='lat' dir='ltr'><strong>ac</strong></span> <span class='ocrx_word' id='word_1_726' title='bbox 2542 4589 2843 4659; x_wconf 87' lang='lat' dir='ltr'><strong>simplicem</strong></span> <span class='ocrx_word' id='word_1_727' title='bbox 2873 4589 3011 4645; x_wconf 87' lang='lat' dir='ltr'><strong>bene</strong></span> <span class='ocrx_word' id='word_1_728' title='bbox 3042 4604 3104 4645; x_wconf 94' lang='lat' dir='ltr'><strong>ac</strong></span> <span class='ocrx_word' id='word_1_729' title='bbox 3132 4590 3451 4660; x_wconf 87' lang='lat' dir='ltr'><strong>simpliciter</strong></span> 
     </span>
    </p>
   </div>
   <div class='ocr_carea' id='block_1_90' title="bbox 134 4678 3451 4793">
    <p class='ocr_par' dir='ltr' id='par_1_90' title="bbox 134 4678 3451 4793">
     <span class='ocr_line' id='line_1_90' title="bbox 134 4678 3451 4793; baseline 0.003 -63"><span class='ocrx_word' id='word_1_730' title='bbox 134 4679 280 4748; x_wconf 83' lang='lat' dir='ltr'><strong>ejus</strong></span> <span class='ocrx_word' id='word_1_731' title='bbox 313 4692 329 4741; x_wconf 91' lang='lat'><strong>;</strong></span> <span class='ocrx_word' id='word_1_732' title='bbox 364 4678 573 4735; x_wconf 84' lang='lat' dir='ltr'><strong>laudate</strong></span> <span class='ocrx_word' id='word_1_733' title='bbox 618 4697 763 4749; x_wconf 82' lang='lat' dir='ltr'><strong>eum,</strong></span> <span class='ocrx_word' id='word_1_734' title='bbox 821 4700 1009 4742; x_wconf 77' lang='lat' dir='ltr'><strong>omnes</strong></span> <span class='ocrx_word' id='word_1_735' title='bbox 1064 4690 1290 4748; x_wconf 52' lang='lat' dir='ltr'><strong>virtutes</strong></span> <span class='ocrx_word' id='word_1_736' title='bbox 1346 4695 1483 4767; x_wconf 63' lang='lat' dir='ltr'><strong>ejus;</strong></span> <span class='ocrx_word' id='word_1_737' title='bbox 1541 4698 1754 4756; x_wconf 50' lang='lat' dir='ltr'><strong>laudate</strong></span> <span class='ocrx_word' id='word_1_738' title='bbox 1782 4732 1838 4793; x_wconf 62' lang='grc' dir='ltr'><strong><em>υ</em></strong></span> <span class='ocrx_word' id='word_1_739' title='bbox 1859 4682 2108 4793; x_wconf 46' lang='lat' dir='ltr'><strong>credere,</strong></span> <span class='ocrx_word' id='word_1_740' title='bbox 2141 4690 2199 4736; x_wconf 92' lang='lat' dir='ltr'><strong>ut</strong></span> <span class='ocrx_word' id='word_1_741' title='bbox 2224 4683 2397 4737; x_wconf 90' lang='lat' dir='ltr'><strong>bonus</strong></span> <span class='ocrx_word' id='word_1_742' title='bbox 2421 4683 2562 4738; x_wconf 91' lang='lat' dir='ltr'><strong>Deus</strong></span> <span class='ocrx_word' id='word_1_743' title='bbox 2582 4683 2839 4738; x_wconf 85' lang='lat' dir='ltr'><strong>conderet</strong></span> <span class='ocrx_word' id='word_1_744' title='bbox 2863 4683 3023 4749; x_wconf 85' lang='lat' dir='ltr'><strong>bona,</strong></span> <span class='ocrx_word' id='word_1_745' title='bbox 3053 4693 3105 4739; x_wconf 94' lang='lat' dir='ltr'><strong>et</strong></span> <span class='ocrx_word' id='word_1_746' title='bbox 3129 4695 3307 4740; x_wconf 78' lang='lat' dir='ltr'><strong>essent</strong></span> <span class='ocrx_word' id='word_1_747' title='bbox 3330 4696 3451 4756; x_wconf 87' lang='lat' dir='ltr'><strong>post</strong></span> 
     </span>
     <span class='ocr_line' id='line_1_91' title="bbox 140 4769 3283 4793; baseline 0 0"><span class='ocrx_word' id='word_1_748' title='bbox 140 4786 285 4793; x_wconf 59' lang='grc' dir='ltr'><strong>---Μ</strong></span> <span class='ocrx_word' id='word_1_749' title='bbox 354 4769 429 4793; x_wconf 61' lang='grc' dir='ltr'><strong>..-Ι</strong></span> <span class='ocrx_word' id='word_1_750' title='bbox 464 4778 510 4793; x_wconf 70' lang='lat' dir='ltr'><strong>-a</strong></span> <span class='ocrx_word' id='word_1_751' title='bbox 543 4771 930 4793; x_wconf 33' lang='lat' dir='ltr'><strong>I--._--I-A-J,.,</strong></span> <span class='ocrx_word' id='word_1_752' title='bbox 1469 4788 1499 4793; x_wconf 88' lang='grc'><strong>--</strong></span> <span class='ocrx_word' id='word_1_753' title='bbox 1918 4788 2024 4793; x_wconf 49' lang='grc' dir='ltr'><strong>,μμ</strong></span> <span class='ocrx_word' id='word_1_754' title='bbox 2081 4790 2186 4793; x_wconf 26' lang='lat' dir='ltr'><strong>_s-__</strong></span> <span class='ocrx_word' id='word_1_755' title='bbox 2223 4790 2321 4793; x_wconf 65' lang='lat'><strong>_,_</strong></span> <span class='ocrx_word' id='word_1_756' title='bbox 2370 4782 2543 4793; x_wconf 47' lang='lat' dir='ltr'><strong>-_--Aa</strong></span> <span class='ocrx_word' id='word_1_757' title='bbox 2582 4775 2714 4793; x_wconf 37' lang='grc' dir='ltr'><strong>ΔμΑΑι</strong></span> <span class='ocrx_word' id='word_1_758' title='bbox 2755 4785 2826 4793; x_wconf 25' lang='grc' dir='ltr'><strong>-ξ.</strong></span> <span class='ocrx_word' id='word_1_759' title='bbox 2878 4776 2944 4793; x_wconf 55' lang='lat' dir='ltr'><strong>n,</strong></span> <span class='ocrx_word' id='word_1_760' title='bbox 3000 4791 3014 4793; x_wconf 91' lang='lat'><em>_</em></span> <span class='ocrx_word' id='word_1_761' title='bbox 3090 4777 3145 4793; x_wconf 62' lang='lat' dir='ltr'><strong>L,</strong></span> <span class='ocrx_word' id='word_1_762' title='bbox 3272 4788 3283 4793; x_wconf 85' lang='lat'><strong>-</strong></span> 
     </span>
    </p>
   </div>
   <div class='ocr_carea' id='block_1_91' title="bbox 130 4766 3451 4881">
    <p class='ocr_par' dir='ltr' id='par_1_91' title="bbox 130 4766 3451 4881">
     <span class='ocr_line' id='line_1_92' title="bbox 130 4766 3451 4881; baseline 0.002 -55"><span class='ocrx_word' id='word_1_763' title='bbox 130 4786 317 4837; x_wconf 84' lang='lat' dir='ltr'><strong>eum,</strong></span> <span class='ocrx_word' id='word_1_764' title='bbox 354 4769 431 4824; x_wconf 90' lang='lat' dir='ltr'><strong>sol</strong></span> <span class='ocrx_word' id='word_1_765' title='bbox 459 4778 513 4825; x_wconf 90' lang='lat' dir='ltr'><strong>et</strong></span> <span class='ocrx_word' id='word_1_766' title='bbox 542 4771 700 4838; x_wconf 89' lang='lat' dir='ltr'><strong>luna;</strong></span> <span class='ocrx_word' id='word_1_767' title='bbox 730 4774 942 4833; x_wconf 88' lang='lat' dir='ltr'><strong>laudate</strong></span> <span class='ocrx_word' id='word_1_768' title='bbox 974 4793 1095 4834; x_wconf 91' lang='lat' dir='ltr'><strong>eum</strong></span> <span class='ocrx_word' id='word_1_769' title='bbox 1118 4823 1132 4847; x_wconf 93' lang='lat'><strong>,</strong></span> <span class='ocrx_word' id='word_1_770' title='bbox 1162 4798 1351 4841; x_wconf 87' lang='lat' dir='ltr'><strong>omnes</strong></span> <span class='ocrx_word' id='word_1_771' title='bbox 1378 4766 1550 4844; x_wconf 73' lang='lat' dir='ltr'><strong>Stellae</strong></span> <span class='ocrx_word' id='word_1_772' title='bbox 1584 4800 1639 4847; x_wconf 90' lang='lat' dir='ltr'><strong>et</strong></span> <span class='ocrx_word' id='word_1_773' title='bbox 1670 4793 1755 4847; x_wconf 87' lang='lat' dir='ltr'><strong>lu-</strong></span> <span class='ocrx_word' id='word_1_774' title='bbox 1782 4766 1837 4793; x_wconf 65' lang='grc' dir='ltr'><em>υ</em></span> <span class='ocrx_word' id='word_1_775' title='bbox 1863 4766 2029 4828; x_wconf 69' lang='lat' dir='ltr'><strong>Deum</strong></span> <span class='ocrx_word' id='word_1_776' title='bbox 2073 4790 2192 4844; x_wconf 58' lang='lat' dir='ltr'><strong>quae</strong></span> <span class='ocrx_word' id='word_1_777' title='bbox 2223 4790 2331 4831; x_wconf 79' lang='grc' dir='ltr'>ηοῐι</span> <span class='ocrx_word' id='word_1_778' title='bbox 2362 4782 2545 4830; x_wconf 61' lang='lat' dir='ltr'><strong>essent</strong></span> <span class='ocrx_word' id='word_1_779' title='bbox 2573 4775 2714 4881; x_wconf 61' lang='grc' dir='ltr'>(ιιιοξι</span> <span class='ocrx_word' id='word_1_780' title='bbox 2747 4785 2831 4830; x_wconf 77' lang='lat' dir='ltr'><strong>est</strong></span> <span class='ocrx_word' id='word_1_781' title='bbox 2878 4776 3037 4881; x_wconf 59' lang='lat' dir='ltr'><strong>Deus,</strong></span> <span class='ocrx_word' id='word_1_782' title='bbox 3089 4777 3227 4881; x_wconf 70' lang='lat' dir='ltr'><strong>bona</strong></span> <span class='ocrx_word' id='word_1_783' title='bbox 3270 4788 3451 4881; x_wconf 77' lang='lat' dir='ltr'><strong>tamen</strong></span> 
     </span>
    </p>
   </div>
   <div class='ocr_carea' id='block_1_92' title="bbox 129 4864 3445 4970">
    <p class='ocr_par' dir='ltr' id='par_1_92' title="bbox 129 4864 3445 4970">
     <span class='ocr_line' id='line_1_93' title="bbox 129 4864 3445 4970; baseline 0.002 -51"><span class='ocrx_word' id='word_1_784' title='bbox 129 4882 283 4922; x_wconf 87' lang='lat' dir='ltr'><strong>men</strong></span> <span class='ocrx_word' id='word_1_785' title='bbox 320 4881 335 4931; x_wconf 91' lang='lat'><strong>;</strong></span> <span class='ocrx_word' id='word_1_786' title='bbox 369 4864 583 4921; x_wconf 88' lang='lat' dir='ltr'><strong>laudate</strong></span> <span class='ocrx_word' id='word_1_787' title='bbox 612 4882 761 4933; x_wconf 89' lang='lat' dir='ltr'><strong>eum,</strong></span> <span class='ocrx_word' id='word_1_788' title='bbox 786 4870 909 4925; x_wconf 59' lang='grc' dir='ltr'><strong>εαξη</strong></span> <span class='ocrx_word' id='word_1_789' title='bbox 939 4872 1223 4944; x_wconf 64' lang='lat' dir='ltr'><strong>caelorum,</strong></span> <span class='ocrx_word' id='word_1_790' title='bbox 1252 4887 1308 4932; x_wconf 71' lang='grc' dir='ltr'><strong>ει</strong></span> <span class='ocrx_word' id='word_1_791' title='bbox 1335 4893 1489 4948; x_wconf 51' lang='lat' dir='ltr'><strong>aqua,</strong></span> <span class='ocrx_word' id='word_1_792' title='bbox 1521 4899 1640 4951; x_wconf 56' lang='lat' dir='ltr'><strong>qua,</strong></span> <span class='ocrx_word' id='word_1_793' title='bbox 1665 4899 1755 4939; x_wconf 71' lang='lat' dir='ltr'><strong>su-</strong></span> <span class='ocrx_word' id='word_1_794' title='bbox 1861 4882 1983 4938; x_wconf 63' lang='lat' dir='ltr'><strong>quae</strong></span> <span class='ocrx_word' id='word_1_795' title='bbox 2012 4883 2115 4921; x_wconf 92' lang='lat' dir='ltr'><strong>non</strong></span> <span class='ocrx_word' id='word_1_796' title='bbox 2158 4869 2262 4938; x_wconf 73' lang='grc'><strong>27</strong></span> <span class='ocrx_word' id='word_1_797' title='bbox 2307 4868 2511 4970; x_wconf 72' lang='lat' dir='ltr'><strong>faceret</strong></span> <span class='ocrx_word' id='word_1_798' title='bbox 2549 4867 2855 4970; x_wconf 49' lang='lat' dir='ltr'><strong>nisihbenus</strong></span> <span class='ocrx_word' id='word_1_799' title='bbox 2885 4868 3049 4970; x_wconf 71' lang='lat' dir='ltr'><strong>Deus.</strong></span> <span class='ocrx_word' id='word_1_800' title='bbox 3088 4869 3445 4970; x_wconf 34' lang='lat' dir='ltr'><strong>Sedﬁanimas</strong></span> 
     </span>
    </p>
   </div>
   <div class='ocr_carea' id='block_1_93' title="bbox 128 4958 3448 5062">
    <p class='ocr_par' dir='ltr' id='par_1_93' title="bbox 128 4958 3448 5062">
     <span class='ocr_line' id='line_1_94' title="bbox 128 4958 3448 5062; baseline 0.006 -49"><span class='ocrx_word' id='word_1_801' title='bbox 128 4974 245 5030; x_wconf 87' lang='lat' dir='ltr'><strong>per</strong></span> <span class='ocrx_word' id='word_1_802' title='bbox 275 4958 456 5012; x_wconf 72' lang='lat' dir='ltr'><strong>cmlos</strong></span> <span class='ocrx_word' id='word_1_803' title='bbox 480 4959 844 5030; x_wconf 73' lang='lat' dir='ltr'><strong>sunt&#39;Jaudent</strong></span> <span class='ocrx_word' id='word_1_804' title='bbox 866 4977 1066 5018; x_wconf 85' lang='lat' dir='ltr'><strong>nomen</strong></span> <span class='ocrx_word' id='word_1_805' title='bbox 1091 4964 1338 5023; x_wconf 90' lang='lat' dir='ltr'><strong>Domini:</strong></span> <span class='ocrx_word' id='word_1_806' title='bbox 1363 4974 1616 5040; x_wconf 86' lang='lat' dir='ltr'><strong>quoniam</strong></span> <span class='ocrx_word' id='word_1_807' title='bbox 1640 4975 1755 5045; x_wconf 88' lang='lat' dir='ltr'><strong>ipse</strong></span> <span class='ocrx_word' id='word_1_808' title='bbox 1859 4958 2045 5014; x_wconf 69' lang='lat' dir='ltr'><strong>dicm“</strong></span> <span class='ocrx_word' id='word_1_809' title='bbox 2072 4974 2175 5014; x_wconf 78' lang='grc' dir='ltr'><strong>ηοη</strong></span> <span class='ocrx_word' id='word_1_810' title='bbox 2199 4958 2622 5062; x_wconf 39' lang='lat' dir='ltr'><strong>ﬁliiﬁlii-93&quot;“</strong></span> <span class='ocrx_word' id='word_1_811' title='bbox 2654 4958 2770 5062; x_wconf 54' lang='lat' dir='ltr'><strong>Dei:</strong></span> <span class='ocrx_word' id='word_1_812' title='bbox 2816 4960 2911 5062; x_wconf 70' lang='grc' dir='ltr'><strong>⁸(ξά</strong></span> <span class='ocrx_word' id='word_1_813' title='bbox 2935 4960 3159 5062; x_wconf 41' lang='lat' dir='ltr'><strong>iacui“</strong></span> <span class='ocrx_word' id='word_1_814' title='bbox 3189 4961 3297 5062; x_wconf 41' lang='lat' dir='ltr'><strong>De.&quot;</strong></span> <span class='ocrx_word' id='word_1_815' title='bbox 3325 4976 3448 5032; x_wconf 67' lang='grc' dir='ltr'><strong>Ι)εο-</strong></span> 
     </span>
    </p>
   </div>
   <div class='ocr_carea' id='block_1_94' title="bbox 126 5048 1753 5153">
    <p class='ocr_par' dir='ltr' id='par_1_94' title="bbox 126 5048 1751 5123">
     <span class='ocr_line' id='line_1_95' title="bbox 126 5048 1751 5123; baseline 0.009 -17"><span class='ocrx_word' id='word_1_816' title='bbox 126 5051 297 5107; x_wconf 77' lang='lat' dir='ltr'><strong>dixit</strong></span> <span class='ocrx_word' id='word_1_817' title='bbox 350 5056 403 5103; x_wconf 90' lang='lat' dir='ltr'><strong>et</strong></span> <span class='ocrx_word' id='word_1_818' title='bbox 444 5048 580 5104; x_wconf 88' lang='lat' dir='ltr'><strong>facta</strong></span> <span class='ocrx_word' id='word_1_819' title='bbox 620 5059 767 5118; x_wconf 90' lang='lat' dir='ltr'><strong>sunt,</strong></span> <span class='ocrx_word' id='word_1_820' title='bbox 808 5051 925 5123; x_wconf 90' lang='lat' dir='ltr'><strong>ipse</strong></span> <span class='ocrx_word' id='word_1_821' title='bbox 972 5054 1244 5113; x_wconf 87' lang='lat' dir='ltr'><strong>mandavit</strong></span> <span class='ocrx_word' id='word_1_822' title='bbox 1288 5070 1344 5114; x_wconf 90' lang='lat' dir='ltr'><strong>et</strong></span> <span class='ocrx_word' id='word_1_823' title='bbox 1386 5070 1565 5116; x_wconf 89' lang='lat' dir='ltr'><strong>creata</strong></span> <span class='ocrx_word' id='word_1_824' title='bbox 1606 5074 1751 5121; x_wconf 91' lang='lat' dir='ltr'><strong>sunt.</strong></span> 
     </span>
    </p>
   </div>
   <div class='ocr_carea' id='block_1_95' title="bbox 1868 5048 3423 5153">
    <p class='ocr_par' dir='ltr' id='par_1_95' title="bbox 1868 5050 3423 5124">
     <span class='ocr_line' id='line_1_96' title="bbox 1868 5050 3423 5124; baseline 0 -17"><span class='ocrx_word' id='word_1_825' title='bbox 1868 5067 2015 5107; x_wconf 72' lang='lat' dir='ltr'><strong>casse</strong></span> <span class='ocrx_word' id='word_1_826' title='bbox 2042 5067 2069 5105; x_wconf 90' lang='lat' dir='ltr'><strong>a</strong></span> <span class='ocrx_word' id='word_1_827' title='bbox 2105 5050 2260 5124; x_wconf 90' lang='lat' dir='ltr'><strong>[Deo]</strong></span> <span class='ocrx_word' id='word_1_828' title='bbox 2287 5052 2563 5108; x_wconf 88' lang='lat' dir='ltr'><strong>conditore</strong></span> <span class='ocrx_word' id='word_1_829' title='bbox 2609 5052 2944 5121; x_wconf 86' lang='lat' dir='ltr'><strong>recedendo,</strong></span> <span class='ocrx_word' id='word_1_830' title='bbox 2976 5061 3031 5107; x_wconf 90' lang='lat' dir='ltr'><strong>et</strong></span> <span class='ocrx_word' id='word_1_831' title='bbox 3068 5051 3297 5107; x_wconf 88' lang='lat' dir='ltr'><strong>diversis</strong></span> <span class='ocrx_word' id='word_1_832' title='bbox 3328 5068 3423 5121; x_wconf 91' lang='lat' dir='ltr'><strong>pro</strong></span> 
     </span>
    </p>
   </div>
   <div class='ocr_carea' id='block_1_96' title="bbox 131 5142 1753 5247">
    <p class='ocr_par' dir='ltr' id='par_1_96' title="bbox 131 5142 1753 5227">
     <span class='ocr_line' id='line_1_97' title="bbox 131 5142 1753 5227; baseline 0.01 -27"><span class='ocrx_word' id='word_1_833' title='bbox 131 5144 348 5200; x_wconf 84' lang='lat' dir='ltr'><strong>Etiam</strong></span> <span class='ocrx_word' id='word_1_834' title='bbox 378 5142 463 5198; x_wconf 83' lang='lat' dir='ltr'><strong>ltic</strong></span> <span class='ocrx_word' id='word_1_835' title='bbox 498 5146 836 5214; x_wconf 89' lang='lat' dir='ltr'><strong>apertissime</strong></span> <span class='ocrx_word' id='word_1_836' title='bbox 862 5162 893 5202; x_wconf 89' lang='lat' dir='ltr'><strong>a</strong></span> <span class='ocrx_word' id='word_1_837' title='bbox 924 5147 1036 5205; x_wconf 88' lang='lat' dir='ltr'><strong>Deo</strong></span> <span class='ocrx_word' id='word_1_838' title='bbox 1068 5149 1239 5207; x_wconf 86' lang='lat' dir='ltr'><strong>factos</strong></span> <span class='ocrx_word' id='word_1_839' title='bbox 1269 5169 1389 5210; x_wconf 80' lang='lat' dir='ltr'><strong>esse</strong></span> <span class='ocrx_word' id='word_1_840' title='bbox 1418 5159 1637 5227; x_wconf 86' lang='lat' dir='ltr'><strong>angelos</strong></span> <span class='ocrx_word' id='word_1_841' title='bbox 1674 5160 1753 5215; x_wconf 90' lang='lat' dir='ltr'><strong>di-</strong></span> 
     </span>
    </p>
   </div>
   <div class='ocr_carea' id='block_1_97' title="bbox 1868 5142 3445 5247">
    <p class='ocr_par' dir='ltr' id='par_1_97' title="bbox 1868 5142 3445 5214">
     <span class='ocr_line' id='line_1_98' title="bbox 1868 5142 3445 5214; baseline 0.003 -17"><span class='ocrx_word' id='word_1_842' title='bbox 1868 5142 2139 5212; x_wconf 83' lang='lat' dir='ltr'><strong>gressibus</strong></span> <span class='ocrx_word' id='word_1_843' title='bbox 2172 5157 2268 5212; x_wconf 88' lang='lat' dir='ltr'><strong>pro</strong></span> <span class='ocrx_word' id='word_1_844' title='bbox 2307 5142 2617 5198; x_wconf 87' lang='lat' dir='ltr'><strong>diversitate</strong></span> <span class='ocrx_word' id='word_1_845' title='bbox 2661 5153 3005 5212; x_wconf 91' lang='lat' dir='ltr'><strong>peccatorum</strong></span> <span class='ocrx_word' id='word_1_846' title='bbox 3034 5158 3062 5197; x_wconf 88' lang='lat' dir='ltr'><strong>a</strong></span> <span class='ocrx_word' id='word_1_847' title='bbox 3095 5142 3247 5199; x_wconf 66' lang='lat' dir='ltr'><strong>caalis</strong></span> <span class='ocrx_word' id='word_1_848' title='bbox 3280 5158 3445 5214; x_wconf 83' lang='lat' dir='ltr'><strong>usque</strong></span> 
     </span>
    </p>
   </div>
   <div class='ocr_carea' id='block_1_98' title="bbox 125 5234 3447 5342">
    <p class='ocr_par' dir='ltr' id='par_1_98' title="bbox 125 5234 3447 5342">
     <span class='ocr_line' id='line_1_99' title="bbox 125 5234 3447 5342; baseline 0.004 -50"><span class='ocrx_word' id='word_1_849' title='bbox 125 5238 375 5292; x_wconf 71' lang='lat' dir='ltr'><strong>vinitus</strong></span> <span class='ocrx_word' id='word_1_850' title='bbox 406 5236 602 5292; x_wconf 88' lang='lat' dir='ltr'><strong>dictum</strong></span> <span class='ocrx_word' id='word_1_851' title='bbox 643 5247 758 5305; x_wconf 84' lang='lat' dir='ltr'><strong>est,</strong></span> <span class='ocrx_word' id='word_1_852' title='bbox 802 5256 961 5308; x_wconf 88' lang='lat' dir='ltr'><strong>cum,</strong></span> <span class='ocrx_word' id='word_1_853' title='bbox 1006 5242 1086 5299; x_wconf 91' lang='lat' dir='ltr'><strong>eis</strong></span> <span class='ocrx_word' id='word_1_854' title='bbox 1118 5244 1255 5300; x_wconf 89' lang='lat' dir='ltr'><strong>inter</strong></span> <span class='ocrx_word' id='word_1_855' title='bbox 1280 5257 1475 5304; x_wconf 64' lang='lat' dir='ltr'><strong>cmtera</strong></span> <span class='ocrx_word' id='word_1_856' title='bbox 1519 5250 1755 5308; x_wconf 67' lang='lat' dir='ltr'><strong>caelestia</strong></span> <span class='ocrx_word' id='word_1_857' title='bbox 1864 5235 1930 5290; x_wconf 64' lang='lat' dir='ltr'><strong>ad</strong></span> <span class='ocrx_word' id='word_1_858' title='bbox 1964 5245 2134 5290; x_wconf 63' lang='lat' dir='ltr'><strong>lenas</strong></span> <span class='ocrx_word' id='word_1_859' title='bbox 2181 5234 2392 5293; x_wconf 64' lang='lat' dir='ltr'><strong>diversa</strong></span> <span class='ocrx_word' id='word_1_860' title='bbox 2432 5252 2658 5306; x_wconf 61' lang='lat' dir='ltr'><strong>corpora</strong></span> <span class='ocrx_word' id='word_1_861' title='bbox 2708 5241 2857 5308; x_wconf 69' lang='grc' dir='ltr'><strong>(ιυαεί</strong></span> <span class='ocrx_word' id='word_1_862' title='bbox 2904 5237 3112 5292; x_wconf 57' lang='lat' dir='ltr'><strong>“nulla</strong></span> <span class='ocrx_word' id='word_1_863' title='bbox 3139 5236 3447 5342; x_wconf 55' lang='grc' dir='ltr'><strong>ωθξυξεξοὲ</strong></span> 
     </span>
    </p>
   </div>
   <div class='ocr_carea' id='block_1_99' title="bbox 126 5329 3449 5410">
    <p class='ocr_par' dir='ltr' id='par_1_99' title="bbox 126 5329 3449 5410">
     <span class='ocr_line' id='line_1_100' title="bbox 126 5329 3449 5410; baseline 0.005 -25"><span class='ocrx_word' id='word_1_864' title='bbox 126 5332 627 5397; x_wconf 89' lang='lat' dir='ltr'><strong>commemoratis,</strong></span> <span class='ocrx_word' id='word_1_865' title='bbox 650 5330 879 5389; x_wconf 91' lang='lat' dir='ltr'><strong>infertur</strong></span> <span class='ocrx_word' id='word_1_866' title='bbox 908 5335 973 5389; x_wconf 92' lang='lat' dir='ltr'><strong>ad</strong></span> <span class='ocrx_word' id='word_1_867' title='bbox 1004 5339 1208 5408; x_wconf 82' lang='lat' dir='ltr'><strong>omnia,</strong></span> <span class='ocrx_word' id='word_1_868' title='bbox 1234 5337 1349 5410; x_wconf 90' lang='lat' dir='ltr'><strong>ipse</strong></span> <span class='ocrx_word' id='word_1_869' title='bbox 1375 5340 1509 5397; x_wconf 79' lang='lat' dir='ltr'><strong>dixit</strong></span> <span class='ocrx_word' id='word_1_870' title='bbox 1535 5352 1589 5398; x_wconf 90' lang='lat' dir='ltr'><strong>et</strong></span> <span class='ocrx_word' id='word_1_871' title='bbox 1615 5344 1755 5401; x_wconf 81' lang='lat' dir='ltr'><strong>facta</strong></span> <span class='ocrx_word' id='word_1_872' title='bbox 1863 5339 1918 5386; x_wconf 74' lang='grc' dir='ltr'>οι</span> <span class='ocrx_word' id='word_1_873' title='bbox 1949 5329 2089 5386; x_wconf 61' lang='lat' dir='ltr'><strong>hum:</strong></span> <span class='ocrx_word' id='word_1_874' title='bbox 2119 5344 2240 5385; x_wconf 68' lang='lat' dir='ltr'><strong>esse</strong></span> <span class='ocrx_word' id='word_1_875' title='bbox 2266 5330 2547 5397; x_wconf 66' lang='lat' dir='ltr'><strong>mundum.</strong></span> <span class='ocrx_word' id='word_1_876' title='bbox 2580 5346 2807 5402; x_wconf 68' lang='grc' dir='ltr'>ειιηίμιθ</span> <span class='ocrx_word' id='word_1_877' title='bbox 2833 5344 3047 5387; x_wconf 68' lang='lat' dir='ltr'><strong>causam</strong></span> <span class='ocrx_word' id='word_1_878' title='bbox 3077 5330 3259 5385; x_wconf 61' lang='lat' dir='ltr'><strong>mum“</strong></span> <span class='ocrx_word' id='word_1_879' title='bbox 3285 5330 3449 5388; x_wconf 66' lang='grc' dir='ltr'><strong>[υίδδε</strong></span> 
     </span>
    </p>
   </div>
   <div class='ocr_carea' id='block_1_100' title="bbox 125 5420 3448 5528">
    <p class='ocr_par' dir='ltr' id='par_1_100' title="bbox 125 5420 3448 5528">
     <span class='ocr_line' id='line_1_101' title="bbox 125 5420 3448 5528; baseline 0.004 -51"><span class='ocrx_word' id='word_1_880' title='bbox 125 5431 303 5477; x_wconf 89' lang='lat' dir='ltr'><strong>sunt.</strong></span> <span class='ocrx_word' id='word_1_881' title='bbox 359 5420 485 5485; x_wconf 85' lang='lat' dir='ltr'><strong>Quis</strong></span> <span class='ocrx_word' id='word_1_882' title='bbox 524 5440 683 5492; x_wconf 88' lang='lat' dir='ltr'><strong>porro</strong></span> <span class='ocrx_word' id='word_1_883' title='bbox 724 5426 941 5482; x_wconf 87' lang='lat' dir='ltr'><strong>audebit</strong></span> <span class='ocrx_word' id='word_1_884' title='bbox 980 5428 1185 5499; x_wconf 82' lang='lat' dir='ltr'><strong>Opinari</strong></span> <span class='ocrx_word' id='word_1_885' title='bbox 1238 5442 1355 5501; x_wconf 89' lang='lat' dir='ltr'><strong>post</strong></span> <span class='ocrx_word' id='word_1_886' title='bbox 1394 5434 1574 5490; x_wconf 90' lang='lat' dir='ltr'><strong>omnia</strong></span> <span class='ocrx_word' id='word_1_887' title='bbox 1632 5438 1752 5505; x_wconf 89' lang='lat' dir='ltr'><strong>ista,</strong></span> <span class='ocrx_word' id='word_1_888' title='bbox 1864 5422 2121 5489; x_wconf 65' lang='grc' dir='ltr'><strong>ἷθείθηάίν</strong></span> <span class='ocrx_word' id='word_1_889' title='bbox 2157 5438 2262 5478; x_wconf 77' lang='lat' dir='ltr'><strong>non</strong></span> <span class='ocrx_word' id='word_1_890' title='bbox 2293 5431 2351 5477; x_wconf 80' lang='grc' dir='ltr'><strong>υῐ</strong></span> <span class='ocrx_word' id='word_1_891' title='bbox 2380 5422 2744 5479; x_wconf 58' lang='lat' dir='ltr'><strong>conderentur</strong></span> <span class='ocrx_word' id='word_1_892' title='bbox 2770 5421 3075 5528; x_wconf 56' lang='grc' dir='ltr'><strong>δίκην-θεά</strong></span> <span class='ocrx_word' id='word_1_893' title='bbox 3105 5431 3163 5477; x_wconf 66' lang='lat' dir='ltr'><strong>Ui</strong></span> <span class='ocrx_word' id='word_1_894' title='bbox 3191 5423 3448 5528; x_wconf 42' lang='lat'><strong>13131100.-</strong></span> 
     </span>
    </p>
   </div>
   <div class='ocr_carea' id='block_1_101' title="bbox 123 5513 1753 5618">
    <p class='ocr_par' dir='ltr' id='par_1_101' title="bbox 123 5513 1753 5596">
     <span class='ocr_line' id='line_1_102' title="bbox 123 5513 1753 5596; baseline 0.01 -26"><span class='ocrx_word' id='word_1_895' title='bbox 123 5530 275 5585; x_wconf 69' lang='lat' dir='ltr'><strong>qua:</strong></span> <span class='ocrx_word' id='word_1_896' title='bbox 309 5528 418 5568; x_wconf 79' lang='lat' dir='ltr'><strong>sex</strong></span> <span class='ocrx_word' id='word_1_897' title='bbox 450 5513 634 5570; x_wconf 90' lang='lat' dir='ltr'><strong>diebus</strong></span> <span class='ocrx_word' id='word_1_898' title='bbox 656 5532 965 5575; x_wconf 85' lang='lat' dir='ltr'><strong>enumerata</strong></span> <span class='ocrx_word' id='word_1_899' title='bbox 994 5532 1138 5589; x_wconf 88' lang='lat' dir='ltr'><strong>sunt,</strong></span> <span class='ocrx_word' id='word_1_900' title='bbox 1173 5526 1395 5596; x_wconf 81' lang='lat' dir='ltr'><strong>angelos</strong></span> <span class='ocrx_word' id='word_1_901' title='bbox 1422 5528 1628 5583; x_wconf 81' lang='lat' dir='ltr'><strong>factos?</strong></span> <span class='ocrx_word' id='word_1_902' title='bbox 1659 5531 1753 5586; x_wconf 90' lang='lat' dir='ltr'><strong>sed</strong></span> 
     </span>
    </p>
   </div>
   <div class='ocr_carea' id='block_1_102' title="bbox 1868 5513 3450 5618">
    <p class='ocr_par' dir='ltr' id='par_1_102' title="bbox 1868 5515 3450 5617">
     <span class='ocr_line' id='line_1_103' title="bbox 1868 5515 3450 5617; baseline -0.001 -44"><span class='ocrx_word' id='word_1_903' title='bbox 1868 5517 2198 5574; x_wconf 89' lang='lat' dir='ltr'><strong>hiberentur.</strong></span> <span class='ocrx_word' id='word_1_904' title='bbox 2247 5517 2382 5572; x_wconf 85' lang='lat' dir='ltr'><strong>Hinc</strong></span> <span class='ocrx_word' id='word_1_905' title='bbox 2425 5517 2685 5587; x_wconf 84' lang='lat' dir='ltr'><strong>Origenes</strong></span> <span class='ocrx_word' id='word_1_906' title='bbox 2724 5517 2847 5586; x_wconf 85' lang='lat' dir='ltr'><strong>jure</strong></span> <span class='ocrx_word' id='word_1_907' title='bbox 2885 5517 3165 5585; x_wconf 83' lang='lat' dir='ltr'><strong>culpatur;</strong></span> <span class='ocrx_word' id='word_1_908' title='bbox 3206 5515 3260 5571; x_wconf 93' lang='lat' dir='ltr'><strong>in</strong></span> <span class='ocrx_word' id='word_1_909' title='bbox 3299 5516 3450 5617; x_wconf 77' lang='lat' dir='ltr'><strong>libris</strong></span> 
     </span>
    </p>
   </div>
   <div class='ocr_carea' id='block_1_103' title="bbox 120 5606 1753 5709">
    <p class='ocr_par' dir='ltr' id='par_1_103' title="bbox 120 5606 1753 5686">
     <span class='ocr_line' id='line_1_104' title="bbox 120 5606 1753 5686; baseline 0.008 -20"><span class='ocrx_word' id='word_1_910' title='bbox 120 5620 186 5667; x_wconf 82' lang='lat' dir='ltr'><strong>et</strong></span> <span class='ocrx_word' id='word_1_911' title='bbox 223 5610 283 5665; x_wconf 89' lang='lat' dir='ltr'><strong>si</strong></span> <span class='ocrx_word' id='word_1_912' title='bbox 323 5606 613 5679; x_wconf 77' lang='lat' dir='ltr'><strong>quisquam</strong></span> <span class='ocrx_word' id='word_1_913' title='bbox 644 5611 714 5664; x_wconf 90' lang='lat' dir='ltr'><strong>ita</strong></span> <span class='ocrx_word' id='word_1_914' title='bbox 744 5612 957 5682; x_wconf 88' lang='lat' dir='ltr'><strong>desipit,</strong></span> <span class='ocrx_word' id='word_1_915' title='bbox 994 5615 1262 5686; x_wconf 85' lang='lat' dir='ltr'><strong>redarguit</strong></span> <span class='ocrx_word' id='word_1_916' title='bbox 1284 5620 1439 5674; x_wconf 89' lang='lat' dir='ltr'><strong>istam</strong></span> <span class='ocrx_word' id='word_1_917' title='bbox 1472 5623 1753 5679; x_wconf 84' lang='lat' dir='ltr'><strong>vanitatem</strong></span> 
     </span>
    </p>
   </div>
   <div class='ocr_carea' id='block_1_104' title="bbox 1868 5606 3447 5709">
    <p class='ocr_par' dir='ltr' id='par_1_104' title="bbox 1868 5606 3447 5709">
     <span class='ocr_line' id='line_1_105' title="bbox 1868 5606 3447 5709; baseline -0.002 -43"><span class='ocrx_word' id='word_1_918' title='bbox 1868 5612 2009 5667; x_wconf 89' lang='lat' dir='ltr'><strong>enim</strong></span> <span class='ocrx_word' id='word_1_919' title='bbox 2037 5624 2176 5680; x_wconf 90' lang='lat' dir='ltr'><strong>quos</strong></span> <span class='ocrx_word' id='word_1_920' title='bbox 2199 5608 2434 5680; x_wconf 84' lang='lat' dir='ltr'><strong>appellat</strong></span> <span class='ocrx_word' id='word_1_921' title='bbox 2460 5608 2823 5684; x_wconf 69' lang='grc' dir='ltr'><strong>περὶἋρχῶν,</strong></span> <span class='ocrx_word' id='word_1_922' title='bbox 2854 5607 2907 5663; x_wconf 93' lang='lat' dir='ltr'><strong>id</strong></span> <span class='ocrx_word' id='word_1_923' title='bbox 2935 5618 3021 5709; x_wconf 76' lang='lat' dir='ltr'><strong>est</strong></span> <span class='ocrx_word' id='word_1_924' title='bbox 3046 5608 3119 5709; x_wconf 77' lang='lat' dir='ltr'><strong>de</strong></span> <span class='ocrx_word' id='word_1_925' title='bbox 3146 5606 3447 5709; x_wconf 72' lang='lat' dir='ltr'><strong>Principiis,</strong></span> 
     </span>
    </p>
   </div>
   <div class='ocr_carea' id='block_1_105' title="bbox 120 5697 3449 5803">
    <p class='ocr_par' dir='ltr' id='par_1_105' title="bbox 120 5697 3449 5803">
     <span class='ocr_line' id='line_1_106' title="bbox 120 5697 3449 5803; baseline 0.003 -45"><span class='ocrx_word' id='word_1_926' title='bbox 120 5701 235 5758; x_wconf 83' lang='lat' dir='ltr'><strong>illa</strong></span> <span class='ocrx_word' id='word_1_927' title='bbox 300 5699 586 5770; x_wconf 89' lang='lat' dir='ltr'><strong>Scriptura</strong></span> <span class='ocrx_word' id='word_1_928' title='bbox 640 5702 780 5772; x_wconf 89' lang='lat' dir='ltr'><strong>paris</strong></span> <span class='ocrx_word' id='word_1_929' title='bbox 825 5702 1155 5761; x_wconf 88' lang='lat' dir='ltr'><strong>auctoritatis</strong></span> <span class='ocrx_word' id='word_1_930' title='bbox 1179 5750 1192 5773; x_wconf 91' lang='lat'><strong>,</strong></span> <span class='ocrx_word' id='word_1_931' title='bbox 1250 5708 1340 5763; x_wconf 93' lang='lat' dir='ltr'><strong>ubi</strong></span> <span class='ocrx_word' id='word_1_932' title='bbox 1391 5707 1532 5767; x_wconf 88' lang='lat' dir='ltr'><strong>Deus</strong></span> <span class='ocrx_word' id='word_1_933' title='bbox 1584 5713 1751 5770; x_wconf 87' lang='lat' dir='ltr'><strong>dicit:</strong></span> <span class='ocrx_word' id='word_1_934' title='bbox 1870 5704 1973 5759; x_wconf 76' lang='lat' dir='ltr'><strong>hoc</strong></span> <span class='ocrx_word' id='word_1_935' title='bbox 1998 5700 2189 5803; x_wconf 50' lang='lat' dir='ltr'><strong>5005i},</strong></span> <span class='ocrx_word' id='word_1_936' title='bbox 2219 5700 2320 5803; x_wconf 63' lang='grc' dir='ltr'><strong>δοίξ</strong></span> <span class='ocrx_word' id='word_1_937' title='bbox 2345 5701 2531 5803; x_wconf 48' lang='lat' dir='ltr'><strong>scrib“</strong></span> <span class='ocrx_word' id='word_1_938' title='bbox 2560 5697 2839 5803; x_wconf 55' lang='lat' dir='ltr'><strong>[SfTiPSlll-</strong></span> <span class='ocrx_word' id='word_1_939' title='bbox 2877 5698 3312 5803; x_wconf 43' lang='lat' dir='ltr'><strong>.Ulli.lll“§_fl“3ln</strong></span> <span class='ocrx_word' id='word_1_940' title='bbox 3344 5698 3449 5803; x_wconf 54' lang='grc' dir='ltr'><strong>ξῘίεί</strong></span> 
     </span>
    </p>
   </div>
   <div class='ocr_carea' id='block_1_106' title="bbox 116 5791 3449 5897">
    <p class='ocr_par' dir='ltr' id='par_1_106' title="bbox 116 5791 3449 5897">
     <span class='ocr_line' id='line_1_107' title="bbox 116 5791 3449 5897; baseline 0 -48"><span class='ocrx_word' id='word_1_941' title='bbox 116 5791 399 5863; x_wconf 86' lang='lat' dir='ltr'><strong>Quando</strong></span> <span class='ocrx_word' id='word_1_942' title='bbox 429 5791 567 5848; x_wconf 87' lang='lat' dir='ltr'><strong>facta</strong></span> <span class='ocrx_word' id='word_1_943' title='bbox 597 5805 721 5849; x_wconf 88' lang='lat' dir='ltr'><strong>sunt</strong></span> <span class='ocrx_word' id='word_1_944' title='bbox 748 5796 946 5862; x_wconf 89' lang='lat' dir='ltr'><strong>sidera,</strong></span> <span class='ocrx_word' id='word_1_945' title='bbox 977 5797 1332 5855; x_wconf 86' lang='lat' dir='ltr'><strong>laudaverunt</strong></span> <span class='ocrx_word' id='word_1_946' title='bbox 1359 5817 1446 5857; x_wconf 92' lang='lat' dir='ltr'><strong>me</strong></span> <span class='ocrx_word' id='word_1_947' title='bbox 1478 5817 1608 5857; x_wconf 91' lang='lat' dir='ltr'><strong>voce</strong></span> <span class='ocrx_word' id='word_1_948' title='bbox 1639 5820 1754 5858; x_wconf 87' lang='lat' dir='ltr'><strong>ma-</strong></span> <span class='ocrx_word' id='word_1_949' title='bbox 1868 5803 2047 5865; x_wconf 89' lang='lat' dir='ltr'><strong>potest</strong></span> <span class='ocrx_word' id='word_1_950' title='bbox 2092 5794 2258 5850; x_wconf 89' lang='lat' dir='ltr'><strong>miror</strong></span> <span class='ocrx_word' id='word_1_951' title='bbox 2304 5793 2576 5849; x_wconf 90' lang='lat' dir='ltr'><strong>hominem</strong></span> <span class='ocrx_word' id='word_1_952' title='bbox 2607 5793 2662 5846; x_wconf 91' lang='lat' dir='ltr'><strong>in</strong></span> <span class='ocrx_word' id='word_1_953' title='bbox 2697 5791 3077 5897; x_wconf 73' lang='lat' dir='ltr'><strong>ecclesiasticis</strong></span> <span class='ocrx_word' id='word_1_954' title='bbox 3118 5791 3312 5897; x_wconf 74' lang='lat' dir='ltr'><strong>litteris</strong></span> <span class='ocrx_word' id='word_1_955' title='bbox 3342 5800 3449 5849; x_wconf 85' lang='lat' dir='ltr'><strong>tam</strong></span> 
     </span>
    </p>
   </div>
   <div class='ocr_carea' id='block_1_107' title="bbox 112 5886 3446 5992">
    <p class='ocr_par' dir='ltr' id='par_1_107' title="bbox 112 5886 3446 5992">
     <span class='ocr_line' id='line_1_108' title="bbox 112 5886 3446 5992; baseline 0 -51"><span class='ocrx_word' id='word_1_956' title='bbox 112 5904 245 5961; x_wconf 66' lang='lat' dir='ltr'><strong>gna</strong></span> <span class='ocrx_word' id='word_1_957' title='bbox 283 5899 491 5941; x_wconf 86' lang='lat' dir='ltr'><strong>omnes</strong></span> <span class='ocrx_word' id='word_1_958' title='bbox 517 5889 685 5955; x_wconf 83' lang='lat' dir='ltr'><strong>angeli</strong></span> <span class='ocrx_word' id='word_1_959' title='bbox 715 5888 847 5955; x_wconf 87' lang='lat' dir='ltr'><strong>mei;</strong></span> <span class='ocrx_word' id='word_1_960' title='bbox 868 5888 980 5960; x_wconf 90' lang='lat' dir='ltr'><strong>jam</strong></span> <span class='ocrx_word' id='word_1_961' title='bbox 1008 5905 1138 5961; x_wconf 86' lang='lat' dir='ltr'><strong>ergo</strong></span> <span class='ocrx_word' id='word_1_962' title='bbox 1162 5899 1314 5945; x_wconf 88' lang='lat' dir='ltr'><strong>erant</strong></span> <span class='ocrx_word' id='word_1_963' title='bbox 1338 5893 1510 5963; x_wconf 89' lang='lat' dir='ltr'><strong>angeli</strong></span> <span class='ocrx_word' id='word_1_964' title='bbox 1541 5894 1752 5964; x_wconf 89' lang='lat' dir='ltr'><strong>quando</strong></span> <span class='ocrx_word' id='word_1_965' title='bbox 1868 5891 2085 5947; x_wconf 91' lang='lat' dir='ltr'><strong>doctum</strong></span> <span class='ocrx_word' id='word_1_966' title='bbox 2128 5898 2184 5946; x_wconf 91' lang='lat' dir='ltr'><strong>et</strong></span> <span class='ocrx_word' id='word_1_967' title='bbox 2226 5889 2577 5946; x_wconf 77' lang='lat' dir='ltr'><strong>exercitatum</strong></span> <span class='ocrx_word' id='word_1_968' title='bbox 2609 5901 2739 5992; x_wconf 27' lang='lat' dir='ltr'><strong>“non</strong></span> <span class='ocrx_word' id='word_1_969' title='bbox 2762 5886 3123 5992; x_wconf 50' lang='lat' dir='ltr'><strong>&quot;attendisse,</strong></span> <span class='ocrx_word' id='word_1_970' title='bbox 3177 5886 3446 5992; x_wconf 76' lang='lat' dir='ltr'><strong>primum,</strong></span> 
     </span>
    </p>
   </div>
   <div class='ocr_carea' id='block_1_108' title="bbox 112 5978 3447 6056">
    <p class='ocr_par' dir='ltr' id='par_1_108' title="bbox 112 5978 3447 6056">
     <span class='ocr_line' id='line_1_109' title="bbox 112 5978 3447 6056; baseline -0.002 -15"><span class='ocrx_word' id='word_1_971' title='bbox 112 5982 300 6042; x_wconf 77' lang='lat' dir='ltr'><strong>facta</strong></span> <span class='ocrx_word' id='word_1_972' title='bbox 337 5988 470 6035; x_wconf 77' lang='lat' dir='ltr'><strong>lunt</strong></span> <span class='ocrx_word' id='word_1_973' title='bbox 497 5980 693 6048; x_wconf 87' lang='lat' dir='ltr'><strong>sidera,</strong></span> <span class='ocrx_word' id='word_1_974' title='bbox 724 5978 861 6039; x_wconf 85' lang='lat' dir='ltr'><strong>facta</strong></span> <span class='ocrx_word' id='word_1_975' title='bbox 891 5994 1018 6040; x_wconf 86' lang='lat' dir='ltr'><strong>sunt</strong></span> <span class='ocrx_word' id='word_1_976' title='bbox 1043 5995 1219 6040; x_wconf 88' lang='lat' dir='ltr'><strong>autem</strong></span> <span class='ocrx_word' id='word_1_977' title='bbox 1251 5995 1442 6055; x_wconf 87' lang='lat' dir='ltr'><strong>quarto</strong></span> <span class='ocrx_word' id='word_1_978' title='bbox 1467 5986 1575 6042; x_wconf 90' lang='lat' dir='ltr'><strong>die.</strong></span> <span class='ocrx_word' id='word_1_979' title='bbox 1607 5986 1751 6041; x_wconf 84' lang='lat' dir='ltr'><strong>Nun-</strong></span> <span class='ocrx_word' id='word_1_980' title='bbox 1868 6000 2028 6056; x_wconf 88' lang='lat' dir='ltr'><strong>quam</strong></span> <span class='ocrx_word' id='word_1_981' title='bbox 2060 5984 2162 6039; x_wconf 89' lang='lat' dir='ltr'><strong>hoc</strong></span> <span class='ocrx_word' id='word_1_982' title='bbox 2195 5993 2343 6040; x_wconf 92' lang='lat' dir='ltr'><strong>esset</strong></span> <span class='ocrx_word' id='word_1_983' title='bbox 2386 5982 2716 6039; x_wconf 84' lang='lat' dir='ltr'><strong>contrarium</strong></span> <span class='ocrx_word' id='word_1_984' title='bbox 2761 5981 3051 6051; x_wconf 70' lang='lat' dir='ltr'><strong>Scriptura:</strong></span> <span class='ocrx_word' id='word_1_985' title='bbox 3101 5980 3260 6051; x_wconf 82' lang='lat' dir='ltr'><strong>hujus</strong></span> <span class='ocrx_word' id='word_1_986' title='bbox 3288 5988 3447 6035; x_wconf 72' lang='lat' dir='ltr'><strong>tanta:</strong></span> 
     </span>
    </p>
   </div>
  </div>
