3968 6390
483 418 591 475 ειλδ

1554 406 1615 467 1).
1648 409 1967 468 EUGYPPII
2010 407 2300 467 ABBA'I‘IS
2332 405 2658 466 AFRICANI

3681 391 3786 456 694

481 538 820 595 auctoritatis
863 531 1151 592 intentioni
1175 572 1191 599 ,
1242 544 1361 599 quae
1409 543 1502 597 per
1547 529 1726 582 omnia
1768 541 1934 596 Opera
1981 524 2073 580 Dei
2105 530 2149 585 A
2183 526 2348 592 fecit,
2383 541 2504 596 quae
2533 524 2788 578 voluntas
2824 517 3010 590 utique
3043 519 3245 575 nonest
3275 517 3451 582 nihil,
3485 517 3785 586 respiciant

485 635 814 706 subjungens
845 674 861 700 ,
896 633 959 686 Et
988 629 1119 685 vidit
1149 629 1286 681 Deus
1317 624 1442 694 quia
1475 623 1674 677 bonum
1705 632 1807 688 est,
1833 620 2073 691 comple-

486 731 664 800 tisque
699 725 946 782 omnibus
973 723 1243 785 inferens,
1298 718 1363 773 Et
1391 717 1522 772 vidit
1568 717 1708 772 Deus
1740 716 1923 770 omnia
1953 729 2073 782 quae

488 821 639 886 fecit,
683 830 738 874 et
783 831 910 873 ecce
943 817 1079 870 bona
1113 812 1293 879 valde,
1327 811 1526 864 nullam
1557 810 1713 864 aliam
1748 823 1963 863 causam
1996 807 2074 861 fa-

487 912 666 969 ciendi
707 910 888 965 mundi
919 906 1144 976 intelligi
1174 905 1371 969 voluit,
1405 904 1508 958 nisi
1548 912 1608 958 ut
1645 902 1783 956 bona
1818 901 2011 955 fierent
2042 913 2074 954 a

485 1006 628 1061 bono
670 1002 804 1067 Deo,
848 1001 933 1055 ubi
975 1000 1021 1055 si
1061 1013 1220 1053 nemo
1252 1003 1546 1065 peccasset,
1581 993 1953 1049 tantummodo
1981 1007 2077 1046 na-

485 1095 617 1150 turis
646 1094 805 1149 bonis
845 1101 991 1149 esset
1017 1090 1251 1145 mundus
1289 1099 1511 1145 ornatus
1549 1096 1604 1143 et
1634 1088 1843 1157 plenus,
1872 1095 1924 1140 et
1951 1085 2074 1154 quia

485 1195 762 1256 peccatum
803 1194 904 1249 est,
941 1199 1046 1237 non
1093 1183 1215 1237 ideo
1242 1192 1434 1236 cuncta
1465 1189 1591 1234 sunt
1630 1178 1847 1248 impleta
1879 1192 2074 1245 pecca-

486 1279 574 1342 tis,
606 1292 728 1332 cum
766 1276 1028 1330 bonorum
1063 1275 1215 1344 longe
1255 1272 1428 1342 major
1470 1286 1726 1326 numerus
1758 1271 1812 1323 in
1842 1268 2077 1324 coelesti-

489 1374 586 1424 bus
615 1385 725 1424 suae
752 1376 959 1423 natura:
995 1366 1243 1422 ordinem
1275 1373 1482 1428 servet;
1517 1378 1614 1418 nec
1645 1361 1787 1416 mala
1809 1360 2074 1426 voluntas,

487 1466 615 1532 quia
660 1471 865 1516 natura:
894 1460 1139 1515 ordinem
1180 1471 1398 1513 servare
1429 1456 1620 1522 noluit,
1672 1455 1794 1508 ideo
1822 1453 1949 1521 justi
1984 1451 2078 1505 Dei

490 1556 638 1626 leges
667 1554 847 1609 omnia
891 1553 1028 1608 bene
1067 1549 1366 1606 ordinanti’s
1391 1548 1578 1618 effugit
1605 1565 1617 1599 :
1649 1545 1905 1616 quoniam
1939 1546 2080 1598 sicut

493 1651 699 1719 pictura
731 1663 853 1702 cum
881 1647 1062 1702 colore
1088 1646 1241 1716 nigro
1269 1645 1387 1699 loco
1408 1659 1504 1698 suo
1533 1642 1705 1712 posito
1738 1639 1974 1712 [posita],
2007 1641 2079 1692 ita

487 1742 809 1799 universitas
839 1756 1042 1804 rerum,
1073 1740 1121 1795 si
1162 1739 1280 1809 quis
1310 1738 1479 1808 possit
1517 1737 1732 1800 intueri,
1765 1734 1926 1790 etiam
1956 1747 2078 1788 cum

490 1834 861 1904 peccatoribus
893 1832 1116 1903 pulchra
1143 1841 1248 1897 est,
1285 1829 1530 1899 quamvis
1556 1844 1653 1897 per
1682 1843 1740 1882 se
1770 1828 1912 1895 ipsos
1942 1841 2079 1880 con-

2176 619 2317 674 unde
2348 616 2643 673 secundum
2674 629 2869 683 corpus
2899 610 3071 669 factus
3102 613 3172 666 sit
3202 612 3385 666 homo.
3415 609 3582 665 Certe
3614 611 3780 675 enim,

2183 711 2321 766 sicut
2367 711 2645 779 Scriptura
2679 717 2923 772 testatur,
2948 721 3070 762 eum
3108 706 3176 760 de
3197 705 3326 759 limo
3347 705 3431 759 vel
3454 703 3527 759 de
3562 704 3784 772 pulvere

2179 814 2336 860 terra:
2371 804 2513 859 Deus
2540 801 2684 871 fecit,
2718 810 2773 856 et
2799 799 3150 870 proculdubio
3185 799 3466 853 voluntate
3499 797 3652 852 fecit.
3683 796 3782 850 Nec

2179 906 2358 952 tamen
2392 896 2642 950 voluntas
2674 894 2770 948 Dei
2799 894 2972 962 pulvis
2999 899 3090 945 aut
3121 892 3283 945 limus
3315 898 3419 945 est.
3454 890 3616 945 Sicut
3662 905 3781 957 ergo

2181 992 2232 1046 in
2260 1006 2324 1046 eo
2348 989 2487 1058 quod
2516 1004 2586 1044 ex
2621 989 2751 1043 limo
2775 985 2971 1042 factum
3003 996 3106 1055 εει,
3133 985 3374 1056 quamvis
3403 985 3690 1040 voluntate
3719 985 3783 1038 sit

2180 1081 2404 1147 factum,
2458 1095 2566 1134 non
2611 1087 2693 1133 est
2743 1077 2990 1132 voluntas
3038 1076 3220 1142 limus,
3253 1077 3324 1130 ita
3357 1077 3410 1130 in
3443 1090 3513 1130 eo
3545 1073 3695 1144 quod
3725 1089 3782 1129 ex

2183 1174 2349 1229 nihilo
2377 1173 2573 1227 factum
2603 1184 2706 1240 est,
2734 1171 2977 1239 quamvis
3005 1170 3280 1224 voluntate
3309 1170 3378 1223 sit
3409 1167 3650 1234 factum,
3678 1183 3777 1222 non

2182 1276 2263 1322 est
2292 1267 2539 1320 voluntas
2569 1265 2722 1318 nihil.
2773 1264 2887 1318 Jam
2936 1278 3066 1318 vero
3112 1261 3254 1333 quod
3296 1261 3603 1316 dolendum
3639 1260 3780 1314 addi-

2182 1357 2328 1421 disti,
2347 1371 2413 1411 ex
2439 1355 2754 1410 Priscilliani
2785 1355 2976 1410 haaresi
3001 1354 3066 1408 ad
3093 1369 3334 1409 errorem
3362 1353 3624 1421 Origenis
3651 1351 3778 1420 apud

2183 1463 2279 1504 vos
2324 1447 2568 1504 homines
2607 1447 2770 1502 fuisse
2809 1447 3083 1515 delapsos,
3116 1459 3217 1500 nec
3245 1445 3312 1499 ab
3357 1444 3447 1498 illa
3483 1454 3647 1512 peste
3687 1456 3774 1511 po-

2185 1543 2351 1596 tuisse
2398 1541 2577 1595 sanari
2626 1541 2726 1593 nisi
2776 1548 2830 1594 et
2869 1540 2983 1609 ipsa
3031 1538 3295 1593 medicina
3339 1536 3657 1591 morbidum
3697 1535 3783 1590 ali-

2185 1634 2310 1714 quid
2340 1634 2632 1699 intulisset,
2660 1649 2766 1687 non
2794 1642 2878 1686 est
2899 1631 3116 1701 quidem
3147 1631 3301 1685 dolor
3329 1631 3434 1685 iste
3459 1628 3780 1697 culpandus.

2189 1727 2400 1783 Veritas
2429 1729 2571 1783 enim
2605 1728 2811 1796 debuit,
2844 1741 2949 1781 non
2988 1725 3193 1781 falsitas
3221 1724 3424 1795 pellere
3457 1723 3778 1777 falsitatem:

2188 1846 2310 1886 nam
2356 1829 2456 1884 hoc
2482 1839 2693 1884 mutare
2718 1837 2803 1884 est
2831 1827 3030 1882 malum
3053 1870 3068 1895 ,
3101 1840 3212 1880 non
3242 1824 3466 1879 evitare.
3501 1823 3777 1878 Verumta-

485 1926 754 1981 sideratos
795 1939 889 1979 sua
928 1923 1238 1979 deformitas
1278 1930 1472 1991 turpet.
1520 1918 1724 1974 Deinde
1756 1919 1938 1972 videre
1986 1917 2083 1972 de-
2115 1930 2166 1992 Β
2193 1939 2314 1978 men
2345 1924 2468 1992 quia
2499 1921 2566 1975 de
2593 1924 2708 1990 ipso
2742 1920 2873 1980 Deo.
2907 1925 3280 1973 creaturarum
3329 1916 3574 1968 omnium
3606 1913 3776 1967 condi-

488 2018 607 2073 buit
635 2017 910 2085 Origenes,
944 2023 999 2070 et
1028 2014 1332 2084 quicunque
1359 2011 1431 2066 ita
1463 2012 1700 2080 sapiunt,
1731 2010 1777 2063 si
1807 2010 1921 2064 haec
1954 2007 2075 2078 opi-

491 2111 581 2166 nio
611 2124 733 2164 vera
775 2117 938 2175 esset,
989 2105 1246 2162 mundum
1292 2105 1411 2159 ideo
1441 2103 1638 2157 factum
1678 2113 1734 2155 ut
1759 2101 1951 2154 animae
1982 2114 2080 2169 pro

492 2201 702 2257 meritis
732 2208 1072 2270 peccatorum
1120 2211 1340 2252 suorum
1375 2207 1625 2264 tauquam
1666 2193 1931 2262 ergastula
1963 2192 2082 2261 qui-

489 2296 589 2349 bus
645 2293 924 2363 poenaliter
972 2288 1374 2345 includerentur
1438 2300 1664 2354 corpora
1722 2285 2077 2352 acciperent,

486 2385 768 2455 superiora
811 2392 866 2440 et
915 2383 1111 2438 leviora
1159 2395 1280 2450 qum
1324 2379 1525 2444 minus,
1557 2376 1808 2432 inferiora
1851 2391 1980 2430 vero
2027 2382 2082 2430 et

489 2482 732 2552 graviora
761 2493 880 2549 qua:
908 2475 1138 2545 amplius
1181 2479 1572 2543 peccaverunt,
1621 2470 1925 2534 daemones,
1958 2468 2079 2537 qui-

487 2574 588 2627 bus
607 2570 843 2626 deterius
873 2567 1008 2623 nihil
1040 2574 1145 2631 est,
1190 2575 1403 2620 terrena
1435 2576 1683 2632 corpora,
1716 2561 1911 2631 quibus
1947 2559 2081 2614 infe-

489 2665 602 2718 rius
625 2672 680 2718 et
698 2661 914 2732 gravius
938 2657 1071 2714 nihil
1097 2665 1202 2726 est,
1234 2657 1412 2726 potius
1441 2669 1603 2724 quam
1631 2653 1876 2708 homines
1917 2651 2079 2707 etiam

489 2756 661 2810 bonos
690 2752 892 2807 habere
920 2749 1193 2805 debuisse.
1225 2747 1376 2802 Nunc
1401 2761 1527 2801 vero
1566 2753 1626 2799 ut
1652 2743 2079 2812 intelligeremus

496 2848 797 2904 animarum
843 2846 1034 2900 merita
1083 2859 1189 2898 non
1242 2841 1590 2912 qualitatibus
1640 2851 1928 2907 corporum
1959 2849 2081 2890 esse

490 2938 781 3011 pensanda,
828 2938 1032 2994 aerium
1061 2936 1330 3007 pessimus
1355 2934 1587 2999 daemon,
1621 2931 1783 2986 homo
1813 2937 1991 2985 autem
2023 2937 2080 2985 et

490 3049 634 3089 nunc
663 3033 789 3088 licet
815 3032 1011 3096 malus,
1040 3030 1196 3098 longe
1225 3028 1447 3084 minoris
1476 3025 1811 3094 mitiorisque
1834 3021 2076 3088 malitia,

489 3133 546 3179 et
566 3131 714 3179 certe
734 3131 860 3178 ante
881 3131 1181 3192 peccatum,
1203 3131 1381 3176 tamen
1403 3119 1605 3173 luteum
1629 3129 1824 3184 corpus
1845 3114 2075 3184 accepit.

489 3215 631 3284 Quid
670 3223 848 3270 autem
879 3214 1094 3270 stultius
1123 3213 1229 3270 dici
1271 3221 1449 3283 potest
1480 3224 1638 3279 quam
1671 3223 1768 3279 per
1796 3208 1956 3262 istum
1989 3220 2077 3261 so-

2187 2023 2340 2077 tore,
2375 2011 2477 2066 hoc
2521 2020 2607 2065 est
2657 2009 2725 2064 de
2777 2010 2890 2077 ipsa
2939 2016 3207 2062 coaeterna
3255 2013 3309 2059 et
3359 2002 3775 2059 incommutabili

2183 2108 2468 2171 Trinitate,
2490 2107 2556 2161 ab
2579 2106 2657 2159 eis
2679 2104 2770 2174 qui
2799 2104 2865 2157 ad
2891 2117 2983 2158 vos
3010 2102 3174 2157 libros
3200 2098 3450 2168 Origenis
3471 2100 3772 2160 attulerant,

2185 2201 2238 2256 id
2270 2199 2526 2255 traditum
2557 2213 2679 2254 esse
2709 2207 3102 2251 commemoras
3146 2193 3289 2263 quod
3338 2193 3530 2248 veritas
3572 2190 3767 2251 habet,

2185 2303 2373 2349 contra
2440 2306 2599 2362 quam
2655 2291 2935 2344 veritatem
2991 2285 3363 2341 Priscillianus
3415 2282 3758 2339 Sabellianttm

2185 2384 2460 2454 antiquum
2490 2383 2685 2452 dogma
2705 2380 2956 2443 restituit,
2991 2377 3081 2432 ubi
3114 2378 3229 2447 ipse
3270 2376 3431 2430 Pater
3456 2373 3541 2445 qui
3565 2372 3756 2435 Filius,

2185 2477 2276 2547 qui
2321 2486 2376 2531 et
2420 2475 2654 2544 Spiritus
2683 2482 2898 2528 sanctus
2943 2470 3272 2541 perhibetur,
3305 2470 3408 2524 hoc
3459 2469 3558 2523 iste
3601 2466 3768 2536 pejor,

2185 2570 2327 2640 quod
2357 2569 2518 2624 etiam
2539 2568 2609 2623 de
2631 2566 2814 2622 anima
2833 2566 2907 2620 ita
2931 2566 3116 2633 sentit,
3138 2573 3196 2619 ut
3219 2578 3324 2619 non
3357 2578 3476 2618 eam
3509 2563 3766 2632 propriam

2187 2663 2320 2718 velit
2370 2662 2569 2717 habere
2617 2669 2886 2724 naturam,
2945 2657 3040 2713 sed
3089 2657 3157 2712 de
3203 2655 3321 2724 ipso
3367 2655 3483 2710 Deo
3538 2666 3771 2724 tanquam

2188 2756 2506 2826 particulam
2557 2752 2828 2821 defluere,
2880 2759 2935 2805 et
2983 2759 3093 2804 tam
3145 2747 3467 2803 deformiter
3524 2742 3768 2814 inquinari

2185 2860 2344 2921 atque
2393 2851 2444 2904 in
2491 2847 2730 2904 deterius
2782 2843 3141 2909 commutari,
3174 2857 3296 2898 cttm
3345 2840 3660 2896 Manichaeis
3688 2853 3769 2891 au-

2184 2941 2309 2998 deat
2355 2940 2621 2996 afﬁrmare
2650 2958 2661 2993 :
2698 2953 2808 2994 non
2839 2951 3026 3008 parum
3069 2933 3194 2989 boni
3226 2949 3293 2988 ex
3331 2932 3493 2988 libris
3525 2933 3631 2987 illis
3658 2945 3769 3000 pro-

2185 3036 2358 3091 vincia
2387 3043 2569 3090 vestra
2600 3033 2863 3104 percepit,
2891 3030 2944 3085 in
2977 3045 3037 3086 ea
3067 3044 3127 3086 re
3154 3029 3391 3084 maxime
3424 3030 3478 3083 in
3510 3043 3612 3096 qua
3635 3025 3768 3095 capi-

2185 3129 2364 3184 taliter
2390 3137 2622 3196 erratur,
2658 3127 2727 3182 de
2761 3126 3021 3181 Creatore
3067 3125 3266 3194 quippe
3295 3137 3400 3177 non
3438 3121 3513 3177 de
3543 3128 3767 3175 creatura

2185 3240 2294 3287 tam
2338 3231 2470 3286 falsa
2513 3239 2567 3285 et
2608 3237 2716 3284 tam
2765 3225 2968 3284 nefaria
3016 3225 3341 3282 sentiuntur.
3379 3223 3511 3280 Sive
3566 3236 3686 3292 ergo
3724 3221 3769 3272 in

491 3308 599 3403 “‘7'.
625 3315 682 3403 Ψ
703 3321 758 3362 ¹¹¹
788 3322 892 3403 υῨ¹⁰
913 3307 1113 3403 Ψωάο
1297 3314 1460 3372 esse“
1493 3319 1598 3358 non
1625 3303 1822 3403 decf":
1843 3299 2079 3370 pulchn'
2105 3313 2153 3378 Ο
2188 3336 2324 3389 hanc
2363 3332 2522 3388 ﬁdem
2574 3332 2663 3403 qui
2704 3330 3059 3386 deviaverant
3087 3328 3322 3384 restituti
3370 3337 3519 3392 sunt,
3554 3327 3663 3379 sive
3690 3320 3772 3391 qui

490 3399 722 3464 tudinis,
750 3399 832 3455 vel
863 3399 1025 3456 etiam
1069 3399 1228 3455 saluti
1269 3413 1450 3454 rerum
1492 3395 1853 3466 corporalium
1885 3408 2080 3451 consu-

489 3491 654 3546 luisse
681 3491 942 3548 artiftcem
969 3492 1159 3557 Deum,
1192 3489 1286 3546 sed
1326 3489 1430 3544 hoc
1454 3489 1628 3559 potius
1650 3487 1921 3553 evenisse,
1953 3483 2078 3555 quia

490 3597 595 3636 una
625 3583 805 3637 anima
837 3585 916 3639 sic
952 3592 1291 3653 peccaverat,
1320 3591 1379 3636 ut
1407 3581 1501 3636 tali
1527 3594 1755 3649 corpore
1783 3587 2080 3634 mereretur

493 3673 734 3728 includi?
784 3677 861 3728 Ac
891 3689 985 3743 per
1027 3674 1128 3728 hoc
1164 3673 1210 3728 si
1258 3671 1572 3743 contigisset
1608 3680 1665 3726 ut
1695 3686 1801 3726 non
1843 3685 1945 3723 una
1985 3668 2080 3724 sed

491 3766 636 3828 duae,
666 3766 774 3818 imo
818 3780 927 3820 non
970 3765 1090 3820 dua:
1121 3766 1214 3821 sed
1245 3766 1431 3821 decem
1464 3765 1545 3819 vel
1577 3774 1792 3819 centum
1836 3762 2081 3815 similiter

491 3857 877 3928 aequaliterque
914 3869 1252 3927 peccassent,
1287 3868 1502 3914 centum
1544 3858 1687 3912 soles
1732 3856 1954 3910 haberet
1994 3855 2083 3908 hic

490 3949 744 4012 mundus,
769 3948 908 4018 quod
949 3959 1004 4004 ut
1046 3964 1152 4005 non
1176 3951 1348 4019 fieret,
1392 3965 1497 4004 non
1528 3948 1736 4017 Opificis
1775 3945 2082 4017 provisione

489 4040 719 4096 mirabili
751 4039 817 4096 ad
847 4056 1028 4097 rerum
1071 4043 1434 4111 corporalium
1463 4040 1688 4096 salutem
1720 4039 2081 4107 decoremque

488 4135 792 4192 consultum
859 4146 989 4204 est,
1061 4135 1156 4190 sed
1202 4134 1428 4206 contigit
1485 4133 1662 4204 pctius
1719 4140 1863 4186 tanta
1921 4131 2084 4185 unius

487 4231 684 4284 anima:
729 4231 1107 4301 progressione
1149 4232 1420 4300 peccantis
1449 4269 1464 4295 ,
1498 4240 1555 4284 ut
1597 4229 1711 4283 sola
1744 4241 1941 4296 corpus
1973 4225 2080 4281 tale

491 4328 815 4374 mereretur.
849 4321 965 4376 Non
997 4324 1158 4391 plane
1186 4322 1488 4377 animarum
1513 4322 1580 4376 de
1612 4321 1806 4391 quibus
1832 4319 2083 4374 nesciunt

489 4412 618 4480 quid
667 4412 974 4481 loquantur,
1019 4416 1113 4469 sed
1169 4429 1356 4470 eorum
1405 4417 1641 4485 ipsorum
1687 4415 1774 4483 qui
1831 4413 1950 4468 talia
1995 4427 2081 4466 sa-

493 4505 648 4572 piunt
677 4506 903 4560 multum
948 4506 1108 4576 longe
1153 4522 1178 4560 a
1224 4509 1450 4562 veritate
1487 4516 1541 4562 et
1576 4508 1767 4562 merito
1806 4516 1890 4562 est
1929 4521 2082 4562 coer-

490 4597 658 4654 cenda
690 4601 1013 4668 progressio.

1041 4717 1264 4774 CAPUT
1303 4717 1519 4774 XXXII.

491 4803 570 4858 De
598 4806 772 4861 eodem
792 4823 975 4888 .err_ore
1000 4819 1066 4888 _et
1107 4810 1169 4863 de
1208 4811 1565 4888 ignewtejjno,
1595 4829 1658 4888 ea:
1688 4813 1816 4866 libro
1852 4812 2083 4879 Respon-

759 4881 918 4932 siom's
943 4881 1011 4934 ad
1037 4881 1272 4936 consulta
1302 4884 1475 4938 Orosii
1501 4885 1800 4954 presbyteri.

564 4991 743 5063 Usque
788 4989 923 5046 adeo
970 4992 1134 5062 igitur
1160 4993 1212 5047 in
1243 5008 1308 5049 eo
1338 4994 1477 5064 quod
1510 5010 1577 5049 ex
1611 4993 1782 5048 nihilo
1831 4991 1959 5049 fecit
1991 5007 2083 5048 vo-

490 5085 666 5140 luntas
717 5100 822 5138 non
856 5083 986 5139 nihil
1018 5084 1235 5152 dicitur,
1271 5096 1328 5140 ut
1357 5088 1469 5156 ipsa
1510 5089 1777 5158 praecipue
1807 5103 2084 5144 commen-

489 5179 663 5230 detur.
709 5177 840 5232 Nam
872 5178 958 5232 cui
997 5177 1225 5234 dicitur:
1253 5178 1449 5235 Subest
1484 5181 1623 5235 enim
1656 5181 1747 5235 tibi
1781 5197 1902 5237 cum
1933 5182 2081 5237 voles

490 5284 668 5336 posse,
697 5269 810 5324 sive
859 5270 998 5325 adsit
1037 5271 1180 5325 unde
1232 5273 1339 5336 liat,
1378 5274 1492 5327 sive
1543 5288 1650 5327 non
1700 5273 1860 5339 adsit,
1893 5283 1974 5327 sat
2000 5283 2083 5330 est

489 5360 756 5426 voluntas,
788 5361 878 5415 ubi
910 5377 1119 5416 summa
1152 5373 1231 5417 est
1266 5372 1523 5430 potestas.
1559 5363 1842 5429 Quomodo
1873 5380 2001 5434 ergo
2028 5365 2080 5419 in

487 5467 553 5505 ες)
597 5453 739 5522 quod
778 5452 844 5507 de
887 5453 1054 5507 nihilo
1103 5463 1336 5518 creatur,
1371 5455 1619 5508 voluntas
1669 5457 1900 5509 creantis
1948 5455 2082 5510 nihil

487 5557 608 5598 esse
649 5543 993 5611 perhibetur,
1041 5560 1161 5598 cum
1212 5556 1430 5614 propter
1481 5561 1543 5600 ea
1584 5546 1650 5600 de
1697 5548 1862 5602 nihilo
1909 5547 2083 5602 creari

489 5639 688 5707 aliquid
724 5639 915 5706 possit,
942 5639 1065 5707 quia
1091 5640 1332 5694 voluntas
1357 5641 1610 5704 creantis,
1637 5642 1797 5696 etiam
1821 5644 1938 5696 sine
1965 5657 2082 5696 ma-

492 5728 644 5789 teria,
674 5729 774 5783 sibi
804 5728 1039 5783 sufficit?
1067 5731 1218 5796 Quod
1248 5731 1290 5784 si
1319 5729 1455 5786 forte
1481 5748 1588 5786 non
1619 5733 1790 5786 solum
1823 5734 2080 5800 animam,

489 5818 582 5870 sed
613 5821 806 5873 nullam
839 5821 1057 5875 omnino
1087 5836 1387 5877 creaturam
1418 5829 1604 5879 volunt
1633 5825 1786 5878 faleri
1821 5841 1884 5879 ex
1914 5827 2082 5882 nihilo

489 5909 705 5976 factam,
737 5911 856 5968 ideo
885 5914 1136 5985 quoniam
1167 5915 1422 5987 quidquid
1457 5919 1596 5972 Deus
1629 5916 1776 5984 fecit,
1803 5919 2082 5977 voluntate

2185 3441 2306 3482 eam
2329 3423 2566 3479 nondum
2598 3421 3084 3478 noverantillarum
3117 3419 3546 3490 disputationum
3564 3417 3771 3472 lectione

2183 3519 2503 3586 didicerunt,
2538 3517 2643 3572 hoc
2689 3531 2748 3571 se
2795 3516 3063 3586 gaudeant
3094 3513 3352 3570 didicisse
3399 3511 3546 3581 quod
3591 3521 3767 3564 sanum

2182 3623 2285 3670 est.
2316 3614 2469 3681 Quod
2497 3620 2678 3668 autem
2722 3618 2778 3666 et
2807 3611 2860 3665 in
2890 3611 2968 3666 eis
3008 3609 3210 3666 erroris
3253 3618 3358 3673 est,
3387 3619 3688 3675 quanquam
3719 3611 3766 3654 te

2183 3705 2623 3777 cognovissejam
2647 3702 2882 3770 videam,
2903 3710 3084 3757 tamen
3106 3696 3554 3768 quemadmodum
3583 3703 3766 3747 contra

2185 3801 2312 3854 talia
2342 3800 2664 3866 disseratur,
2695 3795 2769 3851 ibi
2799 3795 2992 3851 melius
3014 3793 3225 3849 discere
3252 3792 3471 3863 poteris,
3509 3788 3592 3840 ubi
3617 3799 3774 3839 error

2185 3893 2301 3963 ipse
2331 3903 2384 3948 et
2411 3892 2540 3947 olim
2568 3898 2787 3946 exortus
2810 3896 2912 3955 est,
2935 3896 2991 3945 et
3017 3901 3124 3942 non
3155 3885 3283 3940 olim
3310 3881 3558 3954 proditus.
3588 3877 3770 3944 Quan-

2186 3996 2295 4040 tum
2333 3997 2550 4054 possum
2583 3991 2760 4036 tamen
2789 3983 2950 4036 etiam
2983 3993 3084 4050 ego
3113 3991 3456 4040 commoneo,
3486 3982 3541 4027 ut
3572 3971 3638 4025 de
3667 3969 3779 4023 dia-

2185 4077 2294 4133 boli
2321 4078 2737 4149 angelorumque
2781 4074 2901 4145 ejus
2946 4073 3304 4138 correctione,
3334 4081 3388 4126 et
3420 4069 3471 4124 in
3502 4067 3779 4138 pristinum

2191 4182 2387 4226 statum
2422 4171 2784 4241 reparatione,
2815 4184 3007 4238 sapere
3038 4167 3168 4222 nihil
3217 4166 3416 4221 audeas
3453 4183 3465 4219 :
3499 4177 3604 4217 non
3655 4160 3776 4230 quia

2184 4265 2398 4320 diabolo
2428 4273 2483 4320 et
2509 4262 2846 4318 daemonibus
2878 4261 3202 4324 invidemus,
3236 4267 3383 4314 eteo
3426 4254 3588 4309 modo
3633 4251 3780 4320 quasi

2185 4362 2358 4415 vicem
2409 4358 2802 4414 malevolentia:
2850 4357 3227 4426 rependimus,
3261 4365 3381 4406 cum
3436 4348 3511 4402 illi
3559 4361 3665 4400 non
3721 4345 3786 4398 ob

2185 4453 2328 4506 aliud
2360 4453 2461 4506 nisi
2509 4451 2817 4507 invidentite
2859 4448 3090 4503 stimulis
3135 4445 3318 4515 agitati
3372 4450 3552 4496 nostra
3597 4439 3785 4493 itinera

2184 4543 2376 4612 quibus
2407 4544 2460 4597 in
2492 4543 2660 4596 Deum
2693 4541 2963 4595 tendimus
3005 4538 3322 4608 perturbare
3352 4543 3621 4590 conentur
3642 4573 3654 4587 .
3695 4526 3786 4612 sed

2185 4637 2306 4706 quia
2339 4635 2542 4689 ultima:
2589 4635 2872 4689 sententiae
2915 4631 3110 4687 summi
3147 4640 3202 4686 et
3232 4627 3559 4684 veracissimi
3589 4611 3787 4693 judiEis

2108 4709 2249 4785 Dex
2273 4737 2456 4782 nostra
2488 4726 2908 4797 praesumptione
2951 4725 3082 4779 nihil
3113 4723 3308 4777 addere
3344 4720 3622 4775 debemus.
3662 4716 3780 4784 Ipse

2190 4809 2337 4876 enim
2369 4835 2428 4875 se
2457 4819 2720 4874 similibus
2743 4834 2928 4873 eorum
2956 4832 3076 4872 esse
3101 4816 3363 4870 dicturum
3396 4809 3646 4881 prtedixit
3675 4826 3686 4858 :
3720 4807 3790 4859 Ite

2190 4914 2244 4967 in
2275 4915 2449 4982 ignem
2477 4921 2762 4976 azternum,
2787 4911 2874 4978 qui
2903 4920 3117 4978 paratus
3144 4917 3226 4962 est
3255 4904 3470 4960 diabolo
3499 4912 3552 4956 et
3583 4899 3790 4968 angelis

2191 5004 2341 5073 ejus;
2372 5018 2471 5059 nec
2501 5019 2719 5058 movere
2766 5002 2926 5057 debet
2955 5012 3009 5056 ut
3047 4999 3193 5073 [hoc]
3234 4999 3353 5055 loco
3397 5007 3658 5051 rotet-num
3698 5006 3793 5062 pro

2191 5095 2443 5151 diuturno
2496 5094 2824 5165 accipiamus
2878 5095 3020 5164 quod
3087 5093 3213 5147 alibi
3273 5091 3532 5159 scriptum
3597 5097 3678 5141 est
3741 5085 3792 5137 in

2190 5199 2447 5246 aeternum
2491 5199 2544 5244 et
2573 5191 2625 5244 in
2670 5189 2926 5245 saeculum
2970 5186 3176 5242 saeculi.
3218 5184 3437 5238 Latinus
3471 5179 3666 5248 quipp!
3715 5177 3798 5230 in-

2189 5289 2398 5351 terpres
2451 5282 2620 5336 noluit
2662 5281 2844 5336 dicere
2893 5281 2946 5334 in
3000 5288 3259 5333 aeternum
3310 5284 3364 5329 et
3417 5274 3470 5326 in
3527 5280 3794 5324 retentum

2187 5376 2376 5429 aeterni
2405 5392 2419 5429 :
2457 5375 2551 5429 sed
2584 5377 2836 5444 quoniam
2869 5373 2918 5428 id
2950 5374 3089 5443 quod
3119 5375 3242 5428 αἰών
3273 5371 3460 5426 Graece
3492 5367 3714 5429 dicitur,
3745 5374 3800 5417 et

2189 5468 2442 5521 saeculum
2476 5478 2530 5521 et
2559 5475 2820 5523 aeternum
2851 5466 3192 5536 interpretari
3225 5473 3422 5532 potest,
3453 5457 3800 5514 commodius

2188 5557 2278 5610 alii
2310 5558 2635 5627 interpretes
2668 5559 3054 5613 transtulerunt
3086 5560 3139 5610 in
3172 5555 3427 5610 smculum
3459 5562 3516 5608 et
3541 5553 3596 5606 iu
3623 5564 3802 5604 saecu-

2189 5651 2297 5702 lum
2313 5651 2517 5716 sazculi,
2534 5651 2626 5706 sed
2647 5665 2751 5705 non
2776 5649 2880 5704 hoc
2901 5649 3106 5703 dictum
3132 5658 3215 5704 est
3239 5649 3328 5704 ubi
3353 5650 3554 5703 dictum
3573 5655 3685 5703 est:
3718 5642 3802 5703 lte

2192 5739 2245 5793 in
2275 5741 2448 5809 ignem
2484 5751 2767 5796 mternum.
2801 5741 2916 5796 Non
2949 5740 3090 5795 enim
3138 5740 3338 5796 dictum
3372 5751 3456 5795 est
3487 5746 3663 5807 αἰῶνα,
3695 5741 3805 5797 sed

2190 5833 2385 5886 αἰώνιον
2413 5850 2423 5885 :
2450 5832 2590 5901 quod
2622 5833 2668 5888 si
2701 5848 2729 5886 a
2757 5834 2955 5887 saiculo
2979 5833 3304 5888 declinatum
3334 5844 3498 5900 esset,
3531 5835 3808 5890 saeculare

2191 5922 2380 5984 Latine
2413 5926 2703 5995 diceretur,
2735 5942 2840 5983 non
2869 5936 3154 5997 aeternum,
3190 5929 3335 5999 quod
3365 5944 3524 5985 nemo
3553 5942 3805 5997 unquam
