3968 6390
484 307 587 369 527

1553 307 1621 363 D.
1662 303 1987 361 EUGYPPII
2029 300 2321 359 ABBATIS
2357 300 2682 358 AFRICANI

3672 303 3773 359 626
3788 368 3795 413 ι

482 424 581 485 sed
607 439 639 481 a
665 437 774 496 quo
799 424 964 480 etiam
994 422 1205 480 dicatur
1225 418 1675 477 considerandum
1707 426 1791 473 est
1814 459 1829 483 ,
1868 432 1935 473 ne
1963 432 2082 486 pas-
2108 416 2163 479 Α
2187 414 2427 481 deribus,
2451 422 2508 470 et
2532 415 2649 471 sole
2670 424 2725 472 et
2744 416 2893 482 luna,
2911 423 3093 472 utrum
3114 415 3199 472 vel
3222 415 3513 472 rationales
3539 415 3775 476 habeant

483 518 587 576 situ
627 532 747 588 qua:
774 516 832 572 in
867 526 1055 572 saneto
1094 514 1235 569 libro
1262 510 1502 583 quolibet
1541 511 1743 579 scripta
1768 519 1892 566 sunt
1935 509 2078 565 reci-

485 612 695 680 pientes
733 623 991 680 cogamur
1040 606 1215 671 fateri,
1262 603 1407 672 quod
1455 601 1613 669 abit,
1657 616 1788 658 vera
1831 612 1887 657 et
1934 602 2080 672 justa

484 702 656 760 fuisse
699 718 819 775 qua:
847 700 1040 755 marito
1081 709 1271 754 sancto
1316 696 1509 753 mulier
1539 696 1798 766 insipiens
1824 712 2078 767 suggere-

486 795 623 866 bat,
673 805 735 852 ut
786 793 992 863 aliquid
1042 791 1303 847 adversus
1359 790 1531 847 Deum
1586 791 1816 860 loquens
1863 790 1933 846 ab
1986 789 2080 847 illa

483 888 804 946 intolerabili
855 900 1011 956 pinna
1061 882 1342 941 moriendo
1392 882 1738 939 liberaretur.
1770 882 1927 949 Quod
1969 897 2078 939 non

482 983 607 1039 ideo
632 980 881 1044 dixerim,
912 979 1039 1048 quia
1081 976 1161 1032 illi
1190 975 1348 1031 amici
1379 989 1409 1029 a
1437 976 1665 1030 Domino
1699 975 1992 1046 reprobati,
2020 983 2078 1032 et

482 1073 551 1128 ab
578 1072 694 1143 ipso
723 1080 912 1130 sancto
960 1069 1056 1124 Dei
1101 1084 1264 1124 servo
1296 1067 1490 1123 merito
1535 1069 1754 1137 culpati,
1788 1067 1921 1122 nihil
1962 1067 2077 1123 veri

481 1165 629 1234 loqui
674 1172 997 1235 potuerunt,
1044 1163 1137 1218 sed
1181 1161 1306 1229 quia
1349 1175 1458 1216 non
1510 1159 1694 1215 omnia
1743 1175 1864 1230 qua:
1912 1159 2077 1216 locuti

404 1298 414 1308 .
484 1269 610 1315 sunt
655 1272 778 1312 vera
826 1255 1059 1326 putanda
1109 1264 1255 1308 sunt.
1303 1253 1561 1321 Quamvis
1602 1255 1746 1310 enim
1790 1254 2075 1310 adversum

481 1350 586 1408 Job
635 1351 768 1406 nihil
812 1366 998 1407 verum
1043 1350 1313 1415 dixerint,
1348 1359 1525 1420 potest
1576 1362 1752 1406 tamen
1795 1353 1957 1407 etiam
2006 1367 2076 1408 ex

480 1457 665 1499 eorum
696 1441 872 1495 verbis
899 1441 1134 1511 aliquam
1160 1457 1347 1495 sanun
1394 1444 1718 1498 sententiam
1752 1441 1803 1497 in
1836 1443 2076 1499 testimo—

480 1536 627 1591 nium
660 1536 902 1591 veritatis
933 1549 1232 1601 assumere,
1276 1536 1364 1604 qui
1418 1538 1563 1591 novit
1608 1536 1881 1606 sapienter
1929 1536 2077 1593 dicta

480 1629 809 1685 discernere.
859 1628 965 1682 Sed
1011 1627 1225 1698 quando
1270 1628 1605 1697 inquirentes
1653 1628 1865 1698 probari
1918 1631 2073 1686 nobis

479 1723 678 1793 aliquid
722 1722 965 1777 volumus
1004 1721 1320 1777 testimonio
1356 1734 1665 1777 sanctorum
1706 1722 2069 1793 eloquiurum,

2183 507 2407 577 spiritus
2438 508 2493 562 in
2524 508 2610 564 his
2636 510 2942 578 conspicuis
2972 507 3288 578 corporibus
3310 508 3633 581 lucidisque,
3660 526 3775 581 qua

2180 614 2411 668 corpora
2449 615 2575 656 esse
2616 602 2708 672 qui
2751 602 2999 667 dubitat,
3041 602 3170 672 quid
3208 602 3282 658 sit
3318 602 3535 658 omnino
3571 618 3774 675 corpus

2181 692 2414 763 ignorat.
2462 693 2646 764 Neque
2683 693 2782 749 ista
2813 693 3039 750 multum
3067 692 3135 748 ad
3163 708 3263 749 nos
3298 697 3589 765 pertinent,
3628 706 3687 752 ut
3709 712 3767 755 ea

2181 801 2395 843 summo
2423 788 2605 843 studio
2634 788 2890 859 indagare
2918 802 3173 846 curemus
3211 804 3329 859 quae
3351 798 3557 846 remota
3580 801 3716 847 sunt
3743 807 3770 848 a

2180 880 2431 935 sensibus
2457 880 2659 936 nostris
2683 881 2827 936 etab
2850 882 3126 937 intellectu
3149 881 3477 937 inﬁrmitatis
3500 882 3767 955 humana,

2181 986 2281 1028 nec
2312 974 2365 1027 in
2389 972 2519 1042 ipsis
2550 974 2838 1043 Scripturis
2869 975 2941 1029 ita
2975 973 3172 1046 posita,
3208 986 3269 1029 ut
3300 974 3455 1032 nobis
3482 991 3679 1032 eorum
3706 979 3769 1034 sit

2180 1064 2433 1120 mandata
2453 1066 2729 1136 cognitio;
2760 1068 2870 1122 imo
2895 1083 3026 1123 vero
3054 1084 3122 1125 ne
3144 1068 3405 1139 praecipiti
3436 1069 3765 1138 suspicione,

2180 1157 2235 1212 in
2264 1156 2470 1213 fabulas
2497 1159 2790 1231 sacrilegas
2830 1160 3121 1227 irruamus,
3152 1163 3347 1216 clamat
3377 1158 3664 1229 Scriptura
3690 1160 3761 1216 di-

2176 1251 2301 1307 vina
2328 1270 2341 1305 :
2366 1252 2570 1307 Altiora
2602 1263 2655 1309 te
2681 1268 2749 1310 ne
2774 1255 3075 1323 quaesieris,
3106 1263 3161 1310 et
3188 1251 3410 1309 fortiora
3448 1263 3502 1309 te
3530 1270 3599 1310 ne
3630 1269 3766 1309 scru-

2184 1351 2329 1399 tatus
2356 1342 2546 1402 fueris.
2576 1344 2683 1403 Sed
2714 1364 2834 1418 quae
2856 1346 2951 1404 tibi
2979 1348 3231 1419 praecepit
3257 1347 3539 1412 Dominus,
3565 1347 3658 1402 illa
3683 1363 3767 1405 co-

2176 1443 2284 1511 gita
2310 1456 2524 1512 semper
2548 1461 2563 1497 :
2588 1454 2649 1499 ut
2670 1448 2838 1515 magis
2861 1446 2913 1502 in
2940 1444 3062 1501 istis
3085 1447 3369 1502 temeraria
3392 1449 3759 1518 praesumptio,

2178 1553 2337 1607 quam
2383 1549 2537 1593 cauta
2570 1539 2836 1609 ignoratio
2865 1542 3130 1610 culpanda
3177 1542 3442 1597 videatur.
3487 1543 3654 1599 Certe
3697 1543 3761 1599 ait

2175 1629 2502 1697 Apostolus:
2536 1630 2662 1687 Sive
2688 1633 2867 1699 sedes,
2899 1634 3011 1689 sive
3036 1632 3451 1697 dominationes,
3486 1633 3605 1690 sive
3632 1637 3763 1704 prino

2177 1723 2407 1793 cipatus,
2438 1724 2551 1780 sive
2575 1734 2885 1795 potestates.
2913 1729 3041 1803 Esse
3064 1728 3245 1797 itaque
3263 1727 3443 1793 sedes,
3467 1728 3590 1783 sive
3611 1728 3764 1782 domi-

479 1834 585 1874 non
630 1818 786 1873 nobis
832 1817 1042 1871 dicatur
1088 1816 1414 1871 credendum
1457 1832 1581 1873 esse
1621 1818 1785 1873 etiam
1829 1818 1973 1885 quod
2018 1820 2069 1873 in
2100 1813 2149 1873 Β
2177 1818 2441 1884 nationes,
2474 1818 2830 1891 principatus,
2866 1830 3160 1890 potestates
3188 1821 3243 1876 in
3270 1822 3586 1877 cmlestihus
3612 1837 3757 1893 appa-

478 1912 769 1979 Evangelio
797 1910 1053 1979 scriptum
1077 1920 1180 1978 est,
1211 1912 1256 1968 si
1287 1911 1426 1967 forte
1458 1913 1783 1981 evangelista
1817 1928 1937 1967 eum
1973 1913 2078 1969 hoc

486 2005 691 2062 dixisse
721 2016 1110 2061 commemorat
1138 2007 1222 2061 cui
1256 2005 1389 2060 ﬁdes
1416 2006 1656 2062 habenda
1686 2022 1792 2061 non
1818 2022 1919 2063 esu
1947 2007 2080 2063 Nam

480 2101 682 2157 dictum
734 2109 818 2156 est
866 2099 978 2154 illic
1013 2116 1043 2155 a
1075 2099 1277 2156 intimis
1327 2101 1555 2156 Domino
1596 2100 1816 2156 Christo
1850 2120 1863 2156 :
1893 2101 2082 2158 Nonne

481 2208 667 2249 verum
700 2193 950 2259 dicimus,
982 2194 1105 2263 quia
1148 2191 1521 2249 Samaritanus
1566 2207 1644 2260 es,
1670 2200 1726 2249 et
1753 2194 2079 2250 daémonium

479 2283 676 2347 babes?
690 2300 851 2355 quam
874 2299 1060 2340 vocem
1083 2292 1231 2339 tanto
1248 2285 1478 2353 amplius
1499 2286 1849 2345 detestamur.
1871 2294 2075 2355 quanto

480 2379 634 2435 nobis
681 2379 930 2435 Cltrisms
973 2388 1057 2434 est
1098 2378 1344 2434 cbarior:
1370 2379 1624 2436 emissam
1670 2386 1849 2434 tamen
1895 2393 2016 2433 esse
2045 2393 2079 2434 a

479 2471 678 2529 Iudaeis
723 2471 971 2527 dubitare
1025 2485 1133 2525 non
1186 2485 1512 2541 possumus,
1559 2471 1651 2542 qui
1707 2470 2073 2542 evangelicam

480 2567 841 2623 narrationem
888 2565 1223 2621 verissimam
1270 2566 1571 2633 credimus;
1614 2567 1686 2620 ita
1718 2581 1817 2621 nec
1846 2580 2081 2636 evange-

478 2660 619 2717 listae
664 2660 988 2730 derogamus
1032 2658 1193 2714 ﬁdem
1244 2659 1540 2724 scribenti,
1583 2668 1639 2713 et
1679 2658 1847 2714 Judaei
1890 2672 2078 2713 vocem

480 2750 908 2822 blasphemantis
939 2751 1245 2808 horremus.
1270 2752 1380 2806 Nec
1409 2751 1584 2805 solum
1612 2751 1793 2820 impiis
1814 2760 1869 2806 et
1892 2751 2081 2806 nefan-

487 2844 571 2901 dis
602 2844 910 2900 bnminibus
937 2885 954 2911 ,
992 2844 1090 2900 sed
1122 2859 1221 2900 nec
1257 2843 1389 2912 ipsis
1418 2845 1470 2900 in
1506 2844 1612 2898 ﬁde
1643 2844 1876 2913 parvulis
1902 2844 2081 2900 adhuc

485 2938 710 2993 rudibus
742 2946 797 2993 et
827 2936 1061 2992 indoctis
1090 2937 1180 3007 qui
1215 2936 1354 2992 forte
1396 2937 1470 2992 ibi
1513 2936 1795 3005 loquentes
1837 2951 2081 2992 comme-

482 3044 762 3089 morantur
793 3045 1045 3100 tanquam
1077 3035 1351 3088 canonicte
1380 3035 1489 3106 29
1516 3035 1824 3091 auctoritati
1858 3051 2073 3092 accom-

483 3128 761 3183 modamus
810 3128 993 3181 ﬁdem.
1023 3126 1207 3197 Neque
1253 3128 1395 3181 enim
1440 3131 1562 3197 quia
1606 3128 1697 3185 ille
1741 3129 1895 3199 cujus
1943 3129 2073 3185 caeci

2180 1911 2387 1967 ratibus
2416 1912 2724 1968 ﬁrmissime
2753 1912 2940 1981 credo,
2972 1922 3027 1969 et
3055 1913 3273 1969 diii‘erre
3320 1914 3461 1970 inter
3486 1930 3545 1970 se
3573 1914 3758 1986 aliquid

2183 2003 2483 2059 indubitata
2514 2005 2617 2060 ﬁde
2641 2015 2821 2063 teneo.
2853 2006 2957 2063 Sed
2989 2023 3096 2078 quo
3128 2024 3214 2064 me
3242 2018 3579 2075 contemnas,
3610 2026 3753 2081 quem

2180 2114 2433 2168 magnum
2464 2110 2621 2170 putas
2646 2115 2768 2157 esse
2798 2103 3097 2169 doctorem,
3131 2118 3379 2173 quantam
3422 2104 3518 2160 ista
3563 2106 3681 2169 sint,
3712 2111 3759 2160 et

2180 2190 2307 2261 quid
2340 2191 2481 2246 inter
2504 2206 2563 2247 se
2592 2192 2841 2249 diaerant
2872 2196 3074 2263 nescio,
3106 2210 3206 2251 nec
3230 2211 3290 2252 ea
3317 2210 3445 2251 sane
3470 2196 3751 2267 ignorantia

2180 2286 2473 2355 periclitari
2504 2302 2589 2343 me
2621 2299 2779 2358 puto,
2808 2287 2947 2346 sicut
2992 2290 3045 2345 in
3094 2290 3419 2357 obedientia,
3460 2290 3501 2345 si
3546 2289 3744 2345 Domini

2178 2388 2451 2449 praecepta
2498 2380 2826 2448 neglexero,
2866 2391 2921 2436 et
2966 2380 3089 2437 ideo
3134 2392 3263 2452 puto
3306 2380 3493 2453 spiritu
3536 2379 3625 2434 Dei
3660 2395 3753 2450 per

2180 2480 2434 2528 auctores
2481 2487 2697 2529 nosnos
2737 2476 3034 2545 scriptores
3077 2484 3385 2531 sanctorum
3417 2474 3758 2544 eloquiorum,

2178 2578 2285 2618 non
2313 2563 2470 2633 plene
2495 2565 2778 2635 exposita,
2810 2566 2905 2621 sed
2934 2568 3129 2636 raptim
3172 2575 3313 2621 tacta
3354 2576 3511 2635 atque
3556 2563 3759 2631 perstri-

2179 2666 2287 2723 cta,
2319 2665 2379 2713 ut
2407 2659 2453 2715 si
2486 2658 2570 2713 cui
2604 2658 2740 2714 forte
2768 2659 2861 2714 teli
2888 2660 3076 2731 quales
3117 2674 3214 2715 nos
3254 2673 3441 2715 sumus
3486 2673 3586 2729 per
3627 2657 3760 2711 altio-

2179 2763 2294 2805 rem
2325 2750 2714 2805 revelationem
2741 2752 2945 2822 aliquid
2978 2751 3283 2823 hujusmodi
3327 2752 3490 2807 fuerit
3528 2750 3760 2805 demons-

2179 2849 2401 2907 tratum,
2433 2858 2537 2897 non
2568 2858 2628 2898 se
2661 2843 2944 2900 inferiores
2977 2844 3139 2900 fuisse
3168 2845 3353 2900 credat
3387 2858 3484 2900 eos
3513 2859 3613 2913 per
3645 2855 3759 2913 quos

2181 2935 2337 2989 nobis
2387 2936 2770 2991 canonicarmn
2820 2936 3217 3008 Scripturarum
3269 2947 3453 2993 sancta
3510 2934 3759 3005 praconia

2178 3028 2484 3084 ministrata
2514 3040 2660 3085 sunt.
2690 3031 2957 3098 Quantum
2989 3032 3131 3087 enim
3155 3033 3383 3102 quisque
3403 3029 3631 3087 sciendo
3654 3043 3759 3101 pro-

2178 3117 2389 3188 iecerit,
2413 3130 2560 3177 tanto
2580 3138 2639 3178 se
2661 3122 2799 3178 infra
2828 3123 2948 3178 illas
2969 3124 3179 3181 litteras
3200 3124 3453 3190 inveniet,
3482 3138 3619 3195 quas
3640 3123 3759 3178 Deus

481 3220 592 3275 nati
623 3220 807 3275 oculos
834 3220 1091 3274 Dominus
1116 3196 1401 3289 aperuerat
1423 3196 1531 3285 ait,
1561 3221 1777 3277 Si-iinus
1798 3196 1917 3286 quia
1950 3239 2074 3294 pec-
2096 3196 2144 3261 ο
2177 3223 2429 3285 tanquam
2459 3215 2854 3273 ﬁrmamentum
2901 3234 3064 3290 supra
3100 3219 3279 3277 omnia
3322 3219 3558 3274 humana
3609 3216 3757 3274 00rd!

482 3323 696 3370 calores
722 3312 862 3368 Deus
894 3327 1000 3367 non
1026 3312 1265 3381 exaudit,
1296 3313 1418 3369 ideo
1442 3315 1596 3369 istam
1626 3315 1948 3372 sententiam
1976 3333 2076 3388 pro

482 3407 788 3477 evangelica
821 3409 1137 3463 auctoritate
1166 3406 1245 3463 sic
1271 3407 1531 3465 debemus
1558 3408 1823 3479 accipere,
1855 3421 1910 3465 ut
1940 3411 2076 3483 ipsis

483 3499 540 3554 in
567 3496 861 3569 Evangelio
889 3498 1069 3555 verbis
1096 3500 1305 3555 Domini
1336 3500 1671 3566 resiStamus,
1704 3504 1795 3573 qui
1828 3519 1951 3560 eum
1982 3504 2079 3576 qui

484 3591 652 3656 dixit,
679 3591 924 3659 Damine,
960 3592 1225 3663 propitius
1250 3603 1370 3649 esto
1399 3594 1534 3649 mihi
1583 3597 1875 3664 peccatori,
1901 3597 2075 3667 magis

481 3684 835 3757 justiﬁeatum
891 3684 1241 3741 descendisse
1296 3685 1364 3741 de
1417 3685 1621 3755 templo
1674 3702 1835 3755 quam
1894 3688 2077 3757 phari-

483 3791 651 3832 sccum
693 3775 929 3845 justitias
969 3791 1094 3831 suas
1136 3788 1653 3833 commemorantem
1684 3787 1845 3847 atque
1866 3778 2079 3848 jactan-

484 3877 594 3924 tem
622 3866 801 3922 divina
830 3881 961 3922 voce
990 3866 1241 3922 ﬁrmavit.
1272 3867 1383 3923 Nec
1414 3878 1731 3923 succenseat
1757 3870 1856 3924 iste
1887 3885 2077 3927 recens

484 3961 903 4020 illuminatus‘in
934 3976 1100 4018 carne
1130 3960 1275 4031 quod
1304 3976 1430 4018 eum
1463 3962 1696 4019 diximus
1726 3964 1780 4018 in
1810 3979 1922 4020 suae
1952 3965 2076 4022 ﬁdei

484 4056 758 4122 tirocinio,
780 4056 997 4127 quando
1017 4053 1193 4109 adhuc
1221 4055 1340 4123 quis
1363 4063 1510 4110 esset
1534 4057 1626 4125 qui
1650 4070 1773 4111 eum
1795 4067 2079 4113 sanaverat

482 4151 778 4217 nesciebat,
813 4150 990 4206 minus
1030 4149 1475 4219 circumspectam
1526 4151 1816 4221 protulisse
1860 4161 2079 4208 senten-

482 4245 609 4299 tiam
656 4244 779 4310 quia
829 4253 1141 4313 peccatores
1189 4244 1333 4300 Deus
1375 4259 1483 4300 non
1530 4245 1780 4312 exaudit,
1823 4261 1943 4302 cum
1972 4247 2078 4317 ipsi

481 4335 708 4406 apostoli
740 4351 852 4403 prae
898 4336 1107 4391 czeteris
1138 4336 1333 4400 electi,
1364 4347 1419 4392 et
1451 4335 1663 4392 Domini
1706 4338 1963 4395 lateribus
1987 4353 2081 4396 co-

482 4428 769 4493 haerentes,
803 4428 1027 4497 ejusque
1054 4442 1149 4483 ore
1180 4428 1497 4497 pendentes,
1532 4431 1694 4483 multa
1728 4432 2078 4500 reperiantur

388 4554 391 4555 ν
481 4521 831 4592 improbanda
878 4520 1121 4587 dixisse,
1170 4537 1291 4590 qua:
1340 4537 1771 4579 commemorare
1814 4526 2077 4594 prolixum

484 4626 568 4673 est
594 4634 606 4668 :
636 4615 706 4669 ita
734 4623 794 4668 ut
820 4616 1004 4669 beatus
1031 4615 1222 4671 Petrus
1269 4614 1340 4671 de
1378 4616 1699 4685 quibusdam
1733 4618 1913 4673 verbis
1939 4620 2073 4685 suis,
2106 4614 2129 4673 ‘,

484 4722 593 4762 non
623 4706 797 4761 solum
826 4705 1173 4774 reprehendi,
1199 4706 1292 4762 sed
1342 4706 1505 4763 etiam
1554 4706 1785 4764 Satanas
1815 4708 2075 4775 appellari

481 4799 759 4855 meruerit.
789 4798 1103 4868 Quanquam
1151 4799 1204 4852 in
1255 4800 1664 4868 comparatione
1699 4798 1925 4869 iustitiae
1955 4799 2072 4869 Dei,

481 4890 566 4946 sic
614 4904 713 4944 nec
758 4887 928 4944 sancti
972 4888 1025 4943 in
1067 4887 1218 4943 caelis
1255 4889 1431 4958 angeli
1460 4887 1595 4958 justi
1642 4904 1764 4945 esse
1804 4889 2074 4957 dicantur,

484 4998 593 5040 non
626 4980 751 5036 mihi
785 4979 994 5035 videtur
1024 4979 1330 5047 importuna
1377 4982 1663 5046 sententia,
1701 4995 1809 5036 non
1860 4981 1984 5050 quia
2016 4989 2077 5038 ut

483 5076 587 5131 hoc
609 5082 842 5131 essenta
867 5072 1079 5142 justitia
1106 5074 1241 5143 lapsi
1269 5082 1416 5140 sunt,
1440 5072 1536 5131 sed
1559 5074 1685 5144 quia
1712 5074 1837 5131 facti
1867 5083 1995 5131 sunt
2019 5085 2076 5131 et

480 5169 624 5227 Deus
654 5185 759 5225 non
791 5175 937 5234 sunt,
964 5176 1281 5237 tantumque
1309 5168 1567 5238 spiritalis
1611 5168 1832 5224 luminis
1874 5168 2080 5226 habere

480 5280 588 5319 non
621 5270 863 5333 possunt,
897 5272 1155 5332 quantum
1202 5261 1365 5317 habet
1411 5262 1528 5331 ipse
1551 5276 1584 5316 a
1610 5276 1717 5332 quo
1753 5260 1883 5318 facti
1924 5270 2073 5317 sunt.

483 5358 583 5413 Ubi
629 5358 777 5412 enim
831 5370 1040 5413 summa
1066 5355 1300 5425 justitia,
1331 5354 1405 5410 ibi
1453 5368 1665 5411 summa
1707 5355 1990 5423 sapientia,
2021 5362 2078 5412 et

482 5451 585 5506 hoc
615 5451 755 5507 Deus
784 5459 887 5519 est,
921 5450 989 5505 de
1019 5464 1123 5520 quo
1150 5449 1353 5504 dictum
1384 5454 1469 5504 est
1493 5464 1508 5503 :
1532 5445 1645 5504 Soli
1674 5446 1905 5517 sapienti
1938 5446 2069 5501 Deo.

478 5543 586 5599 Sed
614 5542 715 5597 alia
741 5544 967 5611 quaestio
991 5550 1094 5605 est,
1129 5549 1389 5612 quantum
1416 5539 1639 5609 justitia:
1670 5540 1837 5611 ipsius
1859 5538 2076 5609 capiant

481 5635 675 5704 angeli,
705 5642 1075 5704 quantumque
1106 5649 1212 5689 non
1248 5632 1482 5703 capiant.
1522 5631 1691 5703 Cujus
1719 5634 1862 5688 enim
1907 5631 2073 5702 parti-

479 5723 751 5791 cipatione
796 5725 927 5795 justi
968 5734 1138 5792 sunt,
1192 5723 1309 5795 ejus
1354 5726 1757 5794 comparatione
1801 5738 1903 5778 nec
1944 5722 2073 5793 justi

484 5824 632 5881 sunt.
663 5814 769 5871 Sed
799 5817 903 5872 alia
932 5827 1036 5886 est,
1068 5826 1124 5872 ut
1170 5817 1301 5883 dixi,
1336 5819 1437 5873 ista
1483 5816 1729 5888 quaestio,
1763 5815 1869 5872 alia
1901 5814 1967 5874 de
1997 5815 2073 5873 si-

2177 3306 2484 3362 constituit.

2714 3441 2944 3500 CAPUT
2990 3443 3236 3500 XXXIV.

2250 3558 2382 3613 Item
2410 3574 2476 3614 ea:
2503 3558 2634 3614 libro
2652 3560 2717 3615 de
2745 3560 3061 3627 Haerest'bus,
3105 3562 3170 3616 de
3222 3577 3394 3616 errore
3430 3561 3692 3632 Origenis.

2250 3677 2402 3733 Alios
2432 3686 2610 3733 autem
2640 3678 2992 3749 Origenianos
3023 3670 3282 3736 continuo
3332 3678 3617 3749 subjiciens
3649 3677 3763 3747 Epi-

2178 3769 2413 3841 phanius
2439 3788 2451 3823 :
2483 3771 2823 3841 Origeniani,
2855 3772 3060 3843 inquit,
3092 3772 3217 3840 alii,
3242 3773 3334 3839 qui
3366 3774 3508 3827 etiam
3535 3781 3586 3824 et
3615 3768 3759 3824 Ada—

2179 3866 2369 3920 mantii
2402 3867 2706 3921 tractatoris
2736 3865 2829 3937 qui
2858 3876 2912 3922 et
2943 3875 3276 3923 mortuorum
3320 3862 3760 3922 resurrectionem

2178 3958 2464 4027 repellunt,
2490 3957 2763 4015 Christum
2785 3970 2963 4015 autem
2982 3968 3285 4015 creaturam
3309 3968 3363 4015 et
3382 3958 3621 4031 spiritum
3646 3971 3769 4013 san-

2178 4059 2322 4105 ctum
2355 4050 2760 4107 introducentes
2802 4050 2966 4124 [illius
3011 4052 3102 4122 qui
3139 4060 3195 4107 et
3220 4062 3550 4107 mortuorum
3594 4064 3771 4105 resur-

2180 4136 2481 4202 rectionem
2524 4153 2725 4216 negant
2776 4160 2793 4201 :
2842 4144 3115 4201 Christum
3173 4153 3352 4201 autem
3412 4154 3469 4201 et
3517 4145 3772 4216 Spiritum

2184 4246 2435 4291 sanctum
2492 4246 2797 4293 creaturam
2843 4237 3086 4310 dicunt];
3131 4238 3437 4307 paradisum
3494 4246 3678 4294 autem
3728 4246 3774 4291 et

2185 4330 2378 4396 caelos,
2410 4338 2466 4387 et
2493 4330 2601 4385 alia
2622 4330 2803 4385 omnia
2836 4329 3269 4401 allegorizantes.
3314 4330 3441 4385 Hinc
3470 4330 3691 4401 quidem
3715 4328 3775 4384 de

2186 4426 2419 4496 Origene
2449 4425 2803 4495 Epiphanius,
2842 4424 2939 4481 sed
2987 4424 3077 4495 qui
3108 4439 3231 4479 eum
3272 4422 3593 4489 defendunt,
3625 4424 3776 4479 unius

2184 4519 2537 4588 ejusdemque
2566 4517 2877 4573 substantiae
2907 4531 3028 4573 esse
3053 4517 3238 4572 dicunt
3282 4517 3530 4572 docuisse
3566 4516 3773 4571 Patrezn

2185 4623 2238 4667 et
2273 4612 2465 4668 Filium
2498 4621 2555 4667 et
2584 4612 2847 4680 Spiritum
2887 4624 3130 4668 sanctum
3163 4628 3177 4678 ;
3213 4626 3390 4681 neque
3431 4610 3778 4666 resurrectio-

2185 4720 2308 4761 nem
2343 4706 2607 4774 repulisse
2661 4712 3017 4771 mortuorum,
3072 4704 3317 4774 quamvis
3342 4718 3465 4758 eum
3496 4711 3554 4757 et
3584 4702 3642 4758 in
3674 4704 3779 4761 istis

2183 4801 2509 4856 convincere
2554 4799 2807 4854 studeant
2858 4800 2945 4869 qui
2998 4799 3114 4870 ejus
3161 4801 3314 4869 plura
3357 4801 3633 4869 legerunt.
3681 4798 3783 4855 Sed

2183 4901 2312 4948 sunt
2357 4892 2516 4965 hujus
2564 4892 2813 4963 Origenis
2859 4892 2961 4947 alia
3021 4892 3295 4963 dogmata,
3352 4909 3473 4963 qua:
3516 4895 3782 4949 catholica

2182 4983 2422 5041 Ecclesia
2450 4985 2674 5040 omnino
2715 4976 2817 5039 non
2866 4986 3083 5055 recipit,
3127 4984 3182 5039 in
3229 4985 3425 5055 quibus
3473 5001 3576 5041 nec
3606 4986 3784 5057 ipsum

2182 5076 2318 5132 falso
2363 5077 2557 5148 arguit,
2614 5091 2713 5131 nec
2756 5085 2935 5147 potest
2961 5077 3027 5132 ab
3054 5076 3173 5145 ejus
3216 5075 3603 5133 defensoribus
3648 5078 3779 5132 falli.

2182 5170 2419 5226 Maxime
2456 5172 2523 5227 de
2580 5170 2906 5242 Purgatione
2949 5180 3004 5227 et
3052 5170 3427 5239 Liberatione,
3474 5186 3538 5228 ac
3593 5188 3788 5229 rursus

2181 5273 2307 5334 post
2330 5264 2548 5337 longum
2595 5274 2806 5335 tempus
2833 5263 2901 5318 ad
2929 5263 3119 5319 eadem
3162 5264 3301 5319 mala
3328 5267 3677 5321 revolutione
3705 5282 3787 5320 ra-

2186 5355 2404 5410 tionalis
2453 5354 2721 5411 universa:
2768 5364 3053 5411 creaturze.
3106 5355 3237 5424 Quis
3294 5357 3439 5412 enim
3478 5360 3790 5414 catholicus

2180 5446 2517 5504 Chrisﬁanus
2544 5450 2626 5503 vel
2654 5446 2903 5504 indoctus
2932 5464 3038 5505 non
3082 5450 3433 5505 vehementer
3482 5451 3789 5508 exborreat

2179 5553 2298 5595 eam
2321 5555 2478 5609 quam
2512 5541 2644 5598 dicit
2692 5542 3060 5611 purgationem
3101 5544 3389 5612 malorum,
3426 5545 3475 5599 id
3502 5558 3585 5602 est
3608 5550 3788 5604 etiam

2178 5646 2274 5689 eos
2296 5633 2382 5703 qui
2416 5633 2554 5690 hanc
2592 5635 2759 5690 vitam
2791 5636 2845 5691 in
2897 5635 3114 5709 ﬂagitiis
3140 5647 3195 5692 et
3223 5637 3558 5695 facinoribus
3603 5653 3667 5697 et
3701 5658 3793 5697 sa-

2178 5726 2417 5798 crilegiis
2440 5737 2603 5797 atque
2631 5728 2996 5798 impietatibus
3016 5730 3312 5801 quamlibet
3336 5732 3594 5790 maximis
3623 5734 3797 5792 ﬁnie-

2123 5867 2130 5887 ε
2176 5826 2332 5885 runt,
2364 5819 2539 5890 ipsum
2592 5821 2756 5879 etiam
2805 5833 3081 5894 postremo
3125 5824 3399 5881 diabolum
3447 5836 3504 5882 et
3541 5830 3791 5899 angelos
