3968 6390
208 386 306 447 629

1401 378 1837 447 THESAURUS.
1872 380 2030 443 CAP.
2071 377 2289 441 XXXV.

3375 374 3483 437 630

208 504 340 573 ejus,
386 500 633 572 quamvis
677 508 798 571 post
849 498 1159 569 longissima
1202 505 1488 568 tempora,
1536 505 1796 573 purgatos
1821 498 1877 561 Δ
1902 494 2163 566 lapsibus,
2188 502 2448 551 autcerte
2469 493 2536 549 de
2562 494 2803 551 omnium
2830 509 3011 569 rerum
3050 494 3341 566 generibus
3359 511 3487 567 quas

207 608 363 668 atque
394 595 649 651 liberatos
678 609 845 666 regno
874 594 967 648 Dei
995 594 1208 663 lucique
1251 592 1497 661 restitui;
1529 603 1583 649 et
1605 608 1790 648 rursus

205 701 320 765 post
347 690 657 760 longissima
684 696 926 761 tempora
948 704 1141 761 _omues_
1178 689 1271 758 qui
1304 688 1519 743 liberali
1550 698 1676 747 sunt
1721 688 1788 743 ad

204 781 316 839 haec
345 783 485 837 mala
514 781 695 838 denuo
723 782 891 838 relabi
917 792 971 838 et
1001 782 1220 849 reveni,
1248 791 1305 838 et
1334 781 1433 837 bas
1465 784 1611 838 vices
1634 784 1791 838 alter-

202 887 391 935 nantes
420 876 814 931 beatitudinum
865 884 919 931 et
947 876 1286 932 miseriarum
1316 875 1598 931 rationalis
1636 890 1790 930 crea-

203 964 335 1025 turae
358 984 570 1038 semper
595 967 783 1032 fuisse,
813 982 1032 1037 semper
1077 966 1229 1022 fore?
1271 967 1346 1023 De
1374 983 1476 1039 qua
1502 967 1791 1022 vanissima

201 1060 479 1129 impietate
528 1059 816 1113 adversum
851 1058 1198 1130 philosophos
1236 1075 1267 1115 a
1297 1059 1493 1130 quibus
1525 1059 1622 1114 ista
1653 1060 1793 1116 didi-

200 1151 275 1206 cit
306 1152 567 1221 Origenes
597 1151 652 1205 in
681 1150 833 1206 libris
863 1151 930 1205 de
978 1152 1204 1208 Civitate
1249 1150 1344 1208 Dei
1382 1152 1794 1224 diligentissime

200 1234 497 1311 disputavi,
520 1258 581 1297 ac
604 1242 749 1299 idem
781 1243 836 1297 in
865 1242 1204 1299 duodecimo.

732 1378 962 1435 CAPUT
1026 1378 1247 1437 XXXV.

197 1492 394 1552 Contra
439 1507 527 1550 eos
579 1494 666 1564 qui
700 1494 1046 1549 resolutionis
1094 1494 1339 1548 circuitus
1363 1493 1699 1562 induxerunt,
1728 1509 1793 1549 ea:

629 1564 760 1620 libro
793 1581 864 1622 xu
915 1569 977 1621 de
1007 1565 1221 1621 Civitate
1250 1565 1370 1621 Dei.

267 1681 612 1752 Quapropter
630 1684 772 1750 quod
797 1696 897 1738 nos
924 1681 1085 1736 modo
1109 1681 1399 1752 quaerimus
1422 1687 1544 1751 post
1562 1682 1797 1752 quinque

196 1777 368 1835 millia
387 1817 404 1843 ,
434 1786 491 1833 et
517 1776 661 1848 quod
690 1776 875 1849 [quod
904 1774 1172 1847 amplius]
1204 1776 1469 1841 excurrit,
1498 1789 1791 1841 annorum,

1898 588 2148 643 oriuntur
2173 596 2334 658 atque
2357 587 2630 643 occidunt.
2657 589 2893 644 Fuerunt
2920 590 3064 645 enim
3097 589 3488 665 homines-antu

1899 694 2024 746 nos,
2055 689 2177 733 sunt
2208 688 2261 733 et
2299 678 2607 745 nobiscum,
2653 688 2813 735 erunt
2854 690 2909 736 et
2960 690 3081 753 post
3132 694 3251 735 nos.
3304 681 3490 753 Itaque

1897 768 2211 835 animantia,
2266 770 2352 825 vel
2399 771 2640 837 arbusta,
2683 784 2922 827 monstra
2953 788 3165 843 quoque
3214 772 3326 845 ipsa
3366 790 3489 846 qua

1897 861 2149 918 inusitata
2178 872 2489 932 nascuntur,
2517 866 2761 937 quamvis
2792 866 2933 921 inter
2954 882 3013 922 se
3042 866 3248 923 diversa
3275 866 3407 935 sint,
3432 877 3489 925 et

1900 955 2149 1025 quaedam
2173 970 2362 1010 eorum
2396 955 2565 1012 semel
2596 958 2729 1012 facta
2756 942 3067 1031 narrentur,
3101 969 3275 1014 tamen
3299 975 3491 1016 secun-

1896 1046 2022 1101 dum
2055 1045 2108 1101 id
2140 1045 2281 1116 quod
2309 1046 2633 1116 generaliter
2678 1047 2937 1103 miracula
2968 1057 3023 1105 et
3052 1057 3289 1105 monstra
3321 1058 3486 1117 sunt,

1898 1140 2085 1212 utique
2112 1148 2167 1195 et
2195 1141 2410 1195 luerunt
2435 1148 2492 1196 et
2513 1149 2700 1203 erunt,
2732 1156 2833 1197 nec
2871 1134 3059 1197 recens
3087 1150 3141 1197 et
3170 1157 3369 1196 novum
3401 1150 3489 1196 est

1900 1243 1962 1287 ut
1988 1243 2290 1288 monstrum
2322 1232 2424 1288 sub
2445 1233 2564 1289 sole
2586 1244 2858 1291 nascatur.
2890 1234 3146 1301 Quamvis
3178 1235 3289 1289 haec
3326 1235 3489 1289 verba

1898 1325 2114 1395 quidem
2148 1326 2230 1381 sic
2278 1325 2666 1394 intellexerint,
2717 1336 2973 1396 tanquam
3028 1328 3082 1383 in
3138 1328 3490 1398 pradestina-

1899 1418 2053 1473 tione
2077 1418 2169 1474 Dei
2190 1418 2302 1489 jam
2331 1419 2473 1475 facta
2500 1419 2666 1476 luisse
2696 1420 2897 1485 omnia,
2930 1422 3145 1491 sapiens
3172 1422 3264 1478 ille
3283 1424 3487 1477 voluis-

1899 1520 1983 1565 set
2010 1510 2237 1582 intelligi
2266 1528 2277 1562 :
2311 1521 2366 1566 et
2392 1512 2514 1567 ideo
2538 1511 2672 1567 nihil
2696 1528 2891 1568 recens
2917 1530 3035 1568 esse
3057 1513 3155 1569 sub
3175 1514 3309 1571 sole.
3336 1514 3491 1570 Absit

1898 1609 2079 1657 autem
2122 1617 2150 1655 a
2200 1613 2344 1659 recta
2386 1602 2490 1659 lide
2539 1613 2597 1657 ut
2644 1603 2730 1659 his
2776 1604 3086 1661 Salomonis
3132 1605 3311 1661 verbis
3360 1605 3485 1661 illos

1898 1692 2162 1749 circuitus
2201 1694 2529 1764 signiﬁcatus
2574 1710 2696 1752 esse
2730 1696 3036 1766 credamus,
3066 1700 3256 1767 quibus
3280 1698 3357 1753 illi
3390 1714 3486 1769 pu-

1900 1794 2015 1842 tant
2055 1788 2135 1843 sic
2184 1788 2371 1844 eadem
2425 1796 2727 1861 temporum
2777 1791 3258 1860 temporaliumque
3306 1806 3484 1847 rerum

195 1880 426 1942 possent
454 1879 509 1925 et
548 1870 752 1938 posteri
790 1868 954 1925 etiam
1002 1876 1126 1938 post
1172 1882 1440 1923 annorum
1491 1866 1793 1922 sexcenties

1904 1880 2173 1935 volumina
2216 1882 2409 1950 repeti,
2444 1891 2499 1936 ut
2542 1883 2689 1937 verbi
2726 1882 2914 1954 gratia,
2954 1882 3096 1937 sicut
3143 1886 3243 1939 isto
3289 1885 3488 1940 sat-culo

194 1964 396 2021 millies
442 1962 631 2018 eadem
674 1963 985 2017 curiositate
1038 1961 1340 2031 requirere,
1392 1960 1439 2016 si
1494 1961 1549 2015 iu
1591 1968 1794 2015 tantum

195 2055 317 2111 bz’ec
372 2054 677 2110 mortalitas
720 2054 998 2109 hominum
1048 2052 1345 2108 exoriendo
1392 2060 1449 2107 et
1472 2052 1792 2108 obcubando

195 2143 634 2221 [occumbendo],
669 2154 726 2201 et
770 2146 1019 2217 imperita
1070 2151 1444 2215 perseveraret
1486 2144 1789 2200 inﬁrmitas.

194 2238 499 2294 Potuerunt
548 2249 606 2294 et
653 2238 746 2309 qui
797 2238 1014 2294 fuerunt
1034 2249 1159 2293 ante
1194 2253 1292 2293 nos
1323 2238 1456 2308 ipsis
1486 2238 1791 2294 recentibus

194 2329 433 2390 hominis
485 2334 652 2388 creati
703 2332 1039 2403 temporibus
1093 2333 1251 2387 istam
1284 2346 1507 2387 movere
1535 2332 1792 2401 quaestio-

194 2439 348 2480 nem.
366 2425 487 2494 Ipse
500 2424 728 2493 denique
743 2426 947 2493 primus
964 2424 1125 2477 homo
1141 2423 1225 2477 vel
1244 2432 1362 2492 post
1382 2422 1552 2491 pridie
1568 2421 1761 2492 [postri
1772 2450 1793 2463 -

197 2514 340 2587 die],
374 2517 455 2571 vel
485 2516 677 2570 eodem
720 2515 829 2581 die,
868 2525 1221 2584 posteaquam
1267 2512 1442 2567 iactus
1487 2521 1590 2577 est,
1624 2510 1798 2582 potuit

194 2608 479 2679 inquirere
525 2624 624 2665 cur
653 2625 761 2664 non
791 2620 917 2665 ante
944 2610 1018 2664 sit
1045 2608 1253 2673 lactus,
1289 2616 1344 2663 et
1370 2609 1798 2679 quandocunque

189 2711 359 2757 antea
377 2698 555 2757 factus
579 2713 755 2769 esset,
788 2716 895 2757 non
914 2702 1059 2756 vires
1079 2712 1206 2756 tunc
1226 2700 1377 2765 alias,
1400 2710 1455 2755 et
1477 2701 1611 2755 alias
1630 2715 1793 2769 nunc,

190 2794 290 2850 vel
312 2793 475 2849 etiam
510 2805 715 2863 postea,
760 2794 862 2850 ista
894 2793 1139 2850 deﬁnitio
1188 2810 1368 2850 rerum
1417 2796 1795 2864 temporalium

188 2886 581 2943 controversia
611 2886 895 2956 reperiret.
946 2886 1097 2941 lianc
1145 2897 1326 2943 autem
1378 2902 1438 2943 se
1489 2888 1795 2958 philosophi

188 2979 384 3036 mundi
413 2977 572 3050 huius
600 2994 709 3035 non
740 2980 897 3035 aliter
923 2987 1249 3050 putaverunt
1281 2994 1443 3050 posse
1474 2980 1559 3036 vel
1592 2980 1795 3037 debere

187 3073 501 3131 dissolvere
522 3116 538 3141 ,
581 3074 688 3130 nisi
720 3083 780 3131 ut
816 3075 1076 3131 circuitus
1107 3084 1406 3145 temporum
1439 3075 1788 3145 inducerent,

188 3165 399 3238 quibus
422 3165 612 3222 eadem
644 3182 859 3237 semper
914 3167 1081 3223 fuisse
1129 3178 1323 3223 novata
1374 3178 1535 3239 atque
1566 3173 1795 3238 repetita

1904 1971 2055 2026 Plato
2084 1972 2433 2043 philosophus
2459 1973 2511 2027 in
2538 1976 2670 2029 urbe
2696 1974 3033 2041 Atheniensi,
3068 1985 3121 2030 et
3144 1976 3196 2030 in
3220 1991 3280 2031 ea
3304 1976 3485 2031 schola

1900 2081 2023 2137 qua:
2055 2066 2346 2122 Academia
2381 2068 2523 2123 dicta
2553 2079 2656 2136 est,
2700 2070 2996 2139 discipulos
3029 2071 3256 2137 docuit,
3294 2073 3363 2125 ita
3398 2087 3492 2141 per

1901 2157 2320 2213 innumerabilia
2349 2171 2496 2215 retro
2519 2163 2735 2226 saecula,
2766 2163 2989 2217 multum
3028 2163 3243 2233 quidem
3269 2164 3493 2234 prolixis

1899 2249 2221 2318 intervallis,
2254 2254 2349 2308 sed
2378 2260 2557 2308 tamen
2590 2255 2754 2311 certis
2776 2298 2789 2321 ,
2825 2266 2878 2312 et
2928 2257 3069 2312 idem
3110 2257 3284 2321 Plato,
3320 2268 3374 2313 et
3402 2274 3493 2313 ea—

1901 2341 2024 2395 dem
2062 2344 2276 2409 civitas,
2306 2354 2359 2398 et
2380 2345 2567 2400 eadem
2602 2347 2809 2412 schola,
2841 2349 3111 2421 iidemque
3135 2350 3376 2418 discipuli
3408 2367 3493 2406 re-

1902 2434 2078 2503 petiti,
2108 2443 2163 2489 et
2186 2450 2283 2503 per
2312 2436 2724 2491 innumerabilia
2756 2440 2949 2495 deinde
2990 2442 3185 2495 saecula
3217 2442 3493 2510 repetendi

1900 2524 2029 2579 sint.
2064 2526 2238 2590 Absit,
2298 2527 2539 2597 inquam,
2574 2538 2632 2583 ut
2661 2546 2760 2584 nos
2813 2532 2912 2586 ista
2960 2532 3263 2586 credamus.
3314 2531 3493 2588 Semel

1900 2617 2048 2672 enim
2078 2618 2329 2673 Christus
2358 2629 2603 2673 mortuus
2632 2630 2715 2675 est
2739 2636 2836 2690 pro
2863 2621 3095 2691 peccatis
3117 2622 3343 2689 nostris;
3376 2637 3496 2677 sur-

1900 2726 2033 2782 gens
2060 2711 2170 2781 jam
2194 2726 2301 2766 mn
2335 2712 2587 2779 moritur,
2631 2727 2779 2767 mors
2808 2713 2856 2767 ci
2891 2713 3029 2767 ultra
3061 2729 3167 2767 non
3189 2712 3495 2768 dominabi-

1903 2809 2009 2868 tur,
2038 2812 2092 2858 et
2113 2817 2210 2859 nos
2245 2812 2361 2869 post
2393 2803 2849 2859 resurrectionem
2881 2818 3096 2873 semper
3122 2819 3242 2858 eum
3270 2804 3496 2858 Domino

1902 2899 2143 2961 erimus;
2168 2898 2252 2953 cui
2284 2898 2446 2953 modo
2474 2897 2705 2953 dicimus
2726 2899 2867 2969 quod
2900 2912 3054 2953 sacer
3081 2896 3332 2953 admonet
3356 2895 3498 2967 psal-

1900 3006 2023 3047 mus
2049 3008 2063 3046 :
2092 2991 2194 3059 Tu,
2225 2990 2475 3059 Domine,
2505 2990 2748 3045 servabis
2772 3005 2893 3055 nos,
2946 2998 3002 3045 et
3044 2988 3315 3045 custodies
3341 3002 3437 3043 nos
3465 3003 3497 3043 a

1902 3083 2257 3154 generatione
2286 3086 2387 3137 hac
2406 3083 2459 3137 in
2483 3091 2773 3138 aternum.
2800 3082 2945 3139 Satis
2966 3090 3144 3137 autem
3169 3080 3287 3136 istis
3311 3079 3498 3136 existi-

1902 3187 1995 3229 mo
2023 3174 2317 3229 convenire
2342 3173 2487 3244 quod
2532 3175 2776 3245 sequitur
2806 3189 2824 3230 :
2859 3174 2915 3228 lu
2945 3171 3174 3230 circuitu
3204 3174 3351 3244 impii
3381 3188 3497 3229 am-

189 3260 247 3316 in
282 3275 464 3318 rerum
495 3270 707 3328 natura,
737 3271 900 3331 atque
929 3261 1001 3315 ita
1031 3260 1287 3330 deinceps
1314 3258 1431 3316 fore
1462 3263 1582 3317 sine
1609 3275 1791 3317 cessa-
1820 3259 1869 3324 C
1903 3266 2188 3334 bulabunt,
2233 3280 2342 3322 non
2385 3266 2507 3337 quia
2539 3281 2640 3336 per
2668 3266 2903 3323 circulos
2932 3280 3069 3337 quos
3095 3266 3381 3336 opinantur
3404 3279 3501 3321 eo-

190 3354 349 3408 tioue
392 3361 772 3410 asseverarent
799 3354 1073 3410 volumina
1118 3353 1449 3409 venientium
1488 3364 1545 3409 et
1573 3364 1797 3424 praeter-

191 3446 446 3501 euntium
481 3446 835 3511 seculorum,
866 3446 981 3501 sive
1009 3445 1061 3499 in
1100 3444 1303 3499 mundo
1336 3453 1683 3512 permanente
1712 3444 1801 3500 isti

190 3537 463 3594 circuitus
505 3538 718 3602 tierent,
774 3537 889 3593 sive
934 3537 1100 3593 certis
1160 3536 1460 3593 intervallis
1508 3538 1692 3591 oriens
1745 3543 1801 3591 et

192 3630 463 3686 occidens
502 3630 733 3686 mundus
778 3629 966 3686 eadem
1014 3644 1249 3696 semper,
1292 3628 1447 3697 quasi
1490 3643 1628 3683 nova
1673 3642 1798 3699 quas

192 3730 480 3776 transacta
510 3730 567 3777 et
608 3727 835 3777 ventuta
884 3729 1011 3777 sunt
1032 3720 1333 3776 exhiberet.
1358 3724 1400 3773 A
1432 3734 1541 3789 quo
1565 3719 1799 3775 ludibrio

192 3830 433 3886 prorsus
460 3816 820 3872 immortalem
845 3815 1080 3872 animam
1100 3857 1114 3881 ,
1143 3814 1305 3871 etiam
1336 3829 1458 3869 cum
1481 3813 1801 3885 sapientiam

189 3910 541 3980 perceperit,
590 3910 825 3967 liberare
876 3926 982 3965 non
1023 3920 1269 3981 possunt,
1301 3919 1516 3966 euntem
1549 3910 1667 3967 sine
1691 3924 1802 3968 ces-

191 3999 421 4057 satione
441 4001 509 4055 ad
543 4001 734 4057 falsam
765 4003 1173 4069 beatitudinem,
1217 4011 1272 4057 et
1319 4002 1387 4056 ad
1426 4018 1611 4058 veram
1641 4008 1805 4058 mise-

198 4093 356 4146 riam
379 4092 495 4147 sine
518 4094 821 4148 cessatione
844 4094 1181 4150 redeuutem.
1200 4093 1484 4161 Quomodo
1504 4095 1649 4149 enim
1673 4107 1803 4149 vera

192 4184 490 4240 beatitudo
510 4194 614 4250 est,
645 4184 713 4240 de
736 4186 890 4254 cujus
924 4200 1196 4256 nunquam
1248 4186 1553 4241 asteruitate
1579 4187 1806 4241 confun-

190 4278 359 4333 ditur
380 4277 733 4351 [conliditur],
748 4278 876 4334 dum
901 4279 1079 4333 anima
1102 4286 1382 4335 venturam
1401 4277 1698 4345 miseriam,
1716 4286 1809 4334 aut

1902 3372 2029 3414 rum
2060 3359 2168 3413 vita
2198 3367 2284 3415 est
2306 3374 2617 3425 recursura,
2648 3358 2744 3413 sed
2800 3357 2923 3428 quia
2964 3358 3125 3413 modo
3152 3358 3271 3412 talis
3299 3366 3383 3411 est
3410 3371 3500 3412 er-

1904 3451 2049 3507 roris
2072 3465 2263 3505 eorum
2293 3450 2404 3516 via,
2455 3450 2509 3505 id
2548 3458 2634 3505 est
2673 3450 2802 3505 falsa
2855 3449 3121 3505 doctrina.
3150 3448 3285 3516 Quid
3320 3458 3501 3505 autem

1904 3546 2102 3600 mirum
2123 3552 2208 3598 est
2228 3544 2274 3597 si
2304 3543 2359 3597 in
2384 3542 2469 3597 bis
2500 3543 2818 3597 eircuitibus
2869 3552 3132 3608 errantes,
3166 3555 3267 3595 nec
3294 3541 3498 3594 aditum

1902 3649 2005 3690 nec
2029 3634 2232 3690 exitum
2275 3634 2589 3701 inveniunt,
2642 3632 2767 3704 quia
2806 3647 2973 3704 genus
3002 3633 3295 3687 humanum
3329 3639 3497 3701 atque

1906 3726 2008 3782 ista
2068 3733 2249 3781 nostra
2298 3726 2641 3793 mortalitas,
2701 3740 2801 3780 nec
2840 3740 2947 3796 quo
2996 3723 3153 3779 initio
3195 3732 3372 3794 empta
3428 3724 3501 3777 sit

1905 3818 2107 3886 sciunt,
2139 3835 2241 3877 nec
2287 3835 2395 3891 quo
2436 3820 2543 3875 line
2579 3818 2884 3888 claudatur,
2910 3816 3343 3889 quandoquidem
3375 3816 3497 3872 alti«

1853 3981 1859 3987 π
1905 3912 2155 3968 tudinem
2204 3910 2305 3967 Dei
2351 3920 2638 3982 penetrare
2666 3926 2776 3968 non
2808 3920 3055 3982 possunt,
3085 3912 3207 3981 quia
3239 3925 3360 3966 cum
3389 3909 3504 3979 ipse

1904 4006 1978 4063 sit
2016 4015 2254 4061 aeternus
2292 4016 2350 4061 et
2384 4004 2501 4061 sine
2554 4006 2730 4074 initio,
2779 4006 2847 4061 ab
2893 4006 3074 4075 aliquo
3121 4013 3299 4059 tamen
3351 4004 3505 4059 initio

1910 4110 2141 4153 exorsus
2168 4104 2255 4152 est
2303 4105 2574 4165 tempora,
2628 4102 2685 4151 et
2725 4094 2999 4149 hominem
3042 4107 3201 4163 quem
3231 4108 3501 4162 nunquam

1909 4198 2068 4244 antea
2097 4188 2319 4253 iecerat,
2348 4185 2477 4242 fecit
2501 4186 2557 4241 in
2589 4194 2834 4255 tempore
2860 4225 2876 4251 ,
2908 4198 3019 4240 non
3067 4192 3418 4239 tamen-novo
3446 4193 3504 4239 et

1909 4282 2216 4353 repentino,
2248 4279 2343 4335 sed
2370 4277 2688 4334 immutabili
2718 4287 3031 4347 mentoque
3066 4274 3294 4331 consilio
3320 4274 3345 4329 τ
3368 4274 3504 4343 Quis

190 4372 616 4440 imperitissime
655 4373 710 4427 in
740 4374 970 4428 veritate
1011 4371 1211 4439 nescit,
1240 4379 1333 4427 aut
1357 4368 1724 4426 infelicissimi:
1753 4372 1807 4426 in
1912 4375 2052 4430 hanc
2084 4372 2263 4427 valeat
2308 4369 2651 4426 altitudinem
2678 4368 3118 4440 investigabilem
3147 4367 3503 4439 investigare,

190 4464 549 4523 beatitudine
576 4465 949 4537 pertimescit?
970 4465 1077 4520 Aut
1094 4464 1139 4519 si
1166 4463 1235 4517 ad
1266 4462 1513 4517 miserias
1535 4476 1807 4532 nunquam
1911 4473 1969 4520 et
2001 4462 2407 4520 inscrutabilem
2447 4460 2819 4533 perscrutari,
2865 4460 3161 4517 secundum
3183 4474 3342 4532 quam
3365 4459 3507 4516 Deus

192 4558 440 4614 ulterius
470 4557 710 4613 reditura
732 4598 748 4626 ,
783 4571 848 4613 ex
877 4557 963 4612 bis
986 4556 1054 4612 ad
1084 4554 1477 4612 beatitudinem
1519 4554 1715 4627 pergit,
1748 4553 1810 4608 ﬁt
1913 4556 2192 4613 hominem
2242 4555 2638 4627 temporalem,
2667 4562 2807 4611 ante
2846 4566 3009 4624 quem
3054 4567 3215 4609 nemo
3264 4566 3499 4623 unquam

192 4667 342 4723 ergo
370 4651 573 4722 aliquid
605 4652 730 4707 novi
758 4653 810 4707 iu
842 4660 1083 4720 tempore
1109 4649 1253 4720 quod
1283 4649 1447 4703 linem
1494 4662 1604 4703 non
1646 4647 1812 4704 habet
1834 4650 2197 4715 Dim-inu-
2221 4651 2343 4719 tuit,
2377 4664 2491 4705 nou
2545 4647 2791 4704 mutabili
2840 4646 3116 4702 voluntate
3164 4645 3221 4701 in
3266 4654 3507 4716 tempore

199 4745 497 4815 temporis.
522 4745 631 4800 Cur
652 4759 781 4816 ergo
808 4759 915 4799 non
938 4752 994 4799 et
1020 4747 1272 4810 mundus,
1303 4756 1401 4796 cur
1426 4756 1533 4798 non
1554 4752 1610 4797 et
1636 4741 1798 4796 homo

1905 4747 2167 4815 condidit,
2202 4754 2260 4803 et
2286 4760 2458 4817 genus
2500 4743 2795 4799 humanum
2833 4756 2902 4798 ex
2942 4756 3051 4797 uno
3096 4738 3500 4810 multiplicavit,

194 4839 387 4896 factus
418 4836 472 4890 in
494 4834 726 4902 mundo,
757 4843 815 4889 ut
845 4833 921 4889 illi
950 4834 1138 4890 nescio
1182 4833 1276 4903 qui
1312 4833 1429 4889 falsi
1455 4833 1731 4898 circuitus,
1769 4846 1801 4887 a
1907 4840 2344 4915 quandoquidem
2370 4837 2609 4910 psalmus
2630 4838 2769 4908 ipse,
2800 4850 2923 4893 cum
2953 4836 3303 4908 praemisisset
3332 4842 3499 4905 atque

197 4930 372 4987 falsis
399 4928 731 5000 sapientibus
764 4928 1148 4996 fallacibusque
1174 4928 1457 4997 comperti,
1478 4928 1532 4981 in
1558 4927 1802 4983 doctrina
1909 4934 2134 4989 dixisset
2155 4948 2171 4988 :
2190 4931 2291 4998 Tu,
2307 4930 2552 4995 Domine,
2568 4928 2808 4985 serVabis
2832 4942 2952 4997 nos,
2974 4937 3031 4985 et
3057 4927 3332 4983 custodies
3352 4940 3451 4981 nos
3471 4939 3505 4981 a

194 5041 366 5091 sana,
403 5024 616 5080 tramite
644 5023 775 5079 recti
804 5023 1011 5079 itineris
1040 5022 1309 5078 vitentur?
1334 5022 1467 5077 Nam
1497 5024 1712 5094 quidam
1753 5033 1809 5081 et
1912 5026 2258 5098 generatione
2304 5024 2406 5080 hac
2444 5024 2500 5079 iu
2515 5033 2799 5092 aeternum,
2842 5038 2905 5080 ac
2930 5023 3127 5080 deinde
3152 5021 3509 5092 percussisset

197 5116 351 5174 illud
377 5114 523 5184 quod
551 5113 749 5184 legitur
769 5113 824 5169 in
855 5113 995 5168 libro
1022 5112 1333 5169 Salomonis
1353 5114 1443 5183 qui
1466 5124 1688 5169 vocatur
1709 5116 1807 5170 Ec-
1915 5134 2013 5176 eos
2041 5120 2096 5174 in
2127 5132 2353 5190 quorum
2404 5116 2565 5172 stulta
2605 5117 2873 5188 impiaque
2902 5115 3145 5173 doctrina
3173 5112 3318 5169 nulla
3362 5111 3503 5167 libe-

195 5210 529 5268 clesiastes:
558 5226 579 5261 r
600 5206 738 5274 Quid
756 5218 835 5262 est
861 5206 1005 5277 quod
1027 5206 1158 5261 luit?
1184 5208 1358 5276 ipsum
1383 5206 1525 5275 quod
1544 5207 1674 5273 erit;
1702 5206 1811 5279 3o

194 5314 263 5362 et
292 5300 430 5373 quid
460 5311 544 5357 est
572 5301 716 5371 quod
745 5301 943 5355 factum
968 5300 1090 5356 est?
1112 5300 1288 5371 ipsum
1314 5300 1454 5371 quod
1481 5300 1603 5365 liet;
1625 5309 1680 5355 et
1705 5316 1813 5355 non

195 5406 290 5454 est
308 5408 477 5449 omne
499 5407 689 5448 recens
710 5393 809 5449 sub
832 5392 976 5449 sole:
1002 5393 1120 5462 quis
1137 5392 1386 5462 loquatur
1402 5400 1456 5447 et
1477 5390 1650 5446 dicat:
1674 5391 1815 5447 Ecce

199 5491 319 5545 hoc
347 5501 545 5542 novum
568 5495 673 5553 est,
702 5486 812 5555 jam
834 5485 936 5542 iuit
959 5486 1014 5541 in
1052 5486 1267 5542 sarculis
1290 5502 1410 5557 qua
1440 5486 1657 5541 fuerunt
1684 5496 1812 5543 ante

200 5597 341 5648 nos;
368 5598 387 5633 ι
417 5587 639 5649 propter
662 5578 760 5634 hos
777 5579 1033 5634 circuitus
1058 5580 1112 5635 in
1135 5580 1323 5634 eadem
1348 5578 1638 5635 redeuntes
1664 5587 1720 5635 et
1748 5580 1805 5635 in

200 5678 411 5734 eadem
460 5682 655 5730 cuncta
700 5684 1018 5729 revocantes
1064 5674 1263 5729 dictum
1311 5674 1534 5745 intelligi
1582 5676 1802 5741 volunt,

201 5767 369 5839 quod
404 5766 493 5819 ille
542 5774 634 5820 aut
660 5765 730 5821 de
776 5761 859 5818 bis
898 5765 1060 5819 rebus
1089 5765 1224 5819 dixit
1249 5765 1315 5820 de
1337 5767 1529 5835 quibus
1559 5766 1809 5836 superius

204 5859 571 5931 loquebatur,
591 5858 694 5914 hoc
720 5867 805 5914 est
832 5857 901 5915 de
916 5858 1361 5930 generationibus
1388 5860 1509 5914 aliis
1536 5861 1811 5928 euntibus,

206 5955 355 6017 aliis
373 5954 736 6021 venientibus,
761 5952 831 6012 de
849 5953 981 6013 solis
1018 5952 1368 6023 anfractibus,
1391 5953 1461 6013 de
1485 5955 1809 6013 torrentium

1915 5213 2143 5269 rationis
2194 5220 2249 5268 et
2297 5210 2648 5267 beatitudinis
2702 5212 2899 5266 anima:
2936 5217 3181 5264 servatur
3210 5206 3505 5275 aeternitas,

1918 5308 2177 5361 continuo
2228 5303 2522 5374 subiiciens
2546 5320 2562 5358 :
2589 5303 2648 5359 In
2687 5303 2916 5359 circuitu
2948 5298 3097 5371 impii
3129 5298 3507 5366 ambulabunt,

1921 5406 2172 5468 tauquam
2204 5397 2255 5453 ei
2286 5398 2594 5453 diceretur:
2626 5394 2767 5463 Quid
2795 5408 2927 5464 ergo
2959 5402 3015 5448 tu
3044 5392 3249 5459 credis,
3300 5390 3504 5458 sentis,

1921 5489 2216 5560 intelligis?
2239 5488 2616 5559 Nunquidnam
2643 5483 3059 5542 existimandum
3083 5490 3164 5539 est
3188 5481 3367 5537 subito
3389 5481 3504 5537 Deo

1915 5582 2179 5653 placuisse
2207 5582 2481 5636 hominem
2504 5580 2683 5634 lacere
2705 5590 2866 5648 quem
2898 5587 3169 5646 nunquam
3200 5579 3356 5627 antea
3384 5571 3505 5627 iuli-

1916 5678 2026 5731 Irita
2056 5685 2201 5731 retro
2228 5675 2531 5729 aeternitate
2551 5670 2799 5735 fecisset,
2825 5668 2912 5723 cui
2944 5666 3076 5723 nihil
3106 5664 3228 5720 novi
3258 5664 3507 5721 accidere

1914 5781 2130 5842 potest,
2187 5774 2239 5826 in
2286 5786 2393 5842 quo
2423 5767 2679 5824 mutabile
2728 5763 2930 5833 aliquid
2990 5777 3097 5817 non
3152 5762 3274 5817 est?
3330 5761 3507 5816 couti-

1919 5876 2029 5917 nuo
2052 5860 2354 5931 respondit,
2384 5859 2451 5913 ad
2481 5859 2658 5929 ipsum
2699 5855 2868 5911 Deum
2902 5855 3125 5923 loquens
3152 5869 3166 5905 :
3199 5850 3506 5908 SeCttndum

1921 5954 2259 6012 altitudinem
2291 5962 2437 6011 tuam
2474 5948 3009 6023 multiplicastiﬁllos
3033 5946 3334 6005 hominum.
3368 5945 3507 6001 Sen-
