3968 6390
473 398 573 455 631

1561 397 1624 452 o.
1656 370 1975 452 Eucvppn
2013 392 2308 451 sanans
2346 389 2671 451 amem
3653 388 3755 443 δη

473 515 631 579 tiant,
652 511 853 585 inquit,
871 513 1126 572 homines
1152 511 1294 583 quod
1319 518 1528 582 putant,
1547 510 1758 582 etquod
1782 510 1859 565 eis
1887 510 2067 579 placet
2091 510 2147 573 Α
2173 510 2256 566 vel
2286 510 2598 577 minuendo,
2630 509 2813 580 utique
2841 509 3042 565 nocuit.
3073 508 3187 565 Non
3233 507 3391 579 igitur
3419 521 3543 563 esse
3585 510 3754 577 potuit

479 607 770 678 epinentur
795 616 854 664 et
878 608 1171 676 disputent,
1227 604 1521 660 secundum
1550 602 1886 657 altitudinem
1919 613 2064 657 tuam

476 717 640 771 quam
665 703 844 756 nullus
867 701 1148 755 hominum
1170 707 1349 768 potest
1363 711 1519 752 nosse
1538 695 1904 766 multiplicasti
1929 694 2064 751 ﬁlios

394 781 403 824 έ
478 794 777 848 hominum.
813 792 980 846 Valde
1010 791 1206 860 quippe
1229 789 1394 843 altum
1421 797 1504 843 est
1551 795 1605 842 et
1638 798 1852 854 semper
1892 784 2062 840 Deum

474 883 663 947 fuisse,
691 891 745 937 et
767 882 1037 937 hominem
1070 895 1231 951 quem
1257 893 1534 949 nunquam
1559 873 1758 933 fecerat
1786 892 1851 932 ex
1883 876 2064 946 aliquo

474 983 726 1043 tempore
764 975 998 1043 primum
1025 973 1204 1030 facere
1229 973 1496 1041 voluisse,
1526 986 1626 1029 nec
1654 971 1942 1028 consilium
1969 986 2063 1027 vo-

478 1065 850 1136 luntatemque
886 1076 1148 1123 mutasse.

1010 1202 1240 1260 CAPUT
1279 1202 1522 1259 XXXVI.

465 1307 670 1398 ’Contra
693 1317 750 1370 id
779 1319 916 1398 quod
939 1318 1114 1371 dicunt
1130 1317 1329 1398 :nUnde
1352 1317 1557 1372 diabolo
1583 1317 1802 1398 primum
1829 1318 2064 1398 voluptas

541 1389 703 1454 mala,
731 1405 847 1441 cum
875 1389 1033 1443 bonus
1056 1407 1087 1441 (ι
1139 1389 1245 1443 Deo
1272 1402 1470 1443 creatus
1500 1397 1646 1443 esset.
1679 1388 1812 1442 Item
1837 1405 1900 1442 ex
1932 1388 2062 1441 libro

541 1473 619 1512 xu
648 1462 711 1512 de
737 1458 950 1514 Civitate
983 1459 1098 1513 Dei.
1331 1487 1333 1492 ·

551 1552 696 1607 Deus
720 1553 809 1621 qui
852 1569 1063 1608 summe
1101 1564 1216 1617 est,
1251 1564 1408 1624 atque
1447 1555 1516 1608 ob
1547 1554 1650 1610 hoc
1678 1556 1746 1610 ab
1789 1555 1880 1610 illo
1924 1553 2062 1610 facta

473 1652 562 1699 est
589 1646 767 1700 omnis
800 1646 1037 1701 essentia
1067 1661 1186 1716 quae
1224 1661 1332 1702 non
1361 1660 1572 1703 summe
1603 1657 1707 1713 est,
1738 1648 1860 1717 quia
1892 1660 2064 1715 neque

472 1734 552 1789 illi
579 1737 800 1806 aequalis
829 1752 946 1792 esse
978 1737 1220 1806 deberet,
1255 1753 1374 1808 quae
1405 1737 1475 1793 de
1504 1737 1673 1792 nihilo
1721 1738 1859 1792 facta
1898 1744 2060 1801 esset,

469 1839 652 1895 neque
679 1827 792 1881 ullo
823 1827 984 1883 modo
1006 1843 1128 1882 esse
1159 1837 1360 1898 posset,
1384 1829 1428 1883 si
1456 1829 1524 1884 ab
1563 1829 1655 1883 illo
1684 1826 1820 1883 facta
1844 1843 1949 1882 nou
1979 1842 2065 1883 es-

2166 604 2496 672 sempiterna
2540 604 2790 658 voluntas
2837 602 2975 656 mala
3013 603 3065 657 in
3109 617 3169 657 ea
3209 617 3268 656 re
3313 602 3364 655 in
3409 616 3514 671 qua
3557 600 3752 657 bonum

2165 700 2407 754 naturale
2449 705 2804 769 praecesserat
2839 697 2982 767 quod
3033 697 3172 751 mala
3217 697 3464 751 voluntas
3507 695 3752 752 nocendo

2165 805 2346 867 posset
2384 795 2642 851 adimere.
2676 795 2732 850 Si
2768 809 2894 864 ergo
2924 808 3030 848 non
3059 800 3175 848 erat
3226 792 3562 859 sempiterna
3583 832 3598 850 .
3641 791 3750 860 quis

2164 903 2282 944 eam
2313 887 2503 943 fecerit
2545 888 2766 957 quaero?
2801 886 2986 942 Restat
3024 894 3082 939 ut
3125 885 3335 939 dicatur
3375 883 3522 954 quod
3573 898 3638 938 ea
3675 898 3751 940 res

2163 977 2354 1034 fecerit
2385 979 2578 1034 malam
2607 980 2964 1043 voluntatem,
2983 978 3036 1033 in
3066 992 3166 1048 qua
3191 976 3334 1031 nulla
3357 976 3619 1031 voluntas
3640 975 3747 1029 fuit.

2164 1073 2292 1129 Haec
2330 1082 2508 1129 utrum
2566 1074 2814 1143 superior
2859 1076 2930 1128 sit
2987 1074 3223 1143 requiro,
3271 1087 3339 1127 an
3385 1071 3643 1136 inferior,
3692 1086 3750 1125 an

2165 1167 2407 1237 aequalis,
2467 1169 2560 1224 sed
2589 1169 2636 1224 si
2675 1169 2920 1239 superior
2965 1169 3145 1240 utique
3185 1169 3377 1223 melior
3425 1186 3438 1219 :
3484 1165 3749 1234 quomodo

2164 1275 2295 1330 ergo
2331 1260 2552 1326 nullius,
2593 1276 2657 1316 ac
2698 1276 2803 1316 non
2845 1260 3024 1330 potius
3067 1260 3225 1315 bonae
3264 1257 3610 1314 voluntatis?
3662 1257 3750 1312 hoc

2167 1360 2310 1416 idem
2370 1361 2611 1432 profecto
2659 1368 2716 1417 et
2765 1361 3027 1432 aequalis:
3079 1360 3185 1416 dno
3239 1361 3470 1430 quippe,
3525 1359 3750 1430 quandiu

2165 1462 2292 1508 sunt
2342 1453 2543 1522 pariter
2590 1453 2882 1509 voluntatis
2935 1455 3130 1520 bona},
3190 1467 3294 1507 non
3333 1450 3464 1506 facit
3519 1452 3660 1506 alter
3704 1452 3747 1506 in

2166 1545 2337 1600 altero
2394 1546 2727 1602 voluntatem
2801 1545 3018 1600 malam.
3088 1544 3430 1613 Relinquitur
3495 1553 3561 1598 ut
3631 1543 3747 1599 infe-

2168 1639 2279 1694 rior
2323 1655 2430 1706 res,
2488 1641 2574 1694 cui
2622 1640 2766 1695 nulla
2819 1639 3063 1694 voluntas
3106 1646 3211 1706 est,
3262 1637 3452 1693 fecerit
3505 1637 3746 1708 angelica

2167 1733 2272 1804 31
2306 1742 2508 1787 naturae
2539 1748 2657 1803 quae
2685 1733 2858 1802 prima
2891 1731 3129 1801 peccavit
3159 1731 3497 1786 voluntatem
3531 1731 3740 1784 malam.

2169 1827 2273 1881 Sed
2306 1826 2466 1881 etiam
2492 1842 2580 1882 res
2610 1827 2724 1896 ipsa
2772 1841 3107 1897 quaecunque
3134 1833 3217 1881 est
3246 1825 3472 1880 inferior
3502 1839 3667 1895 usque
3688 1824 3744 1878 ad

470 1926 580 1985 aet,
619 1932 722 1974 nec
755 1918 987 1974 ullorum
1027 1919 1282 1974 vitiorum
1323 1919 1622 1974 offensione
1651 1917 2063 1988 vituperandus,
2095 1913 2144 1975 B
2174 1917 2410 1972 inﬁmam
2443 1926 2666 1986 terram,
2686 1921 2939 1989 quoniam
2967 1925 3155 1971 natura
3179 1925 3231 1971 et
3252 1917 3493 1972 essentia
3519 1926 3616 1981 est,
3647 1931 3744 1986 pro-

471 2017 532 2066 ιι
551 2009 792 2064 omnium
816 2018 1125 2065 naturarum
1150 2009 1589 2064 consideratione
1616 2009 1917 2064 laudandus
1945 2017 2064 2072 est;

475 2098 706 2168 proinde
745 2115 905 2155 causa
951 2100 1299 2156 beatitudinis
1346 2101 1660 2172 angelorum
1697 2101 1961 2156 bonorum
2004 2116 2067 2156 ea

476 2192 759 2248 verissima
798 2196 1086 2262 reperitur,
1128 2195 1272 2265 quod
1320 2195 1368 2250 ei
1424 2194 1702 2250 adhmrent
1741 2195 1828 2264 qui
1862 2209 2070 2249 summe

478 2296 583 2342 est.
635 2286 766 2342 Cum
799 2303 929 2344 vero
977 2304 1137 2343 causa
1171 2290 1406 2345 miseriae
1452 2289 1712 2344 malorum
1756 2290 2067 2360 angelorum

479 2376 758 2446 quaeritur,
789 2393 848 2433 ea
869 2380 1062 2434 merito
1084 2380 1332 2445 occurrit,
1364 2379 1507 2450 quod
1533 2380 1598 2434 ali
1624 2380 1714 2434 illo
1736 2379 1823 2449 qui
1856 2394 2070 2434 summe

482 2478 568 2523 est
593 2469 765 2524 aversi
805 2470 870 2525 ad
903 2471 1112 2539 seipsos
1140 2474 1386 2527 conversi
1429 2480 1559 2527 sunt
1599 2473 1690 2542 qui
1723 2486 1829 2527 non
1859 2487 2070 2528 summe

483 2571 631 2628 sunt,
664 2573 720 2619 et
745 2563 848 2618 hoc
871 2565 1056 2620 vitium
1088 2566 1213 2635 quid
1240 2566 1384 2621 aliud
1406 2582 1563 2636 quam
1591 2568 1840 2637 superbia
1864 2583 2074 2623 nuncu-

478 2655 676 2723 patur?
705 2655 918 2710 Initium
953 2658 1148 2727 quippe
1191 2658 1364 2713 omnis
1394 2659 1600 2728 peccati
1647 2660 1916 2730 superbia.
1960 2661 2070 2716 No-

479 2744 704 2800 luerunt
731 2763 858 2817 ergo
889 2749 954 2803 ad
987 2750 1133 2806 illum
1163 2751 1438 2807 custodire
1481 2751 1850 2808 fortitudinem
1895 2769 2070 2821 suam,

483 2847 540 2894 et
563 2840 656 2909 qui
680 2841 848 2911 magis
874 2857 1076 2913 essent,
1103 2846 1147 2900 si
1179 2845 1227 2901 ei
1257 2847 1347 2916 qui
1380 2860 1588 2902 summe
1610 2856 1692 2902 est
1713 2845 2070 2916 adhaererent,

476 2947 543 2989 se
573 2933 646 2987 illi
680 2934 1034 3003 praeferendo,
1077 2937 1128 2990 id
1171 2938 1314 3007 quod
1353 2939 1530 2993 minus
1579 2946 1662 2994 est
1705 2939 2069 3008 praetulerunt.

479 3026 582 3082 Hic
613 3030 819 3098 primus
842 3030 1085 3086 defectus
1107 3040 1162 3086 et
1191 3029 1361 3100 piima
1386 3032 1588 3102 inopia,
1630 3033 1970 3104 primumque
1997 3036 2075 3090 vi-

487 3118 616 3174 tium
649 3121 764 3191 ejus
799 3130 1002 3177 natura:
1032 3138 1152 3193 quas
1190 3123 1262 3177 ita
1292 3132 1468 3180 creata
1501 3133 1605 3194 est,
1640 3132 1700 3178 ut
1741 3140 1837 3179 nec
1865 3141 2074 3182 summe

487 3220 649 3278 esset,
694 3222 750 3267 et
798 3221 974 3268 tamen
1012 3215 1077 3268 ad
1109 3215 1493 3272 beatitudinem
1549 3217 1848 3273 habendam
1890 3235 1955 3274 eo
1982 3221 2071 3290 qui

2172 2012 2427 2067 culdubio
2449 2012 2587 2067 bona
2619 2020 2740 2076 est,
2771 2011 2972 2065 habens
3004 2009 3222 2065 modum
3265 2018 3319 2064 et
3349 2011 3581 2079 speciem
3605 2024 3740 2063 suam

2174 2104 2227 2158 in
2259 2117 2457 2168 genere
2484 2110 2644 2172 atque
2671 2103 2863 2156 ordine
2887 2116 3007 2157 suo.
3039 2100 3320 2168 Quomodo
3361 2115 3490 2170 ergo
3511 2116 3590 2155 res
3615 2101 3742 2156 bona

2171 2195 2408 2252 efﬁciens
2424 2203 2509 2251 est
2529 2194 2820 2250 voluntatis
2838 2195 3015 2249 malae?
3033 2194 3312 2261 Quomodo
3333 2209 3470 2264 ergo,
3496 2194 3728 2262 inquam,

2171 2288 2369 2344 bonum
2393 2296 2477 2344 est
2503 2302 2664 2343 causa
2691 2288 2857 2342 mali?
2879 2286 3017 2343 Cum
3048 2287 3192 2342 enim
3218 2301 3278 2341 se
3302 2287 3530 2341 voluntas
3553 2285 3731 2340 relicto

2172 2381 2450 2450 superiore
2479 2380 2546 2435 ad
2579 2380 2833 2436 inferiora
2864 2380 3163 2445 convertit,
3197 2379 3430 2434 efﬁcitur
3462 2379 3612 2444 mala,
3638 2392 3740 2432 non

2173 2478 2295 2548 quia
2318 2475 2519 2531 malum
2549 2485 2632 2531 est
2661 2489 2767 2545 quo
2797 2490 2857 2531 se
2885 2475 3190 2540 convertit,
3222 2473 3318 2529 sed
3359 2473 3481 2542 quia
3512 2486 3742 2542 perversa

2173 2582 2255 2627 est
2277 2572 2394 2640 ipsa
2423 2570 2708 2624 conversio
2735 2586 2746 2622 :
2783 2569 2987 2624 idcirco
3011 2583 3116 2623 non
3147 2582 3234 2623 res
3263 2565 3490 2621 inferior
3513 2567 3740 2620 volunta-

2176 2673 2285 2720 tem
2313 2663 2504 2718 malam
2536 2662 2685 2729 facit,
2738 2663 2835 2717 sed
2881 2678 2994 2718 rem
3049 2660 3361 2718 inferiorem
3413 2677 3576 2730 prave
3603 2672 3739 2730 atque

2176 2756 2477 2812 inordinate
2491 2757 2631 2826 ipsa,
2645 2755 2770 2824 quia
2788 2753 2949 2827 [quae]
2969 2755 3102 2810 facta
3121 2764 3225 2822 est,
3242 2755 3522 2824 appetivit
3545 2753 3598 2808 Si
3615 2752 3735 2808 enim

2175 2844 2339 2921 aliqui
2359 2851 2485 2916 duo,
2504 2850 2780 2920 aequaliter
2799 2849 2972 2904 affecti
2995 2851 3174 2904 animo
3197 2859 3250 2904 et
3269 2863 3530 2918 corpore,
3556 2847 3739 2902 videant

2177 2944 2339 3000 unius
2369 2945 2610 3014 corporis
2662 2941 3122 3011 pulchritudinem
3144 2984 3158 3007 ,
3210 2955 3316 3010 qua
3340 2940 3463 2994 visa
3493 2955 3624 2993 unus
3662 2952 3740 2992 eo-

2178 3055 2300 3095 rum
2329 3037 2396 3092 ad
2424 3037 2612 3092 illicite
2631 3034 2911 3089 fruendum
2935 3043 3240 3100 moveatur,
3267 3034 3409 3088 alter
3428 3033 3481 3088 in
3499 3034 3741 3087 voluntate

2181 3131 2375 3203 pudica
2404 3128 2613 3185 stabilis
2643 3136 2999 3197 perseveret,
3035 3126 3161 3196 quid
3206 3133 3465 3194 putamus
3495 3139 3610 3180 esse
3635 3137 3742 3178 cau-

2182 3240 2257 3280 sa:
2286 3233 2344 3278 ut
2372 3223 2424 3276 in
2459 3222 2548 3274 illo
2575 3219 2688 3286 ﬁat,
2719 3220 2772 3274 in
2815 3218 2910 3273 illo
2939 3231 3042 3272 non
3075 3218 3167 3270 fiat
3191 3216 3443 3271 voluntas
3471 3216 3626 3280 mala,
3647 3225 3744 3283 quae

479 3317 695 3361 summe
734 3315 817 3362 est
870 3307 968 3361 frui
1017 3317 1219 3378 posset,
1261 3325 1291 3364 a
1333 3326 1436 3381 quo
1465 3327 1686 3379 aversa,
1723 3329 1829 3369 non
1860 3316 2074 3385 quidem
2102 3302 2149 3365 C
2183 3316 2328 3372 illam
2378 3329 2466 3369 res
2498 3312 2656 3384 [rem]
2690 3311 2815 3366 fecit
2846 3312 2898 3365 in
2935 3327 3040 3380 quo
3083 3311 3225 3364 facta
3254 3309 3387 3364 est?
3420 3309 3601 3379 Neque
3623 3307 3740 3362 enim

481 3397 657 3463 nulla,
689 3398 784 3453 sed
818 3408 993 3455 tamen
1018 3401 1193 3457 minus
1222 3413 1387 3470 esset,
1417 3413 1579 3476 atque
1617 3406 1688 3460 ob
1729 3405 1831 3462 hoc
1882 3409 2077 3464 misera

484 3492 659 3547 ,tieret.
696 3494 864 3565 Hujus
889 3512 1051 3566 porro
1079 3499 1235 3556 mala:
1258 3501 1548 3557 voluntatis
1577 3518 1736 3559 causa
1765 3505 2003 3560 efﬁciens
2033 3507 2078 3562 si

489 3591 946 3656 quaeratur,~nihil
976 3593 1265 3650 invenitur.
1315 3596 1453 3663 Quid
1481 3606 1566 3652 est
1604 3599 1745 3654 enim
1778 3600 1918 3669 quod
1949 3600 2080 3655 facit

490 3678 824 3737 voluntatem
855 3685 1072 3751 malam,
1103 3703 1222 3742 cum
1255 3691 1368 3755 ipsa
1403 3689 1565 3745 faciat
1591 3706 1726 3760 opus
1755 3694 1991 3747 malum?
2019 3709 2081 3748 ac

491 3783 593 3838 per
623 3770 725 3824 hoc
744 3774 883 3826 mala
911 3777 1160 3832 voluntas
1185 3779 1428 3834 efficiens
1450 3790 1535 3835 est
1559 3783 1738 3850 operis
1760 3784 1907 3837 mali.
1931 3783 2080 3838 Malae

496 3871 682 3920 autem
708 3866 1002 3922 voluntatis
1033 3871 1273 3928 efficiens
1305 3874 1437 3928 nihil
1468 3884 1551 3930 est
1577 3895 1589 3928 :
1627 3877 1878 3946 quoniam
1904 3879 1948 3933 si
1994 3894 2082 3934 res

495 3955 676 4026 aliqua
708 3967 810 4022 est,
834 3969 926 4013 aut
952 3959 1113 4017 habet
1141 3972 1234 4017 aut
1255 3979 1360 4018 non
1387 3965 1548 4022 habet
1575 3967 1808 4036 aliquam
1838 3969 2082 4025 volunta-

491 4056 633 4115 tem;
661 4051 703 4105 si
735 4050 919 4119 habet,
952 4063 1041 4108 aut
1071 4055 1265 4111 bonam
1293 4058 1534 4125 profecto
1557 4060 1717 4114 habet
1743 4071 1834 4115 aut
1855 4064 2080 4118 malam:

490 4142 538 4196 si
569 4141 791 4213 bonam,
817 4146 935 4213 quis
959 4146 1028 4200 ita
1059 4149 1290 4216 desipiat
1316 4160 1370 4205 ut
1391 4152 1534 4206 dicat
1557 4153 1697 4221 quod
1723 4154 1866 4209 bona
1895 4155 2083 4211 volun-

491 4239 579 4286 tas
610 4233 771 4288 faciat
801 4237 1134 4294 voluntatem
1165 4242 1404 4296 malam?
1437 4243 1554 4298 Erit
1582 4245 1758 4310 enim,
1787 4246 1831 4300 si
1864 4248 1934 4302 ita
1969 4257 2080 4315 est,

490 4323 637 4378 bona
674 4327 921 4382 voluntas
971 4345 1132 4386 causa
1177 4337 1400 4402 peccati,
1442 4352 1547 4407 quo
1594 4340 1880 4395 absurdius
1908 4344 2084 4413 putari

494 4415 632 4471 nihil
656 4425 861 4484 potest;
893 4421 938 4474 si
962 4433 1139 4478 autem
1165 4440 1251 4479 res
1279 4426 1382 4480 ista
1408 4444 1526 4497 quae
1549 4439 1764 4498 putatur
1789 4430 1968 4489 facere
1993 4450 2085 4490 vo-

493 4511 760 4567 luntatem
797 4515 1014 4582 malam,
1049 4517 1162 4585 ipsa
1192 4535 1403 4590 quoque
1427 4523 1586 4578 habet
1614 4525 1946 4583 voluntatem
1972 4543 2086 4583 ma-

493 4599 627 4665 lam,
660 4604 820 4657 etiam
853 4620 970 4660 eam
1000 4623 1118 4676 quae
1149 4608 1337 4666 fecerit
1374 4626 1457 4667 res
1497 4626 1888 4684 consequenter
1919 4618 2087 4674 inter-

2186 3405 2531 3479 pulchritudo
2554 3404 2646 3458 illa
2677 3404 2944 3474 corporis,
2976 3417 3097 3456 nam
3130 3417 3249 3456 eam
3273 3417 3378 3456 non
3410 3399 3540 3456 fecit
3568 3402 3616 3456 in
3642 3414 3740 3454 am-

2184 3503 2358 3558 bobus
2397 3497 2850 3570 (quandoquidem
2873 3496 3151 3551 amborum
3181 3510 3286 3549 non
3319 3494 3645 3564 dispariliter
3667 3505 3745 3546 oc-

2183 3589 2719 3661 curritaspectibus).
2740 3593 2822 3644 Au
2847 3603 2972 3642 caro
2999 3587 3254 3644 intuentis
3266 3600 3429 3641 causa
3442 3599 3520 3642 est
3535 3587 3747 3655 (intuen-

2187 3688 2254 3742 tis
2285 3688 2336 3740 in
2367 3698 2525 3739 causa
2557 3679 2696 3752 est]?
2725 3697 2820 3736 cur
2850 3696 2953 3735 non
2977 3689 3031 3735 et
3054 3680 3233 3734 illius?
3259 3678 3344 3732 An
3369 3693 3496 3733 vero
3523 3674 3751 3730 animus?

2185 3796 2284 3836 cur
2305 3795 2410 3834 non
2441 3775 2758 3846 utriusque?
2783 3774 2970 3829 ambos
2998 3774 3140 3828 enim
3172 3779 3227 3827 et
3253 3771 3432 3825 animo
3457 3778 3505 3824 et
3531 3780 3749 3835 corpore

2187 3873 2466 3944 aequaliter
2491 3870 2709 3924 affectos
2753 3868 2918 3922 fuisse
2951 3866 3298 3936 przediximus
3321 3865 3346 3917 ?
3376 3867 3453 3919 An
3478 3859 3751 3917 dicendum

2188 3977 2272 4022 est
2310 3967 2537 4020 alterum
2589 3977 2777 4018 eorum
2816 3963 3022 4017 occulta
3073 3961 3290 4030 maligni
3325 3961 3541 4030 spiritus
3579 3971 3757 4027 sugge-

2189 4061 2362 4114 stione
2389 4065 2673 4123 tentatum,
2696 4054 2846 4124 quasi
2877 4070 2981 4109 non
3011 4054 3183 4109 eidem
3215 4051 3540 4123 Suggestioni
3568 4060 3625 4106 et
3647 4063 3760 4110 qua-

2191 4153 2445 4221 licunque
2511 4147 2748 4204 suasioni
2809 4148 3020 4217 propria
3075 4146 3350 4201 voluntate
3397 4141 3761 4200 consenserit?

2182 4247 2342 4303 Hanc
2373 4247 2532 4316 igitur
2562 4242 2973 4297 consensionem
3002 4281 3018 4306 ,
3051 4241 3187 4294 hanc
3216 4239 3409 4294 malam
3443 4254 3610 4308 quam
3640 4235 3762 4290 male

2191 4340 2438 4396 suadenti
2468 4336 2710 4392 adhiliuit
2739 4336 3089 4400 voluntatem,
3122 4349 3240 4403 quae
3285 4334 3338 4388 in
3371 4347 3438 4388 eo
3472 4346 3567 4386 res
3598 4329 3764 4386 fecerit

2191 4431 2501 4503 quaerimus.
2536 4428 2667 4482 Nam
2693 4435 2752 4480 ut
2780 4426 2882 4480 hoc
2902 4440 3118 4496 quoque
3145 4424 3590 4494 impedimentum
3623 4422 3763 4482 absit,

2193 4539 2222 4578 a
2253 4523 2551 4594 qumstione
2589 4520 2828 4582 tollatur,
2859 4521 2902 4572 si
2937 4517 3123 4573 eadem
3153 4517 3450 4572 tentatione
3479 4517 3649 4572 ambo
3669 4526 3768 4569 ten-

2195 4629 2399 4685 tentur,
2428 4626 2482 4672 et
2501 4629 2641 4671 unus
2669 4615 2716 4668 ei
2748 4612 2905 4668 cedat
2929 4621 3086 4681 atque
3125 4612 3445 4679 consentiat,
3475 4611 3622 4666 alter
3646 4609 3768 4664 ide

495 4705 653 4762 rogo.
685 4695 858 4764 Atque
888 4704 946 4751 ut
973 4699 1043 4752 sit
1071 4700 1266 4769 aliquis
1296 4701 1599 4771 inquirendi
1631 4706 1840 4773 modus,
1867 4724 2084 4766 causam
2113 4700 2168 4762 Ι)
2193 4716 2283 4786 qui
2306 4715 2474 4769 fuerat
2501 4718 2830 4780 perseveret,
2871 4707 2997 4777 quid
3026 4706 3166 4761 aliud
3199 4715 3450 4775 apparet,
3483 4703 3595 4759 nisi
3624 4715 3768 4756 unum

499 4786 691 4854 prima:
716 4789 868 4842 malae
899 4791 1190 4848 voluntatis
1220 4795 1450 4865 inquiro.
1478 4797 1593 4853 Non
1626 4811 1709 4856 est
1737 4802 1879 4856 enim
1913 4805 2084 4874 prima

497 4877 753 4933 voluntas
781 4881 943 4949 mala,
986 4898 1145 4951 quam
1197 4886 1325 4942 fecit
1365 4891 1616 4946 voluntas
1665 4892 1825 4958 mala,
1868 4895 1964 4950 sed
1997 4896 2087 4952 illa

495 4969 672 5039 prima
699 4980 784 5026 est
815 4988 974 5042 quam
1009 4975 1153 5029 nulla
1184 4976 1329 5034 fecit.
1371 4981 1506 5036 Nam
1542 4984 1586 5038 si
1617 4986 1894 5053 przecessit
1924 5003 1954 5041 a
1985 5004 2086 5057 qua

497 5061 678 5131 fieret,
709 5063 796 5118 illa
826 5066 970 5134 prior
999 5077 1081 5122 est
1107 5085 1224 5138 quae
1254 5072 1475 5128 alteram
1523 5075 1650 5129 fecit
1677 5095 1687 5128 :
1717 5078 1762 5132 si
1795 5083 2089 5149 responde-

497 5160 590 5207 tur
616 5155 761 5224 quod
791 5173 911 5212 eam
941 5159 1087 5214 nulla
1119 5175 1203 5216 res
1237 5163 1445 5230 fecerit,
1470 5175 1523 5221 et
1553 5167 1674 5222 ideo
1727 5184 1943 5241 semper
1971 5173 2088 5229 fue-

497 5246 593 5311 rit,
624 5262 810 5318 quaero
837 5259 1016 5306 utrum
1042 5253 1095 5307 in
1127 5254 1306 5325 aliqua
1340 5267 1530 5312 natura
1558 5260 1760 5315 fuerit?
1796 5265 1840 5319 si
1870 5264 2014 5320 enim
2037 5267 2088 5320 in

415 5344 431 5397 έ-
498 5340 648 5396 nulla
690 5341 810 5408 fuit,
834 5346 1056 5403 omnino
1087 5363 1195 5403 non
1237 5350 1367 5416 fuit;
1414 5351 1456 5406 si
1489 5363 1666 5409 autem
1700 5355 1754 5410 in
1785 5358 1984 5428 aliqua,
2013 5363 2090 5416 vi-

430 5434 432 5436 ’
496 5437 676 5493 tiabat
706 5455 824 5495 eam
850 5452 900 5497 et
934 5450 1338 5515 corrumpebat,
1357 5457 1579 5520 eratque
1607 5453 1682 5507 illi
1715 5455 1976 5520 noxia,ac
1996 5472 2091 5525 per

435 5585 439 5590 η
494 5526 603 5584 hoc
625 5531 766 5587 bono
794 5534 1063 5603 privabat,
1092 5547 1145 5593 et
1177 5538 1298 5595 ideo
1325 5541 1376 5596 in
1420 5544 1554 5597 mala
1597 5555 1788 5602 natura
1838 5550 2088 5606 voluntas

496 5621 644 5674 mala
671 5636 792 5677 esse
815 5639 919 5679 non
953 5636 1185 5696 poterat,
1215 5631 1312 5686 sed
1335 5633 1386 5688 in
1417 5634 1577 5702 bona,
1609 5638 1849 5694 mutabili
1877 5650 2084 5708 tamen,

499 5711 587 5764 cui
620 5713 808 5769 vitium
838 5715 940 5772 hoc
964 5733 1161 5775 nocere
1190 5734 1406 5791 posset;
1449 5727 1494 5782 si
1536 5727 1679 5782 enim
1727 5745 1832 5785 non
1880 5737 2082 5802 nocuit,

500 5815 608 5856 non
639 5805 824 5870 utique
846 5807 1030 5864 vitium
1063 5812 1180 5871 fuit.
1200 5814 1278 5870 Ac
1299 5832 1393 5886 per
1416 5819 1519 5874 hoc
1548 5834 1648 5874 nec
1671 5823 1810 5877 mala
1834 5826 2082 5884 voluntas

497 5889 666 5950 fuisse
695 5894 917 5954 dicenda
941 5910 1059 5956 est:
1088 5917 1248 5972 porro
1277 5908 1321 5960 si
1355 5911 1542 5968 nocuit
1563 5910 1761 5968 bonum
1789 5914 2084 5974 auferendo

2197 4809 2456 4871 noluisse,
2481 4805 2705 4858 alterum
2727 4799 2965 4878 voluisse
2986 4813 3016 4853 a
3045 4803 3288 4854 castitate
3308 4798 3582 4854 deficere?
3611 4794 3771 4853 Unde?

2196 4902 2299 4957 nisi
2328 4897 2545 4970 propria
2584 4894 2895 4957 voluntate,
2915 4892 3023 4946 'ubi
3055 4891 3240 4947 eadem
3271 4891 3441 4945 fuerat
3473 4890 3526 4944 in
3559 4901 3773 4957 utroque
3805 4921 3832 4928 —

2198 4992 2443 5063 corporis
2491 4999 2546 5045 et
2580 4989 2742 5043 animi
2789 4986 3031 5052 aﬁ‘ectio,
3064 4987 3341 5042 amborum
3381 4985 3553 5040 oculis
3583 4985 3778 5055 pariter

2197 5087 2310 5141 visa
2337 5093 2420 5139 est
2463 5083 2650 5137 eadem
2683 5078 3046 5149 pulchritudo,
3077 5078 3336 5133 ambobus
3362 5077 3568 5146 pariter
3597 5076 3778 5132 institit

2200 5178 2409 5234 occulta
2435 5173 2681 5230 tentatio.
2726 5171 3003 5241 Propriam
3052 5170 3213 5240 igitur
3258 5171 3309 5224 in
3337 5185 3445 5225 uno
3473 5185 3666 5226 eorum
3698 5184 3779 5223 voc

2198 5274 2456 5328 luntatem
2487 5267 2680 5322 malam
2711 5281 2828 5336 quae
2859 5279 2947 5320 res
2976 5264 3165 5320 fecerit
3191 5263 3331 5319 scire
3369 5264 3703 5328 volentibus,
3742 5261 3780 5315 si

2194 5366 2334 5422 bene
2363 5363 2673 5417 intueantur
2717 5357 2850 5412 nihil
2895 5358 3174 5412 occurrit:
3217 5356 3262 5411 si
3294 5357 3440 5412 enim
3488 5358 3784 5412 dixerimus

2195 5460 2336 5530 quod
2383 5460 2498 5528 ipse
2526 5471 2643 5512 eam
2672 5453 2906 5532 fecerit,
2937 5454 3062 5523 quid
3097 5462 3214 5509 erat
3242 5427 3514 5528 ipseiante
3545 5453 3785 5507 volunta-

2193 5563 2300 5609 tem
2327 5554 2544 5618 malam,
2571 5550 2671 5605 nisi
2689 5535 3063 5631 naturafboua,
3097 5547 3251 5619 cujus
3280 5559 3469 5604 auctor
3496 5550 3637 5603 Deus
3673 5548 3787 5619 [ho-

2193 5643 2419 5715 nuslqui
2441 5641 2880 5716 estintmutabile
2904 5640 3386 5714 [incommutabile]
3411 5640 3651 5697 bonum?
3690 5639 3786 5706 Qui

2191 5752 2320 5808 ergo
2343 5736 2472 5790 dicit
2501 5752 2620 5791 cum
2644 5737 2732 5806 qui
2761 5735 3031 5790 consentit
3061 5734 3284 5790 tentanti
3321 5743 3482 5804 atque
3511 5730 3785 5792 suadenti,

2191 5830 2274 5884 cui
2295 5844 2397 5883 non
2415 5831 2684 5886 consentit
2703 5830 2862 5895 alius,
2877 5831 2944 5884 ad
2964 5830 3147 5884 illicite
3164 5829 3418 5884 utendum
3440 5826 3666 5897 pulchro
3681 5839 3794 5879 cor-

2189 5936 2340 5993 pore,
2364 5921 2508 5994 quod
2533 5923 2762 5992 videndo
2785 5925 3048 5980 ambobus
3070 5922 3271 5993 pariter
3295 5920 3466 5976 adfuit
3491 5921 3635 5975 ’cum
3663 5924 3795 5978 ante
