3968 6390
158 443 255 498 653

1283 434 1710 493 THESAURUS.
1751 438 1904 494 CAP.
1948 440 2188 498 XXXVI.

3330 445 3437 500 6Ξὸ

158 562 302 621 illam
354 559 616 616 visionem
643 562 1100 622 actentationem,
1132 558 1336 613 similes
1367 558 1524 612 ambo
1555 556 2130 628 animoAtestatem,
2177 563 2262 619 vel
2313 565 2479 632 ipsius
2527 565 2688 621 etiam
2734 564 3046 634 potestatis.
3102 563 3199 620 sed
3246 564 3439 620 animas

157 665 208 709 et
256 668 483 720 corpore
536 652 755 720 fuerint)
798 652 971 722 ipsum
1009 651 1110 706 sibi
1167 650 1355 705 fecisse
1409 649 1737 702 voluntatem
1843 668 2096 724 perverse
2136 659 2371 712 amantis
2412 668 2736 728 potestatem
2765 674 2950 722 suam.
2980 659 3440 730 ροιεηιίοτίείυε.

157 747 391 811 malam,
423 746 544 813 quia
582 747 766 816 utique
813 747 978 801 bonus
1007 753 1132 800 ante
1163 744 1490 798 voluntatem
1543 743 1740 796 malam

156 839 336 907 fuerit,
368 848 571 909 quaerat
615 855 712 894 cur
757 855 874 894 eam
909 840 1136 903 fecerit,
1181 849 1360 892 utrum
1403 839 1524 907 quia
1557 845 1742 890 natura

156 941 260 997 est,
287 947 353 984 an
381 931 502 1000 quia
533 947 598 986 ex
630 931 796 985 nihilo
825 930 962 985 facta
995 941 1076 984 est
1102 971 1116 992 ,
1149 939 1202 982 et
1233 930 1469 984 inveniet
1497 927 1742 982 volunta-

156 1032 266 1077 tem
299 1022 492 1076 malam
518 1037 621 1075 non
645 1038 710 1075 ex
735 1037 800 1075 eo
830 1036 950 1076 esse
977 1021 1213 1090 incipere
1242 1020 1384 1090 quod
1415 1028 1600 1074 natura
1643 1026 1747 1084 est,

156 1116 253 1172 ted
281 1130 345 1170 ex
369 1130 434 1170 eo
463 1114 602 1184 quod
632 1115 698 1168 de
722 1111 888 1166 nihilo
920 1115 1058 1168 facta
1088 1122 1274 1167 natura
1305 1123 1408 1168 est.
1439 1112 1569 1166 Nam
1598 1113 1640 1166 si
1664 1127 1748 1164 na-

157 1222 280 1268 tura
326 1225 485 1266 causa
515 1219 597 1265 est
637 1211 927 1264 voluntatis
959 1210 1144 1277 make,
1178 1209 1304 1278 quid
1334 1208 1476 1262 aliud
1513 1206 1750 1276 cogimur

157 1306 362 1369 dicere,
394 1305 495 1358 nisi
521 1320 550 1358 a
580 1305 721 1360 bono
751 1305 866 1360 ﬁeri
909 1307 1140 1368 malum,
1173 1315 1226 1359 et
1256 1304 1454 1359 bonum
1485 1317 1602 1356 esse
1629 1316 1753 1356 cau-

156 1412 273 1452 sam
306 1399 431 1452 mali
455 1398 477 1452 ?
508 1397 781 1466 Siquidem
805 1414 835 1452 a
859 1407 1046 1452 natura
1075 1398 1214 1453 bona
1243 1397 1300 1450 ﬁt
1325 1398 1570 1451 voluntas
1592 1396 1751 1460 mala,

157 1493 303 1558 quod
337 1492 476 1546 unde
511 1493 625 1546 ﬁeri
656 1501 833 1562 potest
859 1500 914 1546 ut
941 1501 1123 1546 natura
1156 1493 1290 1547 bona
1311 1533 1325 1558 ,
1358 1491 1604 1561 quamvis
1632 1504 1750 1542 mu-

156 1584 376 1650 labilis,
406 1595 691 1653 antequam
737 1584 936 1638 habeat
977 1583 1304 1637 voluntatem
1348 1581 1567 1642 malam,
1600 1579 1758 1633 faciat

155 1676 360 1746 aliquid
383 1677 529 1740 mali,
561 1677 660 1731 hoc
686 1686 770 1732 est
791 1679 960 1746 ipsam
990 1676 1314 1730 voluntatem
1342 1674 1560 1728 malam?
1589 1672 1757 1726 Nemo

155 1769 320 1836 igitur
363 1777 566 1837 quaerat
593 1768 914 1823 efficientem
965 1783 1180 1822 causam
1234 1767 1386 1821 mala:
1429 1764 1760 1820 voluntatis:

156 1877 269 1916 non
301 1861 441 1915 cnim
489 1871 571 1917 est
601 1862 872 1926 efﬁciens,
909 1861 1000 1916 sed
1032 1862 1316 1924 deficiens,
1365 1862 1488 1930 quia
1543 1876 1639 1916 nec
1670 1859 1756 1913 illa

1846 753 1982 806 tiore
2010 750 2258 823 [justitia]
2289 764 2622 824 contempta.
2657 754 2736 810 Ac
2765 769 2860 824 per
2911 753 3013 810 hoc
3044 754 3132 824 qui
3182 766 3442 824 perverso

1845 856 1990 901 amat
2026 847 2316 916 cujuslibet
2362 858 2565 904 naturae
2594 850 2790 905 bonum
2812 890 2826 912 ,
2855 848 3064 904 etiamsi
3091 848 3442 918 adipiscatur,

1848 939 1962 1010 ipse
1993 940 2053 993 ﬁt
2083 940 2134 993 in
2166 939 2307 994 bono
2338 941 2508 995 malus
2529 982 2544 1006 ,
2591 950 2644 996 et
2694 940 2859 996 miser
2907 941 3130 996 meliore
3179 941 3439 1010 privatus.

1849 1033 1982 1088 Cum
2009 1048 2137 1102 ergo
2167 1034 2322 1087 malae
2353 1034 2640 1088 voluntatis
2665 1034 2904 1089 efficiens
2935 1031 3218 1096 naturalis,
3247 1035 3364 1097 vel,
3396 1032 3443 1084 si

1853 1127 1959 1182 dici
1991 1136 2190 1197 potest,
2215 1127 2518 1182 essentialis
2542 1128 2690 1182 nulla
2716 1129 2786 1182 sit
2811 1141 2993 1193 causa,
3017 1131 3084 1181 ab
3110 1130 3223 1196 ipsa
3250 1132 3446 1194 quippe

1857 1217 2045 1287 incipit
2092 1218 2376 1285 spirituum
2408 1216 2742 1270 mutabilium
2775 1217 2982 1271 malum
3006 1256 3020 1281 ,
3053 1230 3159 1285 quo
3189 1213 3446 1268 minuitur

1854 1319 2013 1379 atque
2041 1309 2363 1378 depravatur
2393 1317 2594 1362 natura:
2624 1309 2817 1362 bonum
2840 1349 2855 1374 ,
2881 1323 2978 1364 nec
3008 1308 3167 1364 talem
3195 1307 3446 1362 volunta-

1868 1412 1972 1458 tem
2007 1402 2157 1468 facit,
2184 1401 2285 1456 nisi
2311 1400 2542 1456 defectio
2568 1415 2672 1470 qua
2693 1401 2958 1456 deseritur
2989 1401 3148 1465 Deus,
3173 1399 3326 1469 cujus
3354 1397 3447 1452 de-

1858 1494 2105 1550 fectionis
2145 1495 2307 1549 etiam
2353 1509 2514 1548 causa
2557 1493 2740 1560 utique
2793 1491 3020 1546 deﬁcit:
3062 1493 3108 1545 si
3148 1491 3448 1546 dixerimus

1861 1589 2064 1643 nullam
2097 1603 2215 1643 esse
2241 1586 2570 1642 efﬁcientem
2591 1599 2805 1640 causam
2826 1625 2841 1651 ,
2866 1587 3027 1638 etiam
3053 1584 3340 1639 voluntatis
3362 1583 3450 1636 bo-

1863 1696 1969 1747 nte,
1996 1679 2292 1735 cavendum
2321 1687 2404 1733 est
2433 1693 2499 1732 ne
2553 1678 2798 1732 voluntas
2829 1675 2969 1730 bona
2995 1675 3254 1729 bonorum
3284 1686 3450 1742 ange-

1863 1777 2040 1832 lOrum
2081 1790 2186 1830 non
2223 1775 2360 1828 facta
2386 1814 2398 1836 ,
2444 1772 2536 1827 sed
2565 1771 2676 1826 Deo
2716 1778 2980 1825 coaeterna
3020 1783 3140 1822 esse
3176 1767 3446 1822 credatur.

1863 1868 1998 1924 Cum
2028 1883 2156 1937 ergo
2187 1863 2376 1939 [enim]
2408 1865 2507 1933 ipsi
2549 1863 2671 1917 facti
2715 1863 2844 1926 sint,
2893 1861 3162 1932 quomodo
3210 1875 3313 1914 non
3366 1858 3454 1912 illa

155 1951 398 2019 effectio,
434 1953 528 2008 sed
560 1954 794 2008 defectio
829 1972 840 2006 ε
875 1953 1110 2009 deﬁcere
1157 1967 1385 2023 namque
1411 1955 1477 2007 ab
1523 1966 1589 2008 eo
1619 1951 1760 2021 quod

1868 1962 2008 2018 facta
2037 1975 2156 2016 esse
2183 1959 2412 2014 dicitur:
2449 1970 2609 2027 porro
2635 1957 2756 2026 quia
2796 1955 2931 2009 facta
2961 1962 3078 2022 est,
3126 1962 3300 2007 utrum
3334 1965 3454 2006 cum

156 2059 371 2099 summe
416 2055 500 2100 est
541 2046 606 2100 ad
657 2045 707 2098 id
735 2047 874 2114 quod
905 2045 1080 2100 minus
1125 2056 1227 2109 est,
1265 2049 1366 2100 hoc
1412 2051 1496 2099 est
1523 2045 1760 2113 incipere

158 2137 362 2192 habere
388 2138 717 2192 voluntatem
747 2139 962 2194 malam.
994 2138 1191 2194 Causas
1219 2153 1378 2207 porro
1403 2138 1760 2193 defectionum
1804 2166 1808 2171 -

157 2227 405 2294 istarum,
437 2245 556 2284 cum
599 2230 891 2286 efﬁcientes
933 2246 1039 2285 non
1072 2231 1204 2292 sint.
1232 2241 1289 2285 ut
1315 2231 1424 2286 dixi
1451 2275 1464 2296 ,
1504 2231 1597 2285 sed
1629 2232 1762 2286 deﬁ-

154 2322 392 2389 cientes,
418 2323 557 2378 velle
579 2322 632 2377 in
661 2325 866 2391 venire,
899 2325 1002 2378 tale
1034 2335 1114 2378 est
1142 2338 1203 2378 ac
1229 2324 1273 2376 si
1298 2325 1578 2393 quisquam
1602 2323 1765 2376 vellet

154 2417 346 2472 videre
390 2418 644 2471 tenebras
693 2418 776 2470 vel
829 2417 1013 2470 audire
1062 2417 1357 2480 silentium,
1405 2416 1548 2484 quod
1579 2425 1757 2470 tamen

153 2515 447 2574 utrumque
480 2507 633 2560 nobis
660 2516 841 2559 notum
869 2518 971 2559 est.
1002 2505 1188 2574 Neque
1232 2505 1360 2559 illud
1388 2506 1490 2558 nisi
1516 2521 1610 2574 per
1639 2521 1766 2560 ocu-

155 2598 269 2662 los,
295 2613 468 2666 neque
500 2598 603 2651 hoc
628 2597 729 2650 nisi
759 2611 852 2665 per
874 2612 1051 2661 aures,
1079 2613 1182 2651 non
1213 2611 1344 2652 sane
1371 2597 1420 2650 in
1445 2596 1643 2666 specie,
1671 2597 1766 2652 sed

151 2689 214 2745 in
249 2688 448 2757 speciei
483 2688 812 2758 privatione.
836 2688 1002 2743 Nemo
1032 2704 1160 2759 ergo
1183 2704 1246 2744 ex
1273 2705 1358 2744 me
1387 2689 1527 2743 scire
1559 2697 1768 2758 qumrat

153 2779 308 2851 quod
354 2794 441 2832 me
489 2780 701 2834 nescire
748 2782 880 2847 scio,
934 2779 1036 2834 nisi
1077 2781 1214 2834 forte
1259 2791 1314 2834 ut
1347 2781 1558 2835 nescire
1598 2780 1769 2834 discat

155 2873 308 2944 quod
335 2872 476 2928 scire
507 2888 614 2927 non
646 2887 802 2942 posse
833 2873 1114 2928 sciendum
1164 2883 1264 2928 est.
1301 2873 1374 2927 Ea
1423 2873 1616 2942 quippe
1647 2887 1769 2940 qua:

158 2981 275 3022 non
305 2964 356 3018 in
389 2965 594 3032 Specie,
629 2963 723 3018 sed
748 2963 802 3018 in
826 2965 942 3032 ejus
967 2964 1266 3034 privatione
1293 2965 1553 3032 sciuntur,
1585 2963 1629 3017 si
1660 2963 1766 3018 dici

155 3067 260 3114 aut
287 3057 510 3126 intelligi
537 3067 732 3128 potest,
759 3058 1154 3126 quodammodo
1178 3057 1468 3113 nesciendo
1495 3058 1759 3120 sciuntur»,

155 3162 218 3210 ut
248 3151 468 3208 sciendo
497 3152 825 3207 nesciantur.
873 3151 1005 3207 Cum
1047 3153 1208 3208 enim
1235 3153 1379 3208 acies
1421 3153 1580 3206 etiam
1626 3151 1766 3206 oculi

155 3246 464 3317 corporalis
497 3247 664 3300 currit
694 3261 787 3316 per
817 3247 1022 3315 species
1046 3247 1376 3317 corporales,
1401 3261 1658 3314 nusquam
1685 3255 1766 3300 te-

1866 2053 1996 2123 ipsis
2020 2051 2158 2106 facta
2188 2057 2271 2106 est
2307 2065 2376 2104 an
2406 2048 2522 2104 sine
2550 2048 2638 2102 illa
2669 2047 2884 2102 fuerunt
2914 2045 3096 2115 prius?
3124 2044 3229 2100 Sed
3258 2045 3301 2098 si
3335 2059 3455 2098 cum

1866 2145 2022 2212 ipsis,
2052 2157 2157 2196 non
2189 2141 2408 2196 dubium
2423 2138 2565 2209 quod
2592 2139 2659 2194 ab
2687 2139 2780 2193 illo
2810 2138 2944 2193 facta
2975 2138 3093 2192 sita
3117 2152 3221 2207 quo
3247 2145 3300 2190 et
3334 2133 3455 2201 ipsi,

1866 2236 2133 2305 simulque
2161 2243 2222 2288 ut
2254 2233 2378 2288 facti
2407 2242 2554 2296 sunt,
2580 2231 2628 2286 ei
2651 2246 2680 2284 a
2703 2245 2810 2300 quo
2832 2229 2954 2284 facti
2976 2237 3099 2282 sunt
3125 2243 3308 2282 amore
3337 2241 3457 2281 cum

1868 2343 1975 2398 quo
2001 2328 2126 2382 facti
2167 2335 2290 2380 sunt
2329 2324 2456 2395 [quo
2501 2322 2623 2377 facti
2676 2321 2820 2393 sunt]
2867 2320 3238 2383 adhaeserunt,
3288 2334 3458 2388 eoque

1867 2427 1994 2475 sunt
2039 2419 2129 2473 isti
2160 2418 2227 2472 ab
2259 2417 2474 2471 illorum
2505 2415 2760 2470 societate
2809 2413 3047 2476 discreti,
3079 2411 3220 2481 quod
3273 2412 3353 2466 illi
3406 2413 3458 2466 in

1870 2511 2059 2568 eadem
2087 2510 2227 2565 bona
2258 2509 2531 2564 voluntate
2551 2515 2891 2571 manserunt,
2918 2506 3002 2559 isti
3029 2505 3095 2560 ab
3115 2519 3177 2559 ea
3208 2505 3460 2559 deﬁcien-

1871 2603 1941 2657 do
1973 2601 2160 2656 mutati
2207 2609 2360 2668 sunt,
2392 2599 2532 2653 mala
2583 2598 2787 2654 scilicet
2833 2597 3144 2661 voluntate,
3201 2596 3301 2649 hoc
3348 2596 3461 2666 ipso

1871 2694 2016 2765 quod
2046 2709 2075 2747 a
2124 2693 2262 2747 bona
2291 2691 2640 2756 defecerunt,
2666 2705 2693 2744 a
2725 2705 2827 2760 qua
2855 2704 2959 2744 non
2992 2688 3332 2751 defecissent,
3363 2687 3461 2743 nisi

1871 2787 2055 2855 utique
2085 2785 2397 2840 voluissent.
2423 2783 2478 2839 Si
2508 2792 2686 2838 autem
2715 2782 2838 2837 boni
2870 2780 3044 2851 angeli
3075 2781 3286 2835 fuerunt
3315 2778 3462 2849 prius

1871 2879 1987 2932 sine
2013 2877 2289 2932 voluntate
2312 2877 2472 2942 bona,
2503 2873 2854 2942 eamdemque
2882 2873 2934 2926 in
2967 2886 3024 2926 se
3051 2871 3180 2940 ipsis
3221 2870 3328 2924 Deo
3358 2884 3462 2923 non

1872 2975 2129 3038 cperante
2158 2967 2404 3021 fecerunt
2430 3005 2445 3030 ,
2476 2978 2604 3032 ergo
2630 2963 2881 3018 meliores
2909 2977 2938 3015 a
2969 2976 3028 3016 se
3057 2960 3187 3032 ipsis
3211 2976 3368 3030 quam
3399 2959 3463 3014 ab

1871 3063 1966 3119 illo
1997 3062 2118 3117 facti
2148 3060 2312 3116 sunt?
2340 3061 2513 3115 Absit.
2538 3059 2675 3127 Quid
2699 3059 2838 3113 enim
2868 3068 3021 3114 erant
3051 3057 3170 3112 sine
3202 3057 3340 3112 bona
3368 3071 3463 3112 vo-

1869 3157 2094 3222 luntate,
2120 3156 2220 3212 nisi
2245 3155 2407 3210 mali?
2435 3156 2540 3210 Aut
2563 3153 2608 3208 si
2629 3164 2912 3224 propterea
2936 3168 3042 3208 non
3066 3153 3190 3207 mali
3221 3152 3343 3224 quia
3361 3168 3462 3207 nec

1871 3254 2012 3310 mala
2045 3254 2290 3308 voluntas
2337 3251 2416 3306 eis
2463 3251 2637 3305 inerat
2668 3251 2863 3319 (neque
2907 3250 3050 3305 enim
3094 3249 3161 3304 ab
3207 3263 3268 3304 ea
3309 3265 3464 3319 quam

154 3340 364 3395 nebras
403 3338 565 3403 videt,
599 3338 702 3393 nisi
728 3337 816 3392 ubi
847 3339 1068 3407 cmperit
1105 3355 1208 3393 non
1231 3339 1415 3394 videre
1449 3357 1460 3390 :
1494 3339 1566 3392 ita
1597 3337 1758 3391 etiam
1789 3325 1836 3387 C
1867 3345 2102 3402 nondum
2137 3352 2411 3414 capuam
2441 3343 2638 3398 habere
2665 3342 3022 3411 defecerant),
3051 3351 3196 3396 certe
3224 3342 3461 3396 nondum

157 3449 273 3489 non
296 3428 364 3488 ad
389 3433 618 3503 aliquem
637 3434 802 3487 alium
826 3448 1066 3497 sensum,
1087 3434 1180 3488 sed
1203 3434 1270 3488 ad
1293 3434 1437 3487 solas
1457 3447 1615 3486 aures
1649 3446 1763 3500 per-

155 3525 308 3582 tinet
330 3541 433 3580 non
458 3525 523 3580 ad
549 3527 749 3581 sentire
762 3525 1056 3591 silentium,
1072 3525 1214 3594 quod
1239 3534 1414 3578 tamen
1437 3523 1584 3577 nullo
1603 3523 1764 3575 modo

153 3620 270 3676 nisi
305 3635 410 3675 non
443 3618 710 3674 audiendo
741 3619 968 3674 sentitur
998 3635 1012 3682 ;
1045 3618 1126 3671 sic
1158 3617 1369 3686 species
1401 3613 1764 3684 intelligibiles

153 3728 324 3769 mens
355 3712 565 3782 quidem
599 3721 777 3766 nostra
810 3710 1160 3781 intelligendo
1188 3709 1484 3778 conspicit,
1533 3707 1628 3762 sed
1673 3707 1764 3762 ubi

155 3804 424 3860 deﬁciunt
449 3803 741 3858 nesciendo
764 3803 1048 3867 condiscit,
1068 3802 1270 3857 Delicta
1297 3801 1438 3856 enim
1465 3800 1584 3870 quis
1609 3799 1768 3853 intel-

152 3898 319 3966 ligit?
346 3898 452 3952 Hoc.
475 3898 607 3960 scio,
628 3905 870 3951 naturam
888 3897 1006 3964 Dei,
1025 3913 1316 3965 nunquam,
1345 3910 1630 3964 nusquam,
1648 3894 1768 3949 nul-

152 3990 212 4045 la
249 4007 319 4044 ex
361 4001 508 4058 parte
539 4005 699 4057 posse
730 3989 985 4056 deﬁcere,
1020 4001 1073 4044 et
1102 4005 1162 4044 ea
1195 4004 1350 4058 posse
1374 3988 1607 4044 deﬁcere
1648 4003 1767 4057 qua:

151 4096 230 4134 ex
271 4078 439 4131 nihilo
473 4078 612 4132 facta
643 4089 787 4143 sunt,
820 4095 938 4148 quae
968 4089 1146 4134 tamen
1181 4079 1396 4149 quando
1427 4079 1596 4147 magis
1618 4087 1764 4146 sunt,

149 4181 217 4227 et
244 4170 387 4224 bona
414 4171 630 4234 faciunt,
663 4181 790 4225 tunc
818 4173 961 4226 enim
989 4173 1185 4240 aliquid
1211 4173 1410 4225 faciunt
1439 4169 1605 4243 [cum]
1639 4185 1768 4224 cau-

148 4279 255 4320 sas
309 4263 508 4317 habent
561 4261 882 4326 efficientes,
931 4262 985 4316 in
1017 4273 1275 4332 quantum
1305 4273 1484 4316 autem
1517 4261 1773 4316 deficiunt

151 4367 213 4415 et
243 4373 317 4412 ex
363 4357 462 4412 hoc
493 4357 629 4411 mala
671 4355 873 4411 faciunt
904 4356 1054 4427 (quid
1097 4356 1240 4410 enim
1270 4365 1394 4411 tunc
1437 4356 1638 4410 faciunt
1667 4355 1769 4409 nisi

151 4450 396 4516 Vanai),
440 4464 633 4504 causas
671 4449 871 4503 habent
895 4449 1232 4506 deﬁcientes.
1267 4448 1505 4518 Itemque
1549 4449 1685 4513 scio,
1717 4449 1769 4504 in

159 4560 285 4615 quo
319 4543 376 4596 ﬁt
408 4544 542 4597 mala
571 4543 841 4610 voluntas,
876 4544 928 4598 id
959 4543 1010 4597 in
1055 4557 1121 4599 eo
1156 4543 1268 4598 ﬁeri
1307 4543 1470 4614 quod,
1503 4544 1547 4599 si
1579 4543 1768 4612 nollet,

155 4650 278 4692 non
314 4633 493 4699 fieret,
523 4641 580 4689 et
623 4633 744 4688 ideo
793 4648 897 4688 non
929 4637 1266 4690 necessarios
1296 4635 1390 4690 sed
1437 4636 1771 4692 voluntarios

1871 3440 2028 3506 tales,
2063 3437 2299 3492 nondum
2334 3446 2441 3492 tam
2471 3437 2598 3491 boni
2620 3451 2778 3506 quam
2807 3450 2927 3491 esse
2956 3451 3075 3490 cum
3106 3436 3242 3489 bona
3269 3436 3465 3490 volun-

1871 3541 1982 3588 tate
2007 3541 2309 3600 cteperunt.
2355 3532 2461 3585 Aut
2489 3532 2533 3583 si
2563 3545 2670 3584 non
2701 3537 2990 3598 potuerunt
3036 3529 3244 3596 seipsos
3287 3529 3466 3582 facere

1869 3625 2122 3680 meliores
2147 3638 2307 3693 quam
2353 3635 2447 3676 eos
2501 3621 2589 3674 ille
2641 3619 2843 3675 fecerat
2888 3624 3020 3690 (quo
3066 3633 3227 3673 nemo
3272 3619 3466 3674 melius

1871 3715 2160 3785 quidquam
2194 3713 2362 3784 facit),
2399 3711 2640 3782 profecto
2671 3720 2725 3767 et
2753 3711 2949 3765 bonam
2983 3711 3332 3777 voluntatem,
3365 3725 3467 3781 qua

1871 3809 2122 3864 meliores
2175 3815 2357 3864 essent
2382 3847 2395 3871 ,
2429 3804 2534 3860 nisi
2567 3813 2822 3874 operante
2853 3803 3121 3873 adjutorio
3171 3802 3465 3868 Creatoris,

1871 3903 2071 3958 habere
2103 3915 2209 3956 non
2241 3908 2480 3969 possent.
2512 3897 2578 3952 Et
2607 3913 2727 3954 cum
2773 3898 2823 3952 id
2869 3899 2978 3968 egit
3006 3912 3194 3953 eorum
3221 3897 3468 3951 voluntas

1870 3995 2033 4059 bona,
2065 4003 2120 4048 ut
2147 4008 2251 4048 non
2278 3994 2344 4048 ad
2375 3993 2582 4060 seipsos
2599 3993 2685 4060 qui
2709 3991 2885 4044 minus
2911 4000 3086 4055 erant,
3112 3989 3204 4045 sed
3229 3988 3293 4042 ad
3319 3989 3467 4043 illum

1871 4088 1961 4157 qui
2000 4101 2210 4141 summe
2249 4096 2332 4140 est
2379 4092 2860 4147 converterentur,
2909 4083 3068 4151 eique
3131 4080 3468 4135 adhaerentes

1873 4177 2044 4246 magis
2091 4184 2296 4241 essent,
2341 4175 2563 4244 ejusque
2595 4171 3302 4242 participatione-sapienter
3335 4170 3466 4225 bea-

1874 4279 2035 4339 teque
2055 4269 2314 4334 viverent,
2344 4267 2469 4338 quid
2499 4266 2641 4320 aliud
2665 4265 2986 4330 ostenditur,
3015 4266 3122 4337 32
3151 4264 3250 4318 nisi
3279 4263 3469 4318 volun-

1875 4372 2038 4417 tatem
2069 4361 2262 4415 bonam
2292 4401 2307 4426 ,
2339 4357 2639 4428 quamlibet
2669 4358 2862 4412 bonam
2886 4401 2900 4425 ,
2936 4357 3148 4426 inopem
3188 4357 3382 4425 fuisse,
3416 4357 3466 4412 in

1874 4453 1990 4508 solo
2012 4451 2282 4506 desiderio
2311 4464 2679 4505 remansuram
2703 4489 2718 4513 ,
2752 4449 2852 4502 nisi
2884 4447 2976 4503 ille
3001 4451 3090 4517 qui
3141 4449 3335 4502 bonam
3368 4463 3464 4501 na-

1873 4556 2046 4601 turam
2077 4560 2146 4600 ex
2180 4544 2346 4598 nihilo
2370 4543 2451 4598 sui
2475 4557 2728 4612 capacem
2755 4540 2976 4606 fecerat,
3010 4555 3076 4595 ex
3107 4540 3286 4610 seipse
3318 4539 3465 4595 face-

1873 4650 1978 4706 ret,
2012 4638 2281 4708 implendo
2310 4636 2589 4692 meliorem
2615 4635 2763 4703 prius
2794 4634 2992 4688 faciens
3010 4673 3025 4698 ,
3051 4633 3334 4687 excitando
3357 4633 3468 4686 avi-

157 4727 416 4784 defectus
439 4726 582 4794 justa
613 4739 772 4795 pana
795 4727 1162 4797 consequitur.
1195 4727 1453 4782 Deﬁcitur
1478 4729 1620 4782 enim
1664 4744 1770 4782 non
1801 4712 1854 4772 D
1877 4732 2120 4788 diorem?
2152 4747 2270 4786 nam
2297 4741 2351 4786 et
2382 4729 2482 4784 hoc
2513 4727 2907 4782 discutiendum
2931 4737 3032 4792 est,
3066 4728 3108 4781 si
3139 4727 3262 4781 boni
3290 4726 3466 4796 angeli

157 4821 230 4876 ad
267 4818 434 4883 mala,
458 4817 552 4872 sed
581 4818 739 4882 male,
775 4818 825 4870 id
858 4828 941 4872 est
961 4833 1066 4873 non
1093 4819 1158 4874 ad
1189 4820 1357 4873 malas
1386 4829 1602 4875 naturas
1626 4863 1640 4882 ,
1672 4822 1767 4876 sed

157 4911 294 4968 ideo
330 4909 466 4964 male
490 4950 505 4974 ,
538 4910 658 4979 quia
708 4918 900 4964 contra
945 4911 1190 4964 ordinem
1242 4920 1555 4979 naturarum
1586 4913 1653 4966 ab
1705 4928 1770 4968 eo

158 5001 316 5074 quod
351 5014 559 5055 summe
584 5009 666 5055 est
695 4999 762 5053 ad
803 4999 853 5053 id
883 5001 1023 5070 quod
1073 5001 1250 5055 minus
1280 5011 1379 5056 est.
1412 5001 1596 5071 Neque
1626 5003 1767 5056 enim

161 5096 291 5153 auri
325 5096 510 5149 vitium
541 5103 624 5148 est
671 5095 893 5148 avaritia
942 5094 1047 5166 [vel
1077 5093 1384 5165 cupiditas],
1410 5095 1503 5150 sed
1535 5095 1768 5150 hominis

163 5204 433 5261 perverse
461 5185 692 5241 amantis
719 5201 908 5240 aurum
929 5225 944 5247 ,
985 5185 1190 5254 justitia
1223 5185 1499 5248 derelicta,
1543 5201 1661 5255 qua:
1684 5187 1767 5239 in-

163 5281 613 5351 comparabiliter
641 5295 772 5334 auro
800 5279 982 5334 debuit
1011 5281 1284 5350 anteponi.
1329 5281 1436 5334 Nec
1465 5281 1670 5336 luxuria
1694 5283 1771 5335 vi-

163 5378 306 5432 tium
343 5383 428 5428 est
460 5375 799 5444 pulchrorum
831 5374 1178 5444 suaviumque
1206 5388 1511 5443 corporum,
1537 5375 1630 5429 sed
1660 5376 1772 5428 ani-

163 5485 274 5524 ma:
333 5480 589 5536 perverse
636 5466 864 5519 amantis
911 5479 1203 5534 corporeas
1234 5466 1559 5533 voluptates,
1603 5465 1773 5531 negle-

166 5572 255 5617 cta
297 5559 682 5627 temperantia,
718 5573 818 5626 qtta
851 5557 1011 5612 rebus
1033 5557 1342 5626 spiritaliter
1376 5556 1774 5626 pulchrioribus

165 5663 225 5711 et
272 5653 757 5721 incorruptibiliter
796 5651 1133 5707 suavioribus
1178 5660 1514 5721 coaptamur.
1548 5651 1655 5706 Nec
1685 5652 1764 5721 ia.

166 5747 382 5805 ctantia
409 5745 596 5800 vitium
640 5755 722 5800 est
751 5745 923 5799 laudis
952 5746 1196 5800 humana:
1220 5785 1234 5809 ,
1269 5745 1362 5800 sed
1414 5745 1604 5798 anima:
1647 5759 1766 5814 per-

167 5856 338 5898 verse
367 5842 598 5895 amantis
623 5840 830 5896 laudari
862 5841 931 5896 ab
956 5841 1285 5904 hominibus,
1318 5851 1499 5909 spreto
1523 5842 1765 5896 testimo-

171 5935 269 5993 nio
299 5933 664 5990 conscientiae.
695 5934 804 5990 Nec
832 5933 1084 6005 superbia
1126 5933 1310 5990 vitium
1341 5944 1424 5989 est
1465 5935 1642 5990 dantis
1671 5946 1762 6003 po-

1883 4828 1987 4898 ipsi
2019 4827 2073 4880 in
2104 4841 2161 4881 se
2190 4825 2431 4879 fecerunt
2457 4823 2783 4876 voluntatem
2816 4821 3006 4874 bonam
3037 4862 3050 4885 ,
3083 4831 3258 4875 utrum
3292 4821 3467 4890 aiiqua

1878 4935 2032 4984 eam,
2065 4934 2095 4972 a
2139 4918 2284 4972 nulla
2314 4915 2589 4970 voluntate
2641 4913 2928 4969 fecerunt?
2971 4915 3026 4970 Si
3079 4916 3249 4981 nulla,
3285 4915 3466 4978 utique

1879 5026 1978 5066 nec
2013 5011 2294 5073 fecerunt;
2344 5007 2388 5062 si
2439 5007 2613 5077 aliqua
2635 5047 2649 5070 ,
2682 5016 2860 5061 utrum
2914 5009 3052 5061 mala
3101 5023 3167 5061 an
3202 5007 3384 5060 bona?
3420 5007 3465 5060 si

1878 5104 2039 5168 mala,
2072 5101 2341 5172 quomodo
2372 5115 2490 5156 esse
2518 5102 2688 5169 potuit
2735 5103 2873 5155 mala
2901 5102 3147 5155 voluntas
3178 5101 3334 5154 bona:
3368 5114 3465 5154 vo-

1878 5194 2097 5250 luntatis
2123 5191 2404 5248 effectrix?
2455 5192 2498 5246 si
2545 5193 2682 5247 bona
2710 5232 2726 5258 ,
2771 5192 2882 5262 jam
2914 5207 3041 5261 ergo
3093 5190 3384 5257 habebant,
3414 5200 3468 5245 et

1877 5288 2032 5341 istam
2060 5287 2179 5354 quis
2210 5285 2436 5352 fecerat,
2473 5287 2574 5341 nisi
2604 5286 2693 5341 ille
2731 5287 2820 5356 qui
2862 5299 2956 5339 eos
2999 5299 3120 5338 cum
3174 5285 3314 5338 bona
3369 5300 3466 5341 vo-

1877 5381 2114 5446 luntate,
2149 5380 2199 5434 id
2231 5389 2313 5434 est
2341 5395 2461 5434 cum
2494 5395 2679 5434 amore
2708 5389 2859 5434 casto
2883 5391 2990 5448 quo
3021 5377 3092 5431 illi
3123 5377 3464 5434 adhaererent

1878 5473 2096 5540 creavit,
2130 5472 2285 5527 simul
2315 5471 2412 5542 [in]
2437 5473 2517 5528 eis
2540 5481 2592 5527 et
2615 5471 2852 5526 condens
2876 5479 3118 5524 naturam
3146 5479 3200 5524 et
3229 5471 3465 5539 largiens

1878 5566 2138 5636 gratiam?
2163 5565 2303 5620 unde
2337 5566 2436 5619 nisi
2467 5563 2623 5636 [sine]
2650 5565 2785 5618 bona
2814 5565 3108 5631 voluntate,
3139 5562 3237 5616 hoc
3259 5570 3346 5616 est
3373 5561 3468 5618 Dei

1875 5673 2083 5726 amore,
2109 5674 2377 5728 nunquam
2419 5667 2632 5712 sanctos
2664 5657 2884 5727 angelos
2930 5656 3094 5711 fuisse
3136 5653 3464 5709 credendum

1873 5759 1976 5806 est.
2000 5751 2084 5804 Isti
2109 5761 2284 5804 autem
2311 5749 2397 5818 qui
2423 5764 2542 5803 cum
2571 5748 2691 5802 boni
2712 5748 2880 5803 creati
2903 5756 3102 5812 essent,
3131 5757 3306 5802 tamen
3333 5744 3465 5802 mali

1873 5852 2019 5907 sunt,
2048 5841 2185 5896 mala
2217 5841 2430 5910 propria
2453 5839 2756 5904 voluntate,
2786 5855 2944 5908 quam
2970 5839 3106 5893 bona
3132 5849 3317 5893 natura
3356 5854 3464 5894 non

1874 5933 2018 6001 fecit,
2053 5934 2150 5988 nisi
2183 5948 2301 5988 cum
2335 5948 2363 5986 a
2393 5931 2534 5987 bono
2560 5940 2752 6002 sponte
2781 5931 3000 6000 defecit,
3031 5941 3089 5987 ut
3129 5931 3253 5986 mali
3290 5945 3459 5988 causa
