3968 6390
524 338 633 397 635

1558 339 1623 396 υ.
1666 338 1987 409 ευοῐΡΡιι
2024 338 2316 413 sonans
2345 340 2671 400 Artucsm

3707 346 3797 402 6'55

525 469 635 543 non
664 452 737 509 sit
763 451 964 510 bonum
989 494 1004 521 ,
1049 453 1144 510 sed
1174 452 1414 510 defectus
1452 469 1485 511 a
1527 455 1697 523 bono,
1732 466 1825 512 aut
1854 458 2119 513 minorem
2146 458 2201 543 ᾼ,
2224 456 2419 512 avertit
2447 458 2697 527 superbia
2728 456 2982 526 tumidus,
3015 463 3072 514 et
3108 454 3643 529 propriaepotestatis
3672 459 3797 517 dele-

526 542 857 617 acceperunt
887 547 1083 602 amoris
1124 544 1289 602 divini
1330 548 1555 619 gratiam
1580 590 1595 616 ,
1629 564 1786 618 quam
1820 550 1896 605 illi
1926 550 2017 616 qui
2059 549 2111 605 in
2158 542 2161 547 λ

526 639 717 697 eadem
758 640 1144 711 perstiterunt:
1188 647 1283 695 aut
1330 640 1377 695 si
1416 642 1627 713 utrique
1667 642 1791 697 boni
1839 643 2117 716 aequaliter

529 735 698 791 creati
726 732 873 801 sunt,
902 734 1017 790 istis
1042 733 1183 789 mala
1213 736 1490 792 voluntate
1518 736 1857 808 cadentibus,
1884 737 1963 793 illi
1994 754 2111 794 ant-

528 829 672 899 plius
692 827 859 897 adjuti
883 827 949 883 ad
972 842 1089 883 eam
1114 829 1462 886 beatitudinis
1484 830 1866 901 plenitudinem
1889 833 2032 887 unde
2054 846 2114 890 se

528 934 799 990 nunquam
819 934 1041 977 casuros
1055 923 1343 979 certissimi
1368 924 1560 981 ﬁerent
1581 937 1960 996 pervenerunt,
1976 926 2115 983 sicut

524 1012 637 1084 jam
666 1013 831 1069 etiam
865 1014 917 1069 in
944 1014 1081 1071 libro
1109 1032 1268 1086 quem
1299 1018 1538 1088 sequitur
1567 1017 1668 1074 iste
1691 1061 1705 1086 ,
1740 1019 2106 1075 tractavimus.

521 1105 898 1164 Conﬁtendum
932 1118 1014 1165 est
1040 1109 1202 1181 igitur
1231 1126 1352 1166 cum
1401 1110 1582 1166 debita
1625 1110 1781 1166 laude
1809 1109 2110 1177 Creatoris,

522 1214 630 1255 non
651 1198 717 1253 ad
745 1200 891 1255 solos
920 1209 1135 1256 sanctos
1156 1202 1402 1258 homines
1433 1202 1728 1273 pertinere,
1763 1203 2110 1258 verumeti.-im

522 1290 592 1346 de
611 1292 808 1347 sanctis
837 1293 1042 1365 angelis
1073 1309 1235 1364 posse
1262 1295 1365 1350 dici
1390 1339 1405 1362 ,
1440 1295 1583 1367 quod
1622 1296 1857 1351 charitas
1891 1296 1985 1352 Dei
2006 1295 2109 1351 dif—

522 1382 641 1439 fusa
672 1386 742 1439 sit
771 1384 824 1440 in
861 1388 939 1441 eis
962 1427 977 1451 ,
1010 1402 1107 1458 per
1137 1387 1397 1457 Spiritum
1429 1398 1670 1444 sanctum
1704 1390 1792 1458 qui
1836 1389 1991 1444 datus
2030 1397 2113 1445 est

522 1476 603 1533 eis
635 1494 649 1530 :
683 1492 781 1531 nec
810 1485 1013 1533 tantum
1043 1480 1317 1535 hominum
1338 1523 1354 1547 ,
1403 1480 1499 1536 sed
1538 1480 1785 1552 primitus
1817 1481 2110 1552 praecipue-

523 1583 625 1639 que
654 1570 964 1639 angelorum
998 1572 1190 1627 bonum
1220 1586 1340 1628 esse
1365 1575 1504 1644 quod
1537 1572 1790 1643 scriptum
1833 1584 1949 1628 est:
1981 1572 2110 1628 Mihi

523 1671 702 1715 autem
729 1661 1013 1717 adhmrere
1042 1662 1153 1718 Deo
1180 1663 1378 1719 bonum
1410 1673 1514 1721 est.
1549 1666 1661 1720 Hoc
1690 1666 1890 1720 bonum
1915 1666 2109 1736 quibus

524 1766 812 1808 commune
838 1761 921 1808 est
947 1796 962 1822 ,
994 1754 1192 1811 habent
1220 1766 1275 1812 et
1303 1772 1422 1813 cum
1455 1759 1547 1813 illo
1586 1759 1671 1814 cui
1702 1759 2019 1827 adhaerent,
2053 1766 2109 1814 et

2217 549 2453 605 ctatione
2482 557 2784 620 corruptus,
2835 548 2976 604 unde
3006 549 3175 604 beatae
3201 559 3360 620 atque
3390 549 3659 619 angelica:
3689 553 3795 608 vita

2217 643 2561 701 dulcedinem
2586 660 2692 701 non
2718 644 2967 716 gustavit,
2994 658 3153 715 quam
3184 659 3291 699 non
3319 644 3503 716 utique
3532 655 3793 717 acceptam

2217 736 2501 807 fastidivit,
2552 738 2647 793 sed
2689 737 2921 793 nolendo
2966 737 3211 807 accipere
3254 737 3493 793 deseruit
3521 748 3580 794 et
3614 740 3791 797 amisit.

2218 828 2453 886 Proinde
2482 846 2581 887 nec
2608 831 2690 886 sui
2718 845 2875 887 casus
2902 830 3157 902 praescius
3183 846 3303 887 esse
3331 831 3526 902 potuit,
3552 835 3793 903 quoniam

2214 923 2477 992 sapientia
2520 923 2738 994 pietatis
2776 931 2858 979 est
2902 921 3126 978 fructus.
3177 923 3273 979 Ille
3322 937 3503 981 autem
3554 930 3792 982 continuo

2215 1012 2433 1083 impius,
2455 1022 2849 1084 consequenter
2865 1022 2919 1069 et
2942 1024 3121 1072 mente
3138 1029 3333 1083 caecus,
3360 1031 3466 1071 non
3486 1032 3553 1071 ex
3586 1034 3658 1072 eo
3677 1018 3790 1088 quod

2214 1112 2497 1175 acceperat
2524 1106 2755 1173 cecidit,
2786 1105 2879 1161 sed
2910 1120 2976 1161 ex
3004 1120 3071 1161 eo
3099 1105 3239 1176 quod
3270 1108 3542 1176 acciperet
3577 1108 3632 1161 si
3661 1107 3787 1161 subdi

2213 1195 2471 1252 voluisset
2516 1197 2629 1253 Deo
2663 1214 2676 1250 :
2709 1196 2853 1267 quod
2896 1197 3137 1267 profecto
3168 1197 3293 1270 quia
3325 1199 3521 1267 noluit,
3568 1208 3633 1255 et
3659 1202 3717 1255 ab
3740 1218 3788 1258 eo

2214 1287 2357 1357 quod
2404 1272 2722 1358 accepturus
2766 1297 2882 1344 erat
2930 1290 3144 1355 cecidit,
3195 1298 3249 1345 et
3296 1300 3629 1360 potestatem
3676 1294 3791 1349 illius

2212 1380 2311 1435 sub
2340 1396 2446 1451 quo
2471 1396 2594 1437 esse
2620 1382 2791 1442 nbluit
2818 1397 2926 1437 non
2951 1382 3127 1438 evasit
3152 1400 3163 1434 :
3196 1380 3509 1454 factumque
3530 1384 3588 1437 in
3625 1384 3710 1439 illo
3728 1396 3790 1441 est

2219 1472 2459 1541 pondere
2481 1475 2817 1542 meritorum,
2844 1483 2903 1529 ut
2931 1488 3026 1529 nec
3052 1472 3271 1544 iustitia:
3297 1474 3466 1542 possit
3494 1475 3700 1530 lumine
3717 1476 3789 1532 de-

2212 1565 2426 1635 lectari,
2452 1582 2552 1623 nec
2582 1567 2651 1623 ab
2672 1567 2792 1638 ejus
2825 1568 3095 1623 sententia
3115 1568 3353 1623 liberari.
3381 1567 3537 1633 Quod
3559 1583 3688 1639 ergo
3716 1584 3790 1637 per

2211 1660 2400 1716 Isaiam
2432 1661 2749 1732 prophetam
2778 1663 2833 1718 in
2863 1678 2986 1719 eum
3030 1663 3256 1729 dicitur,
3284 1663 3573 1732 Quomodo
3623 1665 3787 1721 cecidit

2212 1751 2281 1807 de
2309 1753 2450 1807 coelo
2474 1753 2689 1809 Lucifer
2718 1769 2876 1810 mane
2901 1754 3102 1820 oriens,
3127 1756 3391 1812 contritus
3418 1768 3504 1812 est
3537 1759 3591 1812 in
3618 1769 3786 1814 terram

522 1843 663 1899 inter
683 1859 742 1899 se
771 1856 1010 1901 sanetam
1044 1847 1388 1919 societatem,
1418 1860 1471 1907 et
1496 1860 1622 1906 sunt
1643 1867 1748 1906 una
1776 1851 1960 1907 civitas
1984 1851 2110 1919 Dei,
2143 1851 2194 1919 Β
2220 1846 2310 1915 qui
2356 1846 2604 1901 mittebat
2652 1845 2720 1901 ad
2758 1862 2947 1903 omnes
2991 1848 3222 1921 gentes?
3267 1849 3348 1903 Tu
3398 1859 3582 1905 autem
3630 1852 3784 1907 dixisti

523 1940 820 2011 eademque
851 1942 1026 1997 vivum
1074 1945 1392 2000 sacriﬁcium
1439 1946 1586 2017 ejus,
1639 1946 1928 2017 vivumque
1976 1957 2113 2001 tem-

525 2033 670 2107 plum
692 2034 808 2105 ejus
833 2075 848 2102 ,
878 2035 1031 2106 cujus
1077 2052 1199 2108 pars
1229 2054 1349 2109 qua:
1392 2040 1763 2111 conjungenda
1792 2041 2109 2097 immortali-

526 2126 628 2184 bus
651 2127 855 2198 angelis
885 2144 947 2185 ex
978 2132 1295 2188 mortalibus
1324 2131 1629 2189 hominibus
1658 2145 2034 2206 congregatur,
2059 2143 2113 2190 et

527 2235 675 2276 nunc
703 2222 1030 2278 mutabiliter
1058 2222 1408 2298 [mortalitor]
1435 2228 1806 2299 peregrinatur
1832 2230 1884 2283 in
1917 2230 2107 2296 terris,

525 2310 613 2365 vel
640 2310 692 2365 in
724 2312 803 2367 eis
827 2314 914 2382 qui
944 2322 1115 2370 morte
1139 2316 1322 2371 obiere
1342 2318 1568 2373 secretis
1594 2318 1894 2375 animarum
1924 2334 2112 2390 recep-

524 2404 714 2462 taculis
742 2405 1071 2479 sedibusque
1102 2408 1415 2479 requiescit.

1046 2522 1276 2582 CAPUT
1314 2522 1581 2593 XXXVII.

521 2633 797 2693 Diabolum
836 2634 897 2707 ab
927 2637 1038 2707 ipso
1088 2638 1373 2705 primordio
1405 2647 1655 2697 creatura
1699 2655 1733 2695 α
1766 2654 1859 2697 atto
1886 2646 2114 2696 creatore

621 2723 679 2829 ﬁt"
699 2706 988 2776 superbiam
1026 2718 1363 2783 apostatasse,
1398 2725 1460 2769 ea;
1490 2712 1619 2766 libro
1650 2725 1710 2779 xi
1742 2710 1806 2765 de
1831 2708 2019 2769 Genesi
2044 2711 2113 2764 ad

621 2794 629 2829 l
680 2794 842 2829 eram.

615 2794 842 2833 meram.

591 2871 817 2938 Quando
848 2887 976 2944 ergo
1005 2871 1264 2947 dejecerit
1295 2874 1545 2947 superbia
1585 2873 1881 2943 diabolum,
1920 2883 1978 2930 ut
2018 2889 2115 2930 na-

522 2972 695 3018 turam
750 2980 907 3021 suam
958 2967 1151 3022 bonam
1204 2981 1368 3038 prava
1419 2969 1699 3024 voluntate
1756 2976 2111 3039 perverteret,

526 3056 801 3127 Scriptura
824 3074 929 3114 non
962 3059 1131 3116 dicit:
1161 3070 1285 3116 ante
1315 3071 1492 3119 tamen
1521 3062 1719 3121 factum
1749 3064 1934 3131 fuisse,
1964 3072 2019 3119 et
2046 3078 2115 3119 ex

529 3149 631 3203 hac
658 3166 779 3205 eum
808 3151 1010 3207 homini
1042 3153 1320 3223 invidisse,
1352 3156 1493 3210 ratio
1531 3156 1811 3211 manifesta
1852 3156 2111 3213 declarat.

2213 1952 2375 1994 sensu
2412 1947 2543 1995 tuo:
2578 1938 2635 1994 In
2688 1940 2885 1996 caelum
2916 1942 3242 2011 ascendam,
3273 1958 3436 2011 super
3464 1942 3643 1998 sidera
3681 1944 3785 2000 cmli

2212 2046 2407 2103 ponam
2442 2032 2694 2088 thronum
2736 2050 2937 2101 meum,
2965 2035 3166 2090 sedebo
3196 2038 3250 2089 in
3277 2044 3457 2090 monte
3485 2038 3712 2103 excelso,
3734 2053 3783 2094 stt

2212 2140 2309 2196 per
2340 2134 2547 2181 montes
2576 2128 2817 2183 excelsos
2847 2128 2935 2199 qui
2959 2130 3173 2184 suntab
3202 2130 3482 2200 aquilone;
3515 2132 3786 2187 ascendam

2214 2234 2376 2289 super
2408 2221 2599 2289 nubes,
2629 2237 2723 2277 ero
2752 2221 2945 2279 similis
2988 2223 3310 2289 Altissimo;
3345 2240 3470 2278 nunc
3507 2238 3680 2277 autem
3720 2224 3785 2279 ad

2213 2313 2415 2369 inferos
2470 2314 2802 2384 descendes,
2858 2324 2911 2369 et
2957 2322 3151 2371 caetera
3204 2332 3325 2385 qua:
3372 2317 3419 2369 in
3446 2316 3604 2386 ﬁgura
3648 2316 3785 2385 rcg‘s

2212 2408 2358 2461 velut
2413 2406 2700 2479 Babylonis
2777 2408 2828 2462 in
2889 2407 3162 2463 diabolum
3222 2408 3359 2462 dicta
3416 2408 3789 2477 intelliguntur.

2213 2498 2377 2554 Plura
2403 2500 2456 2554 in
2482 2500 2597 2570 ejus
2627 2513 2825 2570 corpus
2850 2501 3195 2567 conveniunt,
3230 2499 3370 2569 quod
3400 2501 3561 2554 etiam
3596 2501 3663 2555 de
3694 2502 3780 2553 hu-

2217 2606 2378 2646 mano
2400 2606 2596 2660 genere
2623 2602 2913 2663 congregat
2941 2589 3339 2663 [congruebat],
3363 2600 3417 2646 et
3439 2592 3489 2645 in
3521 2605 3618 2647 eos
3642 2591 3785 2646 maxi-

2216 2697 2305 2738 me
2337 2684 2424 2752 qui
2468 2684 2518 2738 ei
2565 2698 2662 2753 per
2712 2684 3018 2751 superbiam
3072 2684 3369 2750 cohaerent,
3397 2684 3782 2753 apostatandoa

2218 2777 2487 2832 mandatis
2512 2775 2628 2831 Dei.
2654 2776 2801 2832 Sicut
2830 2778 2970 2832 enim
3000 2777 3089 2845 qui
3122 2786 3239 2831 erat
3261 2778 3524 2842 diabolus,
3554 2778 3703 2833 homo
3724 2779 3785 2831 dt-

2217 2879 2337 2926 ctus
2361 2878 2473 2937 est,
2507 2880 2562 2924 ut
2592 2870 2647 2924 in
2691 2870 2982 2941 Evangelio
3002 2916 3015 2940 ,
3050 2870 3299 2926 inimiCtis
3326 2872 3487 2927 homo
3517 2872 3622 2927 hoc
3652 2872 3786 2938 fecit;

2217 2966 2290 3020 ita
2324 2964 2415 3035 qui
2446 2965 2605 3021 homo
2636 2975 2751 3021 erat
2775 3004 2791 3031 ,
2819 2964 3063 3020 diabolus
3103 2964 3279 3019 dictus
3308 2975 3421 3032 est,
3455 2977 3515 3021 ut
3545 2982 3721 3021 rursus
3745 2966 3786 3020 in

2220 3058 2517 3131 Evangelio
2540 3076 2553 3114 :
2579 3059 2766 3115 Nonne
2786 3074 2886 3130 ego
2913 3075 3005 3114 vos
3028 3059 3308 3116 duodecim
3334 3060 3489 3131 elegi,
3516 3070 3571 3118 et
3592 3075 3723 3115 unus
3739 3072 3788 3116 ex

2218 3150 2373 3206 vobis
2401 3150 2647 3206 diabolus
2674 3150 2801 3206 est?
2829 3150 2897 3205 Et
2924 3150 3063 3205 sicut
3091 3166 3282 3221 corpus
3313 3150 3538 3219 Christi,
3568 3153 3700 3223 quod
3724 3156 3790 3205 est

528 3238 586 3295 In
614 3251 863 3312 promptu
887 3254 970 3300 est
992 3246 1137 3301 enim
1164 3247 1411 3307 omnibus
1440 3248 1555 3304 haec
1585 3248 1732 3324 [hoc]
1759 3250 2108 3317 intuentibus,
2218 3244 2483 3310 Ecclesia,
2508 3242 2707 3298 dicitur
2730 3243 2997 3311 Christus,
3028 3244 3166 3299 sicut
3190 3244 3315 3298 illud
3344 3253 3427 3299 est
3460 3263 3471 3296 :
3512 3244 3622 3299 \‘os
3646 3244 3791 3300 Abra-

528 3349 630 3390 non
662 3350 727 3391 ex
756 3336 1049 3393 invidentia
1075 3339 1385 3408 superbiam
1418 3340 1585 3407 nasci,
1615 3340 1709 3395 sed
1752 3357 1815 3395 ex
1862 3342 2112 3411 superbia

527 3427 708 3499 potius
739 3428 1116 3486 invidentiam.
1144 3430 1260 3486 Non
1290 3440 1468 3487 autem
1500 3432 1696 3487 frustra
1733 3434 1904 3511 putari
1937 3441 2115 3502 potest

526 3521 592 3577 ab
622 3522 773 3577 initio
802 3526 1061 3594 temporis
1103 3524 1376 3582 diabolum
1407 3526 1658 3597 superbia
1700 3527 1981 3591 cecidisse,
2017 3540 2117 3581 nec

525 3607 699 3668 fuisse
736 3615 903 3669 ullum
941 3624 1099 3672 antea
1146 3626 1353 3687 tempus
1386 3635 1489 3686 quo
1516 3634 1638 3673 cum
1677 3619 1881 3690 angelis
1919 3617 2118 3672 sanctis

527 3714 745 3776 pacatus
797 3709 990 3765 vixerit
1035 3720 1088 3769 et
1134 3711 1322 3766 beatus
1351 3729 1364 3767 :
1397 3713 1491 3771 sed
1540 3712 1609 3766 ab
1658 3712 1774 3780 ipso
1822 3711 2119 3781 primordio

528 3812 791 3858 creaturae
830 3818 861 3857 a
895 3820 994 3859 suo
1022 3805 1279 3861 Creatore
1325 3816 1682 3876 apostatasse,
1706 3816 1764 3859 ut
1807 3806 1937 3860 illud
1975 3803 2120 3875 quod

529 3892 791 3951 Dominus
812 3894 922 3962 ait,
962 3896 1057 3953 Ille
1085 3898 1348 3955 homicida
1375 3908 1492 3954 erat
1517 3899 1585 3952 ab
1615 3898 1788 3962 initio,
1816 3907 1871 3952 et
1899 3898 1951 3953 in
1981 3898 2122 3954 veri-

527 3994 637 4043 tate
664 4002 770 4045 non
795 3991 964 4057 stetit,
988 4000 1276 4064 utrumque
1300 3993 1375 4047 ab
1418 3992 1570 4048 initio
1592 3993 1975 4062 intelligamus,
2012 4008 2121 4049 non

527 4083 703 4139 solum
738 4086 878 4156 quod
923 4085 1195 4142 homicida
1227 4086 1346 4155 fuit,
1395 4088 1489 4143 sed
1519 4088 1680 4142 etiam
1715 4086 1856 4159 quod
1899 4086 1953 4142 in
1984 4085 2123 4141 veri-

527 4185 638 4234 tate
666 4194 771 4234 non
795 4180 965 4241 stetit.
998 4179 1066 4235 Et
1096 4180 1364 4239 homicida
1393 4181 1631 4254 quidem,
1660 4183 1726 4237 ab
1756 4182 1846 4236 illo
1873 4182 2025 4236 initio
2055 4196 2123 4236 ex

528 4283 636 4338 quo
663 4268 826 4325 homo
853 4274 1029 4342 potuit
1049 4275 1240 4339 occidi,
1272 4290 1379 4335 non
1408 4284 1585 4330 autem
1619 4275 1788 4344 potuit
1824 4273 1996 4329 occidi
2023 4290 2123 4329 an-

526 4366 744 4431 tequam
790 4372 933 4425 esset
969 4365 1060 4437 qui
1088 4365 1430 4422 occideretur
1457 4384 1471 4433 ;
1501 4368 1570 4422 ab
1597 4367 1750 4422 initio
1794 4382 1923 4437 ergo
1950 4365 2126 4422 homi-

532 4454 651 4509 cida
697 4454 966 4524 diabolus,
1012 4456 1139 4528 Quia
1168 4459 1280 4529 ipse
1330 4458 1529 4515 occidit
1559 4460 1833 4517 hominem
1869 4460 2122 4531 primum,

536 4556 663 4605 ante
688 4565 845 4620 quem
879 4552 1057 4608 nullus
1103 4552 1378 4608 hominum
1410 4553 1528 4608 fuit.
1583 4554 1642 4608 In
1672 4555 1898 4610 veritate
1943 4561 2124 4609 autem

530 4652 636 4695 non
665 4642 836 4710 stetit,
866 4653 917 4699 et
948 4642 1051 4701 hoc
1074 4646 1143 4699 ab
1172 4644 1349 4710 initio,
1377 4658 1443 4700 ex
1474 4659 1581 4719 quo
1610 4644 1728 4720 ipse
1756 4654 1970 4701 creatus
1999 4653 2081 4700 est
2105 4685 2125 4719 ι
2148 4626 2204 4689 Β

532 4732 627 4803 qui
654 4741 861 4803 staret,
883 4734 933 4791 si
959 4745 1105 4792 stare
1131 4736 1412 4792 voluisset.

1047 4871 1278 4928 CAPUT
1316 4871 1607 4927 XXXVIII.

530 4959 769 5027 Qualiter
785 4961 1177 5034 intelligendum
1197 4966 1261 5029 sit
1284 4965 1417 5019 illud
1437 4965 1623 5021 Isaiw:
1651 4964 1919 5033 Quomodo
1940 4952 2127 5022 cecidit

602 5034 665 5089 de
694 5034 824 5090 caelo
854 5033 1090 5104 Lucifer,
1117 5046 1225 5093 etc.
1249 5034 1385 5095 Item
1408 5052 1473 5092 ea:
1492 5038 1670 5094 eodem
1698 5036 1827 5095 libro
1850 5053 1902 5094 ιι
1925 5038 1990 5094 de
2028 5036 2128 5093 Ge-

603 5105 715 5158 nesi
744 5105 813 5159 ad
846 5106 1090 5161 litteram.

604 5198 756 5267 Quod
789 5198 1107 5276 [quomodo]
1147 5216 1275 5276 ergo
1302 5210 1515 5275 putatur
1562 5219 1843 5275 nunquam
1882 5203 2130 5269 diabolus

532 5294 590 5348 in
622 5294 853 5351 veritate
896 5295 1144 5364 stetisse,
1186 5312 1457 5369 nunquam
1493 5311 1614 5353 cum
1664 5298 1871 5368 angelis
1917 5298 2129 5354 beatam

534 5384 754 5440 duxisse
786 5386 971 5453 vitam,
1001 5389 1097 5443 sed
1127 5388 1196 5443 ab
1226 5389 1343 5460 ipso
1372 5404 1484 5445 sua:
1512 5390 1838 5445 conditionis
1868 5389 2020 5445 initio
2043 5404 2132 5446 ce-

533 5477 752 5548 cidisse,
777 5495 888 5536 non
918 5482 997 5538 sic
1026 5484 1398 5555 accipiendum
1430 5494 1534 5553 est,
1570 5494 1625 5539 ut
1654 5500 1760 5542 non
1789 5486 2004 5557 propria
2032 5499 2129 5541 vo-

533 5567 741 5626 luntate
770 5571 1118 5644 depravatus,
1165 5577 1260 5631 sed
1309 5576 1481 5632 malus
1511 5591 1540 5630 a
1571 5577 1712 5632 bono
1762 5579 1872 5635 Deo
1918 5588 2131 5634 creatus

536 5671 789 5736 putetur:
817 5667 1054 5739 alioquin
1098 5685 1205 5727 non
1234 5671 1301 5728 ab
1329 5671 1481 5728 initio
1527 5672 1786 5728 cecidisse
1815 5672 2129 5728 diceretur:

541 5769 719 5826 neque
746 5760 889 5815 enim
928 5762 1126 5818 cecidit
1170 5763 1217 5818 si
1262 5764 1384 5820 talis
1429 5772 1511 5821 est
1555 5762 1752 5819 factus.
1795 5761 1904 5820 Sed
1951 5761 2122 5819 factus

538 5849 796 5911 continuo
846 5852 1127 5924 [continuo
1173 5874 1269 5928 pro
1309 5856 1514 5936 statim]
1559 5871 1619 5918 se
1660 5871 1693 5923 a
1718 5856 1839 5916 luce
1887 5854 2132 5916 veritatis

2219 3338 2305 3393 lia:
2326 3353 2509 3393 semen
2540 3339 2694 3406 estis,
2721 3354 2843 3393 cum
2887 3338 3045 3408 paulo
3073 3340 3319 3409 superius
3349 3340 3584 3395 dixisset
3610 3358 3622 3394 :
3646 3340 3792 3393 Abra-

2220 3430 2306 3485 hae
2334 3429 2490 3485 dicta:
2515 3440 2639 3485 sunt
2666 3429 3053 3499 promissiones
3083 3440 3138 3487 et
3167 3432 3359 3486 semini
3386 3431 3534 3501 ejus;
3562 3448 3661 3485 non
3682 3430 3795 3485 dicit

2220 3538 2288 3578 ex
2320 3520 2420 3598 [in]
2451 3520 2747 3576 seminibus
2788 3530 3037 3591 tanquam
3070 3520 3125 3577 in
3169 3520 3370 3584 multis,
3417 3521 3511 3577 sed
3566 3531 3795 3590 tanquam

2222 3616 2276 3671 in
2309 3629 2438 3681 uno,
2465 3623 2520 3670 et
2548 3615 2743 3671 semini
2771 3623 2883 3681 tuo,
2917 3613 3060 3684 quod
3091 3625 3173 3670 est
3199 3614 3473 3681 Christus;
3501 3625 3556 3670 et
3579 3616 3798 3668 iterum:

2222 3708 2372 3764 Sicut
2400 3709 2544 3764 enim
2566 3723 2763 3777 corpus
2784 3723 2946 3763 unum
2979 3716 3081 3777 est,
3106 3718 3159 3763 et
3185 3708 3424 3763 membra
3446 3708 3597 3761 habet
3619 3708 3803 3770 mnita,

2224 3801 2405 3856 omnia
2427 3810 2606 3856 autem
2630 3800 2873 3856 membra
2890 3799 3295 3869 corporis,cum
3323 3800 3419 3855 sint
3438 3798 3616 3858 multa,
3635 3809 3805 3849 unum

2224 3903 2309 3949 est
2334 3908 2551 3964 corpus,
2586 3896 2657 3950 ita
2699 3904 2753 3950 et
2781 3894 3063 3960 Christus;
3089 3894 3283 3950 eodem
3316 3892 3463 3948 modo
3502 3891 3659 3945 etiam
3689 3902 3809 3943 cor-

2226 4002 2328 4058 pus
2352 3987 2574 4056 diaboli,
2601 3992 2687 4043 cui
2710 3997 2869 4059 caput
2892 3997 2974 4043 est
3004 3987 3276 4052 diabolus,
3310 3986 3361 4041 id
3386 3994 3465 4042 est
3490 3984 3604 4054 ipsa
3624 3981 3807 4051 impio-

2226 4098 2345 4139 rum
2377 4083 2684 4151 multitudo,
2718 4084 3277 4153 maximeque'eorum
3306 4082 3446 4151 quia
3476 4077 3695 4135 Christo
3736 4074 3807 4131 rei

2226 4176 2294 4231 de
2316 4176 2553 4232 Ecclesia
2586 4177 2727 4232 sicut
2755 4175 2823 4230 de
2852 4175 2992 4231 caelo
3021 4174 3297 4244 decidunt,
3344 4173 3535 4228 dicitur
3557 4168 3804 4232 diabolus,

2226 4278 2281 4324 et
2302 4270 2352 4323 in
2384 4270 2560 4338 ipsum
2589 4282 2787 4339 corpus
2818 4267 3044 4339 ﬁgurate
3066 4267 3233 4322 multa
3261 4266 3539 4331 dicuntur,
3572 4280 3689 4334 quae
3717 4276 3807 4316 nou

2224 4374 2337 4422 tam
2388 4365 2549 4437 capiti
2596 4379 2757 4439 quam
2805 4362 3020 4437 corpori
3066 4360 3433 4431 membrisque
3475 4358 3805 4415 conveniunt.

2227 4459 2412 4531 Itaque
2441 4459 2675 4525 Lucifer,
2705 4457 2794 4528 qui
2824 4470 2983 4525 mane
3004 4454 3281 4511 oriebatur
3308 4462 3363 4509 et
3406 4451 3627 4515 cecidit,
3654 4456 3811 4520 purast

2229 4552 2457 4624 intelligi
2492 4558 2855 4623 apostatarum
2879 4563 3049 4625 genus
3078 4548 3162 4603 vel
3188 4562 3218 4602 a
3248 4546 3486 4615 Christo,
3524 4546 3613 4601 vel
3640 4546 3704 4600 ab
3730 4544 3812 4610 Ερ-

2230 4645 2418 4713 clesia,
2447 4643 2589 4716 quod
2620 4645 2690 4698 ita
2721 4643 3052 4711 convertitur
3081 4641 3149 4695 ad
3180 4639 3458 4705 tenebras,
3485 4640 3691 4694 amissa
3716 4638 3815 4690 luce

2234 4754 2395 4811 quam
2450 4739 2747 4810 portabat:
2791 4735 3239 4808 quemadmodum
3301 4734 3391 4804 qui
3444 4741 3815 4789 convertuntur

2234 4830 2299 4886 ad
2333 4830 2499 4886 Deum
2533 4830 2599 4884 de
2627 4828 2863 4885 tenebris
2894 4828 2961 4885 ad
2992 4827 3165 4883 lucem
3198 4834 3513 4895 transeunt,
3547 4825 3600 4881 id
3627 4834 3716 4881 est
3743 4821 3819 4893 qui

2232 4925 2453 4980 fuerunt
2483 4922 2724 4987 tenebrae
2756 4922 2844 4977 lux
2872 4921 3025 4976 ﬁunt.
3073 4919 3209 4975 Item
3260 4920 3314 4975 in
3362 4918 3536 4993 ﬁgura
3579 4915 3820 4991 principis

2232 5019 2359 5090 'I‘yri
2408 5033 2504 5089 per
2554 5015 2808 5072 Ezechiel
2858 5014 3210 5095 prophetam,
3260 5014 3313 5068 in
3362 5012 3649 5069 diabolum
3700 5014 3825 5067 dicta

2233 5111 2645 5181 intelliguntur:
2702 5108 2781 5164 Tu
2831 5122 2892 5164 es
2944 5106 3279 5177 signaculum
3326 5106 3737 5171 similitudinis,
3779 5114 3828 5159 et

2232 5218 2435 5262 corona
2466 5200 2709 5267 decoris;
2743 5200 2794 5256 in
2825 5199 3035 5256 deliciis
3081 5199 3315 5271 paradisi
3346 5198 3445 5254 Dei
3476 5199 3628 5255 fuisti
3648 5243 3663 5263 ,
3701 5199 3833 5255 enini

2230 5297 2407 5369 lapide
2456 5296 2691 5367 pretioso
2738 5302 2958 5350 ornatus
2998 5306 3090 5359 es,
3140 5301 3250 5348 etc.
3293 5291 3426 5363 Qua:
3466 5307 3578 5347 non
3622 5302 3741 5346 tam
3789 5292 3835 5343 in

2234 5391 2409 5461 ipsum
2434 5388 2729 5460 principem
2772 5386 3017 5457 spiritum
3069 5386 3323 5455 nequitia:
3353 5400 3511 5460 quam
3555 5386 3609 5440 in
3643 5399 3842 5454 corpus

2233 5484 2352 5556 ejus
2379 5483 2523 5539 dicta
2552 5481 2902 5547 conveniunt.
2948 5478 3237 5535 Paradisus
3268 5478 3412 5534 enim
3445 5477 3590 5534 dicta
3623 5491 3717 5534 est
3753 5481 3843 5534 Ee-

2236 5577 2397 5634 clesia
2419 5618 2435 5646 ,
2476 5576 2616 5637 sicut
2652 5575 2849 5647 legitur
2892 5574 2946 5629 in
2988 5571 3213 5628 Cantico
3236 5571 3608 5627 canticorum:
3642 5573 3849 5627 Hortus

2237 5670 2545 5737 conclusus,
2572 5667 2692 5726 fons
2718 5669 2980 5740 signatus,
3014 5678 3209 5738 puteus
3235 5682 3389 5737 aquae
3417 5666 3577 5734 vivas,
3614 5668 3849 5735 paradi-

2236 5780 2328 5823 sus
2352 5781 2472 5823 cum
2504 5765 2676 5822 fructu
2710 5779 3011 5836 pomorum.
3041 5762 3171 5820 Inde
3215 5762 3483 5831 cecidere,
3516 5764 3602 5819 vel
3652 5775 3857 5835 aperta

2237 5869 2292 5919 et
2319 5859 2582 5939 corporali
2612 5860 2959 5931 separatione
2986 5872 3173 5919 omnes
3212 5858 3473 5940 haeretici,
3505 5858 3588 5914 vel
3616 5860 3860 5919 occulto
