3968 6390
167 366 263 423 657

1322 366 1759 435 THESAURUS.
1788 367 1947 457 car.
1977 370 2225 429 χχχιχ.

3324 384 3431 451 sas
3498 336 3501 339 λ

165 490 216 541 et
231 481 482 553 spiritali,
514 483 759 554 quamvis
789 484 844 540 in
886 497 949 540 ea
998 484 1353 554 corporaliter
1379 498 1501 539 esse
1527 482 1747 539 videan-
1772 488 1827 553 Α
1848 485 2127 541 extollenti
2158 502 2218 543 se
2246 496 2422 546 tamen
2464 489 2679 559 animm,
2708 497 2763 547 et
2806 490 3031 548 nimium
3062 500 3315 566 tanquam
3360 498 3431 555 de

165 582 265 643 tur,
312 590 501 630 omnes
549 578 795 632 conversi
844 576 909 632 ad
938 576 1195 632 vomitum
1246 592 1429 645 suum,
1462 593 1583 633 cum
1626 586 1747 648 post

163 666 534 722 remissionem
585 680 924 738 peccatorum
974 670 1246 740 paululum
1286 672 1651 727 ambulassent
1690 670 1745 728 in

162 758 239 815 via
262 760 503 831 justitiae,
531 762 584 817 in
614 763 809 835 quibus
834 763 973 820 facta
1004 775 1125 819 sunt
1151 764 1445 837 posteriora
1473 765 1744 822 deteriora

162 852 261 927 33
288 853 585 921 prioribus,
616 864 671 911 et
708 857 901 927 quibus
929 857 1248 928 expediebat
1275 873 1379 914 non
1412 874 1740 931 cognoscere

160 945 296 999 viam
321 945 570 1017 justitite,
598 962 756 1017 quam
803 958 1190 1021 cognoscentes
1218 960 1512 1007 retrorsum
1540 950 1745 1029 reflecti

158 1054 182 1091 a
206 1037 405 1093 tradito
428 1039 531 1094 sibi
559 1048 747 1098 sancto
776 1045 1049 1099 mandato.
1084 1044 1233 1100 Hanc
1269 1044 1556 1121 pessimam
1583 1061 1745 1121 gene-

157 1128 419 1185 rationem
454 1130 712 1187 Dominus
742 1133 999 1192 describit
1028 1151 1149 1192 cum
1179 1137 1310 1192 dicit
1346 1138 1593 1211 Spiritum
1642 1153 1742 1193 ne-
1780 1163 1785 1166 ι

155 1237 310 1290 quam
339 1222 487 1277 exire
509 1222 577 1279 ab
598 1221 834 1291 homine,
858 1234 1055 1283 etcum
1078 1227 1197 1282 aliis
1229 1239 1432 1297 septem
1461 1228 1658 1295 redire,
1689 1238 1744 1285 et

156 1314 202 1369 in
230 1314 451 1370 domum
484 1322 642 1387 Quam
668 1317 975 1373 mundatam
993 1318 1105 1389 jam
1129 1320 1409 1376 invenerat
1434 1320 1656 1389 intrare,
1689 1331 1747 1379 ut

155 1406 258 1461 sint
308 1409 602 1465 novissima
630 1409 866 1465 hominis
904 1410 1047 1467 illius
1093 1412 1278 1481 pejora
1310 1413 1598 1482 prioribus.
1632 1412 1745 1470 Tali

153 1499 293 1554 enim
334 1502 519 1571 generi
552 1502 827 1559 hominum
852 1545 870 1572 ,
897 1504 1038 1575 quod
1064 1505 1174 1575 jam
1206 1506 1404 1561 factum
1435 1518 1521 1563 est
1548 1524 1746 1577 corpus

152 1594 386 1662 diaboli,
417 1608 639 1668 possent
678 1599 794 1654 haec
839 1600 1000 1656 verba
1050 1617 1387 1673 congruere:
1431 1607 1470 1667 Α
1511 1603 1598 1659 die
1642 1620 1747 1675 qua

151 1693 363 1740 creatus
393 1696 474 1741 est
500 1686 580 1759 [es
604 1686 679 1760 tu]
702 1706 828 1745 cum
855 1690 1094 1758 Cheruh,
1126 1692 1177 1746 id
1204 1700 1289 1747 est
1316 1708 1437 1748 cum
1466 1695 1596 1750 sede
1628 1695 1744 1764 Dei,

149 1792 269 1846 quae
301 1777 690 1849 interpretatur
732 1782 1085 1851 multiplicata
1127 1785 1350 1840 scicntia
1377 1826 1393 1853 ,
1426 1794 1481 1841 et
1512 1789 1662 1857 posui
1694 1797 1747 1845 te

1849 581 2063 648 propria
2087 584 2285 638 virtute
2313 584 2630 654 praefidenti,
2662 585 2824 643 etiam
2851 588 3217 657 experimento
3258 605 3431 659 ptenaa

1846 670 2017 728 fuerat
2058 674 2537 732 demonstrandum
2582 694 2743 753 quam
2793 695 2900 735 non
2946 681 3086 737 bene
3128 697 3189 738 se
3234 682 3431 751 habeat

1845 772 1981 828 facta
2012 782 2225 841 natura,
2259 774 2305 831 si
2346 775 2651 831 afﬁcientur
2672 777 2898 833 cesserit
2920 778 2971 852 [a
2999 778 3226 839 faciente
3254 795 3432 838 reces-

1846 864 2021 938 serit].
2056 865 2192 922 ilinc
2215 868 2358 922 enim
2389 870 2550 924 etiam
2582 870 2813 927 maxime
2842 871 3249 941 commendatur
3276 873 3433 945 quale

1845 955 2044 1021 bonum
2085 956 2157 1012 sit
2188 959 2348 1026 Deus,
2380 960 2594 1031 quando
2622 961 2751 1017 nulli
2784 961 2851 1017 ab
2878 977 2944 1019 eo
2976 963 3250 1019 recedenti
3294 964 3433 1021 bene

1846 1058 1953 1120 est,
1986 1052 2112 1130 quia
2137 1061 2192 1108 et
2216 1053 2307 1123 qui
2352 1053 2585 1125 gaudent
2618 1055 2670 1109 in
2699 1054 2993 1110 mortiferis
3030 1056 3390 1127 voluptatibus
3415 1096 3431 1125 ,

1845 1160 1968 1223 esse
1996 1146 2113 1202 sine
2140 1146 2387 1201 dolorum
2429 1148 2624 1203 timore
2662 1164 2770 1204 non
2811 1157 3053 1217 possunt.
3107 1147 3171 1202 Et
3197 1149 3287 1219 qui
3318 1164 3434 1203 om-

1847 1238 1975 1293 nino
1997 1240 2196 1297 malum
2232 1238 2553 1296 desertionis
2596 1256 2727 1306 suae,
2760 1241 2964 1309 majore
3007 1242 3270 1310 superbia:
3317 1252 3432 1296 stu.

1849 1347 1981 1405 pore
2009 1349 2118 1387 non
2142 1334 2404 1399 sentiunt,
2424 1333 2733 1390 miseriores
2760 1349 2977 1403 prorsus
3007 1343 3270 1405 apparent
3291 1334 3435 1409 [aliis

1847 1426 1940 1499 qui
1982 1425 2098 1481 hate
2127 1424 2438 1481 discernere
2478 1424 2783 1497 noverunt],
2818 1432 2875 1479 ut
2905 1427 2947 1480 si
2976 1425 3163 1481 nolunt
3194 1425 3437 1495 recipere

1847 1518 2171 1576 medicinam
2197 1518 2320 1572 talia
2346 1516 2645 1580 devitandi,
2673 1516 2885 1575 valeant
2904 1517 2970 1572 ad
2998 1518 3301 1588 exemplum
3333 1531 3436 1586 quo

1847 1612 2059 1682 possint
2090 1611 2214 1665 talia
2245 1610 2494 1666 devitari.
2534 1609 2685 1665 Sicut
2715 1610 2857 1664 enim
2888 1610 3163 1681 apostolus
3208 1609 3438 1667 Jacobus

1848 1704 2023 1760 dicit:
2065 1704 2441 1775 Unusquisque
2492 1710 2728 1757 tentatur
2774 1716 2801 1753 a
2850 1702 3286 1770 concupiscentia
3343 1715 3437 1759 sua

1850 1795 2151 1852 abstractus
2195 1804 2248 1850 et
2301 1795 2545 1859 illectus;
2602 1793 2797 1848 deinde
2838 1793 3271 1863 concupiscentia
3314 1807 3438 1853 cum

148 1872 196 1923 in
224 1882 408 1928 monte
429 1882 615 1929 sancto
638 1874 753 1941 Del,
776 1875 877 1931 hoc
894 1885 975 1931 est
998 1878 1049 1931 in
1067 1877 1343 1943 Ecclesia;
1376 1880 1515 1943 unde
1537 1888 1647 1935 est:
1677 1881 1741 1936 Et
1771 1875 1821 1949 Β
1846 1890 2178 1961 conceperit,
2214 1889 2355 1959 parit
2399 1895 2703 1958 peccatum,
2752 1897 3030 1959 peccatum
3080 1896 3260 1942 autem
3312 1901 3437 1941 cum

146 1961 543 2019 exaudivitme
572 1964 639 2020 de
667 1976 850 2023 monte
897 1976 1086 2023 sancto
1135 1984 1267 2035 suo;
1302 1968 1445 2024 fuisti
1480 1972 1530 2025 i’n
1564 1971 1741 2031 medio

152 2050 392 2121 lapidum
425 2054 801 2112 flammeorum
824 2100 839 2124 ,
889 2059 941 2113 id
989 2068 1073 2115 est
1109 2070 1417 2116 sanctorum
1458 2064 1741 2128 spirituum

145 2143 493 2207 ferventium.
521 2148 755 2220 lapidum
778 2152 1052 2221 vivorum;
1076 2156 1363 2210 ambulasti
1387 2156 1503 2211 sine
1529 2156 1660 2211 vitio
1685 2163 1741 2209 tu

142 2236 199 2291 in
233 2238 420 2296 diebus
454 2244 559 2298 tuis
580 2258 648 2299 ex
690 2261 796 2315 quo
824 2245 912 2302 die
941 2255 1157 2303 creatus
1203 2257 1287 2304 est
1315 2247 1396 2320 [es
1428 2249 1538 2321 tu],
1568 2249 1742 2304 donec

140 2329 364 2387 inventa
394 2346 517 2389 sunt
544 2335 860 2405 delictaltua
889 2337 942 2393 in
974 2349 1029 2394 te

684 2470 910 2528 CAPUT
952 2472 1199 2529 XXXIX.

137 2556 343 2611 Contra
378 2573 463 2613 eos
488 2560 594 2628 'qui
642 2561 852 2616 dicunt:
881 2561 986 2616 Cur
1012 2565 1257 2619 creaverit
1302 2566 1440 2623 Deus
1485 2568 1744 2627 honinem

213 2643 367 2706 quem
392 2642 716 2706 peccaturum
747 2649 857 2687 esse
886 2636 1177 2706 prwscierat
1195 2636 1221 2688 ?
1249 2652 1313 2691 ea:
1339 2638 1511 2694 eodem
1533 2644 1666 2698 libro
1690 2659 1743 2700 ιι

210 2698 506 2755 ἀειϐεηεεὶ
534 2703 604 2754 ad
634 2704 875 2758 litteram.

210 2800 272 2856 Si
301 2816 433 2871 ergo
473 2805 733 2873 quaeritur
757 2821 853 2861 cur
884 2805 1026 2863 Deus
1054 2811 1246 2865 tentari
1291 2813 1596 2880 permiserit
1642 2814 1742 2875 ho-

133 2891 376 2956 minem,
406 2908 562 2962 quem
600 2898 857 2951 tentatori
905 2912 1296 2956 consensurum
1328 2918 1451 2959 esse
1488 2907 1743 2977 praescie-

135 2982 238 3038 bat
263 3024 279 3051 ,
314 2984 649 3041 altitudinem
678 2987 893 3058 quidem
925 2991 1140 3047 consilii
1171 2993 1288 3065 ejus
1316 3010 1601 3066 penetrare
1632 3014 1741 3055 non

134 3090 389 3146 possum,
421 3088 473 3132 et
500 3078 658 3151 longe
709 3096 870 3152 supra
909 3086 1054 3139 vires
1105 3101 1256 3142 meas
1286 3088 1389 3144 hoc
1417 3106 1537 3163 esse
1573 3094 1741 3149 conﬁ-

133 3175 286 3223 teor.
336 3167 431 3223 Est
457 3184 584 3241 ergo
615 3173 789 3240 aliqua
835 3188 995 3231 causa
1016 3176 1264 3233 fortassis
1295 3182 1575 3253 occultior,
1618 3200 1739 3256 quae

131 3257 462 3315 melioribus
513 3263 979 3335 sanctioribusque
1032 3265 1295 3324 referatur
1343 3250 1733 3347 [reservatur],
1767 3250 1814 3314 Ο

130 3350 289 3407 illius
318 3354 486 3421 gratia
517 3356 694 3425 potius
724 3372 880 3427 quam
913 3360 1119 3417 meritis
1162 3378 1348 3419 eorum
1385 3384 1397 3418 :
1431 3367 1525 3423 sed
1558 3378 1739 3429 tamen

131 3456 406 3513 quantum
435 3447 517 3500 vel
550 3447 713 3504 donat
737 3465 951 3518 sapere,
980 3452 1060 3509 vel
1091 3454 1220 3508 sinit
1244 3455 1447 3527 dicere,
1474 3475 1578 3515 non
1607 3462 1739 3518 mihi

129 3538 356 3594 Videtur
386 3554 591 3610 magna:
639 3541 811 3597 laudis
863 3542 1101 3599 futurum
1148 3546 1312 3604 fuisse
1362 3550 1657 3620 hominem,
1691 3556 1741 3619 si

128 3641 431 3703 prepterea
465 3644 645 3702 posset
669 3634 806 3690 bene
830 3637 1031 3703 vivere,
1062 3638 1186 3708 quia
1212 3655 1373 3696 nemo
1394 3644 1537 3699 male
1558 3646 1740 3703 vivere

125 3726 445 3782 suaderet:
487 3742 608 3782 cum
641 3736 695 3783 et
744 3730 794 3783 in
831 3738 1018 3785 natura
1063 3745 1245 3802 posse,
1277 3743 1332 3790 et
1378 3735 1431 3791 in
1476 3748 1741 3809 potestate

124 3818 370 3875 haberet
400 3819 638 3896 [habeat]
669 3823 805 3878 velle
836 3838 941 3879 non
970 3826 1278 3883 consentire.
1316 3810 1601 3898 suadenti,
1633 3830 1731 3887 ad-

120 3913 362 3986 iuvante
401 3923 579 3971 tamen
613 3916 705 3970 illo
749 3919 839 3988 qui
891 3919 1138 3990 superbis
1174 3922 1410 3991 resistit,
1446 3924 1738 3999 humilibus

118 4015 325 4061 autem
368 4007 460 4061 dat
487 4009 735 4078 gratiam.
768 4010 877 4064 Cur
904 4012 1084 4082 itaque
1125 4016 1322 4069 tentari
1350 4032 1457 4071 non
1508 4019 1735 4088 sineret,

115 4113 307 4169 quem
350 4113 735 4155 consensurum
779 4118 901 4158 esse
945 4104 1102 4178 [ipse]
1142 4110 1505 4174 prmsciebat?
1531 4111 1639 4168 Cur
1684 4115 1740 4175 id

115 4191 388 4245 facturus
420 4202 563 4247 esset
594 4194 806 4264 propria
837 4176 1112 4254 voluntate
1136 4215 1231 4270 per
1257 4202 1491 4273 culpam,
1519 4214 1575 4261 et
1595 4207 1741 4271 ordi-

117 4282 357 4341 nandus
378 4292 521 4339 esset
550 4284 693 4340 illius
719 4290 969 4357 mquitate
997 4305 1093 4361 per
1120 4306 1355 4362 pmnam,
1388 4303 1444 4350 ut
1466 4296 1631 4354 etiam
1660 4299 1743 4361 sic

118 4374 455 4433 ostenderet
502 4378 696 4434 animae
724 4381 998 4450 superbae,
1029 4383 1095 4438 ad
1125 4384 1483 4443 eruditionem
1528 4391 1739 4446 futuro-

120 4484 255 4525 rum
292 4478 624 4535 sanctorum,
649 4477 809 4541 quam
839 4482 987 4529 recte
1021 4474 1135 4546 ipse
1168 4486 1409 4533 uteretur
1438 4480 1739 4539 animarum

122 4558 512 4615 voluntatibus
542 4562 703 4616 etiam
731 4564 909 4630 malis,
937 4579 1058 4620 cum
1096 4567 1202 4623 illa:
1236 4584 1490 4638 perverse
1519 4560 1738 4632 uteren-

1845 1992 2275 2047 consummatum
2306 1982 2506 2049 fuerit,
2537 1990 2757 2053 generat
2787 1990 3038 2036 mortem.
3073 1978 3224 2036 Unde
3253 1988 3440 2035 sanato

1843 2078 2109 2149 superbia:
2155 2084 2368 2132 tumore
2412 2074 2730 2146 resurgitur,
2780 2074 2826 2130 si
2869 2074 3118 2130 voluntas
3148 2088 3268 2144 quae
3314 2080 3438 2131 ante

1844 2170 2276 2239 esperimentum
2307 2168 2478 2224 defuit
2507 2176 2561 2223 ut
2593 2180 3001 2239 permanerelur
3026 2182 3146 2222 cum
3181 2166 3291 2221 Deo
3332 2165 3438 2221 sal-

1845 2270 1953 2316 tem
1985 2269 2105 2329 post
2147 2259 2576 2327 experimentum
2610 2259 2751 2314 adsit
2781 2269 2838 2313 ut
2866 2258 3115 2313 redeatur
3146 2257 3211 2311 ad
3248 2257 3436 2312 Deum.

1846 2352 1902 2406 Si
1946 2360 2126 2406 autem
2175 2350 2393 2419 quidam
2442 2359 2725 2404 moventur
2758 2348 2826 2405 de
2852 2349 2951 2405 hac
3000 2349 3160 2423 primi
3206 2348 3439 2405 hominis

1846 2445 2160 2509 tentatione,
2207 2442 2351 2511 quod
2400 2456 2519 2497 eam
2553 2442 2668 2497 fieri
2716 2442 3021 2513 permiserit
3076 2441 3250 2508 Deus,
3282 2442 3435 2517 quasi

1846 2550 1987 2590 nunc
2014 2548 2120 2589 non
2146 2533 2362 2589 videant
2383 2534 2688 2589 universum
2719 2549 2888 2605 genus
2909 2532 3199 2588 humanum
3229 2533 3434 2590 diaboli

1846 2627 2056 2683 insidiis
2102 2628 2219 2683 sine
2244 2627 2546 2684 cessatione
2578 2629 2795 2694 tentari,
2823 2644 2919 2683 cur
2946 2635 3005 2683 et
3042 2627 3142 2681 hoc
3174 2628 3439 2699 permittit

1847 2720 2034 2776 Deus?
2081 2736 2147 2775 an
2193 2720 2319 2791 quia
2350 2721 2603 2790 probatur
2625 2732 2681 2777 et
2721 2731 3002 2778 exercetur
3032 2721 3226 2788 virtus,
3275 2730 3329 2776 et
3357 2728 3441 2776 est

1844 2812 2023 2884 palma
2067 2813 2358 2884 gloriosior
2402 2829 2510 2868 non
2549 2814 2893 2869 consensisse
2947 2822 3231 2880 tentatum,
3281 2826 3441 2885 quam

1843 2922 1950 2961 non
1999 2904 2239 2977 potuisse
2283 2906 2514 2971 tentari,
2547 2920 2670 2961 cum
2715 2908 2878 2960 etiam
2927 2904 3053 2977 ipsi,
3095 2906 3185 2975 qui
3226 2904 3443 2960 deserto

1842 2998 2105 3067 Creatore
2136 3009 2261 3055 eunt
2290 3008 2411 3068 post
2442 3006 2788 3067 tentatorem,
2818 2999 2987 3070 magis
3020 2998 3296 3069 magisque
3328 3006 3442 3053 ten-

1844 3098 1959 3147 tent
1985 3106 2080 3146 eos
2108 3093 2199 3161 qui
2225 3091 2276 3145 in
2303 3090 2467 3146 verbo
2489 3090 2582 3146 Dei
2615 3101 2933 3159 permanent
2954 3090 3302 3160 praebentque
3334 3088 3439 3144 illis

1842 3194 2028 3241 contra
2058 3181 2409 3251 cupiditatem
2462 3180 2807 3238 devitationis
2839 3180 3165 3250 exemplum,
3206 3189 3261 3235 et
3291 3181 3439 3235 incu-

1846 3274 1986 3329 tiant
2026 3283 2217 3331 contra
2261 3274 2568 3343 superbiam
2609 3274 2863 3330 timorem
2898 3275 3079 3345 pium?
3125 3274 3279 3330 Unde
3313 3273 3438 3335 dicit

1844 3368 2136 3437 Apostolus
2161 3385 2174 3420 :
2209 3368 2495 3423 lntendens
2523 3377 2575 3423 te
2600 3366 2774 3439 ipsum
2805 3383 2871 3422 ne
2897 3376 2951 3422 et
2980 3379 3033 3422 tu
3064 3370 3307 3422 tenteris.
3337 3366 3441 3421 Mi-

1845 3476 1964 3515 rum
1994 3470 2076 3515 est
2105 3460 2250 3515 enim
2280 3468 2536 3529 quantum
2569 3458 2732 3514 istum
2764 3459 2882 3533 [cur
2904 3468 3078 3513 tamen
3111 3457 3234 3530 ista]
3265 3456 3439 3512 humi-

1846 3550 1969 3604 litas
1986 3564 2084 3621 qua
2109 3549 2391 3605 subdimur
2416 3550 2684 3614 Creatori,
2710 3565 2777 3604 ne
2808 3561 3057 3619 tanquam
3087 3548 3205 3614 ejus
3234 3548 3441 3617 adjuto-

1845 3642 1925 3697 rio
1954 3656 2058 3696 non
2090 3652 2308 3713 egentes
2336 3642 2403 3697 de
2426 3642 2633 3711 ,nostris
2661 3642 2862 3697 viribus
2894 3656 3306 3712 pra-sumamus,
3343 3654 3437 3709 per

1844 3734 2147 3807 Scripturas
2178 3749 2367 3791 omnes
2417 3734 2627 3790 divinas
2671 3749 2801 3790 cura
2850 3736 3099 3789 continua
3143 3728 3440 3806 [omnibus]

1844 3830 2275 3885 commendatur.
2307 3828 2442 3885 Cum
2473 3844 2603 3901 ergo
2626 3830 2787 3885 etiam
2830 3844 2925 3901 per
2965 3828 3193 3899 iniustos
3218 3826 3348 3897 jusﬁ
3378 3840 3440 3884 ac

1846 3936 1941 3988 per
1974 3921 2167 3993 impios
2194 3919 2268 3990 pii
2301 3920 2601 3990 proficiant,
2630 3919 2826 3976 frustra
2852 3920 3069 3986 dicitur,
3102 3936 3208 3974 non
3234 3925 3441 3974 crearet

1845 4014 1988 4069 Deus
2018 4028 2155 4084 quos
2200 4014 2520 4084 praesciebat
2546 4012 2739 4087 [malos
2770 4013 3001 4077 futuros,
3029 4026 3127 4065 nec
3157 4011 3300 4065 enim
3332 4024 3438 4064 non

1842 4116 2052 4158 crearet
2074 4118 2210 4172 quos
2240 4100 2581 4174 prmsciebat]
2604 4103 2761 4157 bonis
2793 4101 3124 4170 profuturos,
3157 4110 3215 4154 ut
3246 4110 3299 4155 et
3324 4104 3437 4153 inu-

1844 4194 1967 4249 tiles
2017 4192 2221 4267 [utiles]
2267 4208 2452 4247 eorum
2498 4193 2656 4247 bonis
2706 4192 3069 4247 voluntatibus
3123 4191 3435 4247 exercendis

1844 4280 2314 4349 admonendisque
2342 4289 2653 4347 nascantur,
2681 4289 2736 4335 et
2757 4280 2902 4351 juste
2930 4298 3027 4351 pro
3052 4296 3147 4337 sua
3178 4280 3316 4334 mala
3340 4294 3438 4334 vo-

1843 4374 2050 4429 luntate
2074 4373 2383 4442 puniantur;
2408 4372 2593 4441 talem,
2617 4371 2887 4444 inquiunt,
2910 4372 3113 4431 faceret
3138 4372 3436 4440 hominem,

1843 4466 1934 4535 qui
1981 4464 2147 4519 nollet
2192 4464 2412 4519 omnino
2465 4479 2711 4535 peccare.
2746 4467 2887 4523 Ecce
2934 4480 3031 4519 nos
3083 4464 3432 4519 concedimus

1844 4558 2124 4612 meliorem
2170 4570 2293 4611 esse
2336 4566 2581 4611 naturam
2610 4572 2730 4628 qua:
2767 4557 2987 4613 omnino
3027 4569 3251 4626 peccare
3282 4557 3436 4622 nolit,

122 4660 217 4709 tu‘r
251 4656 461 4709 naturis
494 4654 672 4713 bouis.
703 4657 813 4712 Nec
859 4658 1227 4716 arbitrantium
1270 4673 1353 4719 εει
1399 4668 1542 4737 quod
1589 4680 1736 4728 ωερε
1762 4643 1816 4704 D
1840 4650 2136 4705 concedant
2169 4657 2223 4703 et
2264 4649 2363 4719 ipsi
2398 4666 2503 4703 non
2540 4664 2664 4704 esse
2694 4650 2889 4704 malam
2930 4658 3176 4703 naturam
3207 4664 3328 4718 qua:
3357 4649 3438 4705 sic

122 4748 417 4804 hominem
459 4748 768 4818 dejecturus
800 4751 902 4807 iste
930 4762 1184 4819 trntator,
1230 4756 1331 4811 nisi
1365 4762 1737 4827 prtecessisset

122 4841 177 4897 in
212 4839 405 4895 anima
454 4838 687 4895 hominis
740 4842 982 4909 quaedam
1031 4843 1192 4899 elatio
1220 4849 1644 4919 comprimenda,
1678 4862 1737 4908 ut

123 4948 224 5003 per
273 4930 709 4988 huiniliazionem
753 4933 979 5002 peccati,
1027 4949 1184 5005 quam
1226 4935 1295 4991 de
1322 4953 1383 4993 se
1429 4940 1564 4996 falso
1596 4956 1733 5011 prae-

121 5023 435 5095 sumpserit
477 5024 728 5081 disceret.
778 5022 1073 5080 Verissime
1113 5024 1309 5096 quippe
1360 5029 1561 5085 dictum
1605 5042 1729 5088 est:

120 5122 268 5176 Ante
299 5118 516 5173 ruinam
545 5118 814 5173 exaltatur
838 5133 952 5184 cor,
979 5130 1035 5172 et
1064 5128 1188 5173 ante
1227 5119 1453 5189 gloriam
1480 5124 1736 5180 humilia-

120 5222 229 5279 tur,
263 5218 328 5267 et
362 5208 519 5280 hujus
543 5208 680 5265 forte
730 5209 966 5265 hominis
993 5226 1102 5264 vox
1134 5220 1215 5266 est
1256 5211 1309 5267 in
1341 5214 1585 5283 psalmo:
1620 5217 1733 5288 Ego

119 5306 238 5361 dixi
290 5304 357 5358 in
400 5301 724 5357 abundantia
769 5317 886 5357 mea
915 5321 926 5357 :
960 5302 1076 5358 Non
1109 5304 1367 5360 movebor
1395 5307 1447 5361 in
1478 5309 1733 5364 saeculum

118 5393 472 5474 [mternum].
515 5393 719 5449 Deinde
753 5394 863 5466 jam
912 5406 1167 5467 expertus
1212 5398 1338 5467 quid
1370 5400 1497 5454 mali
1544 5399 1735 5456 habeat

118 5490 375 5563 superba
406 5489 749 5559 praesumptio
781 5490 1011 5565 propriae
1042 5490 1340 5560 potestatis,
1368 5503 1420 5548 et
1449 5494 1577 5563 quid
1604 5493 1731 5549 boni

117 5581 472 5659 adjutorium
493 5582 680 5653 gratiae
704 5581 834 5635 Dei:
869 5580 1115 5650 Domine,
1150 5583 1339 5654 inquit,
1375 5585 1427 5640 in
1459 5586 1732 5644 voluntate

123 5689 217 5733 tua
250 5673 562 5749 praestitisti
605 5673 785 5729 decori
818 5688 941 5727 meo
981 5675 1254 5741 virtutem,
1288 5677 1527 5733 avertisti
1554 5686 1731 5733 autem

120 5772 333 5829 faciem
367 5776 516 5823 tuam
548 5781 577 5821 a
609 5782 714 5832 me,
757 5776 811 5821 et
841 5764 1014 5821 factus
1054 5782 1169 5822 sum
1221 5770 1603 5839 conturbatus;
1635 5772 1729 5828 sed

120 5866 243 5921 sive
274 5859 415 5917 illud
438 5858 504 5915 de
528 5858 631 5918 hoc
647 5857 886 5929 homine,
910 5858 1021 5915 sive
1043 5858 1111 5915 de
1132 5859 1235 5916 alio
1257 5859 1457 5918 dictum
1486 5872 1567 5918 est
1590 5862 1725 5937 [sit],

1840 4743 1982 4799 facta
2027 4751 2112 4800 est
2154 4751 2211 4799 ut
2242 4750 2426 4812 posset
2471 4758 2578 4798 non
2610 4758 2831 4815 peccare
2858 4744 2902 4797 si
2935 4743 3128 4809 nollet,
3157 4753 3209 4798 et
3234 4743 3434 4813 justam

1840 4853 1964 4894 esse
2003 4838 2325 4894 sententiam
2368 4850 2469 4903 qua
2495 4836 2694 4904 ,punita
2724 4845 2806 4890 est
2848 4850 2967 4906 qua:
2998 4837 3294 4903 voluntate,
3327 4850 3434 4891 non

1840 4929 2189 4995 necessitate,
2217 4926 2481 4998 peccavit.
2512 4926 2661 4981 Sicut
2680 4942 2808 4997 ergo
2831 4927 2967 4982 ratio
2991 4942 3119 4982 vera
3148 4927 3303 4982 docet
3326 4941 3437 4982 ine-

1847 5022 2038 5077 liorem
2071 5034 2192 5075 esse
2222 5029 2523 5075 creaturam
2576 5033 2734 5089 quam
2769 5035 2985 5088 pr0rsus
3031 5018 3165 5074 nihil
3208 5018 3438 5084 delectat

1843 5114 2113 5179 illicitum,
2146 5114 2214 5166 ita
2244 5114 2380 5167 ratio
2404 5127 2527 5168 vera
2548 5111 2895 5169 nihilominus
2925 5115 3082 5169 docet
3102 5114 3259 5169 etiam
3287 5098 3435 5167 illam

1846 5205 2043 5273 bonam
2075 5220 2194 5260 esse
2221 5220 2339 5276 qua:
2372 5205 2532 5261 habet
2556 5206 2607 5269 in
2632 5214 2898 5276 potestate
2929 5206 3169 5260 illicitam
3198 5204 3435 5261 delecta-

1852 5298 2050 5351 tionem
2082 5296 2127 5349 si
2159 5298 2424 5351 exstiterit
2473 5300 2545 5351 ita
2577 5297 2850 5364 cohibere,
2887 5306 2944 5352 ut
2988 5311 3093 5351 non
3142 5296 3316 5351 solum
3364 5298 3432 5352 de

1843 5386 2056 5443 caeteris
2086 5386 2244 5441 licitis
2288 5396 2543 5458 recteque
2569 5388 2744 5456 factis,
2778 5403 2964 5443 verum
2989 5388 3149 5442 etiam
3174 5388 3239 5441 de
3266 5387 3433 5457 ipsius

1845 5494 2022 5551 pravae
2071 5479 2446 5535 delectationis
2496 5480 2828 5536 cohibitione
2859 5480 3090 5535 laetetur.
3124 5480 3257 5534 Cum
3302 5492 3431 5550 ergo

1842 5574 1959 5630 haec
1991 5581 2177 5626 natura
2222 5572 2362 5627 bona
2382 5572 2471 5639 sit,
2502 5573 2590 5628 illa
2624 5573 2831 5639 melior,
2862 5587 2958 5627 cur
3004 5571 3148 5626 illam
3179 5572 3347 5626 solam
3373 5577 3431 5628 et

1843 5688 1951 5727 non
1992 5681 2271 5741 utramque
2310 5671 2484 5742 potius
2525 5671 2724 5727 faceret
2753 5670 2932 5726 Deus?
2964 5673 3039 5725 Ac
3069 5685 3165 5741 per
3192 5668 3294 5724 hoc
3336 5670 3429 5741 qui

1840 5767 2013 5841 parati
2044 5774 2198 5823 erant
2226 5763 2590 5839 [paraverant]
2619 5766 2688 5821 de
2720 5766 2807 5822 illa
2837 5767 2950 5822 sola
2982 5766 3151 5821 Deum
3184 5764 3424 5833 laudare,

1840 5864 2059 5921 uberius
2091 5878 2211 5920 eum
2242 5861 2437 5919 debent
2468 5860 2687 5918 laudare
2710 5860 2776 5919 de
2806 5870 3029 5933 utraque
3064 5878 3075 5916 :
3110 5859 3197 5916 illa
3228 5858 3425 5931 quippe
