3968 6390
517 408 622 466 659

1527 413 1588 466 D.
1614 411 1934 470 EUGYPPII
1973 409 2265 468 ABBATIS
2305 403 2625 460 AFRICANI

3741 408 3845 463 (ἶίῦ

514 529 682 582 estin
715 523 921 579 sanctis
950 523 1177 596 angelis,
1205 525 1318 578 haec
1347 525 1398 578 in
1427 525 1628 579 sanctis
1659 525 1985 580 hominibus.
2017 523 2118 587 Qui
2153 524 2203 584 Α
2225 520 2367 576 unde
2405 531 2460 575 et
2504 520 2607 588 ipsi
2635 517 2834 587 aliquid
2885 518 3162 588 facerent,
3210 533 3316 590 quo
3342 520 3602 590 quidquid
3667 521 3841 577 etiam

517 627 699 672 autem
730 615 831 670 sibi
865 627 1044 686 partes
1089 615 1386 684 iniquitatis
1427 615 1726 686 elegerunt,
1759 614 2113 668 laudabilem-

527 721 636 780 que
667 715 909 761 naturam
941 705 1196 774 culpabili
1240 705 1516 759 voluntate
1565 704 1971 775 depravarunt,
2007 719 2112 758 non

518 802 644 869 quia
682 798 916 867 praesciti
960 808 1120 864 sunt,
1155 796 1275 851 ideo
1303 797 1473 851 creari
1515 797 1736 851 minime
1778 795 2113 862 debuerunt,

519 894 723 950 habent
744 895 884 948 enim
916 901 970 948 et
999 893 1099 962 ipsi
1131 893 1306 948 locum
1334 907 1513 960 suum,
1547 908 1704 962 quem
1735 893 1788 946 in
1817 891 1980 946 rebus
2011 892 2115 944 im-

517 988 702 1057 pleant
732 1002 831 1055 pro
874 986 1104 1040 utilitate
1136 995 1481 1050 sanctorum;
1512 999 1633 1039 nam
1669 985 1809 1039 Deus
1841 997 1939 1037 nec
1961 981 2116 1051 justi-

515 1081 587 1135 tia
612 1080 928 1150 cujusquam
957 1081 1090 1135 recti
1117 1080 1350 1134 hominis
1388 1090 1532 1149 eget,
1563 1087 1764 1146 quanto
1796 1078 1971 1132 minus
2007 1075 2111 1129 ini-

455 1157 467 1202 ?
515 1174 720 1243 quitate
768 1173 1213 1242 perversiiQuis
1250 1182 1428 1227 autem
1460 1173 1638 1227 sobria
1683 1170 2116 1226 consideratione

516 1264 665 1319 dicat
697 1265 888 1318 melius
921 1279 1029 1318 non
1057 1263 1231 1319 creari
1261 1279 1418 1334 quem
1455 1263 1775 1332 praesciebat
1804 1277 1867 1316 ex
1893 1261 2116 1316 alterius

516 1359 803 1426 iniquitate
850 1373 1009 1427 posse
1051 1357 1270 1427 corrigi,
1321 1372 1481 1425 quam
1515 1363 1724 1410 crearet
1766 1355 1924 1410 etiam
1955 1367 2113 1423 quem

521 1450 849 1522 praesciebat
881 1464 978 1518 pro
1019 1464 1114 1503 sua
1144 1448 1423 1518 iniquitate
1463 1446 1663 1502 debere
1689 1444 1976 1500 damnari?
2002 1443 2116 1498 Hoc

520 1552 605 1597 est
628 1543 772 1596 enim
808 1543 1026 1596 dicere:
1062 1541 1252 1596 Melius
1282 1555 1389 1594 non
1420 1547 1566 1595 esset
1594 1539 1685 1609 qui
1714 1537 1936 1592 alterius
1967 1536 2112 1591 malo

515 1629 659 1688 bene
694 1632 894 1688 utendo
923 1632 1350 1688 misericorditer
1376 1641 1750 1696 coronaretur,
1783 1643 1940 1700 quam
1971 1635 2115 1684 esset

515 1727 681 1781 etiam
725 1727 898 1781 malus
945 1727 1036 1794 qui
1082 1741 1178 1794 pro
1225 1740 1323 1780 suo
1377 1725 1571 1778 merito
1605 1724 1751 1792 juste
1809 1723 2109 1792 puniretur.

521 1817 658 1872 Cum
696 1819 839 1873 enim
873 1819 1014 1872 ratio
1049 1827 1197 1873 certa
1231 1818 1568 1872 demonstrat
1597 1817 1702 1870 duo
1731 1817 1974 1885 quzcdam
2006 1829 2113 1869 non

2218 613 2557 682 culpabiliter
2599 612 2882 682 eligerent,
2915 612 3066 667 illum
3114 612 3180 667 de
3221 628 3279 668 se
3313 613 3671 669 laudabiliter
3706 629 3842 684 ope-

2218 715 2371 759 rante
2427 705 2765 771 invenirent,
2811 719 2839 757 a
2885 719 2946 760 se
2995 705 3194 773 quippe
3234 704 3436 760 habent
3482 706 3840 762 voluntatem

2222 797 2440 863 malam,
2474 797 2542 852 ab
2575 797 2665 851 illo
2707 806 2908 865 autem,
2936 806 2991 852 et
3013 807 3259 853 naturam
3289 799 3510 866 bonam,
3542 799 3837 870 etjustam

2222 903 2460 957 poenam,
2497 890 2603 943 sibi
2635 888 2868 944 debitum
2899 890 3096 957 locum,
3128 891 3248 945 aliis
3278 894 3704 948 exercitationis
3753 896 3838 948 ad-

2225 978 2540 1036 miniculum
2568 989 2622 1033 et
2655 978 2862 1034 timoris
2899 982 3226 1051 exemplum.
3253 982 3359 1038 Sed
3392 995 3598 1053 posset,
3625 986 3831 1055 inquit,

2231 1069 2383 1126 etiam
2436 1070 2675 1139 ipsorum
2723 1071 3050 1126 voluntatem
3107 1073 3160 1127 in
3210 1073 3406 1129 bonum
3455 1086 3828 1142 convertere,

2225 1163 2478 1232 quoniam
2521 1164 2862 1234 omnipotens
2893 1177 2996 1222 est.
3030 1165 3140 1222 Cur
3168 1183 3294 1239 ergo
3324 1151 3430 1223 non
3476 1170 3602 1225 fecit
3626 1169 3653 1222 ?
3710 1170 3828 1237 quia

2222 1255 2414 1310 noluit.
2447 1255 2555 1311 Cur
2575 1257 2996 1326 nolueritpcnes
3026 1258 3200 1329 ipsum
3231 1271 3315 1315 est
3341 1280 3354 1315 :
3379 1262 3646 1316 debemus
3683 1262 3826 1316 enim

2223 1360 2330 1401 non
2362 1347 2482 1416 plus
2523 1361 2717 1417 sapere
2747 1363 2907 1417 quam
2960 1358 3174 1419 oportet
3213 1366 3425 1420 sapere.
3461 1352 3611 1407 'Puto
3640 1364 3826 1408 tamen

2221 1441 2382 1509 paulo
2413 1453 2539 1495 ante
2570 1441 2700 1495 satis
2732 1456 2831 1496 nos
2859 1443 3157 1499 ostendisse
3191 1460 3296 1500 non
3339 1447 3494 1514 parvi
3544 1446 3676 1501 boni
3711 1464 3824 1503 esse

2217 1540 2532 1612 rationalem
2582 1549 2915 1606 creaturam,
2962 1542 3123 1596 etiam
3147 1543 3325 1596 -istam
3380 1558 3505 1613 qua:
3556 1545 3821 1598 malorum

2217 1638 2620 1702 comparatione
2661 1640 2817 1688 cavet
2840 1633 3233 1703 malum.Quod
3274 1650 3444 1704 genus
3485 1636 3646 1690 bonae
3675 1651 3820 1691 crea-

2218 1735 2353 1781 turte
2385 1726 2568 1795 utique
2599 1742 2706 1780 non
2739 1737 2903 1794 esset,
2933 1730 2975 1782 si
3023 1729 3262 1783 omnium
3291 1729 3462 1782 malas
3517 1729 3818 1785 voluntates

2218 1819 2360 1875 Deus
2385 1820 2437 1874 in
2469 1820 2670 1875 bonum
2702 1821 3097 1888 convertisset,
3141 1831 3194 1876 et
3222 1822 3351 1877 nulli
3410 1821 3678 1892 iniquitati
3714 1838 3816 1892 pre-

516 1907 744 1979 aequalia
769 1909 927 1975 bona,
962 1909 1057 1963 sed
1089 1923 1254 1962 unum
1285 1909 1566 1978 superius,
1597 1907 1824 1962 alterum
1866 1905 2108 1970 inferius,
2142 1920 2191 1980 Β
2219 1927 2340 1968 nam
2368 1912 2603 1967 debitam
2631 1912 2917 1983 inﬁigeret,
2941 1928 3003 1968 ac
3028 1914 3106 1968 sic
3129 1929 3233 1968 non
3263 1924 3410 1969 esset
3434 1915 3537 1968 nisi
3561 1915 3735 1968 solum
3765 1916 3795 1969 il

518 2017 629 2058 non
657 2001 963 2072 intelligunt
990 2004 1124 2058 tardi
1157 2003 1322 2059 corde
1350 2019 1471 2058 cum
1493 2004 1681 2058 dicunt
1705 2014 1988 2073 utrumque
2011 2003 2117 2057 tale

518 2108 663 2160 esse,
705 2091 838 2148 nihil
864 2109 923 2149 se
950 2095 1091 2148 aliud
1115 2095 1315 2161 dicere,
1350 2111 1510 2164 quam
1552 2095 1728 2151 solum
1758 2095 1903 2148 illum
1938 2092 2114 2166 [illud]

519 2196 686 2243 esset.
729 2191 805 2243 Ac
836 2188 914 2243 sic
945 2203 1066 2242 cum
1119 2203 1333 2258 aequare
1363 2189 1547 2243 volunt
1591 2203 1820 2257 genera,
1853 2189 2115 2241 bonorum

517 2295 799 2335 numerum
847 2282 1222 2337 tuinuuntzet
1268 2282 1627 2337 immoderate
1678 2281 1921 2351 augendo
1951 2296 2112 2334 unutn

516 2386 704 2442 genus,
742 2372 973 2427 alterum
1005 2374 1221 2428 tollunt.
1263 2374 1394 2441 Quis
1437 2385 1612 2429 autem
1668 2375 1763 2428 hos
1807 2375 2038 2440 audiret,
2069 2374 2116 2428 si

516 2462 760 2519 dicerent
807 2466 1061 2535 quoniam
1109 2467 1462 2522 excellentior
1510 2483 1702 2522 sensus
1757 2475 1840 2522 est
1896 2466 2114 2521 videndi

515 2570 674 2627 quam
705 2558 990 2625 audiendi,
1035 2569 1264 2628 quatuor
1309 2561 1448 2616 oculi
1492 2571 1675 2616 essent
1712 2570 1766 2616 et
1810 2575 1966 2615 aures
2007 2575 2112 2615 nou

515 2652 740 2706 essent?
764 2639 840 2705 ita
866 2654 911 2706 si
938 2642 1290 2709 excellentior
1313 2664 1395 2709 est
1420 2664 1664 2710 creatura
1694 2653 1783 2709 illa
1811 2652 2111 2720 rationalis,

517 2754 638 2811 qua:
687 2744 802 2797 sine
835 2746 994 2800 ullius
1037 2762 1210 2816 pcente
1242 2751 1667 2818 comparatione,
1722 2749 1839 2804 sine
1883 2750 1987 2804 ulla
2026 2763 2114 2803 su-

517 2834 705 2902 perbia
735 2835 845 2891 Deo
871 2838 1114 2892 subditur
1141 2856 1152 2891 :
1187 2839 1288 2893 alia
1313 2838 1532 2911 [aliqua]
1566 2855 1694 2894 vero
1721 2840 1773 2894 in
1806 2839 2110 2894 hominibus

515 2923 589 2979 ita
618 2936 795 2982 creata
848 2939 950 2995 est,
995 2940 1051 2984 ut
1081 2931 1133 2985 in
1163 2947 1221 2987 se
1265 2932 1358 2986 Dei
1405 2931 1731 2987 beneﬁcium
1784 2945 1892 2986 non
1942 2932 2112 3001 possit

517 3031 832 3088 agnoscere,
867 3022 965 3077 nisi
997 3023 1219 3078 alterius
1263 3023 1501 3078 videndo
1531 3024 1874 3093 supplicium,
1905 3032 1964 3077 ut
2003 3038 2111 3078 non

516 3114 680 3168 altum
714 3115 918 3181 sapiat,
952 3116 1046 3170 sed
1082 3117 1296 3184 timeat,
1331 3115 1472 3171 idem
1505 3131 1613 3171 non
1642 3117 1709 3171 de
1753 3130 1810 3171 se
1841 3116 2104 3185 praeﬁdat,

518 3206 615 3261 sed
644 3206 878 3260 conﬁdat
909 3204 1208 3274 in'Deum;
1254 3208 1373 3277 quis
1414 3216 1562 3262 recte
1614 3206 1921 3276 intelligens
1967 3206 2110 3261 dicat

2220 2003 2311 2059 lud
2343 2018 2515 2073 genus
2546 2003 2687 2073 quod
2722 2005 2863 2058 nullo
2900 2005 2985 2060 vel
3021 2007 3223 2074 peccati
3253 2007 3336 2062 vel
3368 2007 3620 2078 supplicii
3649 2011 3813 2063 malo-

2219 2112 2340 2154 rum
2364 2098 2770 2166 comparatione
2801 2097 3085 2167 proﬁceret
3111 2117 3123 2152 :
3151 2100 3221 2153 ita
3252 2100 3400 2154 velut
3435 2110 3592 2156 aucta
3626 2117 3810 2156 nume.

2213 2190 2446 2244 rositatc
2473 2190 2878 2245 excellentioris
2906 2192 3144 2260 generis,
3178 2192 3414 2261 ipsorum
3433 2209 3690 2261 generum
3718 2195 3812 2249 bo-

2221 2293 2415 2336 norum
2449 2296 2704 2337 numerus
2735 2282 3088 2338 minueretur.
3116 2284 3279 2354 Ergo,
3313 2285 3563 2353 inquiunt,
3594 2295 3676 2339 est
3704 2285 3812 2340 alia

2219 2373 2346 2443 quid
2394 2373 2447 2428 id
2495 2374 2747 2439 Operibus
2802 2374 2895 2429 Dei
2932 2375 3074 2445 quod
3116 2376 3338 2430 alterius
3387 2377 3520 2430 malo
3567 2376 3810 2446 indigeat

2219 2480 2325 2536 quo
2357 2465 2598 2534 proﬁciat
2633 2464 2700 2520 ad
2732 2468 2962 2521 bonum?
2998 2467 3144 2523 Itane
3183 2468 3584 2524 obsurduerunt
3635 2478 3690 2524 et
3715 2485 3806 2523 ei.—

2220 2561 2407 2613 caecati
2434 2567 2559 2613 sunt
2584 2558 2849 2626 homines,
2877 2560 3060 2615 nescio
3089 2575 3194 2630 quo
3225 2561 3407 2616 studio
3435 2563 3802 2628 contentionis,

2219 2659 2279 2704 ut
2307 2666 2412 2704 non
2441 2651 2658 2704 audiant
2686 2652 2770 2705 vel
2803 2651 3020 2706 videant
3058 2653 3377 2723 quibusdam
3424 2659 3633 2727 punitis
3665 2672 3799 2725 quam

2217 2741 2786 2813 plurimicorrigantur
2803 2743 2824 2796 ?
2840 2743 2972 2809 Quis
2990 2744 3135 2798 enim
3155 2760 3413 2816 paganus,
3439 2749 3566 2817 quis
3583 2748 3794 2809 Judaeus,

2218 2835 2340 2904 quis
2360 2835 2663 2903 haereticus,
2691 2852 2796 2889 non
2823 2838 2922 2892 hoc
2944 2838 2994 2890 in
3023 2837 3182 2891 domo
3207 2849 3302 2892 sua
3325 2840 3577 2908 quotidie
3604 2842 3798 2910 probet?

2218 2926 2414 2982 Verum
2446 2943 2565 2982 cum
2600 2931 2808 2984 venitur
2831 2929 2898 2983 ad
2929 2931 3344 3000 disputationem
3375 2933 3798 3002 inquisitionem-

2216 3037 2320 3092 que
2351 3023 2609 3088 veritatis,
2634 3023 2821 3077 nolunt
2859 3023 3137 3078 advertere
3164 3041 3354 3080 sensus
3384 3041 3521 3080 suos
3557 3029 3793 3090 homines,

2217 3123 2283 3164 ex
2314 3126 2419 3178 quo
2447 3125 2608 3178 opere
2637 3109 2832 3165 divinae
2866 3110 3215 3179 providentite
3241 3114 3293 3166 lu
3325 3128 3424 3166 eos
3444 3115 3632 3168 veniat
3653 3115 3796 3181 impo-

2217 3203 2408 3258 nenda:
2441 3202 2732 3257 commotio
2778 3202 3111 3272 disciplinac,
3155 3213 3210 3257 ut
3239 3206 3282 3257 si
3327 3220 3436 3260 non
3480 3209 3796 3275 corriguntur

516 3299 640 3355 talis
672 3314 792 3355 esse
821 3299 917 3354 ista
956 3302 1129 3372 qualis
1162 3301 1286 3367 illa,
1322 3316 1420 3356 nec
1465 3300 1641 3355 videat
1690 3315 1750 3354 se
1781 3300 1914 3352 nihil
1967 3297 2111 3353 aliud
2144 3313 2189 3376 ο
2219 3298 2306 3366 qui
2359 3296 2669 3366 puniuntur,
2726 3312 2910 3352 eorum
2951 3308 3131 3353 tamen
3172 3300 3426 3368 exemplo
3473 3301 3656 3355 caeteri
3702 3314 3797 3353 me-

517 3389 694 3447 diocre
736 3408 894 3463 quam
942 3409 1049 3448 non
1096 3403 1242 3449 esset
1291 3394 1414 3461 ista,
1465 3394 1556 3448 sel
1610 3393 1725 3448 sola
1772 3399 1916 3447 esset
1970 3390 2112 3445 illa?

520 3483 672 3550 Quod
704 3486 748 3538 si
782 3486 1051 3541 inerudite
1082 3495 1242 3557 atque
1273 3486 1590 3557 insipienter
1615 3485 1828 3548 dicitur,
1859 3498 1955 3537 cur
1983 3496 2111 3552 ergo

516 3590 624 3630 non
651 3586 862 3633 crearet
891 3579 1031 3635 Deus
1061 3579 1223 3634 etiam
1253 3594 1390 3650 quos
1416 3580 1584 3633 malos
1607 3576 1815 3631 futuros
1838 3589 1958 3631 esse
1981 3589 2112 3645 prte-

517 3671 744 3736 sciebat,
777 3673 967 3727 volens
1015 3675 1304 3729 ostendere
1339 3676 1474 3729 iram
1506 3682 1561 3728 et
1605 3673 1976 3727 demonstrare
2016 3686 2112 3740 po-

518 3762 744 3815 tentiam
775 3778 947 3831 suam,
985 3775 1040 3820 et
1059 3767 1126 3820 ob
1149 3769 1250 3822 hoc
1279 3771 1554 3822 sustinens
1583 3769 1636 3820 iu
1666 3766 1832 3820 multa
1853 3766 2110 3834 patientia

520 3865 652 3906 vasa
681 3855 773 3908 irae
801 3872 917 3924 quae
962 3859 1195 3926 perfecta
1225 3868 1349 3913 sunt
1378 3862 1430 3913 in
1461 3860 1837 3929 perditionem,
1873 3868 1929 3913 ut
1959 3869 2110 3914 notas

520 3943 630 4017 34
653 3944 851 4003 faceret
877 3948 1091 4004 divitias
1117 3951 1303 4021 gloriae
1327 3966 1437 4007 suae
1469 3953 1521 4007 in
1548 3966 1670 4006 vasa
1696 3952 2105 4017 misericordiae,

519 4053 641 4108 quae
674 4040 885 4107 paravit
915 4041 966 4094 in
993 4041 1239 4111 gloriam,
1284 4043 1360 4099 sic
1391 4045 1533 4098 enim
1567 4045 1656 4115 qui
1683 4044 1964 4114 gloriatur,
1997 4060 2106 4100 non

517 4131 623 4186 nisi
666 4132 716 4185 in
750 4132 975 4189 Domino
1019 4135 1298 4204 gloriatur,
1345 4152 1466 4192 cum
1499 4138 1773 4208 cognoscit
1805 4153 1912 4193 non
1952 4153 2107 4193 suum

517 4224 614 4279 sed
642 4226 784 4280 illius
808 4242 948 4292 esse,
981 4240 1088 4282 non
1119 4229 1292 4284 solum
1321 4239 1377 4284 ut
1415 4233 1505 4298 sit,
1532 4234 1885 4286 verumetiam
1914 4240 1970 4286 ut
2000 4246 2106 4286 non

515 4315 619 4370 nisi
664 4317 731 4370 ab
761 4318 856 4372 illo
882 4319 1022 4374 bene
1049 4319 1152 4375 sibi
1189 4320 1290 4389 sit,
1322 4309 1487 4392 avquo
1516 4322 1676 4378 habet
1704 4332 1762 4376 ut
1802 4323 1911 4377 sit?
1941 4322 2108 4377 Nimis

518 4404 703 4474 itaque
751 4407 1056 4476 importune
1101 4412 1293 4466 dicitur
1324 4428 1335 4466 :
1368 4414 1482 4468 Non
1525 4426 1708 4470 essent
1747 4416 1940 4484 quibus
1966 4415 2109 4470 Deus

519 4503 722 4552 tantam
757 4499 1185 4557 beneiicientiam
1230 4504 1615 4559 misericordiae
1660 4521 1771 4560 sum
1802 4507 2061 4561 tribueret
2087 4546 2099 4569 .

519 4590 566 4646 si
601 4590 756 4645 aliter
784 4607 902 4648 esse
933 4609 1038 4650 non
1072 4606 1293 4665 possent
1323 4598 1424 4652 nisi
1455 4607 1635 4653 essent
1665 4609 1714 4653 et
1747 4600 1798 4653 hi
1831 4600 1883 4654 in
1912 4599 2105 4668 quibus

2220 3399 2404 3457 tuant,
2443 3392 2723 3461 valeatque
2766 3391 2832 3446 ad
2863 3406 3051 3446 eorum
3093 3395 3322 3446 salutem
3363 3392 3515 3463 justa
3562 3393 3796 3463 pernicies

2217 3484 2468 3538 aliorum.
2502 3483 2634 3538 Num
2666 3483 2960 3557 [Nunquld]
2984 3485 3125 3540 enim
3149 3485 3366 3540 malitia:
3396 3501 3591 3542 eorum
3621 3486 3695 3541 vel
3713 3499 3795 3538 ne-

2217 3576 2401 3646 quitia:
2438 3575 2578 3629 Deus
2607 3582 2797 3629 auctor
2824 3583 2937 3641 est,
2981 3575 3046 3629 de
3073 3590 3301 3646 quorum
3322 3575 3467 3644 justa
3501 3591 3657 3646 pmna
3683 3590 3795 3630 con-

2216 3668 2366 3734 sulit,
2396 3668 2587 3737 quibus
2617 3667 2717 3722 hoc
2749 3667 2907 3722 modo
2929 3668 3324 3722 consulendum
3355 3684 3474 3724 esse
3499 3669 3797 3724 consuluit?

2216 3779 2323 3818 non
2349 3764 2550 3833 utique,
2580 3764 2674 3817 sed
2706 3777 2827 3817 cum
2849 3777 2943 3818 eos
2970 3762 3112 3818 vitiis
3143 3765 3375 3833 propriis
3395 3763 3552 3818 malos
3579 3764 3798 3817 futuros

2215 3869 2334 3911 esse
2360 3854 2656 3924 praesciret,
2681 3869 2786 3908 non
2812 3869 2904 3910 eos
2932 3863 3112 3909 tamen
3137 3870 3325 3911 creare
3344 3855 3554 3920 destitit,
3579 3854 3800 3908 utilitati

2215 3947 2478 4016 deputans
2507 3960 2691 4001 eorum
2731 3961 2867 4017 quos
2895 3949 2946 4001 in
2993 3947 3094 4002 hoc
3122 3961 3322 4016 genere
3355 3947 3467 4020 [ita]
3488 3949 3710 4010 creavit,
3742 3957 3801 4001 ut

2216 4041 2284 4096 ad
2310 4041 2507 4096 bonum
2533 4041 2794 4110 proﬁcere
2817 4040 2920 4095 nisi
2947 4042 3212 4094 malorum
3257 4041 3658 4112 comparatione
3688 4057 3787 4094 non

2214 4141 2455 4201 possent.
2493 4131 2548 4187 Si
2572 4132 2713 4186 enim
2746 4146 2852 4186 non
2881 4140 3082 4197 essent,
3108 4129 3240 4187 nulli
3268 4133 3347 4187 rei
3373 4135 3566 4202 utique
3586 4134 3797 4202 prodes-

2214 4233 2334 4279 sent
2365 4243 2376 4278 :
2411 4239 2670 4294 parumne
2699 4225 2822 4280 boni
2865 4233 3041 4281 actum
3066 4235 3172 4294 est,
3207 4236 3264 4281 ut
3294 4227 3403 4282 sint
3431 4227 3523 4298 qui
3555 4237 3699 4282 certe
3729 4227 3796 4279 illi

2212 4317 2393 4388 generi
2423 4317 2584 4371 utiles
2615 4319 2776 4372 sunt?
2801 4318 2954 4384 Quod
2986 4334 3154 4389 genus
3194 4319 3441 4388 quisquis
3476 4332 3589 4373 non
3617 4320 3719 4372 vult
3752 4329 3796 4370 ut

2211 4409 2299 4474 sit,
2328 4409 2456 4464 nihil
2483 4409 2628 4464 aliud
2665 4409 2793 4480 agit,
2829 4409 2931 4464 nisi
2953 4420 3011 4465 ut
3040 4410 3157 4481 ipse
3191 4411 3242 4464 in
3272 4426 3339 4465 eo
3366 4426 3472 4464 non
3505 4413 3594 4466 sit.
3626 4412 3797 4479 Magna

2212 4516 2374 4572 Opera
2424 4503 2655 4568 Domini,
2687 4505 2947 4573 exquisita
3003 4503 3056 4557 in
3102 4518 3289 4558 omnes
3333 4504 3634 4559 voluntates
3671 4507 3796 4572 ejus.

2211 4595 2476 4652 Praevidet
2504 4597 2671 4650 bonos
2707 4596 2935 4663 futuros,
2960 4607 3011 4651 et
3039 4604 3216 4660 creat;
3241 4594 3501 4665 prmvidet
3533 4599 3696 4650 malos
3726 4596 3797 4648 iu-

516 4679 769 4738 vindictae
794 4683 1058 4752 justitiam
1090 4687 1507 4744 demonstraret.
1542 4691 1649 4744 Cur
1676 4690 1817 4744 enim
1848 4706 1952 4745 non
1978 4697 2106 4745 utri-
2133 4701 2184 4761 ι)
2213 4698 2382 4754 turos,
2406 4699 2462 4745 et
2484 4701 2653 4758 creat,
2686 4692 2922 4760 seipsum
2949 4691 3015 4744 ad
3042 4690 3324 4746 fruendum
3354 4692 3607 4760 praebens
3636 4693 3796 4751 bouis.

515 4785 625 4842 que
681 4775 859 4842 potius
904 4788 1125 4845 essent,
1167 4788 1381 4850 quando
1420 4786 1472 4836 in
1516 4785 1758 4852 utrisque
1804 4791 1859 4838 et
1897 4785 2105 4840 bonitas

517 4863 614 4918 Dei
638 4873 690 4918 et
717 4868 940 4935 aequitas
966 4869 1085 4938 jure
1117 4873 1463 4940 praedicatur?
1485 4876 1555 4928 At
1583 4874 1723 4929 enim
1751 4876 1794 4929 si
1827 4876 1964 4930 Deus
1991 4878 2101 4931 vel-

516 4954 614 5023 let,
647 4959 806 5012 etiam
836 4959 922 5013 isti
952 4961 1075 5016 boni
1109 4974 1321 5031 essent;
1368 4977 1568 5035 quanto
1615 4967 1804 5022 melius
1834 4967 1934 5022 hoc
1964 4966 2104 5024 Deus

518 5047 690 5103 voluit
719 5057 778 5104 ut
807 5052 949 5121 quod
980 5054 1180 5110 vellent
1209 5067 1390 5112 essent
1421 5076 1433 5112 :
1474 5059 1567 5114 sed
1601 5059 1725 5113 boni
1767 5076 1873 5114 non
1908 5060 2103 5116 infruc-

518 5150 692 5213 tuose,
725 5148 852 5202 mali
880 5159 1058 5206 autem
1091 5151 1306 5220 impune
1348 5168 1452 5208 non
1483 5163 1686 5222 essent,
1717 5165 1770 5209 et
1799 5154 1852 5208 in
1881 5170 1947 5210 eo
1987 5163 2105 5224 ipso

515 5238 633 5292 aliis
659 5242 817 5296 utiles
838 5247 1051 5299 essent!
1082 5244 1187 5301 Sed
1213 5246 1527 5316 praesciebat
1548 5249 1688 5316 quod
1715 5263 1899 5302 eorum
1927 5247 2103 5301 futura

522 5332 779 5407 [factura]
821 5348 964 5394 esset
992 5340 1241 5396 voluntas
1287 5342 1447 5396 mala.
1486 5341 1809 5395 Praesciebat
1852 5355 2011 5406 sane,
2046 5351 2100 5394 et

513 5427 636 5495 quia
681 5429 786 5483 falli
820 5447 927 5485 non
959 5442 1134 5501 potest
1174 5433 1292 5501 ejus
1322 5432 1682 5500 prmscientia,
1727 5432 1848 5486 ideo
1880 5449 1985 5486 tton
2024 5434 2101 5503 ip-

510 5515 663 5583 sius,
708 5519 802 5574 sed
842 5535 1026 5576 eorum
1071 5533 1154 5579 est
1191 5524 1440 5578 voluntas
1481 5524 1639 5577 mala.
1685 5523 1791 5578 Cur
1835 5540 1962 5594 ergo
2004 5540 2097 5580 eos

511 5611 717 5666 creavit
761 5626 894 5681 quos
944 5615 1075 5670 tales
1119 5615 1329 5669 futuros
1372 5628 1492 5670 esse
1540 5615 1886 5684 praesciebat?
1917 5614 2051 5680 Quia
2078 5656 2092 5682 ,

512 5701 651 5755 sicut
683 5704 929 5771 praevidit
974 5706 1102 5776 quid
1149 5707 1275 5762 mali
1319 5715 1501 5763 essent
1550 5707 1774 5776 facturi,
1821 5708 1895 5762 sic
1940 5709 2097 5762 etiam

514 5796 761 5861 przevidit
791 5798 856 5854 de
887 5800 1041 5854 malis
1073 5800 1226 5857 factis
1259 5816 1446 5857 eorum
1488 5801 1614 5871 quid
1655 5802 1780 5856 boui
1812 5811 1954 5855 esset
1986 5803 2097 5869 ipse

520 5879 766 5943 facturus
829 5908 840 5943 :
899 5895 977 5947 sic
1006 5895 1150 5950 enim
1196 5909 1290 5950 eos
1342 5895 1499 5962 fecit,
1552 5904 1609 5950 ut
1656 5896 1732 5951 cis
1775 5893 2098 5963 relinqueret

2209 4781 2372 4834 multa
2425 4796 2705 4835 munerum
2736 4797 2954 4836 suorum
2987 4783 3248 4852 largiens,
3285 4791 3340 4838 et
3385 4785 3542 4837 malis
3598 4787 3797 4838 miseri-

2207 4874 2442 4928 corditer
2465 4875 2768 4943 ignescens,
2783 4874 2926 4944 juste
2941 4875 3206 4930 ulciscens
3233 4877 3472 4944 itemque
3504 4876 3801 4931 miseriter-

2207 4963 2347 5019 diter
2374 4965 2662 5032 ulciscens,
2684 4965 2827 5035 juste
2852 4969 3159 5035 Ignoscens,
3183 4966 3317 5020 nihil
3343 4979 3593 5022 metuens
3617 4971 3684 5024 de
3707 4985 3800 5022 cu-

2202 5059 2449 5128 jusquam
2475 5058 2698 5123 malitia,
2722 5058 2852 5113 nihil
2880 5059 3123 5130 indigens
3144 5060 3210 5114 de
3234 5057 3552 5128 cujusquam
3572 5061 3802 5130 justitia,

2207 5152 2340 5205 nihil
2389 5152 2491 5205 sibi
2520 5152 2807 5205 consulens
2836 5152 2997 5206 etiam
3042 5153 3110 5207 de
3141 5153 3314 5221 panis
3359 5154 3646 5209 malorum.
3697 5155 3804 5209 Cur

2205 5256 2337 5316 ergo
2384 5255 2493 5298 non
2519 5246 2851 5312 permitteret
2884 5244 3077 5299 tentari
3128 5244 3404 5299 hominem
3425 5283 3441 5311 ,
3470 5246 3564 5300 illa
3615 5252 3803 5302 tenta-

2207 5337 2353 5394 tiouo
2394 5335 2727 5407 prodendum
2776 5335 3180 5409 [probandum],
3220 5337 3675 5402 convincendum,
3711 5355 3805 5406 pu-

2201 5430 2456 5486 niendum
2476 5471 2492 5497 ,
2520 5443 2640 5485 cum
2660 5429 2887 5499 superba
2912 5429 3344 5499 concupiscentia
3368 5430 3596 5498 propriae
3618 5440 3810 5498 potes-

2202 5523 2326 5577 tatis
2357 5523 2496 5594 quod
2527 5530 2847 5592 conceperat
2869 5531 3103 5590 pareret,
3127 5535 3333 5591 suoque
3363 5521 3473 5576 fetu
3501 5521 3811 5578 confunde-

2200 5623 2368 5679 retur,
2391 5615 2642 5683 justoque
2673 5614 2934 5684 supplicio
2964 5629 2992 5666 a
3016 5614 3280 5682 superbiae
3297 5623 3458 5683 atque
3486 5615 3813 5671 inobedien—

2203 5706 2288 5761 tia:
2339 5707 2480 5760 mulo
2530 5714 2775 5774 posteros
2814 5705 3144 5768 deterreret,
3186 5704 3380 5774 quibus
3421 5721 3483 5758 ea
3512 5705 3813 5761 scribenda

2199 5810 2252 5854 et
2279 5799 2640 5854 annuntianda
2674 5799 3036 5869 parabantur?
3083 5798 3138 5854 Si
3179 5806 3358 5853 autem
3407 5798 3668 5869 quaeritur
3704 5816 3817 5855 cur

2199 5894 2532 5964 potissimum
2567 5908 2660 5964 per
2707 5903 3012 5964 serpentem
3043 5891 3287 5947 diabolus
3325 5900 3533 5948 tentare
3565 5894 3814 5962 permis-
