3968 6390
483 414 593 482 615

1522 420 1586 480 Ι).
1619 414 1937 481 EUGYPPII
1975 407 2270 476 ABBATIS
2309 408 2631 473 AFRICANI

3649 414 3765 474 644

477 531 539 594 et
556 536 858 606 corporale,
877 530 1017 593 sicut
1043 536 1263 593 arbores
1282 543 1523 594 etatem:
1548 540 1692 611 quod
1714 555 1842 610 ergo
1864 538 2066 609 lignum
2094 542 2149 602 Α
2172 535 2522 607 quandolibet
2562 540 2889 607 tangeretur,
2920 547 3092 607 quare
3128 526 3463 605 prohibitum
3496 540 3602 600 est,
3651 536 3761 591 nisi

483 637 633 688 esset
659 646 762 685 non
794 636 875 685 est
905 626 1276 696 dubitandum,
1308 629 1402 685 sed
1430 646 1526 687 cur
1552 631 1653 687 huc
1676 647 1872 688 nomen
1910 646 2067 688 acce-

481 725 621 796 perit
666 723 1068 794 requirendum.
1107 723 1237 780 Mihi
1268 736 1446 781 autem
1491 728 1652 781 etiam
1699 738 1857 797 atque
1904 730 2067 784 etiam

483 810 845 868 consideranti
876 814 980 870 dici
1025 832 1131 871 non
1177 826 1393 887 potest,
1423 828 1681 888 quantum
1732 819 1938 887 placeat
1978 818 2067 874 illa

478 905 779 971 sententia,
813 921 916 962 non
957 906 1123 964 fuisse
1166 906 1314 965 illam
1357 910 1605 966 arborem
1648 912 1770 967 cibo
1818 911 2066 980 noxiam;

481 1012 657 1068 neque
688 996 827 1054 enim
860 998 949 1072 qui
978 1002 1177 1059 iecerat
1206 1002 1386 1059 omnia
1426 1000 1566 1059 bona
1596 1004 1779 1070 valde,
1812 1005 1865 1059 in
1914 1020 2068 1076 para-

479 1089 600 1146 diso
643 1090 937 1148 inStitnerit
980 1090 1182 1166 aliquid
1214 1095 1375 1164 mali;
1408 1096 1501 1152 sed
1549 1099 1744 1152 malum
1777 1097 1940 1152 fuisse
1970 1098 2069 1154 ho-

423 1220 427 1225 .
479 1180 613 1237 mini
644 1187 1126 1254 transgressionem
1164 1184 1438 1257 praecepti.
1475 1188 1771 1259 Oportebat
1799 1200 1975 1247 autem
2008 1202 2067 1248 ut

476 1269 661 1340 homo,
693 1277 794 1332 sub
821 1274 1049 1335 Domino
1078 1280 1185 1337 Deo
1213 1284 1439 1351 positus,
1475 1284 1721 1341 alicunde
1746 1286 2064 1355 prohibere-

474 1373 582 1433 tur,
612 1379 671 1424 ut
700 1370 749 1425 ei
793 1373 1134 1441 promerendi
1184 1370 1467 1431 Dominum
1514 1393 1669 1433 suum
1711 1380 1883 1436 virtus
1921 1390 2065 1436 esset

477 1455 597 1527 ipsa
620 1460 943 1526 obedientia,
976 1478 1134 1533 quam
1178 1480 1393 1535 possum
1436 1468 1719 1524 verissime
1765 1470 1947 1526 dicere
1977 1487 2065 1526 so-

474 1550 582 1608 lam
627 1565 747 1610 esse
792 1556 1044 1611 virtutem
1092 1558 1241 1613 omni
1284 1568 1544 1615 creaturae
1588 1562 1837 1617 rationali
1885 1564 2064 1635 agenti

474 1649 574 1705 sub
609 1648 700 1704 Dei
727 1659 1023 1719 potestate:
1056 1651 1395 1723 primumque
1425 1666 1548 1709 esse
1574 1662 1627 1710 et
1664 1656 1956 1711 maximum
1978 1659 2061 1713 vi-

474 1736 609 1794 tium
643 1739 889 1807 tumoris,
917 1740 981 1796 ad
1009 1742 1215 1797 ruinam
1248 1759 1341 1799 sua
1373 1752 1637 1814 potestate
1678 1746 1811 1802 velle
1840 1748 1936 1813 uti,
1970 1762 2063 1803 cu-

474 1832 556 1904 ius
609 1833 724 1890 vitii
776 1850 970 1890 nomen
1018 1844 1100 1891 est
1142 1835 1525 1893 inobedientia.
1578 1839 1695 1895 Non
1746 1852 1889 1896 esset
1936 1856 2064 1912 ergo

2168 637 2228 684 ut
2257 628 2425 698 ipsius
2453 646 2547 699 per
2574 644 2634 685 se
2662 620 2863 686 bonum
2891 627 3214 685 obedientite
3239 636 3296 684 et
3338 626 3510 698 ipsius
3549 626 3762 683 malum

2169 737 2265 793 per
2294 737 2354 779 se
2386 722 2763 779 inobedientia‘.
2804 721 3227 778 monstraretur?
3270 720 3507 790 denique
3553 732 3586 773 ι
3629 734 3762 789 pec-

2167 823 2325 870 cante
2355 815 2488 869 nihil
2528 815 2671 870 aliud
2715 815 3011 885 appetitum
3041 822 3146 879 est,
3178 813 3279 868 nisi
3329 826 3436 869 non
3488 826 3618 867 esse
3660 812 3760 869 sub

2169 903 2568 974 dominatione,
2601 907 2811 976 quando
2852 906 2981 963 illud
3025 906 3281 961 amissum
3324 914 3409 961 est
3456 905 3515 959 in
3552 921 3662 975 quo
3695 921 3761 962 ne

2168 999 2504 1055 amitteretur
2534 1000 2647 1055 sola
2679 1000 2901 1056 deberet
2931 999 3105 1071 jussio
3145 998 3473 1054 dominantis
3526 998 3759 1065 attendi,

2164 1106 2287 1161 qure
2310 1091 2356 1146 si
2388 1092 2501 1148 sola
2532 1093 2902 1148 attenderetur
2930 1091 3058 1163 quid
3097 1090 3243 1147 aliud
3290 1107 3455 1163 quam
3508 1090 3613 1147 Dei
3662 1106 3757 1145 vo-

2166 1183 2345 1239 luntas
2374 1186 2775 1240 attenderetur?
2802 1184 2927 1255 quid
2967 1181 3110 1239 aliud
3151 1199 3309 1254 quam
3357 1184 3455 1239 Dei
3506 1184 3757 1238 voluntas

2165 1280 2472 1335 amaretur?
2518 1279 2643 1350 quid
2683 1278 2828 1334 aliud
2877 1293 3036 1349 quam
3088 1272 3182 1333 Dei
3211 1278 3460 1332 voluntas
3504 1276 3759 1331 humana

2166 1366 2430 1430 voluntati
2465 1374 2898 1445 praeponeretur?
2925 1373 3181 1428 Dominus
3206 1371 3425 1442 quidem
3456 1386 3565 1426 cur
3588 1371 3760 1440 jusse-

2168 1465 2239 1521 rit
2266 1466 2485 1534 viderit,
2518 1466 2822 1521 faciendum
2872 1473 2956 1521 est
2980 1480 3012 1521 a
3040 1464 3310 1520 serviente
3360 1464 3512 1535 quod
3558 1464 3753 1535 jussit,

2164 1566 2221 1614 et
2248 1569 2373 1613 tunc
2399 1556 2538 1614 forte
2569 1558 2858 1613 videndum
2897 1566 2981 1613 est
3004 1573 3034 1612 a
3059 1566 3401 1626 promerente
3442 1571 3549 1611 cur
3585 1556 3756 1626 jusse-

2164 1650 2254 1704 rit.
2280 1650 2386 1705 Sed
2418 1659 2595 1705 tamen
2618 1659 2675 1705 ut
2694 1664 2913 1705 causam
2938 1650 3193 1720 jussionis
3225 1648 3384 1719 hujus
3414 1664 3531 1704 non
3557 1649 3753 1705 diutius

2166 1744 2537 1811 requiramus,
2568 1744 2614 1798 si
2646 1744 2762 1799 haec
2794 1743 2906 1813 ipsa
2938 1757 3130 1815 magna
3169 1752 3255 1799 est
3296 1743 3503 1798 utilitas
3554 1743 3753 1798 homini

2169 1835 2309 1903 quod
2335 1836 2445 1892 Deo
2474 1839 2666 1907 servit,
2699 1836 2943 1907 jubendo
2970 1836 3112 1892 Deus
3142 1838 3274 1892 utile
3322 1837 3449 1893 facit
3496 1838 3749 1908 quidquid

473 1924 615 1981 unde
645 1940 704 1981 se
740 1926 901 1981 homo
927 1926 1206 1981 Dominum
1238 1927 1436 1987 habere
1465 1933 1726 2003 cogitaret
1752 1944 1913 2004 atque
1943 1950 2066 1990 sen-
2099 1916 2147 1987 Β
2172 1926 2367 1997 jubere
2399 1930 2654 1996 voluerit,
2686 1929 2754 1985 de
2784 1946 2890 2000 quo
2916 1930 3262 1986 metuendum
3299 1946 3407 1987 non
3438 1939 3527 1986 est
3576 1947 3644 1987 ne
3670 1932 3752 2002 ju-

472 2017 616 2085 tiret,
652 2018 751 2072 nisi
784 2020 831 2073 ei
862 2016 1060 2088 aliquid
1087 2018 1387 2089 iuberetur.
1420 2021 1599 2078 Arbor
1621 2026 1800 2094 itaque
1842 2027 1928 2079 illa
1957 2043 2063 2083 non

470 2118 589 2167 erat
639 2109 797 2176 mala,
851 2109 944 2166 sed
993 2111 1257 2182 appellata
1297 2121 1382 2168 est
1426 2112 1663 2170 scientiae
1715 2116 2063 2187 dignoscendi

471 2198 669 2257 bonum
699 2210 753 2257 et
780 2203 973 2257 malum
994 2245 1008 2269 ,
1042 2203 1165 2274 quia
1195 2206 1240 2259 si
1271 2216 1389 2276 post
1416 2207 1832 2276 prohibitionem
1867 2226 1933 2265 ex
1975 2212 2061 2267 illa

432 2348 443 2363 ,
472 2291 637 2349 homo
666 2294 870 2359 ederet,
906 2295 959 2349 in
994 2294 1084 2350 illa
1116 2300 1231 2350 erat
1260 2297 1514 2366 praecepti
1560 2298 1733 2353 futura
1770 2309 2064 2370 transgres-

473 2385 589 2452 sio,
624 2388 677 2443 in
708 2396 810 2458 qua
843 2389 1003 2444 homo
1036 2405 1133 2460 per
1161 2392 1591 2461 experimentum
1629 2409 1801 2462 poenae
1832 2396 2064 2452 disceret

469 2477 594 2548 quid
618 2478 905 2535 interesset
936 2480 1076 2535 inter
1099 2478 1420 2539 obedientiae
1450 2482 1649 2540 bonum
1674 2495 1726 2540 et
1752 2486 2063 2544 lnobedien-

467 2570 553 2625 tia:
582 2572 802 2626 malum.
828 2569 1059 2629 Proinde
1089 2582 1143 2629 et
1170 2574 1270 2630 hoc
1297 2592 1402 2630 non
1430 2576 1480 2631 in
1515 2576 1681 2650 iigura
1702 2578 1928 2647 dictum,
1963 2581 2059 2637 sed

468 2672 594 2718 Vere
644 2666 911 2734 quoddam
956 2665 1156 2737 lignum
1205 2664 1578 2739 accipiendum
1628 2682 1749 2738 est;
1806 2674 1893 2728 cui
1950 2691 2058 2731 non

469 2758 535 2812 de
566 2756 742 2812 fructu
784 2756 864 2813 vel
906 2773 1068 2828 pomo
1108 2759 1249 2830 quod
1295 2760 1421 2818 inde
1460 2774 1793 2828 nasceretur,
1847 2758 1941 2821 sed
1990 2782 2058 2823 ex

472 2850 588 2920 ipsa
619 2865 679 2907 re
706 2864 901 2907 nomen
932 2851 1238 2921 impositum
1277 2862 1360 2911 est
1397 2870 1518 2927 quae
1559 2854 1653 2913 illo
1696 2865 1887 2914 contra
1924 2860 2059 2915 veti-

468 2952 581 3000 tum
612 2950 754 3000 tacto
784 2944 959 3002 fuerat
982 2954 1252 3003 secutura.

1062 3118 1291 3182 CAPUT
1330 3116 1467 3183 XLI.

468 3229 596 3295 Itém
626 3236 688 3294 de
715 3238 893 3296 eodem
918 3239 1080 3312 ligno,
1108 3240 1376 3368 afueodem
1408 3241 1539 3297 libro
1560 3256 1653 3298 vnt
1678 3244 1743 3300 de
1771 3243 1960 3301 Genesi
1987 3247 2056 3303 ad

1153 3330 1165 3367 ι
1215 3328 1375 3368 eram.

1153 3328 1375 3368 meram.

536 3424 593 3484 Si
621 3422 821 3498 aliquid
856 3430 980 3485 mali
1006 3439 1153 3487 esset
1179 3431 1380 3501 lignum
1412 3429 1568 3499 illud,
1598 3432 1738 3488 unde
1784 3432 2056 3503 prohibuit

465 3515 738 3603 hominem
774 3516 933 3588 Deus,
964 3523 1081 3593 ejus
1104 3524 1275 3595 ipsius
1320 3524 1445 3578 mali
1490 3534 1683 3579 natura
1729 3534 2052 3582 venenatum

466 3610 739 3697 videretur
765 3614 831 3668 ad
863 3626 1112 3671 mortem.
1147 3616 1278 3684 Quia
1313 3632 1439 3673 vero
1469 3618 1611 3691 ligna
1651 3618 1826 3673 omnia
1860 3620 1912 3674 iu
1955 3634 2053 3689 pa-

465 3703 643 3757 radiso
672 3704 810 3758 bona
840 3704 1194 3773 plantaverat,
1222 3707 1315 3777 qui
1347 3708 1474 3763 fecit
1496 3710 1675 3764 omnia
1704 3709 1844 3765 bona
1873 3711 2052 3779 valde,

466 3805 567 3846 nec
594 3790 698 3845 ulla
730 3792 801 3847 ibi
826 3805 1014 3851 natura
1042 3796 1167 3849 mali
1200 3806 1337 3862 erat,
1370 3799 1494 3867 quia
1523 3814 1788 3870 nusquam
1821 3809 1904 3855 est
1928 3800 2054 3855 mali

466 3880 573 3937 ulla
619 3895 841 3938 natura:
887 3880 1028 3955 quod
1074 3884 1386 3957 diligentius
1433 3889 1480 3944 si
1522 3891 1779 3945 Dominus
1829 3890 2057 3947 voluerit

466 3973 816 4061 disseremus,
848 3991 970 4033 cum
997 3976 1068 4034 de
1095 3977 1188 4033 illo
1218 3989 1468 4051 serpente
1489 3983 1671 4039 dicere
1709 3984 2053 4055 coeperimus.

469 4067 552 4125 Ab
581 4084 647 4126 eo
675 4068 821 4142 ligno
844 4072 983 4142 quod
1015 4071 1214 4129 malum
1244 4089 1348 4147 non
1380 4087 1494 4131 erat
1525 4077 1824 4145 prohibitus
1845 4089 1948 4150 est,
1991 4090 2049 4137 ut

467 4162 583 4236 ipsa
610 4172 703 4236 per
730 4181 789 4221 se
819 4164 1076 4236 praecepti
1107 4170 1446 4224 conservatio
1474 4170 1673 4225 bonum
1706 4172 1782 4227 illi
1812 4182 1976 4245 esset,
2000 4183 2056 4228 et

465 4258 830 4324 transgressio
862 4256 1087 4317 malum.
1118 4260 1227 4313 Nec
1248 4260 1421 4329 potuit
1446 4263 1639 4317 melius
1668 4274 1719 4318 et
1748 4264 2055 4334 diligentius

472 4340 830 4402 demonstrari
861 4339 1274 4420 [commendari]
1305 4362 1561 4420 quantum
1593 4342 1796 4408 malum
1825 4355 1895 4409 sit
1939 4357 2055 4411 sola

465 4437 855 4505 inobedientia,
910 4454 1031 4493 eum
1071 4440 1194 4495 ideo
1242 4456 1365 4497 reus
1408 4442 1705 4513 iniquitatis
1750 4446 1920 4501 factus
1970 4455 2055 4503 est

466 4528 653 4598 homo,
695 4533 820 4600 quia
866 4548 981 4588 eam
1016 4548 1128 4589 rem
1176 4536 1346 4605 tetigit
1385 4546 1571 4592 contra
1614 4538 2051 4609 prohibitionem,

467 4638 625 4693 quam
653 4623 696 4678 si
724 4640 825 4678 non
856 4618 1155 4694 prohibitus
1179 4626 1461 4697 tetigisset,
1488 4644 1592 4683 non
1623 4632 1807 4701 utique
1836 4646 2052 4700 peccas-

2169 2018 2297 2075 bere
2326 2021 2468 2090 quod
2500 2021 2692 2077 inutile
2734 2032 2817 2077 est
2850 2024 3035 2091 possit.
3070 2022 3180 2077 Nec
3218 2022 3337 2077 fieri
3371 2033 3550 2092 potest
3578 2032 3635 2078 ut
3664 2038 3751 2079 vo-

2168 2112 2347 2167 luntas
2377 2114 2591 2182 propria
2620 2128 2725 2169 non
2754 2114 2946 2185 grandi
2976 2115 3145 2169 ruinae
3172 2114 3412 2184 pondere
3448 2129 3615 2185 super
3653 2115 3747 2170 beo

2168 2204 2368 2260 minem
2402 2204 2580 2275 cadat,
2610 2206 2655 2259 si
2682 2221 2800 2260 cam
2833 2202 3090 2260 voluntati
3115 2205 3405 2275 superioris
3435 2206 3746 2261 euellenda

2166 2306 2469 2367 praeponat.
2502 2287 2617 2353 Hoc
2639 2308 2893 2369 expertus
2912 2308 2994 2354 est
3024 2298 3187 2354 homo
3228 2308 3562 2354 contemnens
3589 2314 3733 2367 prae-

2163 2402 2377 2461 ceptum
2410 2392 2533 2457 Dei,
2572 2401 2629 2447 et
2675 2392 2778 2447 hoc
2806 2392 3177 2462 experimento
3203 2391 3389 2446 didicit
3415 2390 3537 2461 quid
3566 2391 3744 2445 iuter~

2164 2493 2307 2540 esset
2343 2486 2481 2541 inter
2529 2484 2727 2540 bonum
2772 2492 2828 2541 et
2866 2485 3086 2549 malum,
3132 2485 3334 2539 bonum
3374 2484 3582 2539 scilicet
3624 2485 3749 2539 ohe-

2163 2578 2401 2657 dientiae,
2435 2580 2632 2635 malum
2652 2589 2828 2636 autem
2852 2580 3250 2649 inobedientiaa,
3275 2580 3327 2634 id
3354 2591 3437 2637 est
3464 2578 3746 2650 superbiae,

2162 2672 2538 2735 contumaciae,
2573 2687 2844 2742 perversae
2887 2672 3203 2727 imitationis
3232 2671 3354 2739 Dei,
3387 2681 3445 2727 et
3474 2672 3648 2727 noxia
3690 2671 3747 2726 li-

2160 2759 2412 2816 bertatis.
2443 2762 2556 2817 Hoc
2585 2774 2764 2818 autem
2797 2764 2847 2817 in
2878 2778 2984 2834 quo
3005 2763 3150 2834 ligno
3181 2764 3429 2819 accidere
3470 2767 3662 2834 potuit,
3684 2778 3744 2819 ex

2159 2850 2279 2921 ipsa
2320 2867 2411 2919 re,
2446 2862 2503 2907 ut
2526 2853 2637 2923 jam
2681 2869 2840 2924 supra
2886 2854 3085 2909 dictum
3130 2863 3232 2921 est,
3276 2870 3483 2911 nomen
3527 2856 3745 2924 accepit.

2160 2941 2361 2998 Malum
2389 2944 2530 2999 enim
2558 2947 2660 3002 nisi
2691 2946 3068 3016 experimento
3099 2962 3204 3002 non
3244 2948 3603 3013 sentiremus,
3627 2947 3743 3017 quia

2160 3038 2363 3092 nullum
2405 3048 2554 3093 esset
2594 3039 2643 3093 si
2689 3052 2797 3093 non
2838 3038 3175 3096 fecissemus.
3220 3038 3408 3110 Neque
3456 3041 3604 3095 enim
3646 3040 3744 3094 ulla

2160 3137 2347 3185 natura
2377 3131 2627 3197 maliest,
2653 3130 2746 3187 sed
2771 3132 2991 3187 amissio
3014 3132 3137 3188 boni
3166 3128 3271 3188 hoc
3294 3148 3498 3189 nomen
3526 3135 3741 3204 accepit.

2158 3224 2363 3279 Bonum
2392 3226 2591 3295 quippe
2615 3224 3053 3281 incommutabile
3109 3224 3248 3281 Deus
3288 3235 3394 3293 est,
3458 3226 3622 3282 homo
3661 3241 3746 3281 au-

2080 3329 2128 3391 ο
2161 3326 2301 3385 tem,
2340 3328 2598 3390 quantum
2641 3320 2709 3375 ad
2748 3321 2867 3390 ejus
2909 3328 3155 3376 naturam
3195 3320 3251 3376 in
3296 3335 3404 3392 qua
3444 3336 3573 3377 eum
3618 3321 3746 3375 Deus

2155 3410 2397 3467 condidit
2435 3413 2690 3482 pertinet,
2736 3412 2933 3469 bonum
2980 3423 3064 3469 est
3108 3410 3351 3483 quidem,
3412 3412 3513 3469 sed
3553 3416 3745 3469 incom-

2155 3496 2415 3560 mutabile
2453 3519 2559 3560 non
2608 3513 2692 3560 est
2733 3513 2789 3559 ut
2820 3503 2983 3561 Deus.
3020 3500 3273 3559 Mutabile
3323 3513 3511 3560 autem
3555 3504 3747 3559 bonum

2155 3596 2299 3669 quod
2328 3608 2411 3655 est
2440 3609 2561 3670 post
2592 3597 3033 3655 incommutabile
3070 3599 3289 3667 bonum,
3323 3598 3519 3655 melius
3549 3599 3747 3653 bonum

2156 3691 2215 3747 ill
2250 3708 2373 3747 cum
2411 3692 2554 3747 bono
2585 3691 3008 3749 incommutabili
3038 3676 3352 3761 adhmserit,
3398 3694 3631 3748 amando
3668 3702 3752 3747 at-

2155 3800 2262 3856 que
2290 3786 2575 3841 serviendo
2606 3785 2908 3841 rationabili
2952 3796 3004 3841 et
3037 3788 3255 3857 propria
3293 3788 3576 3842 voluntate.
3613 3786 3754 3841 Ideo

2156 3874 2352 3946 quippe
2390 3885 2445 3932 et
2488 3875 2603 3931 haec
2643 3871 2791 3947 [hoc]
2840 3873 3016 3947 magni
3060 3876 3183 3932 boni
3233 3885 3412 3931 natura
3456 3881 3560 3939 est,
3610 3874 3747 3943 quia

2156 3968 2265 4041 36
2305 3968 2359 4024 et
2400 3968 2502 4025 hoc
2548 3970 2753 4039 accepit
2783 3978 2841 4024 ut
2882 3968 3050 4039 possit
3074 3968 3274 4024 summi
3303 3966 3426 4024 beni
3462 3962 3757 4022 adhaerere

2155 4072 2383 4127 naturai,
2435 4058 2578 4126 quod
2620 4062 2665 4117 si
2724 4060 2977 4126 noluerit,
3010 4061 3154 4129 bpno
3176 4076 3235 4117 se
3258 4060 3452 4131 privat,
3482 4068 3535 4113 et
3561 4057 3684 4113 hoc
3710 4058 3757 4114 ei

2157 4155 2357 4210 malum
2410 4163 2514 4221 est,
2581 4153 2723 4210 unde
2778 4155 3147 4224 perjustitiam
3175 4152 3273 4210 Dei
3293 4155 3456 4209 etiam
3478 4152 3756 4207 cruciatus

2154 4246 2524 4316 consequitur.
2554 4244 2694 4314 Quid
2710 4246 2854 4301 enim
2904 4256 3009 4301 tam
3043 4246 3306 4316 iniquum,
3338 4259 3497 4315 quam
3525 4255 3591 4297 ut
3626 4244 3759 4299 bene

2154 4340 2225 4394 sit
2278 4336 2544 4395 desertori
2596 4337 2763 4393 boni?
2794 4332 2981 4407 Neque
3011 4336 3121 4392 ullo
3145 4336 3305 4391 modo
3336 4335 3452 4390 tieri
3484 4344 3681 4405 potest
3712 4344 3761 4389 ut

2155 4433 2233 4489 ita
2265 4433 2355 4501 sit,
2379 4432 2476 4488 sed
2508 4431 2792 4500 aliquando
2814 4431 2999 4487 amissi
3020 4431 3312 4502 superioris
3338 4427 3465 4484 boni
3489 4445 3608 4483 non
3641 4445 3759 4483 sen-
3800 4502 3805 4509 η

2156 4530 2283 4585 titur
2312 4530 2535 4592 malum,
2567 4542 2689 4582 cum
2719 4528 2943 4582 habetur
2963 4523 3106 4597 quod
3136 4532 3371 4579 amatum
3410 4532 3497 4577 est
3523 4521 3759 4576 inferius

2154 4623 2383 4679 bonum.
2416 4621 2523 4677 Sed
2552 4618 2731 4677 divina
2762 4619 2971 4691 justitia
2999 4629 3082 4675 est
3111 4618 3166 4673 ut
3191 4618 3281 4689 qui
3309 4616 3606 4672 voluntate
3628 4617 3761 4670 amis

474 4722 581 4773 set.
614 4710 745 4771 Nam
777 4712 865 4787 qui
893 4716 1060 4785 dicit,
1088 4718 1236 4774 verbi
1274 4723 1440 4789 gratia
1469 4764 1483 4790 ,
1521 4720 1637 4776 Noli
1671 4734 1884 4793 tangere
1914 4722 2049 4779 hanc
2074 4710 2130 4773 D
2153 4716 2221 4769 sit
2275 4713 2417 4784 quod
2473 4728 2655 4768 amare
2702 4712 2906 4782 debuit,
2958 4712 3167 4766 amittat
3212 4724 3337 4765 cum
3382 4707 3582 4763 dolore
3615 4706 3760 4779 quod

465 4803 712 4873 herbam,
739 4807 785 4862 si
823 4808 956 4864 forte
986 4826 1251 4866 venenosa
1280 4821 1383 4881 est,
1412 4825 1747 4884 mortemque
1796 4831 2047 4882 praenun-

464 4900 604 4955 tians
650 4903 695 4956 si
737 4901 987 4971 tetigerit,
1042 4904 1282 4974 sequitur
1331 4921 1545 4976 quoilue
1594 4906 1854 4981 [quidem]
1905 4924 2049 4965 mors

464 5001 889 5063 contemptorem
924 4996 1197 5065 praacepti,
1239 4997 1332 5053 sed
1366 4998 1526 5053 etiam
1573 4996 1617 5053 si
1664 5016 1822 5055 nemo
1865 5000 2051 5068 prohi-

464 5082 671 5140 buisset
696 5098 855 5155 atque
888 5085 977 5141 ille
1001 5088 1286 5158 tetigisset,
1318 5088 1667 5148 nihilominus
1700 5093 1883 5163 utique
1928 5109 2046 5150 mo-

465 5186 677 5233 reretur
702 5197 713 5233 :
741 5176 830 5233 illa
854 5180 1052 5250 quippe
1074 5196 1161 5235 res
1188 5184 1461 5237 contraria
1486 5183 1643 5240 saluti
1671 5185 1898 5256 vitaeque
1927 5187 2050 5257 ejus

468 5290 575 5330 non
604 5285 767 5344 esset,
800 5268 915 5331 sive
936 5275 1060 5333 inde
1088 5286 1382 5344 vetaretur,
1426 5278 1539 5334 sive
1584 5295 1689 5333 non
1732 5288 2044 5335 vetaretur:

464 5365 592 5421 item
617 5383 736 5421 cum
766 5369 993 5438 quisque
1022 5370 1274 5439 prohibet
1306 5386 1426 5425 eam
1456 5388 1568 5426 rem
1602 5373 1766 5441 tangi,
1797 5388 1915 5442 qum
1944 5389 2049 5429 non

463 5457 678 5527 quidem
706 5461 963 5528 tangenti,
987 5463 1080 5516 sed
1105 5463 1178 5517 illi
1203 5464 1291 5532 qui
1316 5464 1586 5532 prohibuit
1609 5466 1849 5531 obesset,
1880 5467 2044 5537 velut,

464 5553 508 5605 si
538 5552 819 5621 quisquam
852 5553 903 5606 in
935 5553 1166 5609 alienam
1213 5555 1495 5623 pecuniam
1543 5554 1780 5611 misisset
1827 5572 2043 5612 manum

464 5638 767 5712 prohibitus
796 5638 863 5698 ab
890 5659 956 5700 eo
987 5645 1139 5712 cujus
1178 5652 1295 5701 erat
1326 5645 1411 5701 illa
1446 5648 1695 5716 pecunia,
1730 5649 1853 5704 ideo
1903 5661 2048 5706 esset

2155 4808 2386 4871 amavit,
2439 4804 2565 4859 dum
2619 4812 2929 4859 naturarum
2978 4813 3191 4859 creator
3236 4799 3430 4864 ubique
3474 4798 3761 4854 laudetur.

2108 4904 2111 4908 ’
2156 4898 2348 4956 Adhuc
2378 4898 2525 4953 enim
2550 4908 2630 4952 eet
2648 4895 2870 4966 bonum,
2891 4894 3032 4966 quod
3065 4894 3211 4950 dolet
3234 4894 3489 4946 amissum
3516 4892 3760 4957 bonum,

2161 5010 2285 5049 nam
2317 4992 2420 5048 nisi
2466 4991 2683 5062 aliquod
2716 4992 2913 5046 bonum
2945 4986 3365 5046 remansissctin
3390 4993 3615 5053 natura,
3646 4986 3765 5042 nul-

2155 5088 2239 5142 lus
2271 5086 2394 5142 boni
2422 5084 2604 5140 amissi
2637 5083 2795 5139 dolor
2823 5092 2966 5140 esset
2995 5083 3048 5137 in
3083 5096 3259 5151 poena.
3288 5078 3383 5135 Cui
3414 5088 3610 5133 autem
3641 5081 3765 5134 sine

2156 5184 2281 5239 mali
2303 5183 2674 5252 experimento
2695 5181 2871 5251 placet
2892 5179 3108 5245 bonum,
3135 5178 3189 5234 id
3218 5187 3301 5234 εει
3329 5172 3427 5251 [ut]
3456 5185 3765 5246 antequam

2156 5278 2283 5334 boni
2338 5277 2684 5332 amissionem
2734 5274 2950 5341 sentiat,
3002 5274 3166 5346 eligat
3196 5281 3381 5327 tenere
3407 5284 3476 5323 ne
3504 5270 3763 5337 amittat,

2157 5384 2316 5439 supra
2348 5367 2551 5442 [super]
2578 5383 2766 5423 omnes
2794 5366 3035 5422 homines
3079 5362 3446 5435 praedicandus
3474 5370 3591 5418 est.
3652 5362 3764 5419 Sed

2149 5464 2255 5519 hoc
2307 5463 2410 5517 nisi
2455 5461 2729 5532 cujusdam
2777 5458 3065 5531 singularis
3118 5456 3293 5513 laudis
3326 5464 3490 5524 esset,
3522 5470 3650 5511 non
3685 5457 3766 5512 illi

2150 5570 2317 5625 puero
2362 5555 2684 5610 tribueretur
2726 5554 2814 5625 qui
2858 5567 2927 5608 ex
2966 5566 3164 5622 genere
3206 5549 3367 5605 Israel
3407 5546 3593 5603 iactus
3632 5550 3768 5605 Em-

2149 5648 2363 5702 manuel
2393 5646 2670 5701 nobiscum
2719 5643 2896 5712 Deus,
2941 5642 3311 5699 reconciliavit
3350 5656 3447 5695 nos
3485 5637 3610 5695 Deo
3660 5642 3769 5699 bo-

2150 5738 2354 5795 minum
2382 5747 2437 5791 et
2469 5734 2563 5792 Dei
2593 5735 2756 5791 homo
2783 5732 3079 5799 mediator;
3107 5730 3339 5788 Verbum
3371 5730 3511 5798 apud
3541 5728 3771 5801 Deum,

2149 5847 2275 5888 caro
2319 5840 2495 5886 autem
2547 5828 2687 5899 apud
2718 5842 2839 5897 nos;
2886 5826 3124 5883 Verbum
3151 5839 3279 5881 caro
3301 5825 3439 5881 inter
3466 5824 3650 5881 Deum
3713 5839 3771 5886 et

2150 5939 2271 5983 nos.
2306 5925 2382 5980 De
2406 5923 2502 5979 illo
2526 5922 2724 5993 quippe
2752 5921 3015 5993 propheta
3040 5918 3216 5977 dicit:
3248 5920 3573 6010 Priusquam
3611 5923 3771 5980 sciat

467 5735 739 5803 prohibito
791 5748 1090 5808 peccatum,
1133 5743 1260 5812 quia
1307 5742 1611 5812 prohibenti
1664 5752 1874 5814 poterat
1926 5760 2048 5802 esse

466 5824 804 5885 damnosum.
837 5832 968 5887 Cum
1000 5848 1130 5888 vero
1164 5835 1289 5890 illud
1326 5837 1561 5906 tangitur
1599 5839 1738 5906 quod
1786 5852 1885 5892 nec
1928 5847 2048 5893 tan-

464 5919 615 5992 genti
640 5924 874 5992 obesset,
906 5930 951 5981 si
982 5942 1090 5983 non
1109 5928 1490 5998 prohiberetur
1518 5948 1586 5989 ne
1613 5933 1863 6004 cuiquam
1887 5932 2048 5988 alteri
