3968 6390
152 407 257 464 645

1320 410 1752 472 THESAURUS.
1792 417 1946 476 CAP.
1991 419 2152 479 XLII.

3317 434 3426 494 646

149 505 282 595 puer
329 536 529 578 bonum
576 532 667 580 aut
717 523 939 592 malum,
995 534 1300 584 contemnet
1351 531 1635 600 malitiam,
1687 539 1972 598 utAcum
1996 541 2194 596 dicitur
2219 551 2520 615 peccatum,
2549 544 2638 602 vel
2667 545 2890 618 malum,
2939 557 3193 620 tanquam
3223 552 3438 623 signum
3497 525 3500 528 ι

151 621 310 690 eligat
365 619 586 674 bonum.
639 619 921 688 Quomodo
949 623 1090 692 quod
1124 625 1296 679 nescit
1320 636 1409 682 aut
1439 629 1742 686 contemnit

148 723 236 768 aut
285 713 471 783 eligit,
523 713 628 768 nisi
683 715 807 784 quia
858 713 973 769 haec
1013 716 1119 770 duo
1148 716 1409 784 sciuntur,
1443 720 1602 776 aliter
1649 737 1744 791 per

149 811 485 882 prudentiam
537 812 684 876 boni,
718 813 875 867 aliter
905 828 1001 883 per
1031 816 1418 884 experientiam
1451 819 1612 872 mali?
1638 818 1741 874 Per

150 905 482 972 prudentiam
531 904 656 958 boni
704 905 901 960 malum
953 909 1146 974 scitur,
1205 909 1306 964 etsi
1337 925 1446 965 non
1488 912 1736 967 sentitur.

147 995 386 1050 Tenetur
415 999 558 1051 enim
602 997 803 1052 bonum
854 1013 922 1054 ne
974 999 1268 1056 amissione
1319 1001 1434 1071 ejus
1481 1004 1743 1059 sentiatur

147 1087 367 1141 malum.
418 1088 548 1142 item
595 1105 688 1156 per
718 1091 1105 1160 experientiam
1141 1093 1268 1146 mali
1314 1095 1483 1149 scitur
1517 1096 1738 1164 bonum,

147 1182 398 1251 quoniam
448 1183 576 1252 quid
620 1185 862 1240 amiserit
917 1186 1106 1252 sentit,
1138 1187 1224 1242 cui
1255 1188 1324 1243 de
1367 1188 1510 1244 bono
1535 1191 1742 1244 amisso

149 1275 288 1328 male
317 1276 498 1329 fuerit.
535 1275 850 1347 Priusquam
883 1279 1047 1333 sciret
1077 1295 1205 1349 ergo
1249 1295 1381 1345 puer
1403 1281 1738 1351 experientia

149 1367 266 1438 [per
316 1369 728 1440 experientiam]
776 1378 868 1424 aut
889 1371 1085 1425 bonum
1113 1386 1220 1439 quo
1241 1382 1472 1436 careret,
1505 1384 1598 1426 aut
1625 1390 1741 1428 ma-

147 1459 260 1513 lum
288 1459 429 1528 quod
456 1461 581 1514 boni
604 1461 894 1517 amissione
915 1463 1164 1528 sentiret,
1188 1466 1513 1534 contempsit
1540 1467 1739 1522 malum

145 1559 200 1604 ιιι
225 1550 454 1620 eligeret
478 1551 768 1618 bonum,id
782 1561 863 1606 est
881 1554 1467 1625 noluitamittercquod
1487 1556 1737 1625 habebat,

144 1656 241 1696 nec
257 1642 455 1696 sentire
472 1642 600 1716 [Ed.
617 1642 768 1709 Ben.,
787 1659 850 1697 ne
863 1643 1111 1715 sentiret]
1128 1647 1421 1700 amittendo
1435 1648 1576 1717 quod
1591 1649 1744 1703 amit-

145 1742 262 1787 tere
306 1749 411 1787 non
437 1735 633 1789 debeat
655 1734 949 1807 [debebat].
974 1736 1259 1807 Singulare
1279 1742 1584 1808 exemplum
1609 1743 1740 1798 obe-

143 1831 383 1899 dientiae,
406 1834 704 1904 quippequi
723 1851 827 1889 non
850 1837 999 1891 venit
1022 1837 1196 1892 facere
1218 1838 1546 1894 voluntatem
1559 1855 1737 1908 suam,

1849 632 1967 700 ejus
1999 635 2322 705 intelligeret
2364 639 2508 709 quod
2543 649 2724 697 mente
2751 643 3100 700 discerneret.
3152 647 3259 702 Nos
3290 649 3436 707 enim

1847 727 2119 793 quomodo
2148 727 2494 798 intelligimus
2525 747 2645 788 cum
2671 734 2870 792 dicitur
2902 743 3246 808 resurrectio,
3277 757 3436 811 quam

1847 833 2119 888 nunquam
2148 824 2358 890 experti
2381 827 2608 878 sumus?
2634 825 2823 884 Nonne
2845 830 2967 898 quis
3013 831 3276 888 sentimus
3306 835 3434 905 quid

1846 911 1916 965 sit
1965 916 2166 977 vivere,
2217 913 2335 983 ejus
2385 917 2461 972 rei
2494 917 2846 987 privationem
2895 935 3154 978 vocamus
3178 939 3431 995 mortem,

1848 1005 1990 1058 unde
2034 1007 2237 1061 reditus
2265 1009 2332 1062 ad
2364 1010 2414 1063 id
2443 1013 2582 1080 quod
2626 1017 2914 1070 sentintutn
2933 1059 2948 1083 ,
2977 1020 3437 1076 resurrectionem

1847 1099 2211 1168 appellamus,
2257 1113 2310 1156 ct
2351 1104 2394 1156 si
2443 1117 2550 1172 quo
2595 1107 2702 1161 alio
2743 1111 2964 1165 nomine
3015 1111 3067 1165 in
3112 1127 3435 1183 quacunque

1846 1193 2022 1262 lingua
2053 1194 2103 1248 id
2137 1195 2312 1264 ipsum
2345 1201 2680 1267 appellatur?
2709 1202 2866 1258 Menti
2901 1205 3083 1275 utique
3109 1205 3320 1276 signum
3352 1209 3435 1264 in-

1845 1289 2089 1340 sinuatur
2120 1290 2170 1342 in
2203 1303 2334 1344 voce
2367 1291 2696 1360 loquentium
2719 1336 2732 1359 ,
2766 1309 2872 1365 quo
2902 1306 3130 1355 sonante
3180 1307 3438 1370 agnoscat

1845 1380 1986 1449 quod
2032 1383 2196 1436 etiam
2238 1384 2356 1438 sine
2395 1387 2550 1454 signo
2594 1390 2900 1456 cogitaret:
2960 1395 3151 1448 mirum
3181 1407 3264 1451 est
3293 1398 3435 1453 enim

1845 1476 2293 1543 quemadmodum
2328 1493 2502 1535 rerum
2547 1495 2681 1550 quas
2703 1481 2863 1538 habet
2891 1487 3234 1543 amissionem
3268 1492 3432 1547 etiam

1846 1567 2124 1637 inexperta
2173 1582 2360 1626 natura
2402 1573 2635 1640 devitet;
2696 1576 2815 1645 quis
2855 1578 2994 1633 enim
3027 1594 3223 1650 pecora
3252 1584 3436 1642 docuit

1845 1659 2221 1716 devitationcm
2247 1666 2456 1731 mortis,
2480 1667 2576 1720 nisi
2603 1681 2798 1723 sensus
2821 1670 2977 1725 vitae?
2999 1674 3129 1740 Quis
3154 1677 3432 1744 parvulum

1846 1767 2070 1820 puerum
2094 1756 2466 1812 adhtrrescere
2494 1760 2674 1828 bajulo
2708 1775 2806 1816 Suo
2835 1763 2880 1817 si
2906 1780 3026 1819 eutn
3058 1766 3215 1822 fuerit
3235 1783 3300 1824 ex
3326 1771 3436 1826 alto

1837 1845 2020 1915 jacere
2072 1851 2305 1905 minatus
2350 1852 2712 1926 [minitatus]?
2758 1857 2910 1924 Quod
2941 1874 3003 1913 ex
3038 1863 3267 1930 quodam
3302 1876 3438 1919 tem-

153 1922 246 1977 sed
266 1923 594 1979 voluntatem
617 1925 734 1993 ejus
755 1941 785 1980 a
807 1942 913 1995 quo
937 1928 1134 1982 missus
1154 1937 1255 1994 est,
1273 1945 1376 1983 non
1396 1931 1534 1984 sicut
1552 1931 1741 2002 illequi
1771 1915 1818 1975 Β
1848 1952 1980 2007 pore
2014 1941 2222 2012 incipit,
2248 1915 2550 2001 sed‘tamen
2579 1915 2866 2019 antequam
2901 1915 3101 2022 aliquid
3131 1954 3437 2025 hujusmodi

149 2017 318 2087 elegit
346 2019 520 2074 facere
551 2020 884 2076 voluntatem
906 2036 1076 2088 suam,
1104 2038 1208 2077 non
1233 2023 1351 2093 ejus
1373 2040 1400 2076 a
1432 2041 1538 2095 quo
1567 2025 1738 2082 factus

141 2120 247 2165 cst.
279 2111 467 2166 Merito
497 2113 636 2168 sicut
666 2130 762 2182 per
788 2114 945 2170 unius
977 2115 1394 2171 inobedientiam
1427 2127 1739 2187 peccatores

141 2204 420 2258 constituti
465 2215 590 2261 sunt
633 2207 810 2272 multi,
855 2208 924 2262 ita
975 2217 1028 2262 et
1070 2224 1164 2278 per
1191 2210 1348 2264 unius
1379 2211 1738 2266 obedientiam

138 2293 268 2363 justi
297 2297 703 2352 constituuntur
735 2301 910 2354 multi.
943 2299 1074 2366 Quia
1108 2301 1244 2355 sicut
1267 2302 1320 2356 in
1354 2303 1520 2355 Adam
1551 2318 1740 2360 omnes

140 2392 471 2454 moriuntur,
524 2393 602 2445 sic
647 2401 701 2446 et
746 2393 798 2446 in
827 2392 1042 2448 Christo
1081 2410 1268 2450 omnes
1299 2395 1735 2451 viviﬁcabuntur.

138 2480 368 2536 Frustra
421 2492 599 2535 autem
653 2485 890 2537 nonnulli
919 2495 1076 2539 acute
1124 2487 1299 2540 obtusi
1331 2497 1477 2552 sunt,
1509 2503 1630 2541 cum
1655 2503 1739 2542 re-

137 2569 368 2636 quirunt
419 2571 688 2639 quomodo
735 2575 969 2640 potuerit
1012 2576 1267 2645 appellari
1310 2578 1509 2646 lignum
1548 2578 1739 2648 digno-

135 2661 364 2714 sreutiae
411 2661 537 2716 boni
575 2672 629 2717 et
673 2663 822 2729 mali,
874 2675 1158 2733 antequam
1193 2667 1244 2722 in
1275 2683 1340 2721 eo
1373 2679 1740 2737 transgressus

138 2758 290 2803 esset
347 2751 510 2806 homo
558 2765 905 2824 praeceptum,
960 2766 1120 2826 atque
1149 2758 1263 2827 ipsa
1292 2760 1622 2828 experientia
1652 2763 1736 2816 di-

135 2853 429 2911 gnoscreet
477 2845 603 2913 quid
635 2846 920 2902 interesset
967 2849 1107 2903 inter
1136 2850 1334 2905 bonum
1369 2854 1510 2920 quod
1557 2855 1738 2910 amisit

134 2943 190 2988 et
223 2934 420 2989 malum
463 2937 605 3007 quod
649 2939 886 2994 admisit.
934 2941 1158 3010 Lignutn
1199 2945 1342 2999 enim
1393 2945 1496 3001 tale
1536 2963 1735 3004 nomen

136 3027 368 3094 accepit,
397 3035 454 3081 ut
481 3042 546 3082 eo
569 3029 864 3084 secundum
893 3034 1312 3100 prohibitionem
1341 3051 1446 3090 non
1469 3047 1610 3092 tacto
1640 3053 1734 3095 ca-

135 3131 360 3174 veretur
388 3119 531 3188 quod
561 3136 625 3176 eo
647 3132 832 3177 contra
866 3125 1283 3194 prohibitionem
1317 3138 1461 3184 tacto
1503 3133 1733 3186 sentire-

135 3221 246 3267 tur.
295 3213 482 3284 Neque
520 3215 662 3270 enim
704 3218 826 3287 quia
857 3219 978 3275 inde
1006 3229 1189 3276 contra
1221 3235 1549 3292 praeceptum
1580 3241 1733 3282 man-

135 3303 493 3374 ducaveruut,
549 3309 670 3364 ideo
718 3309 914 3366 factum
963 3323 1044 3368 est
1092 3314 1226 3370 illud
1278 3318 1484 3387 lignum
1543 3303 1808 3390 digno-C

138 3401 366 3454 scentice
408 3400 533 3455 boni
568 3411 622 3456 et
649 3404 794 3468 mali,
837 3404 932 3459 sed
969 3407 1152 3476 utique
1180 3408 1387 3464 etiamsi
1417 3411 1733 3468 obedientes

134 3502 324 3547 essent
351 3501 404 3547 et
435 3493 568 3547 nihil
601 3493 724 3550 inde
751 3505 939 3551 contra
989 3509 1312 3567 praaceptum
1356 3513 1727 3572 usurpassent,

135 3584 190 3638 id
246 3593 394 3641 recte
443 3597 727 3642 vocaretur
773 3589 916 3657 quod
956 3589 1030 3644 ibi
1066 3593 1147 3646 eis
1187 3594 1456 3650 accideret
1484 3597 1528 3650 si
1574 3612 1731 3652 usur-

134 3688 392 3746 passent;
424 3679 880 3749 quemadmodum
911 3683 954 3736 si
986 3694 1273 3740 vocaretur
1301 3687 1463 3742 arbor
1483 3689 1735 3743 saturita-

131 3769 226 3835 tis,
259 3771 403 3842 quod
435 3772 560 3827 inde
595 3783 815 3842 possent
848 3774 1093 3832 homines
1119 3780 1350 3833 saturari
1372 3821 1388 3847 ,
1414 3781 1654 3850 nunquid
1686 3782 1733 3838 si

126 3876 298 3919 nemo
319 3866 660 3931 accessisset,
681 3867 801 3922 ideo
825 3883 1017 3924 nomen
1042 3869 1175 3924 illud
1197 3880 1342 3926 esset
1357 3873 1730 3945 incongruum,

120 3960 594 4028 quandoquidem,
623 3974 745 4015 cum
772 3963 1091 4018 accederent
1110 3973 1165 4018 et
1185 3977 1580 4036 saturarentur,
1605 3979 1733 4024 tunc

117 4051 440 4119 probarent
487 4053 706 4120 quando
759 4053 859 4109 hoc
906 4056 1090 4129 [quam
1121 4056 1259 4128 haec]
1282 4069 1428 4114 recte
1455 4061 1620 4115 arbor
1641 4064 1732 4118 illa

118 4148 472 4199 vocaretur?
504 4145 570 4199 Et
599 4148 888 4215 quomodo,
925 4151 1192 4219 inquiunt,
1226 4153 1551 4222 intelilgeret
1575 4155 1734 4211 homo

117 4238 280 4308 quod
313 4239 361 4292 ei
395 4237 675 4292 dicebatur
705 4239 900 4306 lignum
933 4239 1318 4309 diguoscentite
1349 4244 1532 4299 boniet
1563 4246 1689 4301 mali
1715 4288 1732 4314 ,

122 4331 356 4404 quando
386 4332 557 4401 ipsum
584 4333 784 4387 malum
813 4333 941 4402 quid
989 4344 1134 4389 esset
1159 4336 1379 4391 omnino
1425 4339 1735 4395 nesciebat?

131 4428 253 4481 lloc
301 4427 391 4496 qui
445 4428 660 4494 sapiunt
689 4441 876 4496 parum
922 4427 1204 4483 attendunt
1232 4431 1736 4499 quemadmoduma

131 4517 425 4574 contrariis
457 4518 595 4573 notis
624 4521 702 4574 sic
733 4521 991 4591 pleraque
1023 4522 1391 4594 intelligantur
1441 4528 1643 4596 ignota,
1678 4535 1739 4583 ut

131 4616 302 4670 etiam
351 4615 512 4668 verba
553 4630 732 4669 rerum
764 4631 883 4686 qua:
925 4632 1035 4671 non
1065 4629 1192 4672 sunt
1222 4633 1345 4674 cum
1378 4621 1429 4674 in
1464 4621 1735 4689 loquendo

1843 2042 2096 2100 expertus
2147 2037 2236 2090 sit.
2281 2037 2372 2092 Sic
2422 2054 2551 2109 ergo
2591 2041 2694 2095 illis
2734 2044 2922 2112 primis
2963 2045 3268 2102 hominibus
3317 2061 3424 2106 tam

1846 2127 1952 2181 vita
1985 2139 2102 2183 erat
2123 2130 2316 2198 dulcis,
2342 2149 2502 2203 quam
2536 2136 2777 2203 proiecto
2806 2139 3055 2195 amittere
3102 2139 3433 2212 devitabant,

1843 2219 2004 2289 idque
2052 2223 2222 2290 ipsum
2267 2226 2677 2297 quibuscunque
2725 2230 2896 2285 modis
2928 2233 3011 2286 vel
3042 2234 3189 2288 souis
3232 2238 3431 2305 signdi-

1843 2322 2053 2367 cantem
2082 2314 2246 2368 [leum
2281 2316 2581 2385 intelligere
2603 2331 2868 2388 poterant.
2905 2323 3014 2377 Nec
3033 2326 3189 2380 aliter
3213 2329 3292 2381 eis
3317 2343 3434 2396 pose

1844 2415 1925 2458 set
1951 2407 2264 2474 persuaderi
2291 2413 2708 2478 peccatum,nisi
2735 2420 2884 2482 prius
2907 2419 3319 2484 persuaderetur
3340 2438 3434 2478 eos

1844 2514 1912 2552 ex
1958 2501 2050 2553 illo
2099 2500 2241 2556 facto
2297 2519 2403 2558 non
2433 2520 2554 2559 esse
2587 2511 2917 2563 morituros:
2945 2511 2995 2564 id
3018 2522 3099 2566 est
3130 2513 3261 2567 illud
3293 2516 3435 2585 quod

1845 2588 2115 2646 habebant
2135 2601 2188 2647 et
2207 2608 2268 2648 se
2291 2595 2488 2650 habere
2508 2597 2816 2666 gaudebant
2837 2616 2940 2656 non
2963 2603 3436 2664 amissuros.Unde

1844 2696 1943 2735 suo
1981 2681 2102 2738 loco
2145 2684 2472 2753 loquendum
2520 2698 2622 2743 est.
2656 2689 2953 2748 Adverlant
2984 2696 3191 2765 itaque,
3220 2699 3264 2752 si
3295 2714 3433 2769 quos

1843 2784 2028 2829 movet
2065 2779 2335 2845 quomodo
2379 2782 2648 2848 potuerint
2677 2783 2979 2854 intelligere
3012 2787 3297 2858 inexperta
3338 2808 3436 2847 no-

1841 2865 2139 2923 minantem
2189 2869 2272 2924 vel
2330 2871 2621 2928 minantem
2654 2875 2844 2941 Deum,
2869 2888 2923 2932 et
2948 2879 3161 2934 videant
3189 2896 3288 2936 nos
3313 2897 3432 2938 om-

1842 2961 1988 3014 nium
2022 2962 2421 3034 ittexpertorum
2455 2969 2689 3036 nomina,
2737 2985 2840 3025 non
2885 2972 2987 3025 nisi
3033 2987 3099 3027 ex
3143 2975 3433 3033 contrariis

1840 3072 1958 3124 quae
1978 3057 2090 3126 jam
2121 3061 2383 3127 novimus,
2413 3063 2458 3116 si
2487 3064 2846 3132 privationum
2873 3077 3020 3133 sunt,
3065 3079 3156 3125 aut
3176 3086 3242 3125 ex
3273 3072 3426 3127 simi-

1839 3149 2004 3221 libus,
2039 3153 2082 3207 si
2113 3155 2411 3223 specierum
2437 3167 2563 3214 sunt
2585 3199 2599 3224 ,
2630 3160 2748 3216 sine
2774 3161 2886 3218 ullo
2914 3174 3048 3220 testu
3077 3162 3433 3222 dubitationis

1839 3257 2153 3314 agnoscere.

2414 3416 2848 3487 CAPUTIXLH.

1838 3524 1918 3579 De
1946 3525 2181 3600 bipertito
2213 3542 2362 3600 opere
2389 3531 2725 3600 providentia:
2753 3529 2872 3595 Dei,
2902 3542 2949 3585 et
2976 3535 3029 3586 in
3067 3535 3180 3600 ipso
3233 3536 3435 3592 homine

1908 3598 2083 3676 eadem
2138 3599 2338 3676 gemina
2390 3599 2552 3676 divini
2589 3602 2963 3676 moderaminis
3011 3598 3334 3676 operatione,
3365 3623 3431 3663 es

1910 3668 2039 3720 libro
2072 3663 2163 3721 vn't
2189 3674 2249 3722 de
2271 3663 2455 3723 Genesi
2485 3670 2552 3721 ad
2581 3669 2822 3726 litteram.

1909 3779 2043 3835 Hinc
2091 3780 2200 3849 jam
2250 3782 2299 3834 in
2347 3781 2522 3851 ipsum
2581 3785 2840 3840 mundum
2896 3788 3041 3862 velut
3062 3790 3115 3844 in
3142 3791 3430 3861 quamdam

1837 3887 2084 3944 magnam
2127 3873 2373 3929 arborem
2423 3890 2605 3932 rerum
2654 3879 2842 3934 oculus
2866 3879 3206 3951 cogitationis
3232 3884 3431 3940 attolli-

1838 3976 1944 4030 tur,
1978 3969 2212 4038 atquein
2241 3968 2356 4037 ipso
2379 3983 2592 4039 quoque
2619 3974 2833 4040 gemina
2859 3974 3104 4042 operatio
3135 3975 3429 4033 Providen-

1838 4060 1925 4115 tia:
1957 4060 2264 4127 reperitur:
2297 4062 2490 4130 partim
2531 4063 2808 4129 naturalis,
2865 4065 3055 4132 pattim
3095 4066 3422 4121 voluntaria.

1838 4153 2109 4208 Naturalis
2157 4153 2372 4222 quidem
2416 4168 2512 4223 per
2556 4153 2820 4208 occultam
2868 4155 2960 4209 Dei
3010 4155 3430 4211 administratio-

1840 4259 1982 4308 nem,
2034 4258 2136 4312 qua
2191 4243 2352 4297 etiam
2387 4243 2544 4312 lignis
2574 4253 2626 4298 et
2658 4242 2838 4298 herbis
2883 4244 2971 4298 dat
3004 4245 3424 4313 incrementum;

1839 4337 2140 4392 voluntaria
2188 4350 2318 4390 vero
2372 4351 2467 4404 per
2497 4336 2809 4406 angelorum
2857 4351 3020 4405 opera
3043 4347 3098 4393 et
3127 4336 3426 4394 hominum.

1842 4432 2150 4488 Secundum
2182 4430 2325 4484 illam
2351 4429 2576 4499 primam
2609 4429 2848 4484 coelestia
2872 4432 3120 4498 superius
3161 4431 3425 4500 ordinari,

1840 4521 2169 4591 inferiusque
2213 4520 2488 4575 terrestria
2542 4519 2828 4575 luminaria
2884 4521 3170 4590 sideraque
3201 4523 3424 4592 fulgere,

1839 4617 1946 4675 diei
2006 4615 2287 4685 noctisque
2331 4616 2478 4670 vices
2515 4615 2724 4684 agitari,
2749 4617 2900 4684 aquis
2930 4626 3125 4672 terram
3152 4617 3422 4674 fundatam

133 4707 557 4777 interponuntur
582 4708 761 4763 nullus
785 4710 982 4779 caliget
1005 4711 1221 4766 auditor
1246 4712 1374 4782 (hoc
1400 4714 1542 4769 enim
1575 4713 1720 4784 quod
1750 4701 1803 4764 Ι)
1828 4714 2050 4775 interlui
2103 4723 2265 4782 atque
2311 4711 2610 4777 circumlui,
2644 4727 2822 4766 aerem
2877 4713 3032 4769 latius
3084 4715 3422 4784 superlttndi,

131 4802 360 4856 omnino
391 4813 494 4854 non
523 4809 623 4865 est,
653 4801 788 4855 nihil
823 4805 1101 4872 vocatur),
1127 4813 1182 4859 et
1211 4804 1305 4858 has
1335 4805 1467 4861 duas
1496 4806 1728 4878 syllabas

131 4909 300 4950 nemo
346 4907 452 4948 non
500 4892 751 4963 intelligit
804 4894 890 4963 qui
948 4894 1136 4950 Latine
1192 4897 1342 4950 audit
1387 4907 1444 4952 et
1491 4898 1729 4968 loquitur

133 4992 311 5062 (unde
339 4990 440 5043 nisi
465 5004 583 5044 cum
606 5003 795 5046 sensus
832 4990 1070 5045 intuetur
1100 4990 1152 5045 id
1183 4992 1327 5061 quod
1369 5002 1482 5058 est,
1525 5003 1580 5051 et
1613 4996 1730 5065 ejus

131 5091 442 5162 privatione
467 5091 595 5161 quid
624 5092 785 5146 etiam
819 5106 923 5146 non
956 5093 1025 5147 sit
1049 5091 1315 5162 agnoscit)
1339 5133 1353 5158 ,
1384 5093 1463 5148 sic
1486 5105 1541 5148 et
1573 5095 1733 5151 inane

131 5203 252 5242 cum
286 5186 506 5253 dicitur,
536 5186 793 5242 intuendo
819 5186 1062 5256 corporis
1107 5186 1519 5255 plenitudinem,
1547 5189 1728 5258 priva-

132 5285 279 5337 tione
312 5280 430 5350 ejus
455 5289 707 5350 tauquam
735 5281 1005 5335 contraria
1040 5280 1167 5350 quid
1200 5281 1408 5336 dicatur
1434 5283 1591 5336 inane
1642 5281 1727 5337 in-

131 5376 468 5443 telligimus,
527 5372 665 5427 sicut
716 5372 967 5427 audiendi
1018 5385 1183 5427 sensu
1214 5415 1228 5439 ,
1280 5389 1385 5427 non
1436 5373 1607 5428 solum
1658 5375 1726 5430 de

130 5469 360 5524 vocibus
384 5509 399 5533 ,
431 5480 613 5521 verum
655 5466 815 5520 etiam
840 5466 909 5524 de
940 5466 1156 5522 silentio
1179 5465 1500 5536 jttdicamus.
1533 5467 1622 5523 Sic
1658 5481 1726 5523 ex

129 5563 239 5616 vita
289 5575 416 5631 quae
463 5560 636 5615 inerat
679 5559 879 5615 homini
934 5569 1116 5628 posset
1153 5559 1271 5629 ejus
1293 5575 1484 5617 cavere
1514 5571 1727 5617 contra-

133 5655 299 5722 rium,
338 5653 388 5708 id
422 5662 505 5708 est
525 5654 648 5707 vita:
671 5652 1045 5722 privationem,
1076 5667 1197 5722 qua:
1229 5667 1374 5707 mors
1402 5663 1639 5719 vocatur,
1674 5661 1729 5710 et

134 5747 306 5817 ipsam
331 5761 550 5802 causam
573 5760 675 5816 qua
693 5745 946 5816 perderet
967 5744 1108 5814 quod
1137 5744 1371 5811 amabat,
1393 5745 1445 5801 id
1468 5755 1550 5802 est
1569 5747 1730 5816 quod-

135 5842 266 5897 libet
298 5841 498 5896 l'actum
527 5854 682 5894 suum
713 5853 818 5908 quo
847 5838 999 5893 ﬁeret
1028 5846 1085 5892 ut
1106 5839 1375 5895 amitteret
1399 5843 1585 5907 vitam,
1609 5843 1729 5912 qui-

137 5935 376 5993 buslibet
403 5933 626 6005 syllabis
652 5933 1034 6004 appellaretur,
1061 5931 1513 6002 quemadmodum
1542 5933 1726 5993 Latine

1830 4812 2049 4868 arbusta
2105 4817 2158 4864 et
2215 4805 2468 4861 animalia
2510 4805 2716 4873 concipi
2756 4813 2811 4860 et
2868 4806 3038 4871 na~ci,
3072 4817 3422 4876 etcres-t-ere,

1831 4915 2138 4965 senescere,
2163 4897 2433 4962 occidere,
2468 4904 2522 4951 et
2553 4895 2808 4966 quidquid
2841 4898 2986 4952 aliud
3037 4899 3091 4954 in
3138 4901 3298 4955 rebus
3343 4901 3424 4954 in-

1834 5000 2034 5055 teriore
2081 4995 2419 5064 naturalique
2461 5001 2610 5048 motu
2652 4994 2875 5063 geritur.
2922 4995 2977 5050 In
3009 4995 3110 5052 hac
3140 5006 3316 5050 autem
3345 4997 3423 5050 al-

1835 5101 1944 5146 tera
1968 5092 2120 5159 signa
2152 5089 2289 5150 dari,
2317 5087 2522 5151 doceri,
2553 5094 2609 5141 et
2633 5086 2766 5142 disci
2799 5087 3082 5160 [discere],
3109 5102 3264 5157 agros
3293 5088 3417 5157 coli,

1830 5185 2119 5239 societates
2137 5179 2531 5244 administrari,
2555 5190 2698 5235 artes
2729 5196 2982 5236 exercere
3014 5179 3319 5252 [exerceri],
3369 5192 3424 5236 et

1829 5279 2060 5346 quaeque
2089 5274 2192 5328 alia
2215 5274 2330 5328 sive
2353 5275 2404 5327 in
2437 5287 2670 5341 superna
2710 5275 2972 5328 societate
3009 5281 3258 5342 aguntur,
3310 5275 3424 5329 sive

1829 5370 1882 5424 in
1915 5369 2016 5424 hac
2045 5377 2252 5424 terrena
2282 5376 2442 5437 atque
2474 5367 2708 5432 mortali,
2743 5369 2813 5422 ita
2861 5377 2922 5422 ut
2973 5367 3128 5422 bonis
3175 5368 3418 5421 consula-

1829 5469 1936 5526 tur,
1960 5470 2015 5515 et
2036 5476 2131 5530 per
2158 5462 2459 5516 nescientes
2487 5463 2680 5526 malos,
2712 5461 2871 5529 inque
2901 5461 3015 5529 ipso
3041 5460 3254 5516 homine
3275 5477 3422 5516 eam-

1830 5557 1952 5610 dem
1982 5553 2249 5622 geminam
2283 5552 2639 5609 Providentiae
2669 5554 2852 5621 vigere
2881 5554 3174 5623 potentiam
3203 5575 3210 5606 :
3245 5555 3420 5626 primo

1830 5665 1954 5719 erga
1985 5662 2180 5719 corpus
2208 5648 2314 5719 37
2341 5648 2660 5714 naturalem,
2685 5647 2894 5704 scilicet
2925 5664 2990 5704 eo
3019 5658 3165 5704 motu
3197 5665 3305 5720 quo
3337 5650 3416 5718 iit,

1833 5761 1939 5816 quo
1968 5747 2194 5813 crescit,
2225 5759 2329 5814 qua
2363 5746 2628 5811 senescit;
2660 5744 3019 5801 voluntariam
3048 5762 3178 5802 vero
3206 5761 3308 5816 qua
3341 5746 3418 5802 illi

1831 5840 1897 5893 ad
1945 5839 2165 5904 victum,
2216 5846 2581 5906 tegumentum
2615 5838 3054 5905 curationemque
3095 5837 3414 5894 con-tulitur.

1830 5932 2089 5989 Similiter
2120 5948 2245 6004 erga
2272 5936 2506 5988 animam
2536 5933 2857 5990 naturaliter
2884 5937 3059 6006 agitur
3090 5945 3145 5990 ut
3174 5940 3334 6001 vivat,
3359 5941 3416 5987 ut
