3968 6390
500 319 600 376 647

1532 315 1596 374 D.
1627 315 1949 375 EUGYPPII
1987 318 2278 377 ABBATIS
2307 316 2632 379 AFRICANI

3677 333 3787 390 â‚¬48

493 431 728 491 sentiat:
770 430 1071 488 voluntarie
1114 443 1245 489 vero
1290 437 1350 486 ut
1394 428 1581 497 discat,
1642 442 1701 486 ut
1755 434 2073 489 consentiat.
2107 438 2155 496 A
2185 445 2396 506 tempus
2418 447 2472 493 et
2494 440 2670 494 locum
2695 445 2873 494 movet
2895 452 3113 509 corpus,
3141 439 3258 510 ipse
3283 448 3490 498 tantum
3516 459 3624 515 per
3650 456 3794 502 tem-

492 529 642 586 Sicut
667 536 844 583 autem
869 527 922 582 in
948 528 1140 582 arbore
1165 525 1219 579 id
1242 526 1353 593 agit
1375 524 1699 595 agricultura
1754 524 2075 594 forinsecus,

494 631 558 678 ut
580 621 714 677 illud
745 620 988 690 proficiat
1013 619 1155 690 quod
1183 619 1386 688 geritur
1416 619 1758 685 intrinsecus,
1785 621 1862 675 sic
1900 620 1953 675 in
1985 622 2075 675 ho-

495 713 641 766 mine
662 711 955 767 secundum
987 723 1180 779 corpus
1211 710 1261 764 ei
1291 708 1433 778 quod
1475 709 1794 764 intrinsecus
1823 711 1934 780 agit
1987 727 2081 766 nas

497 812 617 856 tura
663 800 850 866 servit,
905 801 1241 856 extrinsecus
1291 799 1581 855 medicina.
1616 799 1856 868 Itemque
1884 816 2082 856 secun-

496 895 623 949 dum
657 894 888 948 animam
918 902 975 946 ut
1003 901 1191 948 natura
1222 891 1555 948 beatificetur
1581 892 1925 959 intrinsecus,
1957 894 2085 949 doc-

498 985 640 1040 trina
671 984 1006 1038 ministratur
1035 984 1392 1040 extrinsecus.
1422 984 1572 1052 Quod
1594 994 1771 1040 autem
1810 985 1878 1040 ad
1924 985 2084 1041 arbo-

495 1093 610 1134 rem
641 1077 856 1133 colendi
883 1077 1227 1148 negligentia,
1262 1079 1363 1134 hoc
1396 1078 1463 1132 ad
1493 1091 1688 1148 corpus
1717 1077 1966 1134 medendi
2005 1079 2086 1132 in-

495 1172 668 1237 curia,
703 1171 803 1228 hoc
828 1172 896 1226 ad
917 1173 1151 1227 animam
1197 1172 1440 1230 discendi
1470 1173 1697 1243 segnitia
1724 1190 1737 1228 :
1767 1183 1823 1229 et
1854 1175 1995 1243 quod
2019 1174 2087 1229 ad

500 1264 749 1319 arborem
779 1264 975 1320 humor
996 1265 1219 1332 inutilis,
1255 1267 1356 1321 hoc
1383 1266 1449 1322 ad
1477 1281 1671 1336 corpus
1701 1267 1872 1322 victus
1893 1267 2086 1323 exitia-

498 1357 646 1425 bilis,
680 1358 783 1413 hoc
806 1357 871 1413 ad
909 1359 1144 1414 animam
1172 1360 1450 1428 persuasio
1485 1359 1804 1429 iniquitatis.
1830 1361 2088 1416 Deusita-

503 1465 610 1521 que
636 1464 797 1519 super
822 1452 998 1506 omnia
1021 1451 1112 1520 qui
1138 1451 1379 1506 condidit
1406 1452 1605 1512 omnia.
1639 1462 1694 1506 ct
1723 1453 1858 1522 regit
1884 1455 2085 1521 omnia,

499 1559 689 1600 omnes
711 1553 930 1600 naturas
953 1544 1124 1600 bonus
1149 1542 1361 1617 [bonas]
1387 1552 1553 1609 creat,
1580 1559 1767 1599 omnes
1790 1544 2088 1601 voluntates

498 1639 671 1710 justus
702 1639 933 1695 ordinat.
984 1638 1123 1707 Quid
1149 1654 1276 1709 ergo
1307 1638 1561 1694 abhorret
1587 1655 1616 1694 a
1651 1655 1800 1705 vero,
1833 1640 1877 1694 si
1899 1640 2088 1695 creda-

499 1750 621 1791 mus
643 1736 913 1792 hominem
948 1735 1020 1790 ita
1048 1736 1102 1790 in
1133 1735 1380 1805 paradiso
1408 1737 1781 1801 constitutum,
1814 1745 1871 1789 ut
1899 1750 2089 1803 opera-

2187 545 2289 600 pus
2320 542 2500 587 motus
2530 532 2777 587 conditus
2823 533 3067 603 spiritus,
3100 535 3170 589 ita
3214 550 3312 604 per
3339 547 3557 604 tempus
3607 553 3794 599 movet

2185 621 2460 676 conditum
2498 623 2742 692 spiritum
2792 622 2909 690 ipse
2956 639 3054 678 nec
3087 640 3178 694 per
3206 634 3417 694 tempus
3446 643 3555 684 nec
3587 645 3691 699 per
3717 631 3794 687 lo-

2189 729 2310 767 cum
2342 725 2519 769 motus
2563 715 2808 770 conditor
2861 715 3125 784 Spiritus:
3174 717 3268 773 sed
3299 719 3523 788 spiritus
3571 733 3791 780 creatus

2186 813 2369 860 movet
2415 807 2655 875 seipsum
2687 821 2781 875 per
2821 814 3056 877 tempus,
3104 817 3155 863 et
3204 824 3300 878 per
3346 819 3567 880 tempus
3615 814 3687 868 ad
3729 816 3795 869 lo-

2193 912 2316 954 cum
2342 913 2539 968 corpus
2565 917 2578 952 :
2608 901 2828 969 spiritus
2854 908 3031 955 autem
3064 912 3276 957 creator
3305 915 3489 960 movet
3519 907 3791 976 seipsum,

2198 987 2315 1044 sine
2339 997 2582 1058 tempore
2616 1006 2679 1046 ac
2720 993 2860 1060 loco,
2889 1002 3069 1049 movet
3095 995 3368 1050 conditum
3410 997 3676 1066 spiritum
3707 1013 3793 1068 per

2201 1090 2413 1152 tempus
2442 1084 2559 1139 sine
2613 1086 2755 1152 loco,
2786 1097 2964 1141 movet
3012 1102 3207 1157 corpus
3256 1105 3350 1158 per
3380 1099 3607 1160 tempus
3636 1103 3690 1147 et
3719 1095 3790 1148 lo-

2197 1188 2344 1231 cum.
2391 1174 2650 1242 Quocirca
2697 1178 2938 1248 quisquis
2983 1179 3287 1250 intelligere
3327 1192 3558 1238 conatur
3615 1200 3794 1255 quem-

2191 1267 2479 1321 admodum
2535 1278 2765 1324 mternus
2812 1285 2938 1327 vere
2983 1281 3040 1327 et
3075 1288 3202 1328 vere
3256 1275 3591 1330 immortalis
3637 1288 3789 1346 atque

2196 1356 2650 1416 incommutabilis
2680 1362 2819 1417 Deus
2846 1363 2962 1432 ipse
2990 1403 3007 1431 ,
3040 1379 3140 1420 nec
3186 1381 3283 1435 per
3325 1366 3506 1421 locum
3543 1383 3656 1423 nec
3707 1385 3792 1437 per

2203 1459 2414 1521 tempus
2468 1463 2688 1520 motus,
2742 1466 2954 1510 moveat
3005 1458 3376 1527 temporaliter
3424 1471 3483 1514 et
3548 1460 3790 1516 localiter

2195 1554 2498 1601 creaturam
2527 1562 2704 1613 suam,
2749 1563 2854 1602 non
2906 1564 3029 1604 eum
3061 1559 3188 1619 puto
3214 1565 3374 1619 posse
3411 1557 3662 1620 assequi,
3697 1554 3787 1608 nisi

2197 1639 2347 1707 prius
2373 1639 2702 1696 intellexerit
2727 1641 3178 1710 quemadmodum
3203 1644 3406 1709 anima,
3434 1644 3537 1699 hoc
3570 1655 3661 1700 est
3691 1647 3788 1707 Spi-

2201 1731 2340 1785 ritus
2363 1742 2598 1797 creatus,
2626 1748 2732 1787 non
2763 1749 2857 1802 per
2879 1734 3078 1801 locum,
3102 1735 3196 1789 sed
3219 1742 3424 1790 tantum
3458 1754 3554 1806 per
3587 1749 3787 1807 tempus

499 1835 650 1881 retur
695 1827 1072 1896 agriculturam
1099 1867 1117 1894 ,
1148 1840 1252 1880 non
1299 1825 1481 1880 labore
1507 1825 1714 1889 servili,
1739 1826 1833 1881 sed
1859 1826 2086 1880 honesta
2118 1822 2166 1882 B
2193 1833 2374 1877 motus
2398 1863 2413 1890 ,
2435 1833 2653 1879 moveat
2678 1840 2875 1895 corpus
2903 1841 2997 1895 per
3021 1836 3230 1897 tempus
3251 1837 3306 1883 et
3333 1829 3536 1884 locum.
3561 1830 3622 1886 Si
3651 1832 3782 1886 enim

500 1919 666 1974 animi
719 1919 1026 1988 voluptate?
1080 1919 1219 1986 Quid
1245 1918 1392 1972 enim
1423 1919 1525 1974 hoc
1557 1933 1718 1989 opere
1746 1919 2086 1975 innocentius

501 2010 852 2064 vacantibus?
907 2017 964 2064 et
1010 2009 1137 2079 quid
1197 2009 1405 2078 plenius
1433 2024 1621 2078 magna
1653 2009 2089 2065 consideratione

505 2101 892 2170 prudentibus?

1080 2237 1314 2294 CAPUT
1355 2237 1541 2295 XLIII.

504 2331 657 2397 Quod
685 2338 876 2387 eterna
893 2331 1168 2400 Divinims,
1189 2348 1280 2385 nec
1309 2347 1401 2400 pro
1423 2330 1732 2401 temporibus
1754 2345 1852 2401 nec
1866 2345 1958 2399 pro
1981 2330 2091 2384 loco

573 2413 732 2468 mota,
766 2414 962 2458 moveat
1003 2399 1311 2468 creaturam,
1344 2419 1406 2456 ea:
1447 2399 1578 2456 libro
1619 2418 1689 2456 vu
1721 2402 1782 2455 de
1811 2399 1993 2455 Genesi
2022 2402 2090 2453 ad

571 2475 823 2530 litteram.

572 2592 810 2647 Dicimus
839 2581 1021 2661 itaque
1049 2605 1320 2646 summum
1349 2592 1551 2661 ipsum,
1584 2606 1794 2657 verum,
1837 2606 2001 2645 unum
2028 2603 2089 2646 ac

504 2683 676 2740 solum
707 2684 874 2738 Deum
906 2683 1117 2737 Patrem
1151 2693 1205 2737 et
1234 2682 1428 2737 Filium
1459 2692 1512 2737 et
1538 2682 1794 2752 Spiritum
1821 2692 2090 2750 sanctum,

504 2775 558 2831 id
587 2784 671 2830 est
693 2776 859 2830 Deum
891 2776 1230 2843 Verbumque
1254 2777 1393 2846 ejus,
1421 2785 1474 2832 et
1503 2774 1782 2845 utriusque
1804 2776 2091 2845 Spiritum,

505 2866 822 2923 Trinitatem
854 2866 1046 2937 ipsam,
1094 2882 1268 2937 neque
1311 2867 1615 2932 confusam,
1647 2882 1822 2937 neque
1869 2881 2092 2937 separa-

505 2970 612 3016 tam
634 3003 649 3027 ,
680 2961 848 3016 Deum
874 2962 964 3032 qui
995 2962 1144 3016 solus
1173 2962 1336 3017 habet
1362 2963 1812 3016 immortalitatem
1845 2972 1899 3015 et
1920 2963 2093 3016 lucem

507 3055 713 3109 habitat
755 3055 1202 3125 inaccessibilem,
1234 3071 1391 3125 quem
1426 3071 1584 3111 nemo
1623 3055 1896 3110 hominum
1938 3054 2089 3122 vidit,

509 3161 606 3200 nec
637 3147 820 3202 videre
850 3156 1043 3216 potest,
1069 3162 1169 3203 nec
1187 3148 1436 3206 locorum
1462 3147 1544 3202 vel
1569 3147 1740 3213 finito,
1768 3147 1850 3200 vel
1882 3145 2092 3200 inï¬nito

508 3241 680 3309 spatio
709 3238 994 3304 contineri,
1020 3255 1119 3296 nec
1154 3249 1453 3308 temporum
1488 3239 1569 3294 vel
1596 3240 1746 3293 linito
1769 3239 1852 3293 vel
1883 3238 2092 3293 infinito

508 3332 779 3386 volumine
810 3332 1002 3386 variari
1029 3350 1042 3398 ;
1070 3347 1244 3399 neque
1277 3332 1420 3386 enim
1451 3340 1534 3385 est
1565 3332 1615 3384 in
1644 3331 1764 3398 ejus
1796 3331 2095 3386 substantia

507 3439 611 3495 qua
641 3423 780 3477 Deus
801 3433 904 3490 est,
935 3422 1078 3492 quod
1107 3422 1322 3477 brevius
1345 3423 1415 3476 sit
1443 3423 1495 3476 in
1526 3433 1677 3492 parte
1699 3436 1855 3490 quam
1882 3423 1934 3476 in
1961 3432 2094 3489 t0to,

505 3518 646 3574 sicut
673 3531 892 3573 necesse
919 3524 1005 3573 est
1029 3531 1151 3572 esse
1182 3515 1272 3587 [de
1303 3515 1410 3587 his]
1441 3532 1562 3588 quae
1592 3517 1643 3571 in
1676 3518 1806 3572 locis
1833 3528 1976 3583 sunt,
2008 3528 2097 3573 aut

508 3611 684 3665 fuitin
717 3611 834 3680 ejus
850 3611 1146 3664 substantia
1171 3610 1309 3679 quod
1330 3610 1439 3680 jam
1465 3625 1569 3665 non
1592 3618 1696 3678 est,
1720 3612 1804 3665 vel
1831 3612 1935 3667 erit
1955 3612 2098 3681 quod

508 3703 743 3755 nondum
789 3711 890 3762 est,
921 3702 1054 3756 sicut
1085 3702 1138 3754 in
1170 3703 1372 3756 naturis
1412 3717 1530 3769 qua:
1572 3711 1798 3772 possunt
1837 3704 2092 3771 temporis

509 3790 918 3847 mutabilitatem
948 3791 1076 3858 pati.
1112 3791 1209 3845 Hic
1236 3806 1363 3859 ergo
1409 3792 1831 3846 incommutabili
1883 3795 2099 3848 aeterni-

511 3890 620 3934 tate
651 3880 859 3945 vivens,
907 3880 1110 3934 creavit
1138 3881 1317 3933 omnia
1350 3879 1527 3936 simul.
1566 3881 1643 3935 Ex
1683 3882 1876 3949 quibus
1917 3900 2101 3941 curre-

510 3981 631 4028 rent
663 3980 927 4038 tempora,
959 3980 1014 4025 et
1049 3970 1402 4041 implerentur
1429 3971 1564 4037 loca,
1613 3974 2101 4045 temporalibusque

509 4078 568 4124 et
609 4067 870 4122 localibus
914 4079 1094 4120 rerum
1140 4062 1375 4119 motibus
1422 4065 1614 4119 srecula
1646 4065 2010 4122 volverentur.
2042 4069 2098 4123 ln

509 4162 706 4232 quibus
735 4160 895 4215 rebus
923 4157 1167 4228 quaadam
1198 4154 1484 4225 spiritalia,
1517 4157 1764 4226 quadam
1801 4160 2100 4229 corporalia

509 4255 773 4320 condidit,
820 4252 1060 4306 formans
1104 4248 1409 4315 materiam,
1456 4265 1615 4319 quam
1647 4265 1747 4306 nec
1791 4252 1947 4316 alius,
2002 4268 2101 4308 nec

510 4347 673 4411 ullus,
712 4345 806 4399 sed
835 4345 1054 4398 omnino
1088 4342 1202 4410 ipse
1234 4342 1514 4397 informem
1547 4357 1610 4398 ac
1650 4342 1982 4400 formabilem
2016 4346 2100 4400 in-

510 4438 708 4502 stituit,
735 4444 795 4490 ut
819 4433 1194 4490 formationem
1216 4447 1363 4487 suam
1389 4449 1494 4488 non
1517 4444 1758 4504 tempore
1778 4437 1870 4491 sed
1895 4437 2100 4508 origine

511 4530 857 4605 praeveniret.
888 4524 1200 4596 Spiritalem
1258 4533 1437 4579 autem
1479 4536 1778 4580 creaturam
1829 4531 2096 4598 corporali

2199 1919 2344 1988 quod
2369 1920 2419 1974 in
2445 1935 2504 1974 se
2529 1921 2644 1989 ipso
2673 1923 2846 1990 agitur
2871 1936 3067 1990 capere
3086 1923 3322 1978 nondum
3358 1935 3555 1991 potest,
3593 1937 3783 1996 quanto

2209 2018 2389 2074 minus
2438 2018 2566 2073 illud
2615 2020 2754 2089 quod
2783 2030 2941 2090 supra
2972 2021 3092 2075 est?
3122 2020 3325 2076 Alfecta
3369 2022 3565 2092 quippe
3615 2025 3782 2077 anima

2206 2110 2497 2165 carnalium
2516 2127 2767 2168 sensuum
2800 2114 3210 2179 consuetudine,
3227 2115 3390 2170 etiam
3414 2117 3644 2184 seipsam
3665 2132 3780 2170 cum

2199 2218 2434 2274 corpore
2479 2218 2575 2272 per
2605 2203 2779 2258 locum
2828 2205 3029 2259 moveri
3059 2203 3241 2273 putat,
3270 2205 3395 2259 dum
3418 2206 3468 2260 id
3481 2220 3575 2274 per
3601 2208 3777 2261 locum

2206 2307 2407 2351 movet.
2438 2297 2567 2364 Quae
2599 2298 2644 2349 si
2691 2296 2857 2365 possit
2903 2297 3184 2366 diligenter
3231 2298 3482 2368 inspicere
3520 2307 3770 2365 tanquam

2204 2387 2451 2443 cardines
2490 2387 2852 2441 membrorum
2894 2388 3136 2456 corporis
3188 2389 3302 2453 sui,
3336 2388 3774 2457 quemadmodum

2199 2478 2526 2533 articulatim
2555 2478 2802 2548 dispositi
2840 2479 2967 2544 sint,
3006 2493 3036 2531 a
3064 2478 3256 2546 quibus
3288 2478 3440 2533 initia
3486 2479 3779 2532 motionum

2194 2575 2456 2639 nitantur,
2480 2573 2719 2627 inveniet
2745 2587 2808 2627 ea
2840 2587 2959 2641 quae
2984 2586 3080 2641 per
3104 2572 3275 2640 spatia
3296 2571 3538 2626 locorum
3568 2587 3780 2626 moven-

2197 2676 2284 2722 tur
2313 2668 2412 2722 nisi
2453 2667 2519 2721 ab
2547 2668 2627 2721 eis
2666 2681 2786 2735 quae
2816 2666 2936 2720 loco
2972 2666 3074 2720 fixa
3106 2677 3230 2720 sunt
3264 2681 3369 2720 non
3415 2668 3647 2721 moveri.
3676 2667 3778 2720 Non

2195 2763 2339 2817 enim
2373 2768 2620 2815 movetur
2664 2759 2812 2814 solus
2851 2759 3068 2828 digitus,
3109 2760 3209 2813 nisi
3264 2773 3462 2815 manus
3516 2759 3620 2813 fixa
3665 2761 3777 2812 sita

2197 2854 2349 2922 cujus
2377 2853 2604 2907 articulo
2639 2853 2785 2907 velut
2838 2852 3062 2905 immoto
3090 2851 3311 2906 cardine
3354 2862 3642 2907 moveatur
3671 2870 3682 2903 :
3712 2852 3780 2905 sic

2198 2955 2313 3001 tota
2345 2947 2522 3016 palma
2553 2945 2621 3000 ab
2647 2945 2874 3000 articulo
2903 2944 3091 3012 cubiti,
3121 2946 3200 3000 sic
3227 2946 3442 3001 cubitus
3472 2948 3545 3002 ab
3572 2948 3778 3002 articulo

2199 3040 2446 3109 humeri,
2478 3041 2733 3094 humerus
2762 3055 2792 3093 a
2821 3039 3040 3108 scapula
3071 3047 3450 3093 commovetur
3478 3055 3494 3093 :
3529 3039 3778 3092 stantibus

2199 3133 2390 3202 utique
2418 3132 2729 3186 cardinibus
2775 3130 2969 3200 quibus
3016 3129 3185 3186 motio
3231 3131 3462 3195 nitatur,
3499 3132 3542 3184 it
3571 3146 3660 3199 per
3689 3129 3780 3184 loci

2199 3225 2429 3293 spatium
2462 3223 2604 3292 quod
2642 3232 2917 3278 movetur:
2944 3223 3020 3277 sic
3051 3222 3242 3291 plantae
3274 3223 3328 3276 in
3354 3222 3463 3275 talo
3489 3231 3576 3276 est
3597 3224 3779 3275 articu-

2161 3341 2164 3346 -
2199 3315 2304 3382 lus,
2331 3330 2437 3385 quo
2459 3325 2638 3370 stante
2668 3325 2912 3369 movetur
2937 3332 2950 3380 ;
2986 3313 3067 3368 sic
3087 3314 3258 3368 cruris
3289 3314 3341 3366 in
3375 3329 3523 3384 genu
3551 3323 3604 3368 et
3632 3312 3782 3368 mlius

2200 3407 2355 3478 pedis
2384 3407 2438 3461 in
2461 3420 2596 3461 coxa
2620 3424 2631 3459 :
2663 3415 2718 3461 et
2748 3404 2948 3459 nullius
2973 3404 3204 3459 membri
3234 3416 3417 3459 matus
3445 3407 3660 3460 omnino
3679 3412 3774 3464 est,

2199 3517 2360 3571 quem
2383 3501 2638 3554 voluntas
2661 3510 2860 3566 movet,
2886 3498 2990 3552 nisi
3017 3499 3084 3552 ab
3109 3497 3290 3568 aliquo
3322 3499 3540 3553 articuli
3570 3497 3784 3571 [articu-

2210 3592 2334 3664 lari]
2358 3593 2576 3647 cardine
2596 3607 2755 3662 quem
2780 3600 2943 3645 nutus
2965 3589 3207 3659 ejusdem
3233 3589 3527 3645 voluntatis
3550 3590 3784 3658 primitus

2201 3685 2334 3755 figit,
2356 3695 2414 3739 ut
2438 3685 2504 3739 ab
2527 3698 2592 3738 eo
2613 3683 2753 3753 quod
2775 3682 2877 3736 loci
2905 3682 3080 3752 spatio
3107 3696 3212 3735 non
3239 3692 3491 3735 movetur
3511 3681 3592 3748 agi
3617 3680 3787 3733 valeat

2200 3778 2342 3846 quod
2373 3784 2641 3830 movetur.
2678 3774 2914 3844 Denique
2955 3789 3055 3829 nec
3085 3773 3196 3842 jam
3239 3773 3295 3828 in
3343 3771 3652 3827 ambulando
3676 3785 3784 3838 pes

2206 3868 2435 3937 levatur,
2471 3869 2573 3923 nisi
2603 3868 2739 3923 alius
2781 3869 2920 3922 fixus
2961 3877 3127 3923 totum
3173 3881 3370 3935 corpus
3411 3865 3556 3932 ferat,
3598 3863 3780 3917 donec

2201 3960 2290 4015 ille
2320 3960 2410 4029 qui
2439 3968 2616 4014 motus
2647 3969 2730 4015 est
2757 3974 2788 4013 a
2819 3960 2939 4014 loco
2970 3958 3111 4013 unde
3141 3958 3331 4026 fertur,
3365 3958 3430 4011 ad
3469 3956 3642 4010 locum
3675 3970 3788 4025 quo

2201 4048 2371 4105 fertur
2402 4051 2509 4106 into
2541 4048 2806 4121 [immoto]
2836 4051 3063 4105 articulo
3101 4050 3185 4104 sui
3225 4049 3458 4105 cardinis
3506 4048 3786 4102 innitatur.

2202 4139 2371 4195 Porro
2401 4143 2444 4194 si
2471 4143 2522 4193 in
2553 4156 2783 4210 corpore
2809 4141 3015 4195 nullum
3039 4140 3339 4194 membrum
3364 4155 3460 4208 per
3486 4140 3664 4193 iocum
3695 4154 3790 4192 vo-

2201 4232 2381 4288 luntas
2411 4240 2612 4297 movet,
2645 4231 2747 4287 nisi
2779 4233 2848 4287 ab
2877 4247 2944 4289 eo
2974 4231 3200 4287 membri
3232 4231 3458 4286 articulo
3486 4246 3650 4300 quem
3685 4247 3788 4285 non

2203 4336 2401 4391 movet,
2426 4341 2548 4381 cum
2573 4333 2627 4380 et
2645 4325 2736 4379 illa
2766 4338 2892 4393 pars
2919 4325 3162 4394 corporis
3183 4339 3302 4394 quae
3324 4333 3592 4388 movetur,
3622 4335 3680 4378 et
3705 4325 3789 4377 illa

2205 4434 2307 4490 qua
2339 4421 2446 4473 fixa
2478 4420 2581 4484 sit,
2608 4427 2667 4472 ut
2695 4427 3014 4472 movenatur
3043 4430 3328 4485 corporeas
3358 4415 3592 4469 habeant
3625 4431 3793 4485 quan-

2205 4513 2388 4567 titates
2411 4525 2555 4576 suas,
2583 4511 2772 4588 quibus
2799 4520 3068 4580 occupent
3088 4510 3258 4579 Spatia
3279 4510 3518 4564 locorum
3543 4523 3791 4572 suorum,

512 4581 828 4692 praeposuit,
866 4581 1006 4687 quod
1038 4614 1294 4685 spiritalis
1325 4617 1693 4672 tantummodo
1733 4633 1830 4686 per
1858 4581 2096 4688 tempora
2125 4581 2179 4641 Î’
2207 4616 2405 4677 quanio
2433 4606 2603 4674 magis
2632 4605 2761 4674 ipsac
2790 4606 2981 4659 anima?
3014 4614 3172 4659 Î·Ï…Î¹Ï…Îµ
3211 4605 3293 4658 ÎµÏ…á¿–
3326 4604 3568 4657 membra
3606 4603 3792 4657 deser-

513 4712 710 4771 mutari
739 4719 938 4782 posset,
967 4708 1263 4778 corporalis
1286 4717 1463 4764 autem
1489 4725 1584 4778 per
1611 4721 1848 4778 tempora
1875 4721 1930 4766 et
1956 4712 2093 4768 loca.

513 4805 761 4875 Exempli
789 4803 931 4858 enim
972 4802 1157 4873 gratia,
1192 4817 1290 4872 per
1332 4811 1542 4871 tempus
1587 4814 1831 4858 movetur
1859 4804 2092 4873 animus,

512 4905 600 4963 vel
645 4900 1042 4960 reminiscendo
1089 4898 1231 4969 quod
1281 4898 1481 4954 oblitus
1527 4909 1662 4964 erat,
1714 4900 1798 4954 vel
1843 4899 2098 4956 discendo

512 5001 657 5075 quod
688 4997 985 5062 nesciebat,
1010 4994 1098 5050 vel
1143 4992 1377 5049 volendo
1403 4993 1543 5063 quod
1576 4994 1788 5049 nolebat
1815 5011 1829 5049 :
1858 5008 1954 5064 per
1981 4995 2098 5051 loca

511 5109 692 5152 autem
735 5104 952 5161 corpus,
984 5089 1066 5143 vel
1096 5101 1126 5140 a
1155 5097 1296 5142 terra
1327 5087 1378 5141 in
1427 5088 1645 5152 caelum,
1691 5087 1776 5142 vel
1816 5104 1842 5139 a
1874 5087 2013 5142 ctelo
2044 5087 2096 5142 in

511 5200 737 5253 terram,
767 5185 850 5240 vel
876 5185 942 5238 ab
964 5181 1170 5237 oriente
1191 5180 1260 5234 ad
1285 5177 1386 5251 [in]
1415 5180 1772 5247 occidentem,
1805 5180 1885 5234 vel
1916 5180 1961 5234 si
1991 5195 2098 5250 quo

452 5333 455 5338 .
511 5281 618 5336 alio
647 5277 808 5334 simili
831 5276 1010 5332 modo.
1040 5274 1213 5331 Omne
1243 5281 1422 5326 autem
1452 5271 1594 5341 quod
1622 5282 1867 5327 movetur
1895 5286 1992 5341 per
2018 5272 2096 5326 lo-

511 5387 659 5438 cum,
689 5386 794 5426 non
819 5376 997 5439 potest
1021 5367 1122 5423 nisi
1148 5374 1205 5421 et
1233 5379 1327 5435 per
1351 5373 1560 5433 tempus
1588 5365 1745 5418 simul
1775 5365 2001 5421 moveri.
2025 5367 2097 5420 At

510 5481 621 5522 non
661 5477 824 5520 omne
853 5459 995 5532 quod
1041 5467 1287 5516 movetur
1341 5471 1437 5528 per
1485 5467 1713 5527 tempus,
1746 5471 1969 5512 necesse
2013 5465 2096 5511 est

434 5547 466 5609 7*".
512 5557 676 5612 etiam
701 5571 798 5627 per
823 5557 999 5611 locum
1019 5553 1239 5608 moveri.
1269 5548 1421 5607 Sicut
1441 5565 1568 5620 ergo
1595 5551 1947 5605 substantiam
1976 5565 2094 5619 quae

515 5660 764 5706 movetur
796 5664 888 5719 per
942 5657 1154 5716 tempus
1181 5657 1235 5699 et
1267 5644 1441 5700 locum
1490 5643 1750 5713 praecedit
1799 5643 2094 5698 substantia

515 5757 636 5811 qua:
660 5751 864 5796 tantum
894 5755 990 5808 per
1012 5749 1242 5807 tempus,
1272 5737 1342 5792 ita
1375 5737 1546 5805 ipsam
1577 5736 1834 5804 praecedit
1858 5735 1943 5789 illa
1974 5750 2095 5804 quae

519 5843 621 5888 nec
647 5846 740 5899 per
766 5832 942 5888 locum
973 5845 1072 5887 nec
1100 5845 1196 5900 per
1218 5837 1449 5901 tempus,
1485 5843 1550 5885 ac
1577 5841 1672 5898 per
1698 5825 1799 5883 hoc
1835 5827 1973 5882 sicut
2003 5841 2097 5896 per

2204 4700 2381 4767 viunt,
2417 4698 2642 4768 utquod
2690 4698 2946 4768 placuerit
2995 4699 3208 4768 figatur,
3244 4698 3384 4751 unde
3413 4695 3464 4750 id
3494 4699 3644 4765 quod
3680 4712 3794 4750 mo-

2205 4799 2438 4856 vendum
2467 4806 2552 4853 est
2582 4797 2862 4862 innitatur,
2886 4811 3006 4851 cum
3034 4796 3211 4849 anima
3239 4810 3343 4849 non
3366 4794 3434 4847 sit
3457 4803 3652 4846 natura
3681 4809 3797 4847 co;-

2207 4906 2392 4963 porea,
2423 4903 2523 4944 nec
2571 4888 2723 4944 locali
2755 4888 2927 4957 spatio
2973 4901 3167 4955 corpus
3196 4886 3436 4954 impleat,
3469 4885 3610 4938 sicut
3660 4899 3796 4953 aqua

2205 4995 2383 5042 utrem
2428 4985 2542 5039 sive
2582 4981 2881 5052 Spongiam,
2913 4979 3008 5034 sed
3039 4980 3190 5033 miris
3235 4977 3404 5031 modis
3449 4977 3564 5044 ipso
3603 4975 3799 5030 incor-

2207 5095 2370 5150 poreo
2411 5087 2542 5133 nutu
2586 5077 2882 5132 commixta
2911 5077 2980 5129 sit
3008 5073 3330 5128 vivificando
3357 5073 3569 5139 corpori
3595 5113 3611 5134 ,
3649 5077 3800 5142 quod

2207 5170 2357 5246 [quo]
2407 5180 2462 5225 et
2501 5170 2728 5239 imperat
2767 5169 2981 5237 corpori
3027 5166 3256 5234 quadam
3300 5164 3632 5232 intentione,
3693 5181 3802 5220 non

2207 5264 2349 5319 mole
2377 5280 2389 5328 ;
2423 5272 2624 5332 quanto
2653 5259 2842 5329 magis,
2875 5259 3114 5328 inquam,
3150 5267 3309 5312 nutus
3353 5257 3468 5326 ipse
3494 5258 3806 5312 voluntatis

2201 5356 2340 5427 ejus,
2375 5370 2479 5410 non
2511 5369 2603 5423 per
2633 5353 2809 5408 locum
2858 5359 3103 5406 movetur
3142 5360 3200 5404 ut
3244 5364 3437 5419 corpus
3479 5364 3576 5416 per
3606 5350 3805 5403 locum

2205 5447 2670 5517 moveat,quando
2691 5454 2861 5500 totum
2892 5460 2986 5515 per
3015 5453 3196 5514 partes
3223 5453 3421 5509 movet,
3445 5458 3548 5498 nec
3577 5446 3811 5516 aliquas

2203 5543 2322 5598 loco
2341 5550 2538 5608 movet,
2565 5542 2670 5594 nisi
2699 5556 2795 5609 per
2821 5539 2940 5594 illas
2967 5554 3099 5609 quas
3122 5539 3240 5594 loco
3264 5555 3368 5593 non
3392 5539 3608 5593 movet?
3635 5541 3810 5606 Quod

2205 5637 2249 5691 si
2274 5636 2571 5704 intelligere
2596 5633 2814 5689 difficile
2836 5642 2940 5698 est,
2966 5643 3250 5702 utrumque
3271 5634 3540 5696 credatur,
3565 5643 3618 5687 et
3647 5634 3814 5702 quod

2201 5741 2448 5787 creatura
2479 5730 2755 5800 spiritalis,
2788 5744 2890 5784 non
2915 5745 3007 5798 per
3038 5729 3212 5784 locum
3242 5738 3403 5788 mota,
3431 5737 3649 5782 moveat
3675 5744 3818 5784 cor-

2203 5839 2306 5897 pus
2331 5839 2424 5896 per
2448 5826 2648 5892 locum,
2673 5835 2726 5880 et
2749 5824 2892 5894 quod
2916 5824 3078 5890 Deus,
3099 5841 3203 5881 non
3227 5840 3323 5895 per
3347 5833 3554 5892 tempus
3575 5835 3820 5895 matus,
