3968 6390
208 335 310 396 649

1335 353 1771 414 THESAUBUS.
1809 355 1961 414 CAP.
2007 355 2192 418 χιινι

3381 361 3487 419 650

204 462 418 511 moveat
446 463 744 514 creaturam
768 458 1060 531 spiritalem
1091 477 1188 535 per
1209 474 1441 538 tempus.
1461 470 1612 536 Quod
1636 471 1679 524 si
1711 471 1778 526 de
1808 475 1862 535 Α
1886 480 1993 540 tur,
2013 483 2068 530 et
2095 475 2212 545 ejus
2234 476 2287 532 in
2311 477 2656 536 inferioribus
2674 481 2821 551 jussa
2844 484 3150 556 perﬁciunt,
3191 497 3468 544 moventes

199 549 380 603 anima
411 551 634 620 quisque
661 569 766 608 non
815 556 926 609 vult
960 558 1059 611 hoc
1103 561 1346 630 credere,
1389 565 1530 633 quod
1559 564 1772 634 quidem

199 642 316 695 sine
345 641 507 696 dubio
539 661 644 700 non
673 647 847 702 solum
888 649 1150 715 crederet,
1194 656 1544 710 verumetiam
1581 657 1778 712 intelli-

197 745 369 804 geret,
399 737 445 790 si
477 753 593 792 eam
625 750 806 808 posset
827 744 981 797 sicuti
1005 753 1089 798 est
1118 744 1487 815 incorpoream
1509 750 1772 818 cogitare;
1862 770 1869 776 ·

195 829 282 880 cui
329 830 472 884 enim
505 846 610 886 non
643 833 797 889 facile
827 846 1094 903 occurrat,
1129 840 1268 906 quod
1313 855 1405 908 per
1448 841 1620 896 locum
1669 858 1775 897 non

192 932 498 992 movi-atur,
515 941 633 993 qua:
662 941 756 995 per
779 928 877 982 loci
902 930 1071 998 spatia
1094 945 1200 985 nou
1226 931 1584 987 distenditur?
1601 935 1776 1003 (quid-

190 1012 322 1082 quid
347 1023 522 1070 autem
553 1031 645 1085 per
668 1017 766 1072 loci
795 1021 964 1088 spatia
992 1021 1337 1091 distenditur,
1363 1039 1563 1094 corpus
1584 1036 1688 1094 est,
1712 1042 1776 1083 ac

188 1116 290 1173 per
320 1105 420 1160 hoc
451 1122 787 1180 consequens
816 1121 897 1166 est
923 1123 980 1166 ut
1010 1113 1184 1168 anima
1218 1131 1312 1184 per
1351 1117 1527 1172 locum
1570 1119 1774 1174 moveri

186 1210 298 1250 non
327 1208 556 1265 putetur,
582 1201 624 1255 si
651 1216 843 1272 corpus
863 1219 984 1260 esse
1010 1221 1116 1261 non
1145 1209 1450 1280 credatur;)
1479 1211 1594 1278 sed,
1623 1221 1680 1266 ut
1701 1211 1775 1266 di-

185 1302 315 1343 cere
365 1305 656 1362 cmperam,
685 1294 730 1348 si
773 1295 840 1351 de
870 1299 1047 1352 anima
1094 1301 1318 1370 quisque
1365 1301 1467 1356 hoc
1507 1317 1613 1358 non
1663 1304 1776 1358 vult

184 1381 427 1448 credere,
453 1400 560 1439 non
587 1389 860 1456 urgendus
887 1399 998 1456 est;
1024 1392 1372 1448 substantiam
1397 1410 1525 1450 vero
1554 1396 1644 1449 Dei
1668 1396 1773 1450 nisi

182 1473 371 1528 credat
397 1489 495 1530 nec
527 1491 622 1545 per
658 1487 885 1547 tempus,
913 1496 1010 1536 nec
1050 1497 1145 1551 per
1169 1483 1348 1538 locum
1378 1486 1602 1552 moveri,
1633 1501 1772 1540 non-

179 1564 313 1620 dum
366 1568 602 1637 perfecte
631 1572 1122 1630 incommutabilem
1167 1577 1358 1632 credit.
1407 1577 1602 1634 Verum
1649 1580 1768 1649 quia

179 1659 406 1714 omnino
425 1661 877 1719 incommutabilis
899 1675 981 1722 est
1005 1667 1090 1722 illa
1112 1679 1298 1724 natura
1317 1670 1614 1738 Trinitatis,
1630 1681 1684 1727 et
1700 1673 1769 1726 ob

177 1750 286 1805 hoc
305 1752 382 1805 ita
404 1763 602 1809 aeterna
627 1766 685 1810 ut
709 1760 756 1812 ei
788 1761 989 1830 aliquid
1018 1774 1343 1818 coaeternum
1369 1779 1488 1821 esse
1516 1781 1621 1820 non
1646 1781 1767 1836 pos-

1881 578 1940 618 se
1983 581 2078 634 per
2110 577 2337 638 tempus,
2374 586 2568 640 corpus
2597 585 2775 629 autem
2811 593 2904 647 per
2935 590 3146 652 tempus
3174 593 3229 640 et
3261 583 3462 649 locum,

1881 668 2139 727 quantum
2170 677 2356 718 eorum
2379 668 2621 735 congruit
2649 672 2869 728 aetioni.

2439 799 2668 858 CAPUT
2707 803 2890 861 XLIV.

1882 884 2033 951 Quod
2059 904 2159 973 non
2182 891 2271 956 per
2291 892 2455 973 ipsam
2488 893 2596 973 _Dei_
2607 898 2968 973 substantiam,
2983 904 3075 956 sed
3091 919 3182 973 per
3204 906 3461 960 subditam

1949 969 2258 1037 creaturam,
2288 973 2333 1015 et
2357 966 2543 1037 lroctttio
2563 968 2739 1021 divina
2760 970 2827 1022 ad
2845 971 3032 1037 Adam,
3056 966 3102 1027 et
3121 975 3470 1032 deambulatio

1948 1029 2007 1115 in.
2050 1032 2290 1115 paradiso
2345 1035 2521 1115 debeat
2549 1039 2916 1115 _incunctanter
2964 1029 3201 1115 intelligi.
3235 1029 3463 1104 tum};

1950 1098 2079 1151 libro
2112 1116 2200 1154 vm
2232 1100 2414 1159 Genes.
2445 1108 2511 1158 ad
2541 1108 2780 1167 litteram.

1948 1211 2100 1276 Quod
2143 1222 2320 1269 autem
2371 1221 2561 1273 attinet
2610 1223 2675 1276 ad
2716 1233 2977 1282 creaturae
3008 1231 3262 1300 angelicae
3291 1235 3460 1290 actio-

1877 1317 2023 1370 nem,
2049 1321 2146 1374 per
2175 1323 2334 1375 quam
2361 1311 2730 1369 universarum
2759 1333 2936 1374 rerum
2966 1323 3258 1388 generibus
3287 1327 3462 1382 maxi-

1875 1410 2072 1465 meque
2103 1399 2336 1456 humano
2360 1403 2694 1471 providentia
2727 1409 2820 1464 Dei
2851 1415 3188 1484 prospicitur,
3223 1419 3335 1486 ipsa
3369 1434 3464 1474 ex-

1877 1486 2140 1544 trinsecus
2160 1491 2398 1559 adjuvat,
2422 1503 2475 1549 et
2495 1509 2592 1565 per
2614 1495 2702 1550 illa
2722 1499 2832 1553 visa
2851 1517 2968 1572 qua:
2985 1506 3175 1562 similia
3200 1520 3324 1564 sunt
3341 1525 3467 1565 cor--

1874 1579 2169 1646 poralibus,
2190 1593 2243 1637 et
2259 1599 2355 1652 per
2383 1587 2495 1654 ipsa
2512 1603 2739 1657 corpora
2759 1608 2876 1661 quae
2898 1598 3157 1663 angelicas
3179 1603 3463 1670 sulijacent.’

1873 1673 2150 1734 potestati.
2177 1674 2309 1740 Quae
2333 1689 2454 1730 cum
2483 1677 2553 1732 ita
2581 1680 2707 1745 sint,
2732 1696 2854 1736 cum
2879 1684 3022 1741 Deus
3038 1691 3376 1758 omnipotens
3403 1705 3464 1748 et.

1873 1762 2244 1831 omnitenens,
2275 1767 2700 1826 incommutabili
2731 1777 3051 1841 :eternitate,
3084 1781 3327 1850 veritate,
3359 1799 3458 1838 vo-

177 1842 287 1908 sit,
313 1847 424 1912 ipsa
449 1848 588 1916 apud
618 1849 852 1919 scipsam
875 1863 928 1907 et
949 1855 1000 1908 in
1023 1837 1197 1924 seipsa
1215 1897 1231 1923 ,
1254 1857 1372 1912 sine
1399 1857 1506 1911 ullo
1533 1866 1774 1926 tempore
1801 1856 1852 1918 B
1878 1850 2104 1943 lunlale.
2129 1872 2342 1930 semper
2371 1861 2534 1929 idem,
2562 1879 2668 1920 non
2695 1882 2790 1936 per
2818 1877 3026 1939 tempus
3039 1887 3138 1928 nec
3162 1890 3259 1943 per
3280 1879 3455 1932 locum

176 1948 238 1990 ac
268 1937 405 2003 loco,
427 1951 606 1997 movet
631 1951 806 2000 tamen
834 1962 926 2016 per
949 1957 1157 2018 tempus
1184 1959 1238 2004 et
1267 1950 1440 2005 locum
1465 1951 1564 2006 sibi
1589 1951 1774 2006 subdi-

176 2035 286 2083 tam
317 2041 614 2088 creaturam
642 2077 658 2102 ,
691 2048 908 2094 naturas
937 2054 1128 2096 creans
1160 2041 1395 2097 bonitate
1417 2084 1430 2108 ,
1465 2043 1770 2098 voluntates

174 2123 432 2179 ordinans
459 2137 742 2198 potestate,
774 2142 829 2185 ut
855 2132 908 2187 in
941 2135 1143 2188 naturis
1167 2136 1306 2190 nulla
1330 2137 1400 2192 sit
1429 2153 1546 2207 quae
1571 2152 1676 2192 non
1701 2137 1770 2192 ab

173 2213 268 2266 Illo
290 2216 399 2287 38
416 2219 504 2284 sit,
540 2220 590 2274 in
623 2223 982 2280 voluntatibus
1013 2237 1214 2294 autem,
1248 2228 1389 2282 nulla
1419 2230 1552 2283 bona
1581 2231 1666 2284 cui
1698 2233 1770 2284 sit

170 2323 281 2362 non
313 2314 483 2379 prosit
516 2312 608 2385 [F.
636 2317 673 2369 ι.
704 2317 930 2388 praesit],
958 2321 1097 2374 nulla
1130 2321 1266 2374 mala
1298 2322 1368 2376 sit
1395 2337 1495 2392 qua
1532 2323 1664 2376 bene
1694 2322 1771 2376 uti

169 2417 282 2456 non
308 2406 494 2470 possit.
521 2406 624 2460 Sed
645 2411 766 2477 quia
789 2425 894 2464 non
916 2411 1164 2466 omnibus
1189 2413 1391 2467 naturis
1412 2412 1558 2469 dedit
1584 2413 1770 2467 volun-

171 2493 308 2546 tatis
329 2493 626 2561 arbitrium,
643 2498 748 2552 illa:
774 2509 948 2554 autem
972 2502 1164 2571 quibus
1188 2503 1334 2558 dedit
1357 2505 1685 2572 potentiores
1707 2518 1770 2559 ac

171 2585 490 2650 superiores
512 2598 654 2653 sunt,
683 2587 785 2644 illze
811 2599 1013 2647 naturae
1035 2609 1155 2662 qua:
1181 2609 1285 2648 non
1304 2594 1498 2650 habent
1521 2597 1765 2651 volunta-
1805 2585 1814 2593 ’

175 2682 290 2727 tetu
323 2676 552 2731 subditae
581 2679 688 2734 siut
719 2697 942 2739 necesse
968 2694 1050 2739 est
1082 2686 1157 2740 illi
1189 2702 1308 2757 qua:
1339 2688 1503 2743 habet
1529 2707 1540 2741 :
1575 2697 1632 2743 et
1663 2691 1766 2746 hoc

167 2765 517 2823 ordinatione
539 2771 833 2841 Creatoris,
864 2777 953 2845 qui
983 2792 1254 2848 nunquam
1287 2781 1358 2834 ita
1393 2781 1548 2849 punit
1577 2781 1768 2837 volun-

167 2866 338 2914 tatem
369 2863 594 2928 malam,
628 2874 687 2919 ut
715 2876 920 2922 naturae
967 2872 1197 2938 perimat
1244 2873 1580 2943 dignitatem.
1631 2875 1762 2930 Cum

165 2949 336 3018 igitur
366 2966 526 3008 omne
553 2968 748 3024 corpus
777 2966 831 3012 et
869 2960 1044 3014 omnis
1075 2962 1254 3017 anima
1293 2963 1623 3021 irrationalis
1655 2961 1760 3021 non

165 3041 374 3099 haheat
399 3047 688 3103 voluntatis
717 3051 1018 3119 arbitrium,
1044 3055 1257 3110 subdita
1289 3057 1386 3110 ista
1411 3066 1537 3130 sunt
1562 3059 1638 3114 eis
1668 3072 1763 3114 na-

163 3137 310 3192 turis
337 3154 456 3209 quae
487 3141 726 3210 praeditas
758 3156 884 3200 sunt
911 3148 1135 3203 arbitrio
1163 3149 1478 3217 voluntatis,
1513 3166 1612 3206 nec
1643 3166 1759 3207 om-

1876 1941 2075 2012 moths,
2105 1963 2283 2006 movet
2309 1969 2403 2024 per
2430 1965 2641 2028 tempus
2667 1972 2966 2016 creaturam
2991 1967 3285 2034 spiritalem
3304 2011 3319 2035 ,
3345 1986 3455 2026 mo-

1873 2049 1962 2094 vet
1978 2042 2136 2096 etiam
2160 2058 2254 2111 per
2275 2053 2485 2117 tempus
2507 2059 2562 2104 et
2582 2051 2755 2106 locum
2769 2062 3065 2109 creaturam
3091 2060 3454 2126 corporalem,

1873 2142 1932 2185 ut
1965 2147 2031 2186 eo
2055 2143 2208 2189 motu
2240 2147 2457 2194 naturas
2479 2156 2612 2209 quas
2641 2141 2966 2200 intrinsecus
2996 2146 3270 2201 substituit
3294 2151 3459 2203 etiam

1871 2223 2205 2280 extrinsecus
2247 2227 2608 2298 administret,
2641 2241 2694 2288 et
2737 2249 2832 2302 per
2859 2237 3163 2292 voluntates
3191 2240 3290 2293 sibi
3322 2241 3449 2294 sub-

1871 2313 2033 2376 ditas,
2059 2332 2193 2384 quas
2220 2333 2313 2386 per
2336 2330 2566 2390 tempus,
2593 2335 2645 2378 et
2675 2339 2770 2392 per
2790 2341 3013 2394 corpora
3035 2330 3135 2383 sibi
3163 2340 3321 2399 atque
3345 2333 3449 2387 illis
3545 2345 3555 2354 '

1871 2404 2239 2462 voluntatibus
2264 2411 2501 2478 subdita,
2531 2428 2650 2482 quae
2682 2429 2775 2482 per
2804 2427 3010 2485 tempus
3039 2429 3092 2472 et
3119 2420 3293 2472 locum
3339 2437 3454 2475 mo.

1870 2503 1982 2560 vet,
2011 2510 2076 2550 eo
2105 2506 2348 2567 tempore
2370 2515 2433 2556 ac
2460 2503 2596 2569 loco,
2624 2505 2778 2574 cujus
2810 2508 2944 2562 ratio
2976 2511 3027 2562 in
3059 2510 3176 2578 ipso
3207 2511 3317 2566 Deo
3346 2515 3450 2566 vita

1872 2595 1957 2642 est
1985 2588 2103 2642 sine
2129 2599 2371 2660 tempore
2393 2607 2455 2649 ac
2490 2594 2627 2649 loco.
2653 2595 2786 2651 Cum
2810 2613 2938 2668 ergo
2970 2601 3072 2654 tale
3093 2602 3292 2671 aliquid
3316 2602 3465 2658 Deus

1869 2679 2002 2748 agit,
2027 2695 2134 2735 non
2155 2682 2414 2739 debemus
2437 2686 2646 2756 opinari
2664 2689 2782 2758 ejus
2797 2691 3172 2756 substantiam,
3191 2708 3292 2762 qua
3317 2693 3464 2749 Deus

1868 2782 1972 2838 est,
2001 2777 2333 2845 temporibus
2356 2779 2596 2850 locisque
2616 2784 3070 2850 commutabilem,
3093 2794 3183 2841 aut
3213 2801 3306 2854 per
3331 2796 3462 2842 tem-

1868 2880 2000 2935 pora
2026 2878 2080 2922 et
2107 2869 2224 2924 loca
2249 2871 2537 2928 mobilem:
2564 2875 2658 2930 sed
2688 2876 2742 2930 in
2768 2891 2929 2946 opere
2949 2879 3143 2934 divinae
3165 2881 3456 2949 providen-

1869 2958 1954 3012 tiae
1973 2959 2074 3013 ista
2091 2975 2443 3032 cognoscere,
2458 2979 2564 3020 non
2585 2967 2636 3020 in
2653 2967 2747 3022 illo
2757 2982 2920 3036 opere
2932 2984 3039 3038 quo
3052 2979 3271 3024 naturas
3283 2982 3463 3041 creat,

1869 3050 1966 3104 sed
1991 3051 2044 3103 in
2074 3051 2165 3108 illo
2195 3069 2302 3123 quo
2333 3055 2662 3114 intrinsecus
2689 3070 2899 3114 creatas
2925 3062 3089 3114 etiam
3119 3063 3466 3119 extrinsecus

1867 3143 2240 3202 administrat:
2260 3163 2380 3202 cum
2396 3149 2466 3204 sit
2487 3150 2604 3219 ipse
2627 3152 2775 3207 nullo
2797 3153 3035 3209 locorum
3054 3153 3458 3221 velintervallo,

162 3229 329 3285 nibus
361 3234 570 3300 omnia,
597 3235 687 3290 sed
741 3239 881 3294 sicut
919 3239 1191 3296 distribuit
1215 3241 1420 3312 justitia
1465 3242 1757 3300 Creatoris.

1873 3235 1953 3289 vel
1982 3239 2181 3307 spatio,
2215 3239 2644 3298 incommutabili
2674 3245 3068 3316 excellentique
3116 3249 3376 3316 potentia,
3404 3257 3460 3304 et

161 3325 322 3397 Ergo
347 3329 438 3383 Dei
463 3332 822 3400 providentia,
853 3351 1044 3405 regens
1066 3346 1225 3406 atque
1243 3338 1623 3394 administrans
1647 3341 1764 3396 uni-

160 3430 382 3477 versam
409 3435 735 3491 creaturam,
756 3437 810 3482 et
834 3438 1074 3495 naturas,
1105 3441 1160 3484 et
1183 3431 1511 3497 voluntates,
1538 3443 1764 3488 naturas

159 3522 224 3568 ut
259 3513 385 3577 sint,
417 3516 721 3573 voluntates
750 3528 929 3573 autem
971 3529 1026 3574 ut
1060 3535 1158 3575 nec
1211 3521 1544 3576 infructuose
1583 3524 1763 3591 home,

157 3621 273 3661 nec
305 3607 563 3678 impunite
587 3610 744 3666 mala:
773 3611 901 3679 sint,
935 3611 1115 3666 subdit
1142 3614 1388 3681 primitus
1419 3614 1599 3668 omnia
1638 3614 1761 3679 sibi,

156 3697 369 3755 deinde
398 3711 698 3756 creaturam
740 3704 1072 3772 corporalem
1112 3714 1373 3760 creaturae
1406 3703 1652 3774 spiritali,
1688 3706 1762 3760 ir-

155 3792 490 3847 rationalem
523 3795 774 3850 rationali
801 3835 815 3859 ,
851 3803 1162 3852 terrestrem
1194 3798 1402 3854 caelesti
1430 3841 1444 3865 ,
1478 3798 1763 3854 femineam

153 3887 505 3953 masculina,
526 3892 704 3943 minus
730 3888 994 3945 valentem
1019 3891 1325 3958 valentiori,
1352 3891 1764 3962 indigentiorem

151 3979 481 4047 copiosiori.
505 3983 560 4034 In
587 3982 954 4035 voluntatibus
983 3993 1165 4036 autem
1188 3984 1357 4037 bonas
1386 3984 1510 4049 sibi,
1536 3993 1765 4039 caeteras

147 4084 305 4124 vero
333 4070 461 4137 ipsis
491 4071 846 4126 servientibus
875 4073 1004 4139 sibi,
1032 4083 1091 4127 ut
1123 4075 1225 4128 hoc
1255 4075 1490 4142 patiatur
1518 4075 1765 4129 voluntas

1865 3329 2091 3386 interior
2109 3336 2254 3388 omni
2279 3349 2358 3399 re,
2383 3335 2508 3404 quia
2543 3338 2593 3391 in
2621 3338 2738 3405 ipso
2760 3346 2887 3391 sunt
2915 3340 3116 3404 omnia,
3141 3350 3195 3394 et
3223 3342 3460 3395 exterior

1865 3425 2014 3477 omni
2039 3438 2121 3488 re,
2153 3425 2276 3495 quia
2303 3427 2418 3494 ipse
2445 3435 2528 3482 est
2555 3442 2716 3495 super
2746 3429 2948 3483 omnia.
2986 3430 3117 3484 ltem
3141 3433 3290 3485 nullo
3324 3442 3470 3488 temo

1865 3530 2018 3586 pore,
2042 3517 2326 3573 intervallo
2347 3521 2426 3573 vel
2455 3520 2653 3588 spatio,
2680 3520 3101 3576 incommutabili
3130 3523 3453 3586 aeternitate.

1866 3614 1922 3662 et
1949 3607 2220 3675 antiquior
2246 3619 2329 3662 est
2359 3609 2635 3676 omnibus,
2679 3611 2803 3680 quia
2833 3612 2948 3679 ipse
2976 3619 3062 3667 est
3088 3621 3210 3667 ante
3251 3615 3456 3681 omnia,

1867 3706 1922 3754 et
1948 3699 2138 3754 novior
2184 3700 2460 3767 omnibus,
2492 3702 2612 3772 quia
2646 3703 2786 3757 idem
2815 3703 2929 3772 ipse
2975 3713 3056 3759 est
3095 3714 3214 3774 post
3252 3709 3461 3762 omnia.

1866 3792 2206 3863 QuaprOpter
2249 3809 2371 3849 cum
2400 3794 2646 3850 audimus
2674 3795 2942 3852 dicentem
2977 3796 3309 3866 Scripturam
3345 3818 3357 3854 :
3391 3800 3470 3855 Et.

1865 3887 2125 3955 praecepit
2155 3886 2415 3943 Dominus
2448 3887 2587 3944 Deus
2609 3887 2739 3943 Adae
2766 3890 2952 3944 dicens
2979 3907 2991 3943 :
3029 3887 3109 3944 Ah
3137 3892 3283 3946 omni
3310 3891 3456 3961 ligno

1866 3979 2008 4049 quod
2039 3990 2120 4035 est
2150 3980 2202 4035 in
2235 3981 2483 4050 paradiso
2515 3996 2638 4037 esca
2669 3981 2817 4047 edes,
2851 3981 2921 4037 de
2965 3982 3109 4050 ligno
3153 3992 3333 4037 autem
3364 3999 3456 4038 co-

1866 4073 2157 4141 gnoscendi
2198 4073 2398 4126 bonum
2440 4083 2494 4128 et
2540 4073 2740 4128 malum
2765 4114 2778 4138 ,
2812 4089 2919 4128 non
2965 4074 3356 4128 manducabitis
3388 4076 3464 4130 de-

149 4159 317 4216 mala
347 4161 484 4228 quod
517 4176 581 4216 ex
609 4161 760 4230 jussu
807 4163 900 4216 Dei
943 4165 1130 4217 fecerit
1173 4164 1348 4217 bona:
1379 4164 1493 4218 sive
1537 4179 1633 4233 per
1680 4179 1768 4219 se-
1867 4163 2003 4218 illo:
2035 4180 2138 4232 qua
2195 4163 2283 4218 die
2314 4172 2490 4218 autem
2537 4163 2757 4218 ederitis
2798 4165 2865 4216 ab
2909 4179 2997 4231 eo,
3049 4173 3222 4218 morte
3253 4165 3454 4220 morie-

148 4251 377 4322 ipsam,
412 4250 523 4305 sive
555 4266 650 4320 per
691 4252 881 4307 malam
915 4253 966 4306 in
1010 4253 1169 4308 rebus
1214 4254 1473 4308 duntaxat
1517 4269 1636 4324 qua:
1667 4269 1765 4308 na-
1868 4254 2020 4308 mini.
2049 4254 2106 4309 Si
2138 4255 2358 4309 modum
2390 4254 2681 4324 quaerimus
2711 4253 2981 4324 quomodo
3013 4255 3116 4309 ista
3149 4256 3356 4310 locutus
3384 4258 3465 4312 sit.

147 4342 422 4399 turaliter
471 4355 599 4398 sunt
633 4346 794 4400 etiam
844 4347 999 4400 malis
1026 4346 1399 4401 voluntatibus
1429 4346 1676 4413 subditae,
1710 4346 1764 4401 id
1869 4343 2032 4411 Deus,
2067 4345 2262 4400 modus
2305 4345 2524 4416 quidem
2555 4347 2669 4416 ipse
2695 4361 2724 4401 a
2763 4346 2919 4402 nobis
2967 4347 3181 4417 preprie
3207 4362 3465 4417 compre-A

147 4445 248 4495 est
286 4437 337 4490 iu
367 4438 704 4508 corporibus.
731 4438 864 4494 Nam
914 4442 966 4495 in
1016 4441 1210 4510 seipsis
1257 4441 1562 4496 voluntates
1609 4443 1767 4497 make
1869 4434 2027 4490 bendi
2052 4450 2159 4491 non
2191 4444 2386 4505 potest.
2417 4437 2731 4496 Certissime
2763 4447 2942 4494 tamen
2969 4449 3152 4495 tenere
3190 4439 3460 4496 debemus

149 4531 372 4587 habent
400 4531 708 4586 interiorem
744 4547 955 4602 poenam
986 4548 1160 4599 suam,
1196 4535 1440 4589 eamdem
1472 4535 1640 4604 ipsam
1663 4534 1766 4590 iui-
1788 4597 1832 4605 _
1869 4529 2058 4596 Deum,
2080 4540 2172 4586 aut
2204 4543 2302 4600 per
2329 4547 2480 4588 suam
2511 4533 2865 4590 substantiam
2892 4535 3057 4604 loqui,
3091 4543 3179 4590 aut
3225 4550 3322 4605 per
3350 4535 3462 4593 sibi

150 4623 428 4694 quitatem
475 4640 646 4690 suam,
689 4597 758 4680 ac
781 4642 874 4694 per
903 4627 1006 4682 hoc
1035 4597 1352 4682 sublimibus
1401 4597 1608 4696 angelis
1651 4626 1761 4682 Deo
1788 4597 1843 4658 D
1868 4620 2136 4676 subditam
2168 4631 2489 4690 creaturam,
2524 4623 2620 4678 sed
2656 4639 2752 4694 per
2778 4624 3132 4678 substantiam
3163 4641 3314 4680 suam
3343 4643 3460 4681 noni

149 4717 400 4774 subdita:
423 4719 744 4787 frueutibus,
768 4729 822 4775 et
849 4721 955 4775 Deo
978 4721 1134 4777 beate
1150 4721 1526 4787 servientibus,
1544 4720 1758 4776 subdita

149 4821 244 4867 est
276 4811 457 4866 omnis
501 4819 690 4865 natura
719 4826 1001 4880 corporea,
1048 4814 1226 4868 omnis
1255 4812 1586 4868 irrationalis
1625 4812 1755 4876 vita,

148 4901 346 4958 omnis
399 4903 674 4970 voluntas,
704 4904 790 4958 vel
823 4904 1057 4969 infirma,
1089 4905 1174 4958 vel
1227 4918 1389 4974 prava
1422 4921 1436 4958 :
1465 4913 1524 4958 ut
1561 4901 1663 4958 hoc
1691 4903 1758 4959 de

147 4995 402 5056 subditis
449 4995 534 5052 vel
565 5011 685 5052 cum
731 4997 959 5052 subditis
1003 5005 1164 5068 agant
1188 4997 1333 5068 quod
1381 5005 1588 5052 naturae
1626 4996 1758 5052 ordo

147 5089 369 5161 poscit,
395 5089 447 5144 in
472 5089 720 5144 omnibus
742 5090 964 5160 iubente
986 5089 1080 5145 illo
1109 5089 1198 5146 cui
1226 5088 1468 5159 subjecta
1495 5098 1617 5144 sunt
1647 5104 1763 5144 om-

145 5183 269 5238 nia.
331 5179 564 5237 Proinde
609 5181 685 5236 illi
714 5181 769 5236 in
818 5180 912 5237 illo
942 5182 1219 5237 veritatem
1266 5179 1759 5236 incommutabilem

143 5274 377 5340 vident,
410 5281 464 5330 et
492 5273 786 5328 secundum
829 5287 946 5328 eam
978 5288 1102 5329 suas
1153 5273 1391 5344 dirigunt
1426 5273 1752 5327 voluntates.

144 5366 335 5421 Fiunt
362 5379 489 5434 ergo
506 5364 580 5418 illi
599 5364 888 5434 participes
914 5365 1254 5434 aeternitatis,
1281 5365 1544 5428 veritatis,
1569 5363 1758 5418 volun-

144 5456 292 5514 tatis
323 5454 440 5524 ejus
467 5471 678 5524 semper
695 5455 1044 5528 [voluntatem
1067 5457 1184 5526 ejus
1213 5471 1429 5526 semper
1450 5454 1754 5526 facientes],

148 5552 284 5608 sine
315 5557 556 5617 tempore
587 5555 642 5602 et
687 5549 827 5615 loco,
857 5557 1140 5604 moventur
1170 5558 1344 5604 autem
1378 5548 1495 5618 ejus
1528 5549 1755 5617 imperio

148 5642 336 5702 etiam
369 5639 758 5710 temporaliter,
792 5639 884 5694 illo
914 5654 1018 5694 non
1053 5639 1420 5707 temporaliter
1449 5647 1624 5693 moto:
1657 5652 1758 5693 nec

151 5736 236 5792 ita
289 5743 353 5787 ut
381 5733 449 5787 ab
475 5732 591 5806 ejus
621 5734 1080 5803 contemplatione
1110 5734 1348 5790 resiliant
1375 5742 1465 5790 aut
1494 5733 1753 5800 deﬂuant,

151 5828 256 5885 sed
294 5826 457 5882 simul
487 5837 541 5882 et
567 5825 718 5883 illum
738 5828 856 5883 sine
877 5827 998 5885 loco
1025 5841 1090 5884 ac
1122 5838 1363 5898 tempore
1386 5827 1758 5898 contemplan-

457 5960 734 6026 Ριτιοι..
764 5961 961 6024 LXII.

1867 4716 2034 4784 loqui,
2062 4715 2166 4771 nisi
2192 4716 2259 4771 ad
2291 4716 2549 4772 creandas
2576 4731 2766 4772 omnes
2794 4725 3048 4783 naturas;
3083 4717 3148 4772 ad
3181 4719 3461 4787 spiritales-

1867 4797 1998 4864 vero
2039 4819 2202 4880 atque
2231 4808 2619 4865 intellectuales
2661 4824 2768 4863 non
2812 4809 2986 4863 solum
3029 4810 3309 4878 creandas,
3354 4812 3459 4866 sed:

1864 4903 2026 4958 etiam
2074 4900 2476 4965 illuminandas,
2508 4914 2630 4954 cum
2672 4901 2780 4969 jam
2816 4909 3038 4970 possunt
3080 4916 3274 4970 capere
3302 4901 3453 4956 locu-

1865 4994 2066 5050 tionem
2097 4994 2234 5063 ejus,
2261 4991 2434 5060 qualis
2461 4990 2616 5046 estin
2643 4989 2820 5047 Verbo
2848 4991 2965 5063 ejus
2994 4992 3136 5062 quod
3163 4992 3213 5044 in
3246 4991 3452 5059 princi-

1865 5085 1954 5155 pio
1983 5093 2100 5139 erat
2126 5082 2268 5152 apud
2293 5082 2483 5148 Deum,
2513 5090 2567 5136 et
2597 5081 2737 5139 Deus
2764 5091 2880 5138 erat
2904 5081 3159 5148 Verbum,
3183 5095 3279 5150 per
3307 5081 3457 5150 quod

1863 5176 2000 5230 facta
2041 5181 2166 5230 sunt
2191 5173 2392 5228 omnia.
2440 5172 2548 5226 Illis
2599 5183 2778 5228 autem
2825 5174 2916 5242 qui
2947 5188 3066 5228 eam
3111 5185 3304 5239 capere
3342 5185 3456 5226 non.

1863 5275 2088 5337 possunt
2127 5280 2247 5321 cum
2291 5263 2527 5335 loquitur
2557 5252 2723 5332 Deus,
2746 5279 2853 5320 non
2886 5263 2990 5319 nisi
3023 5277 3118 5332 per
3145 5271 3451 5317 creaturam

1865 5360 2120 5429 loquitur,
2148 5367 2239 5412 aut
2262 5357 2634 5412 tantummodo
2654 5357 2970 5426 spiritalem,
3004 5358 3116 5410 sive
3148 5356 3200 5408 in
3223 5357 3455 5421 somnis,

1865 5452 1984 5508 sive
2003 5453 2052 5506 in
2079 5453 2299 5514 exstasi,
2315 5451 2367 5505 in
2391 5451 2744 5506 similitudine
2761 5464 2942 5505 rerum
2960 5449 3344 5514 corporalium,
3362 5460 3458 5502 aut

1859 5544 2020 5600 etiam
2049 5558 2143 5613 per
2162 5545 2394 5611 scipsam
2419 5542 2513 5616 [ιθ.
2541 5544 2576 5596 ι.
2605 5557 2702 5612 per
2729 5539 2921 5612 ipsum]
2941 5541 3301 5610 corporalem,
3323 5541 3456 5594 dum

1857 5638 2106 5694 sensibus
2120 5638 2384 5705 corporis,
2404 5638 2490 5692 vel
2513 5637 2688 5702 aliqua
2713 5637 2919 5706 species
2933 5645 3179 5705 apparet,
3196 5635 3279 5690 vel
3303 5636 3453 5692 inso—

1859 5739 1989 5788 nant
2005 5745 2182 5786 voces.
2201 5730 2256 5787 Si
2278 5745 2405 5800 ergo
2420 5715 2588 5784 Adam
2611 5728 2731 5783 talis
2753 5736 2873 5783 erat
2894 5739 2951 5782 ut
2969 5739 3150 5799 posset
3170 5743 3360 5798 capere
3378 5728 3452 5782 il-

1860 5824 1965 5885 lam
1981 5823 2303 5882 locutionem
2329 5821 2445 5892 Dei,
2461 5835 2620 5896 quam
2635 5817 2906 5878 mentibus
2918 5819 3172 5891 angelicis
3187 5835 3282 5891 per
3292 5834 3446 5880 sam

2965 5959 3039 6019 21
