3968 6390
417 340 521 403 651

1458 336 1523 393 D.
1564 328 1891 393 EUGYPPII
1928 327 2222 389 ABBATIB
2268 327 2599 389 AIMCANI

3610 324 3725 381 632

414 458 621 533 prabet
648 452 1004 512 substantiam
1023 492 1038 520 ,
1071 465 1180 509 non
1204 448 1555 507 dubitandum
1587 456 1671 506 est
1705 449 1846 521 quod
1886 447 2005 518 ejus
2031 448 2083 511 Α
2110 447 2269 503 nibus
2282 446 2427 503 nasci
2440 444 2855 518 potuerint,qula
2869 438 3561 515 etpostdiluviumquidam
3576 442 3721 496 tales

415 563 652 610 mentem
684 566 781 621 per
802 558 1016 618 tempus
1039 548 1267 603 moverit
1292 545 1429 601 miro
1455 553 1511 602 et
1534 543 1795 600 ineffabili
1820 542 1999 609 modo,

417 662 526 703 non
559 644 854 711 motusipse
876 656 970 709 per
988 650 1223 709 tempus,
1261 640 1420 709 eique
1458 638 1641 708 utique
1665 640 1766 693 hoc
1787 635 2005 691 salubre

418 737 578 813 [mile
597 752 661 792 ac
685 732 923 805 Salubre]
954 744 1277 805 praeceptum
1305 733 1549 795 veritatis
1575 730 1933 801 impresserit,
1950 739 2006 785 ct

417 848 540 904 qua:
558 829 935 911 transgressori
955 844 1109 901 poena
1125 828 1436 895 deberetur,
1455 844 1515 884 ea
1537 828 1649 899 ipsa
1665 825 2007 885 ineffabiliter

417 926 647 985 veritate
691 922 1093 987 monstraverit,
1136 921 1275 977 sicut
1304 920 1595 975 audiuntur
1638 920 1722 973 vel
1762 917 2008 971 videmur

420 1018 598 1071 omnia
629 1014 770 1070 bona
802 1022 1071 1084 praecepta
1102 1015 1154 1068 in
1184 1013 1300 1083 ipsa
1331 1009 1761 1071 incommutabili
1794 1010 2010 1079 sapien-

418 1109 512 1172 tia,
559 1123 679 1176 quae
708 1107 761 1160 in
813 1106 1022 1161 animas
1053 1115 1266 1159 sanctas
1314 1120 1374 1158 se
1415 1103 1669 1157 transfert
1714 1116 1785 1155 ex
1831 1101 2010 1171 aliquo

418 1207 683 1266 tempore,
713 1210 836 1253 cum
865 1196 1030 1264 ipsius
1061 1195 1241 1250 nullus
1270 1195 1340 1251 sit
1369 1203 1548 1249 motus
1577 1194 1630 1248 in
1655 1202 1917 1261 tempore.
1951 1192 2009 1247 Si

418 1298 597 1344 autem
620 1289 689 1343 ad
707 1303 830 1344 eum
857 1290 1076 1345 modum
1100 1287 1271 1344 Adam
1291 1287 1470 1357 justus
1492 1297 1608 1344 erat
1625 1329 1638 1351 ,
1658 1297 1717 1343 ut
1742 1288 1791 1343 ei
1820 1287 1885 1341 ad
1911 1286 2013 1341 hoc

417 1399 555 1453 opus
582 1392 727 1439 esset
758 1384 982 1439 alterius
1024 1393 1293 1438 creature
1321 1382 1609 1437 sanctioris
1639 1391 1694 1438 et
1721 1380 2015 1451 sapientio-

416 1475 496 1531 ris
516 1476 828 1544 auctoritas,
861 1488 960 1545 per
979 1489 1138 1544 quam
1166 1482 1523 1544 cognosceret
1549 1472 1645 1528 Dei
1676 1473 2011 1528 voluntatem

417 1573 579 1636 atque
603 1566 927 1636 iussionem,
966 1565 1109 1622 sicut
1146 1565 1305 1621 nobis
1348 1565 1651 1634 prophetae,
1695 1564 1836 1619 sicut
1878 1563 2015 1632 ipsis

419 1660 617 1731 angeli.
637 1674 738 1714 cur
764 1659 1099 1729 ambigamus
1125 1673 1221 1729 per
1241 1658 1476 1725 aliquam
1507 1655 1774 1728 ejusmodi
1800 1664 2017 1712 creatu-

417 1764 534 1808 ram
562 1752 610 1806 ei
634 1765 755 1807 esse
784 1753 1020 1806 locutum
1045 1752 1235 1817 Deum,
1267 1749 1462 1806 talibus
1487 1764 1681 1807 vacum
1707 1749 1877 1819 signis
1895 1762 2015 1818 qure

2112 542 2278 598 fuisse
2295 543 2656 612 reperiuntur,
2677 548 2730 595 et
2747 540 2988 611 quaedam
3006 554 3231 606 corpora
3258 536 3544 592 hominum
3573 535 3633 590 in
3650 536 3723 590 in-

2110 636 2428 692 credibilem
2452 635 2669 691 modum
2686 633 2917 701 ingentia
2946 629 3144 687 nostris
3157 626 3721 701 quoqnetcmporibus

2111 730 2458 793 exstiterunt,
2491 744 2594 781 non
2624 726 2795 781 solum
2824 725 3084 791 virorum,
3106 722 3461 779 verumetiam
3494 721 3727 774 femina-

2112 838 2255 878 rum.
2285 821 2434 878 Unde
2459 820 2770 876 credibilius
2797 828 2879 873 est
2908 804 3152 873 homines
3176 817 3375 887 juslos,
3412 814 3723 885 appellatos

2121 917 2205 972 vel
2235 917 2457 986 angelos
2479 916 2562 969 vel
2590 914 2731 969 filios
2762 912 2881 981 Dei,
2914 910 3347 982 concupiscentia
3380 910 3571 978 lapsos
3603 922 3725 978 pec-

2113 1024 2266 1065 casse
2300 1024 2422 1063 cum
2456 1006 2699 1069 feminis,
2733 1020 2893 1077 quam
2925 1004 3146 1075 angelos
3190 1018 3409 1059 carnem
3460 1016 3577 1056 non
3630 1001 3724 1055 ha-

2112 1103 2301 1158 bentes
2331 1117 2501 1173 usque
2522 1102 2587 1157 ad
2613 1101 2745 1156 illud
2775 1108 3052 1170 peccatum
3088 1098 3423 1154 descendere
3457 1096 3721 1167 potuisse.

2114 1195 2369 1265 Quamvis
2398 1194 2467 1249 de
2496 1194 2815 1264 quibusdam
2846 1190 3183 1248 daemonibus
3210 1189 3303 1260 qui
3344 1188 3456 1243 sint
3487 1183 3723 1255 improbi

2117 1289 2439 1345 mulieribus
2460 1302 2489 1342 a
2513 1287 2699 1343 multis
2721 1296 2830 1343 tam
2853 1285 3021 1341 multa
3041 1285 3310 1348 dicantur,
3335 1291 3395 1336 ut
3421 1295 3536 1337 non
3572 1278 3725 1335 facile

2116 1384 2187 1439 sit
2215 1382 2385 1439 dehac
2414 1396 2477 1438 re
2503 1380 2809 1438 deﬁnienda
2840 1381 3108 1437 sententia
3133 1374 3220 1453 [L.
3246 1373 3481 1433 deﬁnire
3506 1382 3726 1453 senten-

2118 1474 2295 1549 tiam].
3148 1452 3151 1453 ν
3514 1452 3532 1467 ’

2674 1563 2905 1624 CAPUT
2941 1560 3158 1620 XLVII.

2120 1660 2199 1715 De
2227 1675 2349 1714 arca
2376 1659 2491 1714 Noe
2514 1676 2533 1716 :
2559 1669 2729 1712 utrum
2758 1657 3008 1709 animalia
3036 1653 3208 1708 omnia
3237 1668 3355 1706 cum
3388 1649 3523 1704 escis
3554 1664 3721 1702 eorum

2193 1738 2330 1803 ferre
2351 1733 2593 1805 potuerit,
2618 1732 2681 1786 de
2703 1730 2880 1784 eodem
2905 1727 3259 1795 Quintianum
3283 1725 3336 1777 in
3360 1720 3720 1790 Genesijibro.

418 1844 719 1914 intelligere
752 1844 977 1915 posset?
1009 1844 1143 1899 illud
1169 1845 1315 1899 enim
1347 1845 1490 1915 quod
1538 1852 1724 1913 postea
1753 1842 2013 1911 scriptum
2040 1836 2096 1900 Β
2193 1847 2271 1903 De
2300 1861 2424 1902 arca
2466 1844 2583 1900 Noe
2626 1843 2792 1915 quaeri
2827 1840 2965 1894 solet
3006 1846 3184 1893 utrum
3232 1843 3379 1892 tanta
3430 1834 3721 1905 capacitate

426 1947 533 2004 est,
566 1953 688 1993 cum
719 1947 1053 2007 peccassent,
1086 1953 1179 1993 eos
1206 1938 1422 1993 audisse
1450 1952 1641 1992 vocem
1675 1936 1885 1991 Domini
1920 1935 2012 1990 Dei

418 2033 782 2089 ambulantem
813 2031 909 2105 [F.
934 2031 1280 2105 ambulantis]
1312 2032 1365 2087 in
1408 2032 1657 2101 paradiso
1680 2072 1696 2098 ,
1744 2032 1868 2101 quia
1905 2045 2012 2084 non

420 2135 523 2194 per
546 2122 718 2193 ipsam
746 2122 839 2177 Dei
861 2108 1364 2189 substantiam,‘sed
1384 2137 1480 2192 per
1500 2121 1770 2176 subditam
1794 2123 1839 2175 ei
1865 2135 2016 2175 crea-

420 2222 596 2269 turam
631 2216 826 2271 factum
858 2224 971 2281 est,
1005 2216 1156 2271 nullo
1184 2215 1346 2270 modo
1368 2214 1579 2269 dubitat
1611 2215 1702 2284 qui
1734 2214 1892 2267 fidem
1924 2228 2015 2268 ca-

422 2307 673 2362 tholicam
695 2306 858 2375 sapit.
876 2307 1074 2361 Abhnc
1092 2307 1235 2361 enim
1258 2315 1315 2361 et
1337 2306 1612 2373 aliquanto
1640 2306 1796 2359 latius
1823 2304 1887 2357 de
1915 2304 2014 2357 hac

420 2410 482 2452 re
504 2398 776 2454 disserere
803 2399 969 2464 volui,
995 2400 1117 2468 quia
1144 2399 1390 2455 nonnulli
1415 2398 1655 2454 haeretici
1684 2398 2016 2469 putantsub-

420 2492 673 2547 Stantiam
707 2490 825 2546 Filii
856 2492 975 2561 Dei,
1003 2493 1151 2547 nullo
1173 2500 1454 2562 assumpto
1478 2508 1725 2563 corpore,
1751 2508 1848 2561 per
1875 2492 2017 2561 seip-

421 2595 537 2638 sam
560 2599 679 2641 esse
700 2585 991 2652 visibilem,
1013 2594 1067 2640 et
1093 2586 1214 2642 ideo
1243 2596 1529 2656 antequam
1561 2601 1623 2640 ex
1656 2585 1869 2656 virgine
1894 2598 2017 2638 cor-

421 2688 524 2746 pus
550 2678 840 2747 acciperet,
864 2678 1038 2748 ipsum
1074 2678 1247 2731 visum
1280 2692 1403 2733 esse
1427 2677 1668 2748 patribus
1691 2677 2015 2747 Opinantur,

422 2773 682 2838 tanquam
712 2769 780 2825 de
810 2772 927 2826 solo
949 2772 1062 2827 Deo
1092 2772 1251 2829 Patre
1281 2771 1485 2828 dictum
1517 2772 1622 2840 sit,
1656 2772 1827 2839 Quem
1861 2786 2022 2827 nemo

424 2856 705 2918 hominum
732 2864 899 2933 vidit,
930 2880 1029 2921 nec
1055 2866 1241 2922 videre
1273 2874 1484 2936 potest,
1517 2865 1641 2937 quia
1672 2864 1840 2921 Filius
1874 2864 2023 2920 visus

425 2950 500 3007 sit
545 2964 671 3010 ante
712 2966 990 3028 acceptam
1036 2958 1177 3013 servi
1217 2958 1481 3026 formam,
1512 2960 1672 3014 etiam
1708 2973 1805 3029 per
1850 2957 2023 3028 ipsam

426 3044 783 3102 substantiam
811 3063 997 3115 suam;
1029 3064 1151 3119 quae
1180 3051 1431 3121 impietas
1464 3051 1651 3123 procul
1681 3063 1713 3123 ξ
1742 3050 2024 3107 catholicis

427 3138 703 3194 mentibus
730 3139 1044 3209 repellenda
1071 3152 1175 3198 est.
1261 3119 1274 3121 _
1465 3119 1480 3123 ⁷
1676 3119 1711 3145 ⁸

960 3255 1070 3328 39
1107 3254 1335 3313 CAPUT
1375 3256 1538 3319 XLV.

408 3339 514 3403 De
541 3344 819 3417 quastione
842 3349 1461 3479 annorun‘tiediacthusqlw,
1478 3367 1544 3410 ea:
1561 3350 1654 3411 lib.
1681 3352 2031 3425 Quastionum

1229 3438 1346 3479 enes
1373 3463 1389 3479 ο

1229 3439 1287 3477 en
1294 3438 1389 3479 888.

505 3511 689 3582 Quaeri
720 3512 861 3571 solet
907 3516 1181 3587 quomodo
1224 3516 1579 3577 Mathusalem
1611 3518 1904 3577 secundum
1935 3534 2032 3576 an-

432 3617 630 3661 norum
652 3609 1111 3679 computationem
1126 3611 1314 3668 vivere
1345 3622 1467 3683 post
1487 3613 1746 3671 diluvium
1774 3612 2030 3685 potuerit,

432 3711 558 3753 cum
588 3714 777 3755 omnes
806 3711 1001 3771 praeter
1027 3719 1124 3760 eos
1148 3705 1237 3775 qui
1262 3706 1315 3759 in
1340 3720 1519 3761 arcam
1545 3706 1770 3778 ingressi
1794 3716 1918 3762 sunt
1942 3722 2034 3777 pe-

433 3786 597 3843 riisse
628 3787 917 3845 dicantur?
938 3792 1049 3848 Sed
1065 3793 1204 3850 hanc
1230 3797 1588 3867 quasstionem
1622 3796 1853 3868 plurium
1881 3796 2033 3852 codi-

438 3893 565 3934 cum
605 3880 938 3939 mendositas
967 3884 1195 3954 peperit.
1246 3884 1365 3943 Non
1392 3887 1568 3944 solum
1598 3890 1798 3961 quippe
1826 3889 1881 3944 in
1930 3890 2037 3947 He-

434 3968 599 4027 braeis
627 3973 785 4029 aliter
830 3974 1125 4045 invenitur,
1179 3981 1538 4036 verumetiam
1587 3980 1639 4036 in
1686 3981 2037 4052 Septuaginta

434 4062 885 4136 interpretatione
906 4069 1281 4142 Mathusalem,
1305 4073 1358 4131 in
1383 4073 1662 4131 codicibus
1693 4074 2038 4146 paucioribus

435 4160 533 4216 sed
555 4164 925 4223 veracioribus
943 4206 961 4234 ,
992 4181 1091 4227 sex
1116 4181 1290 4225 annos
1314 4176 1443 4227 ante
1470 4167 1730 4228 diluvium
1767 4169 2040 4245 reperitur

435 4254 609 4315 fuisse
636 4256 944 4319 defunctus.

1005 4395 1238 4457 CAPUT
1278 4398 1468 4458 XLVI.

445 4486 526 4545 Ds
544 4503 604 4561 eo
628 4490 767 4555 quod
793 4489 1044 4560 scripturn
1072 4498 1171 4557 est,
1196 4491 1411 4561 angelos
1440 4490 1538 4546 Dei
1565 4506 1684 4545 eum
1708 4490 1913 4559 ﬁliabus
1939 4489 2040 4545 Ito-

512 4560 1089 4685 coucubuisse,
1126 4580 1193 4625 ea;
1213 4560 1396 4623 eodem
1423 4562 1551 4623 libro
1586 4561 1942 4634 Questionum
1974 4564 2040 4619 ds

514 4719 648 4776 Item
672 4721 925 4798 quaeritur
944 4724 1398 4798 quemadmodum
1423 4725 1697 4800 potuerint
1714 4728 1887 4800 angeli
1913 4743 2039 4785 cum

441 4811 653 4869 ﬁliabus
668 4815 942 4872 hominum
965 4819 1345 4884 concumbere,
1362 4820 1506 4877 unde
1520 4821 1761 4893 gigantes
1776 4818 1887 4876 nati
1914 4834 2037 4880 esse

440 4906 833 4976 perhibentur,
867 4910 1113 4978 quamvis
1162 4910 1409 4970 nonnulli
1439 4922 1493 4969 et
1542 4910 1721 4968 Latini
1758 4918 1815 4969 et
1861 4910 2038 4967 Graeci

438 4998 679 5069 codices,
716 5014 823 5055 non
856 4999 1080 5074 angelos
1121 4999 1378 5067 habeant,
1420 5001 1515 5059 sed
1555 5004 1695 5060 filios
1734 5002 1867 5067 Dei.
1901 5016 2039 5076 quos

368 5170 371 5185 ί
438 5092 682 5185 quidam,
711 5092 778 5147 ad
800 5093 1118 5150 solvendam
1145 5094 1305 5153 istam
1335 5096 1710 5167 quastionem,
1734 5096 1911 5171 justos
1940 5097 2038 5153 ho-

436 5185 615 5240 mines
642 5182 810 5242 fuisse
841 5185 1212 5254 crediderunt,
1243 5187 1333 5258 qui
1367 5197 1656 5260 potuerunt
1684 5190 1847 5246 etiam
1879 5202 2040 5261 ange-

436 5274 618 5334 lorum
662 5282 882 5339 nomine
924 5278 1247 5355 nuncupari.
1290 5280 1425 5339 Nam
1459 5282 1529 5339 de
1560 5281 1782 5339 homine
1833 5280 2039 5338 Joanne

436 5371 703 5441 scriptum
724 5382 810 5428 est
836 5389 851 5429 :
877 5371 1020 5433 Ecce
1037 5377 1195 5435 mitto
1215 5376 1465 5447 angelum
1489 5390 1669 5430 meum
1692 5382 1818 5431 ante
1846 5372 2037 5430 faciem

437 5469 608 5532 tuam,
623 5466 714 5537 qui
734 5467 1061 5541 praeparabit
1078 5470 1217 5527 viam
1237 5477 1404 5526 tuam.
1421 5459 1531 5529 Sed
1559 5470 1660 5527 hoc
1682 5476 1881 5535 movet,
1900 5481 2037 5540 quo-

439 5556 709 5614 modovel
734 5574 801 5615 ex
822 5559 1097 5615 hominum
1113 5560 1402 5617 concubitu
1419 5560 1532 5616 nati
1554 5559 1660 5615 sint
1672 5561 1936 5633 gigantes,
1952 5558 2036 5615 vel

439 5646 656 5706 feminis
690 5652 903 5707 misceri
930 5654 1224 5725 potuerint,
1251 5655 1300 5713 si
1325 5668 1438 5711 non
1470 5653 1719 5711 homines
1742 5654 1837 5710 sed
1859 5652 2036 5723 angeli

440 5738 682 5797 fuerunt.
714 5744 820 5801 Sed
843 5745 912 5803 de
939 5747 1267 5820 gigantibus,
1302 5748 1355 5806 id
1385 5757 1470 5807 est
1499 5748 1720 5805 nimium
1744 5748 2037 5821 grandibus

444 5838 608 5902 atque
622 5832 870 5903 fortibus,
887 5848 1013 5909 puto
1034 5855 1142 5898 non
1154 5854 1276 5900 esse
1296 5842 1602 5901 mirandum
1626 5843 1767 5917 quod
1789 5858 1855 5901 ex
1879 5842 2043 5900 homi-

2119 1948 2315 2012 quanta
2360 1938 2684 1993 describitur
2723 1932 2974 1987 animalia
3019 1930 3198 1985 omnia
3237 1942 3359 1998 qua:
3390 1927 3447 1981 in
3479 1942 3600 1981 eam
3644 1926 3720 1977 in-

2116 2048 2303 2105 gressa
2331 2031 2586 2085 dicuntur
2610 2036 2665 2083 et
2694 2040 2850 2082 escas
2878 2039 3063 2079 eorum
3090 2024 3230 2077 ferre
3254 2018 3513 2091 potuerit.
3556 2018 3719 2085 Quam

2126 2126 2485 2197 quazstionem
2508 2122 2693 2177 cubito
2724 2118 3055 2191 geometrico
3076 2114 3239 2171 solvit
3265 2114 3545 2186 Origenes,
3575 2125 3719 2165 assc«

2115 2232 2244 2276 rens
2300 2231 2406 2270 non
2470 2214 2669 2269 frustra
2719 2212 3053 2281 Scripturam
3104 2208 3306 2263 dixisse
3348 2204 3486 2277 quod
3530 2204 3712 2257 Moses

2127 2310 2273 2365 omni
2302 2309 2564 2378 sapientia
2590 2304 2966 2377 Egyptiorum
2994 2302 3152 2359 fuerit
3176 2300 3439 2362 eruditus,
3461 2295 3545 2365 qui
3569 2308 3704 2363 geo-

2131 2404 2411 2459 metricam
2456 2400 2781 2455 dilexernnt.
2814 2398 3061 2452 Cubitum
3112 2402 3294 2448 autem
3338 2389 3715 2461 geometricum

2119 2501 2254 2556 dicit
2282 2505 2488 2553 tantum
2535 2496 2737 2563 valere,
2780 2502 3036 2566 quantum
3068 2499 3251 2546 nostra
3280 2486 3461 2542 cubita
3491 2499 3585 2540 sex
3627 2494 3718 2535 va.

2126 2593 2262 2648 ient.
2296 2591 2353 2645 Si
2379 2603 2510 2662 ergo
2541 2597 2646 2643 tam
2693 2602 2883 2658 magna
2916 2585 3090 2641 cubita
3141 2580 3544 2653 intelligchant,
3577 2575 3717 2632 nulla

2102 2685 2356 2757 ~quiestio
2390 2694 2475 2741 est
2515 2694 2677 2739 tantm
2705 2683 3019 2758 capacitatis
3046 2696 3226 2738 arcam
3260 2679 3429 2736 fuisse
3463 2686 3521 2733 ut
3552 2681 3719 2749 posset

2129 2778 2220 2835 illa
2251 2777 2428 2837 omnia
2462 2776 2761 2833 continere.

2664 2912 2896 2972 CAPUT
2937 2910 3173 2968 XLVIII.

2132 3013 2287 3083 Quod
2318 3011 2620 3082 recogitatio
2648 3010 2745 3064 Dei
2782 3008 3149 3083 mutandarum
3172 3018 3350 3059 rerum
3381 3001 3450 3056 sit
3490 3000 3721 3083 innutrita:

2204 3086 2320 3143 bilis
2348 3068 2504 3149 ratio,
2532 3093 2579 3138 et
2605 3084 2665 3137 de
2692 3096 2932 3137 mensura
2947 3092 3083 3132 arca:
3109 3077 3163 3130 in
3183 3091 3287 3143 qua
3306 3082 3519 3149 propter
3541 3068 3723 3149 Christi

2208 3139 2394 3225 corpus
2419 3139 2749 3227 probabiliter
2776 3153 2982 3209 metitur
3009 3139 3317 3217 humanum,
3337 3139 3555 3199 exilibro
3580 3157 3644 3196 xv
3667 3139 3723 3195 ds

2051 3228 2101 3295 Β
2207 3226 2425 3283 Civitate
2448 3226 2565 3281 Dei.

2148 3336 2159 3343 “
2212 3342 2279 3399 Ει
2305 3340 2619 3414 recogitavit
2634 3333 2697 3395 et
2711 3338 2847 3395 dixit
2862 3337 3024 3393 Deus:
3044 3333 3259 3391 Deleam
3282 3330 3563 3387 hominem
3576 3342 3721 3401 quem

2137 3436 2241 3491 feci
2269 3449 2298 3489 a
2330 3434 2465 3490 facie
2512 3443 2695 3501 terrae,
2724 3433 2793 3487 ab
2823 3429 3043 3485 homine
3084 3442 3254 3500 usque
3281 3424 3349 3480 ad
3396 3439 3583 3499 pecus,
3620 3430 3671 3477 et
3693 3431 3725 3474 ι

2138 3526 2454 3599 repentibus
2481 3540 2652 3595 usque
2680 3524 2747 3579 ad
2794 3522 3033 3579 volatilia
3062 3520 3208 3585 cmli,
3242 3516 3367 3588 quia
3416 3516 3585 3571 iratus
3613 3525 3727 3569 sum

2139 3619 2393 3690 quoniam
2428 3616 2529 3673 feci
2557 3632 2674 3673 eos.
2701 3614 2778 3670 ira
2803 3614 2896 3670 Dei
2922 3629 3027 3669 non
3060 3610 3399 3685 perturbatio
3427 3605 3588 3662 animi
3618 3606 3731 3676 ejus

2140 3719 2242 3776 est,
2276 3707 2370 3765 sed
2393 3706 2653 3780 judicium
2677 3721 2787 3779 quo
2817 3706 3083 3775 irrogatur
3111 3718 3269 3773 pinna
3300 3708 3534 3771 peccato.
3569 3697 3732 3767 Cogi-

2142 3801 2275 3856 tatio
2297 3815 2425 3856 vero
2455 3797 2567 3870 ejus
2598 3796 2965 3871 irrecogitatio
2992 3794 3068 3869 [et
3097 3788 3426 3865 recogitatioj
3444 3786 3726 3842 mutanda-

2140 3910 2262 3950 rum
2282 3908 2463 3949 rerum
2484 3900 2569 3948 est
2584 3890 2935 3947 immutabilis
2953 3888 3112 3946 ratio.
3130 3887 3317 3959 Neque
3331 3886 3463 3940 enim
3478 3880 3617 3936 sicut
3628 3877 3730 3933 ho-
3764 3896 3767 3897 '

2124 3990 2367 4056 'minem,
2386 3987 2462 4043 ita
2475 3986 2643 4042 Deum
2658 3984 2977 4059 cujusquam
2992 3983 3116 4041 facti
3131 3982 3212 4039 sui
3230 3981 3471 4053 panitet,
3485 3976 3641 4047 cujus
3654 3982 3739 4032 est

2144 4081 2213 4137 de
2239 4080 2493 4137 omnibus
2520 4078 2741 4134 omnino
2789 4078 2949 4134 rebus
2979 4083 3087 4132 tam
3118 4075 3221 4131 fixa
3253 4069 3541 4137 sententia,
3572 4082 3739 4139 quam

2142 4183 2291 4230 certa
2311 4171 2672 4245 praescientia.
2702 4168 2810 4226 Sed
2841 4169 2888 4227 si
2912 4185 3018 4224 non
3044 4174 3223 4224 utatur
3238 4165 3514 4236 Scriptura
3544 4161 3743 4215 talibus

2144 4264 2353 4333 verbis,
2371 4279 2477 4319 non
2496 4279 2556 4320 se
2579 4260 2975 4334 quodammodo
2993 4256 3307 4315 familiarius
3329 4255 3567 4310 insinuat
3589 4248 3742 4323 [insi-

2143 4355 2356 4431 nuabit]
2380 4359 2526 4415 omni
2546 4357 2730 4429 generi
2756 4354 3032 4411 hominum
3050 4351 3243 4424 quibus
3258 4349 3371 4405 vult
3387 4362 3509 4403 esse
3522 4342 3743 4400 consul-

2145 4460 2284 4519 tum,
2300 4458 2361 4507 ut
2380 4456 2668 4522 prietereat
2694 4445 2822 4524 [Ed.
2844 4445 3003 4518 Bcn.,
3029 4453 3088 4501 ut
3110 4452 3165 4500 et
3193 4436 3519 4514 perterreat]
3545 4451 3744 4505 super-

2144 4546 2376 4614 bientes,
2407 4554 2463 4601 et
2477 4544 2673 4600 excitet
2694 4541 3050 4616 negligentes,
3067 4548 3121 4595 et
3138 4546 3387 4594 exerceat
3410 4541 3747 4604 (μίξει-εοεαε,

2061 4621 2121 4687 Π
2143 4648 2198 4694 et
2219 4639 2325 4711 alat
2348 4636 2734 4711 intelligentes,
2755 4633 2898 4707 quod
2918 4648 3024 4688 non
3044 4631 3268 4696 faceret,
3294 4629 3337 4685 si
3362 4643 3469 4682 non
3500 4640 3560 4680 se
3593 4624 3749 4696 prius

2144 4728 2454 4799 inclinaret,
2482 4738 2536 4785 et
2558 4724 2961 4801 quodammodo
2982 4722 3339 4805 descenderet
3375 4718 3441 4775 ad
3472 4719 3750 4790 jacentes.

2142 4820 2295 4891 Quod
2313 4830 2491 4877 autem
2508 4820 2671 4874 etiam
2694 4819 2968 4876 interitum
2982 4816 3223 4874 omnium
3241 4812 3555 4868 animalium
3572 4820 3752 4867 terre-

2142 4930 2336 4973 norum
2354 4911 2761 4986 volatiliumque
2782 4910 3088 4978 denuntiat,
3104 4904 3526 4979 magnitudinem
3546 4902 3755 4958 futura

2142 5006 2311 5062 cladis
2340 5004 2563 5073 eliatur,
2599 5021 2707 5062 non
2751 5001 3117 5059 animantibus
3158 4997 3381 5055 rationis
3425 4996 3759 5065 expertibus

2144 5108 2402 5172 tanquam
2446 5109 2501 5175 et
2532 5097 2649 5169 ipsa
2696 5096 3041 5170 peccaverint
3066 5093 3302 5153 minatur
3344 5090 3590 5146 exitium.
3629 5087 3760 5146 Jatn

2143 5210 2277 5251 vero
2303 5193 2445 5265 quod
2468 5192 2579 5249 Noe
2603 5190 2803 5249 homini
2828 5189 3000 5263 justo,
3025 5196 3081 5244 et
3100 5188 3239 5241 sicut
3259 5184 3326 5241 de
3349 5182 3437 5238 illo
3459 5182 3762 5253 Scriptura

2146 5290 2381 5349 veridica
2416 5290 2672 5365 loquitur,
2716 5287 2769 5343 in
2799 5300 2893 5342 sua
2937 5282 3287 5356 generatione
3326 5275 3598 5351 perfecto,
3643 5290 3763 5333 nou

2146 5381 2333 5452 utique
2359 5382 2498 5439 sicut
2524 5378 2835 5454 perﬁciendi
2862 5384 2986 5431 sunt
3008 5374 3154 5433 cives
3178 5369 3416 5428 civitatis
3442 5366 3539 5423 Dei
3570 5367 3633 5423 in
3666 5367 3763 5425 illa

2150 5474 2555 5531 immortalitate
2585 5489 2691 5545 qua
2715 5471 3074 5543 atquabuntur
3099 5468 3306 5540 angelis
3329 5464 3448 5531 Dei,
3474 5461 3572 5518 sed
3606 5463 3766 5523 sicut

2144 5580 2267 5623 esse
2298 5567 2470 5635 potuit
2499 5560 2768 5637 [possunt]
2798 5563 2851 5618 in
2898 5564 2997 5619 hac
3035 5558 3466 5632 peregrinatione
3502 5555 3768 5628 perfecto

2147 5653 2441 5730 [perfecti],
2466 5658 2693 5727 imperat
2712 5656 2851 5710 Deus
2865 5665 2920 5709 ut
2938 5667 3117 5708 arcam
3142 5651 3321 5717 faciat,
3338 5648 3390 5704 in
3408 5664 3512 5722 qua
3541 5646 3769 5723 [Supp.

2121 5745 2294 5832 ἐυηι]
2320 5749 2450 5815 suis,
2482 5749 2532 5803 id
2557 5758 2637 5804 est
2664 5762 2852 5813 uxore,
2884 5754 2939 5803 et
2966 5744 3122 5814 filiis,
3154 5751 3209 5799 et
3238 5739 3495 5805 nuribus,
3525 5746 3581 5795 et
3622 5755 3770 5798 cum

2145 5840 2466 5899 animalibus
2482 5855 2604 5913 qua:
2622 5839 2686 5896 ad
2704 5839 2856 5897 illum
2872 5853 2939 5896 ex
2956 5836 3051 5896 Dei
3073 5842 3348 5910 praecepto
3365 5834 3420 5893 in
3443 5847 3636 5893 arcam
3667 5834 3771 5892 in-
