3968 6390
234 350 345 410 653

232 482 417 571 ξτθειε
444 489 591 553 sunt,
613 484 937 547 liberaretur
956 491 1147 549 diluvii
1169 493 1442 565 vastitate,
1475 496 1834 569 proculdubio
1857 508 1915 571 Α

218 560 397 632 (illum
417 584 500 632 est
514 581 907 652 peregrinantis
921 586 1001 640 sin
1018 587 1119 643 hoc
1130 590 1330 646 sarculo
1340 560 1574 650 civitatis
1591 596 1708 665 Dei,
1729 598 1835 657 hoc

222 664 308 712 εει
338 665 614 743 Ecclesiae,
638 691 760 746 qua
784 679 843 734 iit
862 681 1009 736 salva
1031 696 1129 752 per
1150 682 1352 754 lignum
1378 687 1432 742 in
1455 704 1563 760 quo
1579 694 1837 763 pependit

232 762 502 822 mediator
521 768 614 825 Dei
637 781 690 826 et
709 771 1014 841 hominum,
1038 775 1199 834 homo
1222 776 1380 837 Jesus
1404 762 1675 843 Christus.
1700 787 1833 847 Nam

226 863 277 949 et
299 875 565 917 mensura:
582 864 710 933 ipsae.
729 866 1097 937 longitudinis,
1110 874 1503 941 etaltitndinis,
1518 878 1641 949 ejus
1656 880 1837 937 latitu-

234 948 371 1006 dinis
400 956 449 1009 ei
480 953 649 1027 [F.et
670 958 723 1013 la
753 962 887 1017 itud.
908 960 1047 1034 ejus]
1076 964 1386 1036 signiﬁcant
1409 948 1607 1040 corpus
1638 972 1829 1029 huma-

232 1050 358 1096 num
380 1082 397 1109 ,
428 1044 484 1099 in
515 1049 672 1116 cujus
701 1053 933 1109 veritate
955 1056 1023 1109 ad
1050 1055 1296 1113 homines
1328 1064 1727 1128 prcuuntiatus
1753 1076 1839 1123 est

230 1141 498 1191 venturus
521 1147 578 1193 et
603 1141 773 1199 venit.
805 1144 1035 1203 llumani
1063 1150 1262 1220 quippe
1283 1155 1528 1223 corporis
1558 1156 1841 1228 longitudo

228 1234 259 1321 ξ
284 1228 487 1321 vertice
504 1244 679 1308 usque
698 1234 766 1289 ad
792 1238 1014 1310 vestigia
1039 1241 1225 1297 sexies
1251 1254 1463 1300 tantum
1486 1247 1649 1305 habet
1672 1264 1839 1321 quam

230 1312 483 1413 latitudo,
515 1339 635 1393 quae
664 1337 751 1385 est
776 1330 845 1386 ah
874 1348 983 1387 uno
1014 1333 1184 1391 latere
1211 1338 1282 1393 ad
1312 1338 1546 1395 alterum
1582 1312 1751 1413 latas,
1782 1351 1840 1399 et

229 1406 418 1467 decies
443 1421 655 1472 tantum
679 1418 885 1495 [quam]
910 1425 1160 1494 altitudo,
1184 1431 1341 1499 cujus
1365 1432 1667 1488 altitudinis
1686 1406 1838 1489 men-

228 1512 359 1555 sura
379 1506 539 1561 estin
563 1508 757 1580 latere,
780 1530 813 1569 a
836 1516 1003 1572 dorso
1024 1521 1092 1574 ad
1116 1531 1383 1579 ventrem.
1408 1523 1568 1579 Velut
1587 1526 1636 1581 si
1649 1527 1838 1597 jacen-

230 1599 346 1652 tem
380 1597 657 1660 hominem
688 1609 933 1665 metiaris
959 1615 1217 1683 supinum
1244 1631 1340 1673 seu
1370 1632 1626 1689 pronum,
1654 1624 1839 1678 sexies

227 1689 438 1785 tantum
468 1693 661 1766 longus
689 1708 775 1755 est
794 1742 814 1768 ,
841 1717 872 1757 a
902 1707 1079 1774 capite
1107 1705 1320 1782 [usque]
1345 1711 1416 1765 ad
1444 1713 1643 1782 Ροάεσν
1673 1728 1837 1785 quam

225 1778 373 1877 latus
396 1798 427 1838 a
446 1786 639 1843 dextra
667 1791 723 1847 in
745 1794 1048 1863 sinistram,
1077 1778 1162 1855 vel
1188 1778 1461 1858 asinistra
1485 1806 1538 1859 in
1561 1778 1836 1877 dextram,

224 1878 287 1926 et
305 1872 485 1931 decies
511 1894 673 1979 quam
700 1884 839 1941 altus
863 1902 894 1942 a
920 1898 1087 1947 terra.
1112 1892 1267 1949 Unde
1290 1895 1427 1951 facta
1454 1906 1541 1953 est
1563 1914 1688 1979 arca
1719 1872 1837 1958 tre;
1859 1896 1911 1960 Β

224 1977 511 2025 centorum
540 1972 595 2027 in
625 1974 961 2047 longitudine
990 1985 1323 2055 cubitorum,
1349 1998 1407 2045 et
1433 1974 1825 2062 quinquaginta

222 2058 283 2157 tn
310 2059 608 2157 latitudine,
630 2078 687 2125 et
710 2075 925 2142 triginta
958 2078 1011 2132 in
1038 2078 1349 2151 altitudine,
1371 2094 1427 2140 et
1450 2058 1599 2157 quod
1621 2058 1823 2146 eam

223 2151 284 2208 in
308 2153 477 2251 la_tere
497 2164 725 2232 accepit,
749 2168 1141 2236 profectoillud
1159 2185 1243 2231 est
1261 2151 1481 2251 vulnus,
1499 2182 1716 2250 quando
1745 2183 1828 2239 la-

222 2252 317 2344 tus
335 2248 592 2335 Crucitixi
619 2256 802 2314 lancea
828 2266 1155 2330 perforatum
1175 2278 1279 2326 est.
1305 2248 1417 2327 liae
1444 2248 1646 2344 quippe
1670 2273 1740 2329 ad
1763 2275 1828 2330 il-

222 2337 339 2396 lum
360 2345 641 2405 venientes
657 2352 1051 2426 ingrediuntur,
1072 2364 1198 2431 quia
1222 2365 1347 2421 inde
1363 2337 1699 2424 sacramenta
1724 2384 1827 2425 ma-

229 2444 433 2531 narunt
452 2440 646 2507 quibus
670 2447 953 2504 credentes
982 2454 1283 2511 iuitiamur.
1310 2459 1377 2511 Et
1403 2461 1546 2527 quod
1572 2461 1641 2515 de
1670 2460 1830 2531 lignis

228 2527 506 2592 quadratis
527 2531 642 2588 fieri
660 2536 1149 2616 jubetur,uudiqne
1170 2552 1417 2607 stabilem
1431 2555 1595 2609 vitam
1616 2527 1830 2611 sancto-

228 2630 363 2717 rum.
380 2619 679 2693 signiﬁcat;
710 2644 1029 2702 quacunque
1054 2638 1203 2695 enim
1228 2644 1479 2711 verteris,
1507 2648 1826 2717 quadratum

220 2707 413 2804 stabit,
436 2723 490 2767 et
510 2727 712 2775 caetera
731 2738 888 2794 qua,
916 2744 1041 2784 cum
1069 2733 1123 2786 in
1152 2734 1399 2804 ejusdem
1426 2707 1567 2796 arcae
1595 2750 1831 2800 constru-

222 2800 408 2899 ctione
436 2804 712 2879 dicuntur,
742 2800 1234 2882 ecetesiasticannn
1261 2830 1413 2899 signa
1458 2841 1582 2888 stmt
1618 2849 1822 2893 rerum.

216 2892 329 2997 §etl
357 2912 421 2952 ea
441 2914 587 2957 nunc
604 2911 851 2979 persequi
875 2914 1091 2985 longum
1122 2927 1227 2988 est,
1254 2892 1431 2979 et'hoc
1452 2924 1567 2995 jam
1590 2892 1823 2986 fecimus

214 3001 279 3041 tn
312 3004 479 3059 opere
501 2997 644 3063 quod
667 3001 926 3059 adversus
953 3006 1205 3065 Faustum
1228 3013 1578 3073 Manicheum
1605 3020 1826 3090 scripsi-

212 3096 367 3155 mus,
393 3103 674 3161 negantem
701 3096 757 3150 in
789 3098 1139 3159 Hebraeorum
1171 3106 1323 3162 libris
1348 3109 1549 3179 aliquid
1575 3112 1643 3168 de
1668 3114 1826 3169 Citri-

211 3188 307 3274 8to
349 3197 470 3240 esse
510 3193 911 3260 prophetatum.
941 3195 1012 3251 Et
1048 3196 1163 3254 fieri
1204 3202 1420 3270 quidem
1455 3214 1630 3274 potest
1674 3214 1817 3262 utet

213 3273 382 3329 nobis
405 3277 687 3349 quispiam,
712 3291 766 3339 ct
788 3286 929 3343 alius
942 3290 1053 3345 alio
1072 3304 1313 3361 exponat
1336 3273 1664 3367 ltzrcaptius,
1690 3300 1820 3354 dum
1848 3276 1901 3345 ε

209 3371 408 3422 tamen
430 3384 493 3425 ea
518 3388 641 3442 qua:
667 3376 923 3435 dicuntur
946 3382 1012 3435 ad
1046 3382 1185 3439 hanc
1204 3386 1273 3441 de
1301 3403 1405 3456 qua
1432 3388 1703 3460 loquimur
1727 3392 1822 3449 Dei

207 3461 517 3535 civitatem,
551 3468 605 3523 in
635 3470 737 3527 hoc
762 3476 964 3530 saeculo
993 3479 1229 3549 maligno
1253 3490 1503 3551 tanquam
1534 3486 1588 3540 in
1622 3485 1825 3542 diluvio

255 3556 673 3629 eregrinantem,
689 3567 867 3620 omnia
889 3564 1213 3638 referantur,
1234 3574 1278 3628 si
1298 3573 1367 3629 ab
1386 3578 1501 3646 ejus
1514 3577 1720 3651 [sensu]
1734 3580 1823 3650 qui

233 3652 319 3699 sta
350 3650 693 3737 conscripsit,
723 3671 831 3713 non
855 3660 967 3715 vult
992 3662 1150 3734 longe
1172 3666 1428 3723 aberrare
1447 3650 1535 3739 qui
1562 3650 1819 3742 exponit:

207 3740 447 3832 exempli
470 3745 664 3815 gratia,
678 3748 825 3804 velut
841 3749 887 3805 si
905 3752 1169 3824 quiSpiam
1185 3759 1325 3829 quod
1350 3758 1437 3815 hic
1453 3740 1714 3832 scriptum
1738 3776 1823 3821 est

186 3822 190 3837 '
214 3845 240 3880 ς
259 3828 442 3903 [areae]
467 3834 717 3894 inferiora
741 3840 856 3897 bica
866 3857 1065 3903 merata
1080 3857 1135 3904 et
1152 3852 1487 3908 tricamerata
1506 3852 1673 3912 facies
1698 3871 1821 3913 eam

206 3919 327 4020 [fa]
348 3941 395 3990 ι,
420 3939 527 4020 non
540 3930 693 4020 quod
704 3947 807 4004 ego
827 3933 881 3989 in
904 3934 1175 4009 illoopere
1196 3944 1306 3998 dixi
1324 3942 1412 3999 vel
1430 3946 1667 4001 intellexi
1686 3944 1816 4020 [Ed.

184 4009 371 4087 Dem,
387 4017 517 4070 velit
538 4019 807 4094 intelligi],
823 4027 946 4095 quia
965 4044 1033 4084 ex
1054 4032 1303 4089 omnibus
1324 4033 1574 4104 gentibus
1593 4009 1820 4106 congre-

202 4112 376 4170 gatur
401 4106 662 4178 Ecclesia,
691 4112 1077 4174 bicamcratam
1099 4121 1320 4188 dictam,
1354 4136 1569 4195 propter
1595 4127 1702 4181 duo
1729 4142 1819 4196 ge-

180 4280 183 4281 ν
201 4209 352 4251 nera
368 4197 668 4271 hominum,
688 4207 1152 4267 circumcisionem
1173 4215 1381 4271 scilicet
1398 4226 1452 4271 et
1470 4217 1813 4288 praeputium,

200 4290 363 4358 quod
391 4293 682 4361 Apostolus
713 4299 825 4354 alio
851 4305 1013 4359 modo
1043 4306 1175 4360 dicit
1194 4347 1207 4371 ,
1236 4306 1452 4364 Iudaeos
1476 4320 1533 4366 et
1573 4311 1814 4381 Graecos,

182 4382 621 4475 tricameratam
653 4406 804 4459 vero,
838 4409 905 4450 eo
941 4398 1084 4469 quod
1112 4416 1301 4457 omnes
1330 4414 1518 4475 gentes
1547 4406 1617 4461 de
1644 4405 1817 4462 tribus

200 4473 343 4531 ﬁliis
371 4476 485 4534 Noe
517 4490 637 4549 post
660 4484 919 4543 diluvium
948 4502 1212 4561 reparata:
1243 4473 1367 4550 sunt
1392 4513 1407 4563 ;
1441 4497 1535 4553 sed
1563 4498 1707 4553 aliud
1734 4498 1818 4553 di-

182 4546 304 4639 fcat
324 4546 529 4642 aliquid
553 4578 693 4646 quod
721 4578 826 4636 fide
856 4578 909 4655 [ει
938 4546 1082 4657 fidei]
1112 4546 1428 4657 regula—non
1442 4546 1535 4645 si;
1553 4546 1810 4647 ali-cuum.

1581 383 2016 450 THESAURUS.
2055 393 2211 456 CAP.
2243 395 2308 457 L.

3413 416 3530 476 σω

2498 517 2727 579 CAPUT
2773 521 2962 581 XLIX.

1942 652 2175 721 Qualiter
2202 657 2592 731 intelligendum
2616 662 2715 715 sit:
2739 661 2873 717 Ecca
2907 664 3073 720 Adam
3097 668 3268 731 factas
3306 678 3389 727 est
3412 678 3526 727 tan-

2009 744 2167 797 quam
2194 745 2327 785 unus
2353 748 2419 788 as
2443 733 2612 800 milia,
2641 748 2706 790 az
2740 734 2873 792 libra
2902 752 2955 793 ιι
2982 743 3048 793 de
3080 733 3267 797 Caesi
3296 744 3370 797 ad
3393 744 3529 799 litte-

2009 814 2147 854 ram.

2009 910 2081 970 Et
2106 916 2242 974 dixit
2272 919 2414 977 Deus
2432 937 2445 974 :
2466 921 2604 979 Ecce
2625 924 2795 981 Adam
2818 926 2985 984 laetas
3009 936 3093 986 est
3116 940 3363 1003 tanquam
3388 949 3526 994 unus

1938 1023 2009 1065 ex
2034 1011 2191 1067 nobis
2222 1014 2276 1067 in
2302 1018 2676 1086 cognoscendo
2705 1018 2905 1075 bonum
2929 1030 2984 1077 et
3003 1024 3225 1081 malum.
3258 1026 3527 1095 Quoniam

1938 1100 2067 1169 hoc,
2092 1120 2186 1173 per
2208 1108 2488 1175 quodlibet
2510 1118 2565 1165 et
2590 1114 2989 1182 quomodolibet
3016 1118 3219 1174 dictum
3246 1122 3314 1177 sit
3334 1164 3349 1185 ,
3383 1121 3529 1177 Dens

1940 1204 2119 1254 tamen
2149 1199 2319 1267 dixit,
2349 1217 2461 1258 non
2485 1204 2644 1261 aliter
2690 1206 3093 1280 intelligendum
3120 1224 3233 1282 est,
3265 1216 3409 1285 quod
3453 1220 3528 1275 ait

1944 1306 2193 1349 tnuusex
2212 1294 2392 1362 nobis,
2404 1314 2429 1350 ι
2444 1298 2548 1353 nisi
2566 1312 2783 1370 propter
2793 1303 3110 1361 Trinitatem
3137 1323 3393 1365 numerus
3410 1311 3527 1380 plu-

1938 1382 2066 1439 ralis
2105 1386 2422 1456 accipiatur,
2452 1389 2818 1448 sicutdictum
2857 1406 3007 1451 erat:
3042 1396 3323 1455 Faciamus
3349 1401 3527 1457 homi-

1939 1491 2087 1546 nem,
2110 1480 2249 1535 sicut
2275 1481 2439 1537 etiam
2464 1483 2815 1541 Dor-inuade
2840 1501 2901 1543 se
2920 1498 2976 1543 et
3007 1489 3165 1545 Patre
3189 1506 3204 1542 :
3239 1490 3526 1550 Veniemus

1938 1569 2009 1626 ad
2052 1587 2177 1627 eum
2203 1583 2259 1629 et
2297 1577 2633 1632 mansionem
2672 1579 2814 1649 apud
2853 1593 2979 1635 eum
3027 1582 3306 1641 faciemus.
3338 1585 3524 1655 Repli-

1938 1672 2121 1719 catum
2148 1676 2233 1720 est
2254 1667 2419 1737 igitur
2445 1670 2501 1724 in
2530 1682 2688 1740 caput
2714 1673 2935 1743 superbi
2957 1689 3067 1745 quo
3096 1678 3245 1732 exitu
3273 1680 3526 1750 concupi-

1938 1756 2077 1811 verit
2104 1760 2251 1827 quod
2289 1774 2319 1813 a
2366 1775 2616 1831 certante
2664 1775 2977 1835 suggestum
3023 1775 3148 1823 est:
3182 1768 3347 1827 Eritis
3391 1771 3527 1828 sicut

1938 1845 2035 1902 dii.
2069 1848 2235 1916 Ecce,
2262 1852 2455 1921 inquit,
2483 1855 2659 1911 Adam
2690 1856 2865 1913 factus
2888 1868 2971 1913 est
3002 1867 3255 1931 tanquam
3294 1876 3433 1918 unus
3461 1878 3527 1919 ex

1934 1940 2119 1998 nobis.
2139 1942 2315 1999 Verba
2336 1946 2485 2001 enim
2506 1946 2603 2003 Dei
2634 1960 2757 2003 sunt
2779 1964 2887 2004 non
2906 1960 3021 2006 tam
3040 1952 3167 2007 huic
3195 1954 3525 2021 insultantis,

1929 2051 2095 2107 qua.
2123 2047 2355 2094 caterua
2381 2054 2452 2097 na
2478 2040 2551 2096 ita
2588 2043 2903 2111 superbiant
2930 2044 3278 2115 deterrentis,
3313 2057 3528 2116 prapter

1928 2146 2071 2202 quos
2115 2134 2219 2190 ista
2248 2138 2731 2209 conscriptam
2756 2155 2769 2194 :
2798 2139 2997 2197 Factus
3042 2150 3145 2207 est,
3178 2143 3371 2213 inquit,
3407 2149 3527 2198 tan-

1928 2242 2095 2298 quam
2121 2244 2260 2285 unus
2302 2246 2372 2286 ex
2398 2233 2574 2293 nobis,
2608 2237 2665 2289 in
2699 2235 3077 2304 cognoscendo
3106 2237 3304 2292 bonum
3332 2244 3388 2295 et
3415 2250 3527 2292 ma-

1930 2320 2064 2377 lum.
2098 2323 2239 2390 Quid
2262 2327 2403 2381 aliud
2424 2327 2833 2397 intelligendum
2855 2330 2958 2385 nisi
2986 2331 3291 2399 exemplum
3319 2330 3528 2387 timoris

1933 2415 2233 2472 incutiendi
2252 2433 2375 2473 esse
2400 2423 2759 2490 propositum,
2786 2422 2927 2489 quod
2955 2436 3063 2477 non
3087 2424 3261 2478 solum
3286 2436 3393 2479 non
3415 2424 3528 2481 luc-

1930 2505 2008 2561 rit
2036 2506 2208 2561 lactus
2233 2509 2409 2576 qualis
2439 2508 2556 2565 ﬁeri
2584 2512 2750 2566 valuit
2777 2509 2871 2584 [Γ.
2895 2508 3110 2584 valuit],
3138 2514 3237 2569 sed
3265 2529 3363 2570 nec
3395 2514 3527 2573 illud

1933 2601 2079 2670 quod
2103 2601 2276 2656 lactus
2299 2603 2470 2658 fuerat
2490 2604 2871 2660 conservavit?
2890 2603 2955 2660 Et
2978 2620 3141 2673 nunc,
3169 2607 3342 2676 inquit
3362 2604 3521 2675 Deus,

1933 2706 2006 2747 ne
2034 2692 2331 2763 aliquando
2351 2696 2609 2751 extendat
2636 2710 2874 2763 manum,
2902 2704 2959 2753 ct
2979 2704 3163 2753 sumat
3187 2696 3255 2753 de
3284 2698 3427 2769 ligno
3452 2712 3526 2754 vt-

1934 2792 2027 2851 ιω,
2046 2793 2102 2840 et
2124 2786 2270 2851 edat,
2287 2799 2341 2842 et
2364 2791 2508 2843 vivat
2535 2789 2595 2844 in
2617 2799 2905 2857 aeternum,
2933 2796 2989 2845 et
3009 2789 3213 2844 dimisit
3243 2789 3391 2845 illum
3422 2791 3527 2846 Do-

1932 2879 2112 2933 minus
2142 2880 2283 2935 Deus
2309 2880 2383 2937 de
2402 2882 2657 2951 paradiso
2682 2883 2969 2953 voluptatis
2991 2882 3211 2952 operari
3231 2891 3433 2938 terram
3459 2899 3525 2941 et

1932 2983 2045 3039 qua
2058 2982 2311 3041 “ruptus
2327 2980 2429 3028 est.
2763 2974 2925 3028 verba
2938 2973 3037 3030 Dei
3059 2982 3203 3040 sunt,
3222 2973 3329 3029 huc
3346 2986 3531 3029 autem

1930 3061 2139 3118 factum
2180 3076 2400 3133 propter
2438 3067 2557 3135 ipsa
2593 3070 2757 3122 verba
2805 3079 3049 3123 secutum
3090 3073 3194 3124 est.
3246 3069 3531 3126 Alienatus

1931 3155 2077 3212 enim
2105 3173 2135 3212 a
2166 3159 2297 3226 vita,
2332 3173 2439 3215 non
2468 3160 2645 3214 solum
2672 3165 2841 3228 quam
2867 3159 3047 3216 fuerat
3066 3200 3083 3226 ,
3116 3163 3162 3215 si
3194 3172 3531 3233 prmeeptum‘

1930 3260 2218 3319 servasset,
2254 3268 2377 3308 eum
2406 3255 2619 3327 angelis
2646 3262 2986 3323 accepturus,
3017 3256 3119 3312 sed
3143 3256 3215 3311 ab
3242 3256 3328 3312 illa
3362 3257 3524 3315 etiam

1931 3356 2099 3414 quam
2123 3344 2357 3400 ducebat
2389 3348 2441 3400 in
2493 3348 2763 3415 paradiso.
2813 3347 2963 3403 (εἰὶςί
2999 3348 3233 3417 quodam
3281 3349 3525 3419 corporis

1932 3444 2101 3501 statu,
2130 3439 2369 3503 separari
2399 3440 2589 3507 utique
2613 3438 2802 3493 debuit
2834 3453 2870 3492 a
2896 3439 3049 3507 ligno
3068 3438 3216 3505 vite,
3247 3438 3364 3496 sive
3383 3438 3531 3510 quod

1931 3544 1999 3584 ex
2034 3531 2153 3599 ipso
2181 3530 2261 3583 illi
2284 3530 2603 3585 subsisteret
2644 3531 2775 3585 felix
2801 3532 2889 3586 ille
2918 3531 3031 3600 ipse
3056 3538 3233 3586 status
3258 3532 3537 3601 corporis,-

1930 3634 1997 3674 ex
2012 3634 2075 3675 re
2091 3621 2291 3677 visibili
2314 3622 2514 3677 virtute
2541 3622 2819 3688 invisibili,
2840 3622 2959 3676 sive
2976 3622 3127 3691 quod
3145 3623 3197 3677 in
3222 3637 3315 3679 eos
3332 3621 3418 3696 [L.
3433 3623 3527 3699 eo]

1929 3722 2076 3770 esset
2097 3722 2501 3769 sacramentum
2524 3712 3039 3770 visibileinvisibilis
3060 3728 3115 3769 sa
3124 3714 3362 3786 pientim.
3378 3716 3523 3774 Alte-

1926 3808 2137 3863 nandus
2171 3808 2295 3863 inde
2324 3807 2509 3879 utique
2547 3806 2751 3871 fuerat,
2792 3806 2879 3861 vel
2916 3805 3031 3876 jam
3076 3808 3402 3876 moriturus,
3435 3809 3522 3866 vel

1924 3904 2089 3958 etiam
2119 3908 2372 3973 tanquam
2402 3900 2921 3970 excornmunicatus,
2955 3901 3095 3955 sicut
3121 3902 3283 3956 etiam
3327 3902 3379 3956 in
3419 3900 3521 3958 hoc

1926 3998 2199 4067 paradiso,
2217 3998 2270 4051 id
2292 4006 2377 4052 est
2400 3997 2858 4066 Ecclesia,solent
2885 4012 2915 4052 a
2948 3998 3307 4052 sacramentis
3334 3996 3520 4053 altaris

1925 4090 2225 4145 visibilibus
2254 4090 2497 4145 homines
2518 4090 2804 4159 disciplina
2830 4089 3198 4143 ecclesiastica
3227 4090 3516 4144 removeri.

1923 4184 1995 4239 Et
2017 4183 2176 4252 ejecit
2205 4184 2399 4249 Adam,
2430 4192 2483 4239 et
2512 4180 2798 4237 collocavit
2834 4196 2958 4237 eum
2996 4190 3182 4237 contra
3211 4181 3518 4249 paradisum

1922 4276 2214 4346 voluptatis
2242 4294 2254 4330 :
2281 4286 2333 4331 et
2363 4274 2465 4331 hoc
2494 4275 2831 4346 significandi
2862 4276 3031 4345 gratia
3058 4275 3257 4330 factum
3288 4282 3391 4339 est,
3423 4273 3519 4329 sed

1923 4375 2104 4423 tamen
2122 4369 2313 4423 factum
2330 4375 2582 4423 utcontra
2600 4367 2936 4437 paradisum,
2950 4382 3056 4437 quo
3071 4366 3222 4421 beata
3238 4365 3343 4420 vita
3357 4363 3518 4421 etiam

1919 4461 2146 4532 spiritali
2156 4459 2671 4531 tersiguillcabatur,
2688 4458 2952 4515 habitaret
2972 4470 3242 4529 peccator,
3266 4458 3448 4527 utique
3465 4459 3515 4513 in

1921 4554 2169 4620 miseria;
2214 4565 2269 4610 et
2300 4554 2572 4609 ordinavit
2613 4551 2875 4608 cherubin
2907 4562 2962 4607 et
2994 4552 3300 4608 flammeam
3335 4550 3517 4605 ritum-

197 4658 353 4717 Nam
370 4667 623 4732 quoniam
650 4685 755 4725 non
776 4673 918 4729 solas
941 4675 995 4730 in
1018 4677 1359 4736 inferioribus
1378 4683 1683 4739 mansiones
1704 4682 1813 4756 40

1933 4652 2134 4720 pltaaam
2169 4662 2290 4719 qua:
2321 4649 2552 4704 vertitur
2584 4646 2856 4703 custodire
2887 4647 3026 4701 viam
3061 4645 3185 4717 ligni
3228 4646 3369 4700 vitae.
3405 4643 3517 4700 lioc

184 4752 421 4839 ihaliere
438 4770 619 4815 arcam
642 4764 831 4832 voluit,
854 4772 1205 4827 verumetiam
1231 4775 1284 4829 in
1310 4777 1680 4847 superioribus
1712 4752 1812 4835 {th

181 4844 338 4952 .haee
355 4847 487 4905 dixit
510 4850 861 4952 bicamerata,
888 4870 944 4916 et
970 4865 1021 4917 in
1049 4844 1420 4936 superioribus
1442 4873 1806 4943 superiorum,

179 4942 264 5041 get
326 4942 439 4997 haec
480 4946 771 5014 appellavit
822 4952 1188 5023 tricamcrata,
1236 4968 1294 5014 ut
1339 4962 1407 5015 ab
1436 4961 1547 5017 imo
1591 4942 1805 5020 sursum

179 5049 403 5129 Iversus
457 5044 616 5099 tertia
682 5058 1033 5120 consurgeret
1089 5051 1389 5123 habitatio,
1447 5070 1669 5129 possunt
1720 5062 1809 5118 hic

193 5128 450 5221 intelligi
498 5143 553 5189 et
603 5136 701 5194 tria
757 5136 848 5195 illa
905 5157 1025 5215 qua:
1081 5128 1805 5221 commendatiApostolus,

193 5220 381 5287 ﬁdes,
431 5236 591 5295 spes,
640 5227 901 5289 charitas.
945 5233 1179 5292 Possunt
1208 5241 1370 5293 etiam
1403 5220 1571 5298 multo
1612 5258 1810 5301 conve-

178 5315 451 5397 Onientius
513 5325 625 5375 tres
676 5321 784 5377 illae
836 5325 1112 5385 ubertates
1161 5331 1521 5402 evangelicae,
1572 5337 1806 5407 tricena,

176 5420 501 5493 sexagena,
525 5422 772 5483 centena,
798 5425 859 5471 ut
882 5418 936 5473 in
959 5419 1148 5476 intimo
1170 5419 1372 5501 habitet
1400 5424 1653 5494 pudicitia
1676 5442 1807 5484 con-

181 5500 423 5572 iugalis,
448 5516 607 5573 supra
637 5504 888 5579 vidualis,
914 5520 1074 5582 atque
1106 5514 1207 5569 hac
1233 5500 1485 5586 superior
1506 5518 1806 5590 virginalis,

98 5630 123 5677 λ
176 5604 251 5687 iet
276 5591 329 5647 si
358 5594 491 5687 quid
516 5599 707 5655 melius
748 5605 1048 5661 secundum
1081 5607 1241 5664 [idem
1268 5610 1500 5666 civitatis
1529 5610 1689 5681 hujus
1719 5615 1805 5670 in-

94 5680 97 5681 ⁷
176 5680 378 5789 ίιειιὶςί
419 5695 473 5743 et
508 5689 614 5745 dici
655 5702 853 5762 potest.
899 5694 1014 5754 Hoc
1040 5701 1200 5756 etiam
1232 5702 1299 5758 de
1328 5706 1541 5761 caeteris
1572 5680 1690 5775 qua:
1720 5708 1809 5764 hic

184 5780 523 5846 exponenda
548 5792 673 5839 sunt
703 5785 958 5860 dixerim,
984 5792 1108 5861 quia
1132 5790 1235 5848 etsi
1264 5810 1369 5851 non
1399 5812 1507 5853 uno
1531 5797 1807 5855 disserun—

276 5838 289 5846 _
710 5838 958 5860 ,μω-Ἰ
986 5838 1108 5861 γη
1134 5838 1235 5848 υ--
1264 5838 1369 5851 ..νη
1401 5838 1507 5853 .....,
1532 5838 1807 5855 mm..."—

172 5838 295 5972 :tur
320 5874 503 5972 modo,
527 5877 593 5932 ad
614 5894 776 5940 unam
800 5890 980 5944 tamen
999 5885 1285 5948 catholicae
1312 5889 1437 5952 ﬁdei
1458 5894 1807 5954 concordiam

168 5966 512 6047 ;revocauda
537 5977 687 6028 sunt.

1914 4758 2013 4815 per
2038 4746 2288 4800 caelestes
2313 4742 2497 4813 utique
2528 4748 2821 4810 pateStates
2844 4742 3007 4794 etiam
3032 4739 3086 4793 in
3110 4738 3360 4808 paradiso
3387 4737 3515 4793 visi-

1912 4839 2008 4895 bili
2029 4839 2227 4894 factum
2254 4852 2376 4893 esse
2400 4834 2728 4891 credendum
2753 4842 2857 4901 est,
2887 4840 2946 4888 ut
2968 4848 3064 4904 per
3087 4832 3391 4909 angelicum
3415 4830 3513 4885 mi-

1911 4933 2190 4989 nisterium
2205 4938 2351 4987 esset
2368 4930 2475 4983 illic
2491 4929 2642 5000 ignea
2662 4929 2906 5000 quaedam
2922 4926 3191 4993 custodia,
3212 4935 3513 4981 nontamen

1918 5024 2117 5081 lruStra
2142 5022 2340 5077 factum
2368 5036 2513 5087 esse,
2534 5020 2635 5075 nisi
2667 5021 2789 5091 quia
2822 5020 3089 5090 signiﬁcat
3116 5018 3315 5089 aliquid
3348 5017 3511 5072 etiam

1920 5117 1989 5174 de
2008 5115 2237 5186 spiritali
2268 5114 2543 5185 paradiso,
2574 5128 2682 5169 non
2715 5123 2799 5169 est
2829 5114 3014 5185 utique
3043 5110 3414 5167 dubitandum.

2540 5249 2768 5308 CAPUT
2808 5249 2872 5305 L.

1913 5368 2392 5445 circumlaticium
2423 5382 2527 5420 non
2568 5369 2634 5421 sit
2662 5365 2925 5445 seductus,
2953 5368 3009 5445 ut
3040 5359 3171 5413 dicit
3200 5355 3508 5445 Apostolus,

1981 5458 2101 5496 cum
2156 5441 2293 5495 idem
2342 5440 2481 5494 dicat
2525 5455 2642 5495 euut
2690 5435 3177 5506 prevaricatorem,
3220 5427 3284 5485 ea:
3330 5427 3513 5482 eodem

2145 5528 2338 5677 xtlriagis
2383 5612 2584 5671 movet,
2616 5602 2661 5658 si
2688 5601 2798 5671 jam
2846 5597 3106 5669 spiritalis
3132 5604 3256 5651 erat
3299 5594 3503 5655 Adam,

1916 5702 2162 5774 quamvis
2192 5706 2406 5765 mente,
2436 5712 2541 5752 non
2567 5707 2823 5764 corpore,
2850 5688 3125 5761 quomodo
3154 5687 3380 5744 credere
3409 5701 3503 5757 pu-

1916 5797 2081 5855 tuerit
2109 5796 2254 5868 quod
2297 5810 2393 5865 per
2435 5798 2742 5862 serpentem
2778 5788 2986 5842 dictum
3026 5793 3146 5851 est,
3178 5783 3300 5839 ideo
3341 5782 3506 5884 Deum

1915 5890 2257 5963 prohibuisse
2286 5902 2353 5942 ne
2398 5885 2575 5941 fructu
2611 5881 2743 5952 ligni
2788 5879 2936 5935 illius
2975 5885 3346 5940 vescerentur,
3381 5879 3506 5943 quia

1915 5985 2125 6050 Icicbat
2148 5997 2266 6049 eos.
2280 5983 2323 6039 si
2351 5980 2621 6042 fecissent,
2637 5976 2849 6033 futuros
2875 5987 2996 6031 esse
3027 5982 3087 6029 ut
3112 5972 3264 6037 deos,
3282 5975 3505 6041 propter
