3968 6390
350 355 458 425 oss
537 330 567 377 ⁵
712 312 715 313 ί

352 577 555 634 bonum
584 586 848 634 creaturae
877 591 992 633 sua:
1016 574 1243 632 Creator
1287 573 1565 629 inviderit.
1602 572 1715 628 Hoc
1745 572 1939 627 mirum

353 671 401 729 si
429 672 593 729 homo
619 671 849 740 spiritali
893 682 1077 728 mente
1120 669 1377 738 praeditus
1399 668 1622 724 credere
1653 667 1937 735 potuisset,

354 777 425 819 an
455 764 579 833 quia
609 766 708 819 hoc
734 764 953 820 credere
1002 766 1118 833 ipse
1149 778 1254 818 non
1278 771 1480 831 posset,
1506 770 1787 830 propterea
1817 773 1940 812 mu-

354 856 459 912 lier
486 856 669 911 addita
697 863 800 921 est,
831 870 952 925 quae
978 855 1128 925 parvi
1158 854 1464 910 intellectus
1493 862 1659 917 esset,
1687 860 1745 907 et
1769 849 1946 903 adhuc

355 945 588 1001 fortasse
633 946 928 1001 secundum
977 961 1196 1001 sensum
1248 946 1457 1012 carnis,
1508 960 1615 999 non
1649 942 1945 999 secundum

357 1039 606 1109 spiritum
648 1039 847 1094 mentis
884 1040 1126 1108 viveret,
1155 1048 1211 1096 et
1238 1039 1343 1095 hoc
1372 1046 1456 1095 est
1488 1037 1629 1106 quod
1661 1034 1948 1104 Apostolus

358 1131 410 1187 ei
440 1147 548 1187 non
583 1132 767 1187 tribuit
793 1132 1081 1202 imaginem
1114 1132 1246 1189 Dei?
1268 1133 1359 1188 Sic
1383 1132 1530 1187 enim
1560 1131 1636 1184 ait
1666 1148 1681 1185 :
1712 1128 1808 1183 Vir
1833 1128 1951 1198 qui-

359 1222 481 1278 dem
511 1238 619 1279 non
650 1222 813 1277 debet
839 1222 1022 1278 velare
1049 1228 1211 1291 caput
1238 1235 1419 1286 suum,
1449 1234 1571 1275 cum
1603 1219 1675 1276 sit
1694 1219 1869 1287 imago
1897 1226 1952 1271 et

358 1312 529 1383 gloria
561 1310 654 1368 Dei
680 1353 698 1381 ,
731 1315 923 1369 mulier
954 1322 1133 1368 autem
1165 1311 1335 1382 gloria
1365 1312 1468 1367 viri
1513 1318 1597 1366 est
1629 1327 1641 1363 :
1675 1324 1783 1364 non
1810 1306 1953 1377 quod

361 1418 517 1460 mens
544 1403 758 1461 feminae
802 1405 1047 1461 eamdem
1076 1406 1365 1475 imaginem
1395 1418 1592 1474 capere
1621 1417 1731 1457 non
1760 1400 1952 1471 possit,

776 434 779 439 ,
1451 354 1520 421 D.
1558 351 1881 420 EUGYPPII
1920 343 2214 417 ABBATIS
2250 348 2580 411 AFRICANI

351 481 777 555 dignoscentiam
829 480 959 539 boni
988 487 1043 539 et
1070 478 1225 548 mali,
1271 485 1526 550 tanquam
1574 480 1679 534 hoc
1730 485 1937 533 tantum
1965 483 2022 543 Α

3544 336 3657 400 656

2587 468 2694 541 αι
2731 463 2960 523 CAPUT
2997 458 3087 518 Li.

2045 570 2123 626 De
2156 568 2414 623 creatione
2445 565 2601 633 primi
2642 562 2882 627 hominis,
2912 567 2959 615 et
2986 560 3065 633 de
3089 552 3383 633 musculis:
3416 553 3655 633 rationi.
3690 568 3693 571 ί

2118 642 2229 704 bus,
2256 641 2331 692 vel
2354 624 2611 707 quomodo
2627 636 2790 687 additi
2815 624 2919 707 sint
2939 630 3069 683 anni
3084 626 3376 707 quindecim
3407 624 3655 677 Ezechic

2115 699 2227 781 regi
2254 711 2322 762 ad
2366 699 2545 781 situm,
2578 723 2728 781 quem
2754 703 3067 781 praedixerat
3108 714 3211 752 non
3252 699 3538 758 victurum,
3589 709 3651 746 e1

2118 776 2248 836 lib'ro
2280 795 2331 833 vr
2357 780 2421 834 de
2450 776 2631 833 Genesi
2662 777 2729 829 ad
2754 776 2995 828 litteram.
3092 788 3097 793 ‘

2121 874 2179 928 In
2208 872 2295 927 illa
2325 871 2497 941 prima
2523 867 2831 925 conditione
2859 861 3069 929 mundi,
3101 873 3226 916 cum
3266 858 3410 913 Deus
3439 854 3652 911 creavit

2050 964 2252 1030 omnia,
2277 962 2438 1017 simul
2461 962 2621 1016 homo
2648 957 2817 1012 factus
2840 962 2923 1011 est
2943 953 3086 1026 [cum
3112 951 3256 1006 Deus
3276 948 3460 1003 omnia
3486 944 3653 1001 simul

2052 1058 2277 1122 creavit,
2312 1056 2473 1110 homo
2519 1054 2691 1108 factus
2720 1048 2846 1119 est],
2877 1049 2967 1119 qui
3012 1052 3157 1101 esset
3203 1043 3437 1098 futurus.
3489 1039 3656 1095 Ratio

2052 1147 2270 1206 creandi
2298 1145 2554 1210 hominis,
2587 1158 2691 1198 non
2714 1142 2856 1197 actio
2886 1139 3077 1206 creati,
3111 1136 3207 1192 sed
3247 1136 3362 1190 haec
3407 1132 3577 1188 aliter
3601 1132 3654 1187 in

2054 1241 2220 1298 verbo
2249 1239 2370 1306 Dei,
2394 1238 2485 1294 ubi
2511 1239 2613 1292 ista
2637 1250 2745 1292 non
2772 1236 2905 1291 facta
2948 1232 3045 1288 sed
3075 1238 3275 1285 aeterna
3304 1236 3467 1292 sunt;
3494 1224 3663 1280 aliter

2057 1336 2114 1391 in
2161 1332 2446 1389 elementis
2492 1329 2698 1396 mundi,
2728 1329 2819 1384 ubi
2844 1327 3025 1383 omnia
3073 1323 3233 1380 simul
3262 1321 3447 1377 omnia
3489 1320 3654 1384 facta,

2058 1427 2238 1483 futura
2268 1434 2425 1489 sunt;
2456 1425 2612 1480 aliter
2654 1425 2709 1477 in
2742 1422 2906 1478 rebus
2952 1433 3073 1490 quae
3120 1415 3421 1473 secundum
3470 1426 3660 1469 causas

362 1510 485 1552 cum
518 1498 573 1552 in
601 1497 691 1552 illa
720 1498 889 1567 gratia
920 1513 1020 1553 nos
1048 1497 1195 1553 dicat
1238 1513 1341 1554 nec
1370 1497 1664 1552 masculum
1702 1510 1826 1552 esse
1854 1508 1957 1550 nec
2059 1517 2223 1574 mnu]
2266 1524 2477 1571 creatas
2505 1528 2611 1569 ηοη
2639 1512 2751 1584 iam
2776 1510 2962 1574 simul,
2990 1508 3084 1563 sed
3115 1522 3213 1562 suo
3238 1519 3471 1576 quaeque
3502 1505 3655 1575 [quo-

364 1588 646 1653 feminam,
672 1590 766 1644 sed
800 1590 941 1659 quod
974 1590 1222 1646 fortassis
1262 1589 1353 1645 illa
1381 1590 1484 1645 hoc
1512 1588 1747 1644 nondum
1773 1602 1959 1657 perce-
2068 1608 2198 1681 que]
2222 1616 2466 1677 tempore
2484 1614 2757 1668 creamur,
2779 1600 3045 1672 inquibus
3070 1599 3238 1655 Adam
3264 1598 3376 1667 jam
3400 1596 3659 1650 formatus

365 1690 524 1752 perat
547 1681 783 1751 quod-fit
827 1681 882 1737 in
911 1681 1186 1752 agnitione
1226 1681 1359 1748 Dei,
1404 1690 1460 1736 ει
1500 1681 1619 1735 viro
1648 1687 1870 1748 regenlc
1897 1690 1961 1733 ³ο
2063 1718 2133 1758 ex
2162 1704 2292 1757 limo
2320 1710 2375 1757 et
2404 1700 2501 1755 Dei
2527 1699 2654 1754 flatu
2681 1697 2970 1764 animatus,
3002 1695 3138 1751 sicut
3166 1692 3346 1748 fenum
3373 1698 3651 1753 exortum;

366 1775 719 1844 dispensante
750 1776 1002 1847 paulatim
1036 1775 1209 1831 fuerat
1235 1783 1571 1845 perceptura.
1605 1772 1788 1843 Neque
1816 1769 1960 1823 enim
2064 1794 2224 1852 amet
2253 1796 2308 1850 in
2337 1793 2657 1861 seminibus,
2702 1792 2756 1845 in
2787 1789 2982 1861 quibus
3012 1800 3201 1842 rursus
3239 1783 3396 1854 quasi
3426 1782 3657 1852 ρι-ίιῃοτ.

367 1867 567 1924 frustra
608 1876 665 1923 et
708 1868 837 1923 illud
889 1868 1184 1938 Apostolus
1208 1868 1283 1922 ait
1313 1885 1325 1921 :
1355 1867 1531 1923 Adam
1581 1866 1723 1921 enim
1757 1863 1963 1933 primus
1989 1866 2040 1929 Β
2067 1886 2238 1943 diales
2289 1900 2467 1941 causa,
2496 1891 2834 1954 repetuntur,
2865 1880 2938 1935 de
2984 1879 3147 1935 rebus
3192 1876 3370 1932 dum
3413 1888 3539 1943 qua,
3574 1887 3653 1927 se.

369 1958 634 2015 formatus
658 1968 764 2026 est,
797 1959 991 2015 deinde
1011 1957 1119 2013 Eva
1144 1978 1156 2013 :
1182 1967 1238 2015 et
1259 1958 1429 2015 Adam
1452 1972 1559 2013 non
1584 1965 1667 2013 est
1687 1956 1963 2023 seductus,

372 2053 568 2108 mulier
594 2061 777 2108 autem
802 2053 1019 2108 seducta
1050 2052 1105 2107 in
1133 2050 1581 2122 praevaricatione
1614 2050 1754 2104 facta
1784 2056 1887 2112 est,
1911 2046 1966 2101 id

373 2154 461 2200 est
504 2156 560 2199 ut
608 2160 704 2215 per
748 2143 892 2199 illam
940 2148 1102 2200 etiam
1134 2143 1216 2198 vir
1258 2144 1721 2212 praevaricaretur.
1750 2137 1883 2192 Nam
1911 2142 1969 2191 et

374 2236 552 2306 ipsum
573 2235 704 2291 dicit
732 2236 1201 2307 praevaricatorem
1224 2234 1316 2289 ubi
1336 2234 1441 2289 ait:
1476 2232 1533 2289 In
1560 2230 1967 2287 similitudinem

379 2328 837 2398 praevaricationis
868 2328 998 2383 Adae
1026 2328 1117 2398 qui
1146 2336 1229 2382 est
1255 2324 1427 2381 forma
1455 2324 1617 2381 futuri
1643 2342 1659 2392 ;
1688 2322 1968 2379 seductum

376 2430 559 2501 tamen
605 2430 785 2494 negat.
818 2420 951 2476 Nam
981 2430 1037 2478 et
1075 2422 1443 2492 interrogatus
1484 2434 1595 2475 non
1634 2417 1738 2472 ait:
1781 2415 1969 2471 Mulier

377 2529 538 2586 quam
558 2515 754 2572 dedisti
782 2529 993 2572 mecum
1022 2514 1241 2570 seduxit
1259 2528 1367 2580 me,
1391 2521 1446 2569 et
1468 2508 1817 2575 manducavi;
1838 2507 1966 2564 sed:

377 2607 501 2679 Ipsa
528 2608 683 2677 mihi,
734 2606 929 2677 inquit,
960 2605 1111 2661 dedit
1147 2619 1178 2659 a
1210 2605 1357 2676 ligno
1385 2612 1441 2659 et
1485 2599 1827 2658 manducavi.
1878 2596 1970 2653 illa

377 2717 557 2760 vero:
610 2703 878 2772 Serpens,
931 2699 1126 2771 inquit,
1165 2698 1381 2755 seduxit
1434 2710 1542 2753 me.
1589 2694 1668 2750 Ita
1716 2692 1972 2750 Salomon

378 2795 466 2851 vir
508 2802 675 2851 tanta
723 2792 1037 2865 sapientiae,
1091 2791 1461 2862 nunquidnam
1511 2787 1839 2846 credendum
1892 2792 1976 2841 est

380 2890 525 2961 quod
552 2892 604 2945 in
626 2890 1049 2947 simulacrorum
1077 2889 1223 2945 cultu
1244 2886 1475 2945 credidit
1493 2900 1614 2943 esse
1643 2883 1845 2951 aliquid
1871 2881 1979 2937 uti-

381 2981 592 3039 litatis?
628 2982 726 3039 sed
757 2982 1041 3038 mulierum
1068 2981 1241 3037 amori
1270 2980 1336 3035 ad
1383 2980 1485 3036 hoc
1510 2978 1710 3035 malum
1740 2973 1977 3031 trahenti

381 3073 641 3131 resistere
684 3088 791 3129 non
826 3072 1016 3139 valuit,
1049 3074 1252 3129 faciens
1278 3072 1422 3141 quod
1468 3068 1672 3126 sciebat
1721 3082 1827 3121 non
1857 3078 1978 3120 esse

384 3164 712 3233 faciendum,
748 3179 817 3222 ne
842 3178 967 3220 suas
992 3164 1184 3236 quibus
1205 3162 1515 3234 deperiebat
1543 3155 1867 3233 [deperibat]
1894 3165 1978 3212 ato

2068 1979 2304 2037 cundum
2345 1991 2536 2034 causas
2575 1990 2709 2046 quas
2750 1974 2982 2045 primum
3029 1969 3273 2027 condidit
3301 1969 3653 2031 exstiterunt,

2071 2072 2224 2128 velut
2241 2070 2412 2126 herba
2431 2084 2498 2125 ex
2521 2079 2684 2135 terra,
2718 2080 2903 2122 semen
2927 2080 2996 2121 ex
3021 2063 3206 2129 herba,
3242 2062 3297 2117 in
3326 2062 3519 2131 quibus
3545 2074 3655 2114 om-

2069 2162 2231 2219 nibus
2266 2176 2329 2216 ea
2368 2161 2480 2231 jam
2511 2159 2648 2214 facta
2678 2157 2869 2213 modos
2907 2163 2964 2212 et
2990 2164 3141 2210 actus
3169 2154 3254 2209 sui
3287 2153 3531 2221 temporis
3558 2165 3641 2205 ac-

2071 2262 2353 2326 ceperunt,
2374 2268 2493 2321 qua
2513 2266 2582 2308 ex
2600 2252 2825 2306 occultis
2846 2257 3005 2320 atque
3016 2247 3320 2303 visibilibus
3336 2244 3635 2309 rationibus,

2071 2362 2192 2419 quae
2208 2348 2260 2402 in
2278 2355 2525 2402 creatura
2541 2344 2829 2401 causaliter
2839 2343 3029 2408 latent,
3047 2343 3105 2397 in
3128 2341 3439 2396 manifestas
3459 2339 3644 2393 formas

2074 2448 2401 2509 naturasque
2428 2438 2773 2509 prodierunt,
2806 2436 2949 2491 sicut
2976 2435 3139 2490 herba
3168 2441 3355 2490 exorta
3387 2439 3476 2487 est
3504 2443 3652 2500 super

2071 2545 2299 2599 terram,
2328 2542 2385 2589 et
2422 2532 2586 2587 homo
2616 2530 2789 2585 factus
2817 2529 2872 2585 in
2898 2529 3131 2584 animam
3158 2527 3359 2591 vivam,
3390 2533 3447 2579 et
3474 2534 3660 2579 cetera

2074 2626 2405 2699 hujusmodi,
2458 2624 2573 2680 sive
2618 2623 2835 2689 fruteta,
2884 2621 3001 2677 sive
3050 2618 3365 2684 animantia,
3398 2615 3471 2671 ad
3526 2616 3659 2669 illam

2075 2720 2445 2790 operationem
2476 2714 2570 2771 Dei
2597 2710 2944 2783 pertinentia,
2971 2724 3076 2781 qua
3102 2721 3272 2777 usque
3297 2720 3444 2760 nunc
3474 2718 3657 2775 cpera-

2077 2819 2183 2865 tur.
2216 2808 2324 2864 Sed
2365 2807 2529 2862 etiam
2573 2805 2675 2859 ista
2698 2816 2883 2857 secum
2930 2808 3141 2870 gerunt,
3190 2807 3449 2864 tanquam
3479 2796 3661 2849 iterum

2078 2901 2257 2970 seipsa
2296 2895 2644 2953 invisibiliter
2668 2894 2724 2948 in
2749 2892 2955 2948 occulta
2997 2890 3224 2961 quadam
3256 2888 3309 2941 vi
3354 2885 3655 2957 generandi,

2079 3007 2241 3064 quam
2268 2996 2557 3046 traxerunt
2576 2986 2646 3042 de
2660 2985 2768 3041 illis
2786 2981 3097 3054 primordiis
3123 2993 3411 3035 causarum
3435 2992 3658 3041 suarum,

2079 3084 2135 3141 in
2165 3084 2381 3155 quibus,
2412 3087 2596 3135 creato
2627 3076 2854 3144 mundo,
2881 3088 3002 3128 cum
3031 3073 3201 3127 factus
3231 3078 3319 3126 est
3344 3069 3490 3135 dies,
3523 3080 3662 3124 ante-

2082 3190 2243 3247 quam
2268 3175 2325 3229 in
2354 3171 2695 3228 manifestam
2717 3166 2954 3237 speciem
2980 3164 3067 3219 sui
3092 3162 3309 3234 generis
3335 3163 3663 3217 exorirentur

385 3270 494 3328 que
515 3256 789 3314 defluebat
832 3256 1139 3314 mortiferas
1164 3257 1384 3314 delicias
1420 3255 1783 3313 contristaret.
1813 3252 1889 3307 lta
1927 3246 2052 3309 etC
2084 3246 2289 3324 inserta
2313 3271 2457 3318 sunt.
2489 3262 2547 3318 Si
2585 3260 2729 3316 enim
2761 3258 2929 3328 prima
2959 3254 3051 3310 illa
3080 3268 3244 3324 opera
3288 3252 3412 3319 Dei,
3456 3268 3576 3308 cum
3600 3251 3662 3305 si-

386 3347 584 3411 Adam.
608 3360 957 3423 posteaquam
982 3350 1050 3406 de
1073 3350 1217 3420 ligno
1245 3347 1513 3421 prohibito
1540 3348 1760 3403 seducta
1791 3344 1985 3401 mulier

387 3440 751 3508 manducavit,
775 3440 933 3512 eique
952 3440 1104 3497 dedit
1127 3447 1188 3494 ut
1214 3438 1372 3495 simul
1396 3438 1638 3507 ederent,
1668 3437 1839 3493 noluit
1866 3449 1986 3491 eam

388 3535 733 3602 contristare,
784 3548 945 3604 quam
994 3532 1253 3589 credebat
1282 3547 1441 3602 posse
1490 3532 1608 3588 sine
1647 3545 1747 3587 suo
1792 3528 1987 3585 solatio

390 3625 775 3681 contabescere
802 3626 849 3680 si
872 3625 940 3680 ab
964 3627 1083 3695 ejus
1103 3626 1432 3681 alienaretur
1456 3624 1662 3691 animo,
1687 3632 1744 3677 et
1767 3623 1989 3677 omnino

393 3715 488 3771 illa
510 3716 732 3769 interire
758 3715 1049 3770 discordia.
1074 3716 1193 3769 Non
1221 3714 1437 3784 quidem
1467 3715 1649 3769 carnis
1669 3713 1839 3767 victus
1860 3726 1991 3766 con-

396 3805 769 3875 cupiscentia,
816 3818 979 3874 quam
1030 3804 1266 3859 nondum
1320 3812 1565 3860 senserat
1613 3803 1665 3858 in
1709 3803 1994 3858 resistente

396 3898 519 3968 lege
549 3896 915 3952 membrorum
956 3895 1062 3967 legi
1104 3894 1299 3951 mentis
1324 3910 1454 3963 sum,
1487 3896 1581 3951 sed
1604 3895 1816 3951 amicali
1857 3909 1992 3963 qua-

396 3989 523 4046 dam
557 3988 954 4057 benevolentia,
984 4004 1092 4060 qua
1125 3989 1439 4059 plerumque
1490 3988 1549 4043 fit
1588 3997 1648 4044 ut
1694 3986 1995 4043 offendatur

398 4080 565 4147 Deus,
594 4096 661 4137 ne
690 4081 853 4137 homo
871 4095 939 4137 ex
962 4080 1138 4135 amico
1161 4080 1253 4134 fiat
1279 4079 1553 4145 inimicus,
1571 4077 1713 4149 quod
1741 4092 1862 4132 eum
1888 4092 1995 4132 non

399 4171 578 4231 facere
608 4172 776 4246 [quod
804 4188 927 4228 eum
980 4173 1158 4229 facere
1200 4185 1307 4226 non
1337 4168 1616 4243 debuisse]
1649 4169 1844 4225 divinae
1875 4184 1999 4225 sen-

404 4266 585 4321 tentiae
611 4266 783 4332 justus
828 4262 1006 4319 exitus
1047 4263 1323 4318 indicavit.
1360 4261 1502 4331 Ergo
1542 4262 1648 4316 alio
1678 4260 1842 4317 modo
1865 4276 1999 4331 quo-

404 4356 531 4412 dam
561 4356 722 4410 etiam
746 4355 863 4423 ipse
883 4354 1143 4423 deceptus
1164 4363 1272 4422 est,
1293 4354 1389 4409 sed
1417 4354 1544 4409 dolo
1563 4354 1658 4408 illo
1688 4357 1999 4426 serpentino

406 4462 515 4517 quo
554 4445 748 4501 mulier
773 4445 995 4501 seducta
1035 4453 1140 4513 est,
1183 4444 1335 4501 nullo
1381 4445 1542 4500 modo
1580 4446 1727 4501 illum
1770 4447 1999 4502 arbitror

406 4541 653 4612 potuisse
689 4538 896 4595 seduci.
944 4538 1096 4594 Hanc
1142 4548 1322 4595 autem
1370 4538 1587 4608 proprie
1632 4540 2000 4596 seductionem

2086 3359 2199 3416 mul
2219 3356 2399 3413 omnia
2426 3352 2655 3422 creavit,
2684 3351 2742 3407 in
2771 3363 2869 3405 suo
2895 3346 3056 3402 modo
3078 3344 3316 3417 perfecta
3344 3358 3455 3399 non
3478 3352 3659 3407 essent,

2085 3465 2147 3507 ea
2178 3446 2533 3521 proculdubio
2565 3451 2686 3514 post
2716 3441 3067 3503 adderentur,
3103 3453 3223 3508 qua:
3249 3436 3365 3491 illis
3397 3434 3662 3507 perﬁcien-

2087 3541 2173 3597 dis
2200 3538 2520 3603 defuissent,
2544 3544 2603 3591 ut
2622 3532 2865 3605 quaedam
2896 3528 3260 3585 universitatis
3281 3526 3540 3597 perfectio
3563 3522 3665 3597 [exi

2091 3633 2329 3703 utrisque
2354 3636 2628 3687 constaret
2651 3625 2875 3697 singulis
2898 3622 3053 3695 quasi
3075 3620 3263 3685 semis,
3288 3619 3441 3675 velut
3460 3617 3663 3685 alicujus

2090 3725 2259 3782 totius
2313 3730 2497 3794 partes
2546 3727 2731 3777 essent
2755 3762 2771 3788 ,
2804 3730 3030 3787 quarum
3081 3710 3455 3782 conjunctione
3495 3712 3654 3775 ipsum

2105 3827 2299 3886 totum,
2350 3816 2503 3887 cujus
2542 3822 2724 3885 partes
2771 3811 3022 3878 fuerant,
3057 3806 3436 3876 compleretur.
3471 3802 3659 3857 Rursus

2100 3910 2148 3968 si
2176 3910 2245 3964 ita
2275 3915 2459 3965 essent
2486 3906 2575 3962 illa
2601 3905 2854 3977 perfecta,
2878 3902 3017 3958 sicut
3051 3898 3405 3970 perficiuntur
3423 3910 3537 3949 cum
3564 3893 3670 3947 suis

2100 4016 2331 4074 quaeque
2382 3993 2713 4069 temporibus
2756 3997 2810 4052 in
2857 3993 3175 4051 manifestas
3206 3992 3409 4047 formas
3435 3997 3677 4056 actusque

2098 4103 2468 4166 procreantur,
2512 4093 2753 4163 profecto
2800 4098 2893 4145 aut
2943 4088 3077 4153 niiil
3125 4103 3191 4141 ex
3236 4087 3317 4140 eis
3361 4094 3547 4153 postea
3595 4094 3679 4150 per

2102 4198 2338 4257 tempora
2368 4186 2544 4251 fieret,
2585 4194 2677 4237 aut
2705 4182 2811 4237 hoc
2833 4181 2984 4236 fieret
3028 4178 3169 4249 quod
3199 4192 3267 4232 ex
3298 4176 3418 4231 istis
3448 4188 3567 4245 qua
3595 4188 3685 4227 suo

2108 4292 2335 4349 quaeque
2358 4276 2470 4347 jam
2505 4285 2744 4342 tempore
2774 4273 3020 4327 oriuntur
3051 4270 3191 4325 Deus
3220 4282 3328 4322 non
3355 4276 3537 4322 cessat
3564 4279 3683 4335 ope-

2104 4371 2238 4426 rari.
2267 4369 2421 4424 Nunc
2463 4376 2641 4421 autem
2673 4367 2796 4435 quia
2817 4376 2873 4421 ει
2904 4360 3056 4437 [jam]
3087 4350 3459 4416 consummata
3487 4368 3542 4414 et
3561 4371 3690 4427 quo-

2103 4460 2391 4516 dammodo
2431 4457 2680 4512 inchoata
2710 4465 2833 4510 sunt
2860 4471 2925 4511 ea
2949 4456 3063 4525 ipsa
3093 4467 3215 4523 qua:
3242 4450 3691 4520 consequentibus

2103 4550 2397 4609 evolvenda
2449 4548 2802 4617 temporibus,
2852 4546 3094 4615 primitus
3126 4544 3268 4600 Deus
3308 4542 3491 4597 omnia
3542 4539 3693 4596 simul

410 4634 698 4705 appellavit
727 4635 1041 4704 Apostolus,
1071 4635 1197 4705 quia
1230 4634 1377 4708 [qua]
1412 4636 1463 4695 id
1486 4635 1627 4705 quod
1653 4636 1976 4691 suadebatur

2107 4644 2330 4709 creavit,
2354 4654 2477 4695 cum
2506 4638 2713 4694 faceret
2737 4638 2993 4693 mundum
3019 4653 3032 4690 :
3064 4642 3438 4691 consummata
3460 4634 3691 4705 quidem,

412 4743 537 4786 cum
568 4728 756 4782 falsum
784 4738 951 4794 esset,
984 4742 1166 4782 verum
1215 4735 1458 4797 putatum
1507 4738 1610 4793 est,
1639 4728 1692 4782 id
1736 4736 1819 4783 est
1857 4727 1999 4797 quod

413 4821 555 4874 Deus
598 4818 721 4874 ideo
762 4818 963 4886 lignum
1016 4815 1145 4870 illud
1194 4827 1413 4887 tangere
1461 4816 1828 4887 prohibuerit,
1859 4816 2001 4888 quod

413 4909 619 4967 sciebat
638 4910 813 4977 eos,si
836 4912 1158 4979 tetigissent,
1177 4910 1322 4965 velut
1345 4911 1475 4981 deos
1498 4912 1727 4979 futuros,
1752 4918 1999 4979 tanquam

414 5005 496 5061 eis
524 5004 857 5060 divinitatem
908 5002 1190 5072 invideret,
1238 5004 1328 5073 qui
1358 5018 1451 5059 eos
1497 5004 1745 5060 homines
1783 5005 2001 5059 fecerat.

415 5099 523 5156 Sed
554 5101 714 5154 etiam
759 5100 802 5155 si
833 5100 1007 5155 virum
1053 5107 1271 5169 propter
1298 5097 1532 5168 aliquam
1580 5098 1776 5154 mentis
1814 5098 2003 5153 elatio-

416 5208 563 5261 nem,
597 5208 717 5264 quae
748 5194 914 5248 Deum
943 5193 1279 5250 internorum
1310 5200 1663 5248 scrutatorein
1694 5193 1865 5247 latere
1895 5207 2001 5247 non

418 5291 653 5355 poterat,
681 5283 989 5339 sollicitavit
1018 5284 1196 5352 aliqua
1225 5282 1537 5351 experiendi
1566 5281 1852 5352 cupiditas,
1880 5296 2003 5336 cum

420 5376 702 5433 mulierem
723 5376 932 5433 videret
949 5385 1169 5445 accepta
1189 5375 1281 5429 illa
1299 5388 1421 5429 esca
1447 5389 1554 5429 non
1577 5389 1697 5430 esse
1714 5382 2003 5444 mortuam,

420 5470 717 5525 secundum
747 5486 811 5527 ea
840 5486 961 5541 quae
1002 5470 1247 5540 superius
1276 5469 1644 5534 tractavimus,
1687 5484 1790 5523 non
1830 5479 2005 5525 tamen

422 5573 547 5614 eum
577 5562 829 5628 arbitror,
860 5563 903 5617 si
945 5562 1054 5632 jam
1087 5562 1314 5632 spiritali
1363 5568 1541 5617 mente
1578 5562 1830 5630 praeditus
1868 5571 2007 5628 erat,

424 5650 537 5708 ullo
566 5656 727 5710 modo
754 5655 976 5737 credere
1022 5657 1263 5726 potuisse
1294 5657 1437 5727 quod
1484 5669 1578 5712 eos
1610 5655 1749 5712 Deus
1779 5656 1847 5710 ab
1888 5670 2011 5712 esca

427 5739 570 5796 illius
597 5744 724 5813 ligni
754 5747 1039 5804 invidendo
1072 5751 1348 5806 vetuisset.

2107 4735 2231 4806 quia
2259 4731 2390 4788 nihil
2418 4729 2616 4784 habent
2640 4730 2731 4784 illa
2763 4730 2814 4785 in
2840 4729 3041 4784 naturis
3064 4727 3318 4796 propriis,
3352 4725 3551 4796 quibus
3580 4739 3696 4779 suo-

2108 4841 2226 4881 rum
2258 4835 2563 4893 temporum
2589 4836 2781 4877 cursus
2810 4829 2996 4890 agunt,
3040 4818 3182 4890 quod
3208 4834 3313 4874 non
3345 4818 3401 4872 in
3431 4819 3552 4873 istis
3576 4832 3695 4872 cau-

2109 4917 2297 4974 saliter
2326 4916 2526 4971 factum
2557 4916 2669 4981 sit;
2702 4913 2953 4969 inchoata
2997 4927 3125 4968 vero
3151 4912 3409 4984 quoniam
3456 4912 3701 4981 quaedam

2110 5020 2265 5067 erant
2292 5008 2444 5079 quasi
2475 5008 2678 5063 semina
2712 5007 3014 5061 futurorum
3065 5018 3161 5074 per
3210 5003 3393 5059 seculi
3448 5012 3697 5065 tractum,

2112 5120 2177 5160 ex
2206 5102 2415 5159 occulto
2443 5100 2495 5154 in
2529 5098 2871 5155 manifestum
2903 5096 3197 5166 Scriptura:
3236 5094 3514 5166 [quoniam
3562 5109 3703 5165 qua:-

2111 5198 2235 5253 dam
2257 5204 2411 5251 erant
2430 5193 2583 5264 quasi
2604 5191 2810 5248 semina
2827 5192 3131 5248 futurorum
3153 5204 3250 5259 per
3270 5188 3457 5244 seculi
3478 5197 3707 5243 tractum

2113 5304 2181 5346 ex
2225 5286 2435 5342 occulto
2476 5284 2531 5339 in
2561 5282 2902 5339 manifestum
2936 5283 3070 5339 locis
3097 5280 3350 5351 congruis
3395 5278 3703 5335 exerenda:

2114 5380 2281 5452 ipsius
2308 5378 2469 5433 etiam
2498 5372 2815 5445 Scripturae]
2838 5374 3000 5431 verba
3022 5372 3158 5428 satis
3187 5371 3255 5426 ad
3278 5370 3384 5425 hoc
3412 5371 3708 5426 admonen-

2115 5473 2241 5528 dum
2292 5469 2571 5540 insigniter
2602 5468 2811 5538 vigent,
2845 5466 2892 5522 si
2920 5467 3043 5537 quis
3092 5466 3146 5519 in
3177 5465 3257 5520 eis
3299 5464 3542 5534 evigilet.
3576 5463 3709 5517 Nam

2115 5560 2223 5637 [ea]
2252 5569 2307 5617 et
2336 5569 2699 5616 consummata
2727 5560 2858 5615 dicit
2886 5567 2940 5615 et
2962 5557 3234 5613 inchoata.
3259 5556 3373 5611 Nisi
3404 5558 3551 5611 enim
3582 5571 3711 5610 eon-

2116 5662 2380 5711 summata
2406 5661 2607 5721 essent,
2630 5669 2737 5709 non
2760 5654 3016 5721 scriptum
3038 5662 3214 5707 esset:
3242 5651 3313 5706 Et
3336 5658 3713 5707 consummata

2119 5758 2243 5806 sunt
2271 5749 2463 5805 ctelum
2491 5760 2545 5806 et
2571 5757 2732 5817 terra,
2763 5756 2819 5804 et
2839 5749 3014 5804 omnis
3044 5748 3443 5803 consummatio
3470 5746 3712 5818 [compo-

2122 5838 2267 5911 s'tio]
2298 5854 2508 5910 eorum,
2556 5849 2609 5897 et
2636 5856 2650 5892 :
2682 5839 3085 5897 Consummavit
3116 5838 3258 5895 Deus
3289 5835 3388 5908 [in]
3434 5835 3521 5892 die
3550 5845 3713 5893 sexto
