3968 6390
245 369 253 386 ⁸
274 407 384 461 θῦτ

1601 398 2037 457 THESAURUS.
2081 400 2230 456 CAP.
2273 401 2364 457 LI.

3443 399 3549 454 658

273 537 444 592 opera
473 538 570 578 sua
617 538 734 593 qua:
766 523 910 588 fecit,
941 529 996 577 et
1042 519 1317 575 benedixit
1347 518 1487 573 Deus
1514 517 1655 573 diem
1698 519 1861 586 septi-
1890 520 1943 577 Α
1967 517 2033 571 ad
2064 516 2351 589 imaginem
2377 532 2528 572 suam
2555 515 2704 580 fecit,
2746 525 2964 587 propter
2997 517 3097 572 hoc
3133 516 3275 585 quod
3303 518 3351 571 ei
3401 516 3551 574 dedit

275 631 450 678 mum,
497 625 549 670 et
579 615 1096 670 sanctificaviteum.
1153 613 1461 682 Rursusque
1484 611 1586 665 nisi
1613 610 1863 664 inchoata

270 717 484 773 essent,
510 723 615 762 non
638 709 707 763 ita
741 715 1076 776 sequeretur,
1105 705 1257 774 quia:
1289 705 1346 759 lu
1375 705 1461 758 illa
1486 704 1574 758 die
1601 703 1864 772 requievit

268 801 351 855 ab
379 803 629 859 omnibus
651 803 902 872 operibus
931 803 1041 856 suis
1064 815 1181 871 quae
1208 800 1477 854 inchoavit
1497 799 1637 853 Deus
1664 799 1858 854 facere.

272 893 379 948 llic
414 894 572 962 igitur
599 893 643 947 si
676 896 796 963 quis
823 894 1054 963 inquirat
1083 891 1353 961 quomodo
1392 890 1781 945 consummavit
1809 897 1864 944 et

276 984 552 1053 quomodo
583 984 896 1052 inchoavit,
931 999 1104 1053 neque
1131 985 1272 1039 enim
1303 983 1410 1039 alia
1451 979 1861 1045 consummavit,

269 1079 382 1132 alia
414 1077 703 1141 inchoavit,
737 1079 831 1135 sed
859 1077 1047 1132 eadem
1073 1079 1207 1146 ipsa,
1229 1077 1409 1147 utique
1432 1091 1458 1129 a
1484 1075 1679 1144 quibus
1705 1075 1758 1128 in
1779 1074 1866 1129 die

267 1171 512 1237 septimo
541 1169 822 1237 requievit,
855 1184 919 1224 ex
951 1169 1034 1223 his
1063 1183 1183 1238 quae
1211 1183 1371 1236 supra
1400 1165 1632 1222 diximus
1661 1165 1864 1220 clarum

263 1261 826 1318 vest.Consummasse
878 1262 1074 1331 quippe
1120 1261 1222 1315 ista
1275 1259 1620 1331 intelligimus
1674 1259 1863 1323 Deum,

266 1363 401 1403 cum
427 1353 628 1405 creavit
657 1351 838 1405 omnia
867 1350 1047 1415 simul,
1073 1351 1143 1404 ita
1170 1351 1425 1419 perfecte,
1457 1347 1660 1403 utnihil
1690 1357 1742 1403 et
1771 1344 1864 1421 [ei]

271 1440 458 1496 adhuc
482 1442 535 1496 in
553 1443 742 1497 ordine
765 1453 1066 1512 temporum
1092 1442 1383 1496 creandum
1404 1449 1566 1506 esset,
1593 1441 1734 1510 quod
1761 1456 1866 1494 non

271 1532 344 1586 ab
382 1549 446 1588 eo
489 1535 599 1602 jam
634 1535 688 1588 in
732 1535 924 1590 ordine
972 1550 1252 1590 causarum
1303 1543 1541 1590 creatum
1590 1543 1750 1590 esset.
1782 1533 1870 1589 ln-

265 1625 506 1681 ehoasse
558 1637 757 1692 autem,
788 1628 1016 1698 utquod
1047 1628 1132 1682 hic
1179 1629 1479 1695 prmfixerat
1525 1629 1699 1684 causis
1750 1636 1869 1696 post

257 1713 526 1784 impleret
573 1718 798 1774 eﬂ’ectis.
833 1719 1066 1775 Proinde
1119 1721 1366 1775 formavit
1408 1721 1550 1776 Deus
1595 1721 1865 1775 hominem

267 1808 552 1876 pulverem
579 1819 757 1877 terrae,
784 1813 864 1866 vel
897 1812 1082 1866 limum
1113 1821 1293 1878 terra),
1325 1814 1427 1868 hoc
1453 1813 1622 1868 estde
1649 1815 1867 1882 pulvere

1968 619 2203 664 mentem
2236 609 2795 678 intellectualem,qua
2827 618 3039 677 prrestat
3061 607 3378 679 pecoribus:
3407 608 3552 665 unde

1963 701 2074 770 jam
2093 701 2370 770 superiore
2383 702 2499 756 loco
2517 700 2889 756 disseruimus.
2906 701 2960 755 ln
2977 715 3084 771 quo
3099 700 3304 756 honore
3319 703 3548 771 positus,

1967 794 2015 848 si
2040 808 2144 847 non
2173 795 2500 850 intellexerit
2519 804 2576 849 ut
2594 795 2730 850 bene
2746 803 2888 865 agat,
2907 794 3097 850 iisdem
3117 794 3246 866 ipsis
3269 795 3551 864 pecoribus

1967 886 2158 954 quibus
2191 887 2442 957 praelatus
2473 895 2554 942 est
2581 889 3002 958 comparabitur.
3027 887 3116 944 Sic
3139 888 3282 942 enim
3305 895 3362 942 et
3382 887 3554 958 scrip.

1969 988 2080 1034 tum
2105 990 2220 1034 est:
2250 981 2419 1035 llomo
2436 981 2489 1034 in
2515 982 2717 1037 honore
2735 983 2938 1052 positus
2954 995 3060 1036 non
3083 981 3378 1047 intellexit;
3402 996 3525 1036 com
3545 1011 3553 1018 η

1969 1082 2188 1144 paratus
2214 1082 2296 1128 est
2329 1073 2614 1140 pecoribus
2646 1073 2951 1139 insensatis,
2975 1083 3029 1128 et
3052 1073 3245 1128 similis
3273 1073 3442 1127 factus
3470 1081 3556 1129 est

1969 1167 2067 1220 eis.
2104 1165 2234 1219 Nam
2263 1175 2317 1220 et
2348 1179 2537 1234 pecora
2570 1166 2713 1221 Deus
2739 1167 2884 1232 fecit,
2911 1166 3008 1222 sed
3039 1182 3145 1222 non
3169 1165 3235 1220 ad
3264 1167 3551 1235 imaginem

1971 1273 2142 1312 suam.
2173 1257 2280 1312 Nec
2300 1257 2586 1312 dicendum
2613 1267 2727 1313 est:
2753 1258 3034 1314 llominem
3059 1259 3174 1328 ipse
3194 1259 3338 1325 fecit,
3359 1271 3555 1327 pecora

1969 1366 2099 1406 vero
2117 1351 2276 1420 jussit
2297 1361 2351 1405 et
2378 1349 2513 1404 facta
2541 1358 2696 1414 sunt;
2727 1349 2943 1404 ethunc
2964 1349 3104 1404 enim
3127 1359 3182 1404 et
3204 1348 3290 1403 illa
3314 1364 3409 1420 per
3422 1348 3557 1404 νοτ-ι

1971 1445 2097 1498 bum
2124 1457 2278 1496 suum
2309 1442 2453 1507 fecit,
2479 1456 2574 1510 per
2602 1442 2742 1509 quod
2770 1441 2905 1496 facta
2927 1451 3053 1495 sunt
3073 1442 3275 1496 omnia.
3299 1440 3405 1496 Sed
3433 1441 3556 1509 quia

1971 1536 2112 1591 idem
2140 1534 2398 1601 Verbum,
2419 1545 2473 1591 et
2504 1534 2788 1604 sapientia,
2817 1545 2873 1590 et
2898 1535 3065 1590 virtus
3088 1536 3207 1602 ejus
3232 1549 3335 1601 est,
3364 1535 3559 1590 dicitur

1973 1638 2026 1684 et
2055 1643 2244 1682 manus
2274 1633 2420 1696 ejus,
2451 1627 2660 1700 [Supp.
2688 1630 2829 1693 ηομ]
2861 1627 3072 1682 visibile
3101 1629 3429 1694 membrum,
3463 1629 3560 1683 sed

1972 1720 2238 1776 efﬁciendi
2270 1720 2528 1788 potentia.
2574 1720 2704 1773 Nam
2737 1718 2925 1774 eadem
2967 1720 3241 1788 Scriptura
3270 1736 3387 1789 qua:
3428 1719 3562 1774 dicit

1973 1814 2114 1882 quod
2135 1812 2275 1868 Deus
2296 1811 2562 1867 hominem
2579 1811 2789 1867 delimo
2801 1821 2959 1866 terrae
2986 1811 3220 1880 ﬁnxerit,
3246 1813 3374 1866 dicit
3393 1812 3559 1867 etiam

267 1900 359 1955 vel
377 1901 505 1955 limo
529 1910 687 1958 terrae
713 1921 726 1957 :
754 1912 810 1958 et
828 1905 1127 1974 inspiravit,
1153 1907 1266 1961 sive
1307 1906 1508 1961 inflavit
1532 1905 1865 1978 [insufflavit]
1900 1907 1946 1967 B
1975 1906 2115 1974 quod
2144 1913 2198 1958 et
2217 1903 2323 1974 42
2348 1904 2548 1958 bestias
2569 1904 2681 1974 agri
2704 1905 2770 1958 de
2791 1915 2935 1959 terra
2962 1904 3209 1969 ﬁnxerit;
3239 1904 3451 1973 quando
3470 1917 3564 1958 eas

259 1997 326 2051 in
357 1996 474 2066 ejus
505 1999 718 2066 faciem,
753 2001 1004 2069 spiritum
1045 2003 1190 2069 vitae,
1212 2013 1266 2058 et
1297 2004 1466 2059 factus
1494 2014 1576 2060 est
1604 2006 1766 2059 homo
1813 2007 1866 2058 in

264 2088 510 2144 animam
545 2091 738 2146 vivam.
789 2092 904 2148 Non
939 2103 1063 2149 tunc
1099 2096 1543 2166 prtedestinatus,
1578 2097 1680 2151 hoc
1724 2097 1866 2152 enim

261 2192 396 2236 ante
425 2185 683 2239 saeculum
716 2185 768 2240 in
813 2188 1152 2256 praascientia
1201 2188 1503 2256 Creatoris,
1531 2204 1708 2258 neque
1741 2201 1864 2244 tunc

267 2276 584 2341 causaliter,
614 2280 700 2333 vel
727 2280 1157 2336 inconsummate
1181 2282 1485 2346 inchoatus,
1515 2283 1597 2337 vel
1625 2282 1872 2338 inchoate

259 2374 710 2434 consummatus,
746 2369 848 2423 hcc
887 2370 1032 2424 enim
1060 2385 1090 2424 a
1118 2371 1316 2426 saeculo
1347 2371 1398 2424 in
1433 2371 1732 2425 rationibus
1761 2373 1870 2440 pri-

265 2454 643 2523 mordialibus,
677 2473 801 2512 cum
831 2461 991 2514 simul
1022 2461 1206 2515 omnia
1231 2472 1568 2528 crearentur,
1599 2463 1694 2516 sed
1723 2478 1874 2518 crea-

261 2551 357 2598 tus
387 2545 440 2598 in
473 2553 715 2616 tempore
746 2564 866 2614 suo,
897 2550 1180 2608 visibiliter
1210 2554 1264 2608 in
1301 2566 1553 2622 corpore,
1587 2556 1874 2610 invisibili-

265 2646 352 2689 ter
397 2638 450 2690 in
496 2641 705 2705 anima,
739 2627 995 2696 cnnstans
1041 2659 1106 2699 ex
1155 2646 1334 2699 anima
1366 2655 1422 2701 et
1475 2661 1725 2716 corpore.
1757 2647 1874 2702 Jam

261 2740 400 2795 ergo
430 2727 712 2784 videamus
755 2733 1033 2801 quomodo
1063 2750 1184 2789 eum
1216 2735 1406 2792 fecerit
1431 2738 1572 2793 Deus
1598 2757 1609 2791 :
1647 2740 1875 2812 primum

267 2817 336 2873 de
366 2828 506 2875 terra
539 2835 734 2891 corpus
762 2824 900 2893 ejus,
927 2836 1047 2894 post
1071 2826 1230 2880 etiam
1254 2828 1322 2883 de
1349 2830 1526 2884 anima
1548 2831 1870 2900 videbimus,

263 2910 318 2966 si
348 2910 475 2980 quid
503 2911 826 2969 valebimus.
862 2915 1017 2983 Quod
1045 2919 1189 2973 enim
1224 2921 1471 2975 manibus
1499 2925 1876 2992 Corporalibus

263 2998 412 3056 Deus
439 3003 506 3058 de
532 3004 663 3060 limo
687 3006 902 3063 tinxerit
932 3009 1230 3077 hominem,
1263 3014 1483 3068 nimium
1527 3017 1754 3086 puerilis
1781 3032 1874 3072 co-

262 3091 458 3160 gitatio
481 3103 588 3160 est,
608 3096 678 3150 ita
703 3105 762 3151 ut
788 3098 834 3151 si
859 3098 961 3153 hoc
985 3101 1266 3170 Scriptura
1289 3103 1536 3170 dixisset,
1559 3105 1728 3175 magis
1751 3121 1876 3163 eum

263 3182 364 3253 qui
394 3184 609 3253 scripsit
636 3189 894 3246 translato
918 3192 1083 3247 verbo
1108 3207 1261 3248 usum
1283 3196 1507 3251 credere
1529 3197 1871 3263 deberemus,

261 3288 432 3344 quam
462 3277 630 3333 Deum
663 3281 858 3339 talibus
889 3286 1255 3342 membrorum
1306 3289 1648 3345 lineamentis
1693 3293 1874 3348 deter-
1902 3276 1949 3340 Ο

255 3365 565 3433 minatum,
621 3371 798 3438 qualia
837 3373 1082 3432 videmus
1144 3378 1198 3432 in
1265 3382 1584 3449 corporibus
1651 3384 1870 3438 nostris.

261 3457 487 3515 Dictum
520 3471 604 3517 est
646 3465 833 3518 enim:
866 3465 1055 3523 Manus
1084 3480 1172 3524 tua
1211 3483 1396 3540 gentes
1429 3475 1770 3545 disperdidit,
1819 3485 1872 3530 et

266 3551 464 3607 eduxit
492 3556 745 3622 populum
772 3567 924 3612 tuum
979 3560 1032 3614 in
1063 3577 1223 3616 manu
1266 3565 1390 3618 forti
1419 3573 1473 3618 et
1517 3565 1739 3619 brachio
1782 3582 1874 3621 ex-

267 3645 456 3710 celso;
490 3647 584 3701 sed
615 3664 711 3719 pro
736 3660 1003 3722 potestate
1026 3665 1078 3709 et
1110 3654 1306 3712 virtute
1335 3657 1429 3712 Dei
1456 3659 1682 3726 positum
1717 3660 1874 3730 hujus

265 3741 505 3795 membri
531 3757 750 3809 nomen,
783 3747 904 3816 quis
935 3761 1103 3818 usque
1134 3749 1270 3806 adeo
1317 3751 1536 3821 desipit,
1567 3763 1623 3808 ut
1652 3770 1759 3810 non
1793 3757 1874 3810 in-

260 3832 518 3902 telligat?
541 3835 649 3890 Nec
679 3837 812 3893 illud
837 3841 1165 3898 audiendum
1197 3853 1300 3909 est,
1329 3845 1472 3916 quod
1500 3850 1747 3905 nonnulli
1777 3865 1874 3920 pu-

262 3931 410 3986 tant,
444 3927 566 3982 ideo
587 3933 916 4001 praecipuum
943 3936 1037 3991 Dei
1064 3953 1202 4007 Opus
1252 3956 1371 3996 esse
1422 3943 1718 4008 hominem,
1749 3946 1871 4015 quia

265 4027 472 4072 caetera
497 4020 631 4074 dixit
660 4033 713 4076 et
745 4024 884 4080 facta
913 4037 1060 4094 sunt,
1086 4030 1228 4085 hunc
1255 4041 1433 4087 autem
1460 4035 1584 4102 ipse
1604 4035 1750 4102 fecit,
1777 4036 1871 4091 sed

267 4107 404 4162 ideo
429 4110 628 4178 potius,
654 4115 777 4180 quia
808 4115 951 4169 hunc
973 4119 1040 4171 ad
1065 4119 1353 4188 imaginem
1377 4136 1527 4176 suam
1558 4124 1706 4178 fecit.
1736 4126 1873 4180 Nam

267 4196 371 4252 illa
419 4215 538 4268 qua:
580 4201 716 4256 dixit
759 4213 815 4258 et
843 4206 981 4260 facta
1013 4218 1170 4274 sunt,
1206 4211 1327 4267 ideo
1357 4212 1435 4265 sic
1463 4215 1722 4281 scriptum
1765 4224 1872 4280 est,

267 4291 402 4362 quia
433 4307 528 4361 per
552 4296 777 4352 verbum
804 4299 923 4369 ejus
949 4301 1086 4356 facta
1125 4311 1273 4371 sunt,
1306 4310 1445 4360 sicut
1474 4320 1570 4374 per
1602 4305 1875 4362 hominem

259 4384 592 4442 hominibus
632 4389 737 4444 dici
771 4392 943 4459 potuit
970 4394 1146 4450 verbis
1175 4411 1296 4466 qua:
1328 4398 1702 4467 temporaliter
1730 4401 1879 4470 cogi-

263 4485 464 4533 tantur
492 4488 548 4536 et
576 4496 709 4541 voce
741 4486 1108 4554 proferuntur.
1143 4489 1261 4544 Non
1303 4492 1381 4546 sic
1410 4501 1588 4546 autem
1642 4493 1878 4564 loquitur

258 4571 446 4637 Deus,
475 4573 579 4628 nisi
625 4589 746 4629 cum
779 4591 876 4646 per
906 4589 1208 4636 creaturam
1238 4585 1576 4653 corporalem
1619 4585 1872 4655 loquitur,

1973 2014 2093 2052 cum
2115 1997 2416 2052 volatilibus
2441 1997 2562 2052 caeli
2587 1998 2810 2052 adduxit
2834 1998 2900 2052 ad
2917 2000 3108 2061 Adam,
3136 2009 3193 2051 ut
3212 1998 3418 2054 videret
3438 1995 3564 2066 quid

1972 2104 2036 2144 ea
2062 2100 2298 2144 vocaret.
2333 2089 2422 2144 Sic
2447 2090 2591 2143 enim
2613 2090 2870 2158 scriptum
2891 2099 3004 2144 est:
3033 2089 3099 2143 Et
3127 2090 3285 2143 tinxit
3309 2090 3450 2143 Deus
3473 2086 3566 2142 ad-

1976 2183 2080 2237 huc
2110 2183 2178 2236 de
2207 2191 2349 2237 terra
2382 2196 2572 2236 omnes
2601 2182 2825 2237 bestias.
2860 2181 2918 2237 Si
2941 2197 3068 2250 ergo
3091 2180 3278 2252 [enim]
3309 2190 3363 2236 et
3389 2179 3566 2234 homi—

1975 2291 2102 2330 nem
2130 2277 2196 2330 de
2221 2284 2368 2330 terra
2400 2285 2454 2330 et
2484 2276 2685 2329 bestias
2708 2276 2774 2330 de
2798 2285 2939 2329 terra
2967 2275 3082 2342 ipse
3127 2275 3405 2341 formavit,
3438 2275 3567 2344 quid

1978 2367 2139 2421 habet
2170 2367 2332 2421 homo
2360 2366 2714 2420 excellentius
2744 2366 2796 2419 in
2833 2365 2934 2419 bac
2961 2380 3041 2428 re,
3061 2366 3162 2420 nisi
3184 2365 3327 2434 quod
3357 2365 3472 2433 ipse
3500 2365 3568 2418 ad

1978 2460 2267 2528 imaginem
2303 2459 2395 2513 Dei
2420 2466 2634 2513 creatus
2665 2459 2784 2514 est?
2810 2473 2908 2514 nec
2935 2467 3112 2513 tamen
3142 2457 3244 2512 hoc
3273 2457 3568 2513 secundum

1979 2567 2202 2620 corpus,
2234 2551 2330 2606 sed
2373 2551 2669 2606 secundum
2716 2552 3046 2606 intellectum
3095 2551 3318 2616 mentis,
3353 2550 3423 2605 de
3463 2565 3568 2620 quo

1980 2653 2104 2714 post
2129 2644 2499 2712 loquebamur.
2529 2644 2844 2712 Quanquam
2868 2651 2922 2697 et
2966 2644 3021 2697 in
3051 2643 3166 2711 ipso
3207 2655 3432 2710 corpore
3473 2639 3568 2695 ha-

1980 2736 2106 2791 beat
2136 2735 2422 2804 quamdam
2453 2735 2840 2806 proprietatem
2873 2749 2994 2808 quae
3021 2735 3124 2788 hoc
3151 2733 3381 2797 indicet,
3430 2731 3569 2796 quod

1981 2839 2160 2885 erecta
2187 2838 2393 2883 statura
2439 2828 2611 2882 factus
2655 2837 2778 2892 est,
2809 2835 2868 2882 ut
2897 2828 2999 2883 hoc
3039 2828 3158 2898 ipso
3187 2828 3570 2882 admoneretur

1983 2938 2090 2978 non
2123 2922 2223 2977 sibi
2257 2931 2472 2976 terrena
2515 2935 2636 2975 esse
2678 2921 2933 2976 sectanda
2959 2961 2974 2988 ,
3004 2921 3150 2976 velut
3185 2935 3408 2990 pecora,
3439 2934 3569 2988 quo-

1981 3032 2100 3072 rum
2118 3016 2362 3084 voluptas
2377 3016 2549 3069 omnis
2567 3030 2634 3088 ex
2660 3023 2800 3070 terra
2824 3025 2928 3079 est,
2947 3014 3088 3068 unde
3111 3015 3163 3067 in
3186 3013 3360 3067 alvum
3380 3019 3570 3067 cuncta

1981 3124 2150 3180 prona
2183 3119 2342 3178 atque
2372 3117 2642 3177 prostrata
2688 3117 2831 3162 sunt.
2867 3106 3122 3176 Congruit
3151 3120 3281 3176 ergo
3301 3115 3355 3160 et
3377 3119 3571 3173 corpus

1982 3207 2100 3276 ejus
2144 3207 2337 3259 animae
2366 3205 2612 3259 rationali
2639 3245 2653 3268 ,
2689 3219 2797 3258 non
2828 3206 3121 3259 secundum
3155 3203 3479 3258 lineamenta
3512 3201 3571 3254 fi-

1980 3312 2248 3368 gurasque
2261 3297 2647 3360 membrorum,
2663 3297 2756 3350 sed
2777 3297 2955 3365 potius
2975 3296 3268 3351 secundum
3287 3295 3338 3349 id
3358 3293 3498 3364 quod
3517 3293 3570 3347 in

1977 3389 2174 3444 caelum
2197 3397 2438 3442 erectum
2463 3387 2634 3442 estad
2657 3387 2910 3442 intuenda
2934 3403 3052 3456 quae
3077 3389 3128 3440 in
3155 3402 3384 3454 corpore
3406 3385 3572 3454 ipsius

1979 3479 2163 3534 mundi
2184 3495 2417 3546 superna
2441 3488 2586 3541 sunt,
2604 3480 2743 3533 sicut
2767 3479 2942 3531 anima
2963 3479 3242 3532 rationalis
3266 3478 3319 3532 in
3338 3493 3400 3532 ea
3413 3477 3573 3532 debet

1979 3571 2110 3637 erigi
2131 3585 2248 3639 qua:
2272 3571 2324 3624 in
2347 3570 2574 3637 spiritali
2598 3578 2788 3623 natura
2813 3570 3046 3623 maxime
3067 3569 3357 3632 excellunt,
3374 3579 3431 3623 ut
3452 3583 3572 3638 qua:

1981 3676 2196 3718 sursum
2231 3671 2356 3715 sunt
2385 3662 2577 3730 sapiat,
2609 3675 2714 3714 non
2735 3675 2855 3731 quae
2877 3675 3038 3730 super
3067 3672 3284 3717 terram.
3311 3661 3416 3717 Sed
3441 3677 3574 3731 quo-

1978 3755 2139 3808 modo
2160 3768 2282 3808 eum
2304 3753 2433 3808 fecit
2470 3768 2589 3808 eum
2622 3753 2764 3808 Deus
2803 3753 2869 3810 de
2909 3753 3037 3809 limo
3060 3762 3238 3819 terrae,
3277 3763 3456 3809 utrum
3490 3769 3548 3810 re

1977 3845 2195 3915 pentina
2220 3842 2484 3916 [repente]
2515 3856 2672 3901 astate
2705 3845 2964 3914 perfecta,
3000 3845 3102 3902 hoc
3132 3855 3216 3901 est
3243 3847 3380 3901 virili
3408 3857 3571 3918 atque

1975 3937 2198 4006 juvenili
2226 3980 2240 4002 ,
2275 3952 2340 3990 an
2370 3938 2505 3992 sicut
2537 3952 2679 3992 nunc
2723 3954 2895 4006 usque
2940 3939 3139 3993 format
3169 3939 3222 3992 in
3257 3940 3422 3993 uteris
3453 3955 3573 3993 ma-

1980 4034 2157 4084 trum?
2182 4030 2365 4098 Neque
2387 4031 2530 4084 enim
2555 4033 2688 4084 alius
2714 4032 2829 4084 hmc
2855 4032 2979 4085 fecit
2999 4047 3158 4099 quam
3187 4032 3277 4084 ille
3298 4033 3385 4098 qui
3404 4031 3568 4085 dixit:

1980 4119 2298 4187 Priusquam
2315 4128 2364 4172 te
2380 4119 2667 4173 formarem
2687 4121 2738 4172 in
2763 4131 2934 4183 utero,
2954 4121 3077 4174 novi
3103 4129 3188 4183 te;
3214 4130 3270 4173 ut
3300 4119 3430 4173 illud
3453 4129 3570 4175 tan-

1983 4218 2092 4262 tum
2119 4210 2396 4278 pr0prium
2413 4210 2862 4275 habueritAdam,
2883 4211 3026 4278 quod
3056 4226 3162 4265 non
3185 4226 3247 4265 ex
3264 4213 3572 4280 parentibus

1979 4309 2140 4356 natus
2161 4310 2264 4366 est,
2281 4301 2372 4355 sed
2396 4300 2566 4355 factus
2590 4317 2654 4356 ex
2671 4310 2837 4366 terra,
2852 4316 2918 4357 eo
2942 4313 3116 4356 tamen
3135 4303 3296 4357 modo
3319 4313 3374 4357 ut
3398 4305 3449 4358 in
3467 4307 3570 4360 hoc

1981 4391 2308 4460 proficiendo
2336 4401 2389 4447 et
2417 4406 2510 4461 per
2537 4400 2724 4448 anates
2751 4395 3016 4463 augendo,
3051 4395 3102 4449 in
3136 4393 3227 4467 [Ρ.
3247 4396 3345 4466 leg.
3363 4394 3419 4468 ii]
3439 4406 3573 4453 tem-

1979 4499 2169 4554 porum
2202 4485 2407 4540 numeri
2437 4487 2867 4556 complerentur,
2897 4503 3032 4558 quos
3061 4490 3298 4544 naturale
3332 4488 3436 4561 [F.
3469 4491 3572 4564 leg.

1982 4577 2206 4650 naturzc]
2231 4580 2447 4633 humani
2473 4582 2684 4649 generis
2707 4581 2993 4635 attributos
3017 4581 3276 4638 videmus.
3294 4583 3374 4637 An
3401 4585 3575 4651 potius

258 4662 417 4720 sicut
449 4665 702 4733 Abrahae,
745 4669 884 4724 sieut
911 4671 1077 4740 Mosi,
1112 4676 1251 4728 sicut
1284 4691 1382 4746 per
1411 4678 1607 4734 nubem
1636 4680 1702 4734 de
1731 4679 1869 4735 Filio
1899 4664 1951 4725 D
1980 4688 2088 4726 non
2107 4673 2305 4727 esthoc
2319 4673 3061 4742 requirendum?utrumlibet
3082 4677 3223 4730 enim
3249 4677 3574 4740 fecerit,hoc

253 4771 398 4815 suo.
448 4760 587 4814 Ante
633 4775 763 4815 vero
806 4776 1020 4817 omnem
1073 4778 1410 4836 creaturam,
1458 4777 1516 4822 ut
1557 4779 1701 4824 esset
1751 4771 1867 4839 ipsa

255 4858 563 4917 creatura,
593 4865 659 4905 eo
689 4852 867 4906 Verbo
914 4853 1114 4909 dictum
1161 4865 1262 4920 est,
1314 4859 1455 4927 quod
1503 4860 1560 4913 In
1603 4862 1868 4930 principio

257 4952 397 5000 erat
419 4942 557 4998 Deus
588 4943 726 5012 apud
751 4944 949 5006 Deum;
979 4955 1032 4998 et
1061 4945 1184 5015 quia
1206 4949 1387 5002 omnia
1416 4964 1509 5016 per
1535 4951 1703 5018 ipsum
1735 4953 1872 5007 facta

253 5046 428 5100 sunt,
462 5046 516 5091 et
545 5038 663 5093 sine
690 5038 807 5104 ipso
834 5039 1032 5093 factum
1081 5051 1164 5094 est
1203 5041 1354 5105 nihil,
1405 5045 1588 5113 utique
1616 5053 1670 5098 et
1709 5046 1870 5100 homo

252 5140 379 5200 per
405 5128 579 5196 ipsum
603 5127 776 5184 factus
804 5139 905 5184 est.
945 5131 1104 5185 Certe
1133 5131 1275 5185 enim
1302 5132 1498 5187 caelum
1528 5135 1693 5188 verbo
1725 5136 1870 5202 fecit,

254 5217 405 5290 quia
432 5216 565 5272 dixit
583 5227 636 5272 et
659 5217 854 5273 factum
873 5228 974 5283 est,
1001 5222 1258 5290 scriptum
1281 5231 1363 5277 est
1386 5238 1595 5278 tamen:
1625 5226 1689 5278 Et
1709 5242 1873 5295 opera

253 5324 539 5370 manuum
587 5322 798 5366 tuarum
839 5323 964 5368 sunt
1004 5315 1160 5380 coeli;
1205 5325 1259 5370 et
1296 5317 1362 5371 de
1417 5316 1518 5372 boc
1566 5319 1673 5374 imo
1723 5321 1874 5390 quasi

258 5401 456 5458 fnudo
489 5401 674 5456 mundi
708 5404 970 5471 scriptum
1003 5414 1087 5461 est
1114 5424 1128 5460 :
1161 5407 1424 5473 Quoniam
1456 5408 1624 5477 ipsius
1655 5419 1738 5464 est
1769 5427 1880 5464 ma-

257 5510 348 5555 re
370 5533 387 5560 ,
418 5504 472 5549 et
500 5495 617 5563 ipse
649 5495 774 5551 fecit
801 5497 931 5552 illud
956 5541 970 5564 ,
1017 5509 1071 5554 et
1112 5501 1314 5556 aridam
1347 5517 1534 5558 manus
1563 5503 1681 5572 ejus
1709 5504 1874 5559 finxe-

253 5595 434 5649 runt.
465 5585 583 5642 Non
609 5589 767 5657 igitur
795 5589 898 5644 hoc
927 5591 981 5645 in
1010 5591 1265 5648 honorem
1301 5596 1533 5650 hominis
1563 5596 1870 5666 deputetur,

261 5678 437 5736 velut
449 5689 641 5735 caetera
658 5680 798 5735 Deus
810 5681 1010 5738 dixerit
1029 5694 1083 5740 et
1099 5686 1237 5741 facta
1251 5688 1380 5752 sint,
1405 5689 1542 5744 hunc
1560 5700 1739 5745 autem
1761 5691 1873 5758 ipsc

265 5773 511 5837 fecerit;
543 5781 633 5827 aut
659 5773 825 5828 verbo
850 5783 1066 5840 caetera,
1097 5779 1236 5833 hunc
1257 5789 1433 5836 autem
1463 5783 1706 5838 manibus
1733 5782 1871 5837 fece-

268 5865 380 5929 rit.
413 5864 520 5922 Sed
549 5865 652 5924 hoc
679 5867 895 5927 excellit
923 5869 976 5926 in
1008 5870 1250 5939 homine,
1281 5874 1403 5946 quia
1433 5877 1572 5934 Deus
1604 5877 1874 5935 hominem

1983 4764 2114 4819 fecit
2131 4764 2272 4833 quod
2299 4765 2466 4819 Deum
2491 4774 2545 4820 et
2572 4766 2992 4834 omnipotentem
3016 4776 3070 4821 et
3092 4769 3390 4836 sapientem
3417 4783 3574 4836 posse

1981 4867 2036 4913 et
2055 4858 2230 4911 facere
2251 4858 2602 4927 congruebat.
2640 4856 2714 4910 Ita
2735 4858 2876 4911 enim
2893 4867 3068 4913 certas
3094 4866 3393 4928 temporum
3428 4859 3570 4927 leges

1979 4950 2264 5018 generibus
2289 4947 2736 5018 qualitatibusque
2758 4965 2932 5004 rerum
2958 4950 3010 5004 in
3035 4954 3370 5006 manifestum
3393 4965 3453 5006 ex
3476 4951 3575 5005 ab-

1979 5041 2090 5094 dito
2123 5039 2478 5109 producendis
2503 5042 2774 5104 attribuit.
2807 5051 2863 5097 ut
2887 5043 3004 5112 ejus
3032 5045 3280 5098 voluntas
3311 5043 3381 5096 sit
3414 5059 3576 5114 super

1980 5129 2179 5184 omnia.
2215 5129 2455 5184 Potentia
2488 5133 2685 5202 quippe
2718 5148 2813 5187 sua
2836 5149 3090 5187 numeros
3119 5145 3380 5188 creatura:
3405 5134 3575 5211 dedit,

1980 5239 2087 5277 non
2130 5225 2299 5291 ipsam
2327 5226 2627 5293 potentiam
2660 5227 2861 5281 eisdem
2891 5226 3128 5280 numeris
3155 5226 3411 5293 alligavit.
3441 5227 3575 5282 Nam

1979 5314 2197 5383 spiritus
2223 5316 2339 5383 ejus
2371 5317 2442 5371 ita
2489 5317 2740 5374 faciendo
2772 5317 2974 5372 mundo
3015 5318 3450 5384 superferebatur
3475 5359 3490 5386 ,
3521 5329 3578 5375 ut

1978 5417 2033 5462 et
2064 5407 2204 5462 facto
2251 5409 2647 5477 superferatur,
2696 5425 2808 5464 non
2839 5409 3219 5477 corporalibus
3265 5410 3430 5478 locis,
3481 5412 3576 5467 sed

1982 5500 2296 5554 excellentia
2331 5502 2630 5568 potestatis.
2657 5503 2792 5567 Quis
2839 5505 2983 5556 enim
3022 5503 3197 5558 nescit
3226 5519 3415 5573 aquam
3446 5521 3576 5562 con~

1978 5600 2179 5648 cretam
2213 5603 2387 5657 terrae,
2418 5609 2538 5648 cum
2585 5595 2650 5648 ad
2691 5594 2902 5652 radices
2939 5597 3062 5652 vitis
3093 5600 3332 5662 venerit,
3375 5598 3494 5654 duci
3523 5601 3574 5655 in

1979 5684 2218 5754 saginam
2249 5685 2374 5754 ligni
2408 5686 2584 5751 illius,
2614 5697 2776 5756 atque
2829 5689 2880 5741 in
2927 5703 2991 5743 eo
3016 5703 3231 5744 sumere
3263 5689 3573 5759 qualitatem

1979 5792 2082 5846 qua
2126 5777 2177 5831 in
2207 5793 2361 5831 uvam
2396 5779 2653 5846 procedat
2697 5779 2954 5849 paulatim
2986 5791 3377 5852 erumpentem,
3411 5793 3574 5853 atque

1981 5873 2038 5931 in
2066 5886 2126 5931 ea
2156 5873 2564 5944 grandescente_
2586 5877 2771 5932 vinum
2819 5876 2928 5945 fiat,
2973 5886 3350 5950 maturumque
3386 5876 3573 5936 dulce-
